<?xml version="1.0" encoding="UTF-8"?>
<!DOCTYPE html PUBLIC "-//W3C//DTD XHTML 1.0 Transitional//EN"
    "http://www.w3.org/TR/xhtml1/DTD/xhtml1-transitional.dtd">
<html xmlns="http://www.w3.org/1999/xhtml" xml:lang="en" lang="en">
 <head>
  <title>
</title>
<meta http-equiv="Content-Type" content="text/html;charset=utf-8" />
  <meta name='ocr-system' content='tesseract 3.04.00' />
  <meta name='ocr-capabilities' content='ocr_page ocr_carea ocr_par ocr_line ocrx_word'/>
</head>
<body>
  <div class='ocr_page' id='page_1' title='image "./mtuliiciceroniso00cice/mtuliiciceroniso00cice_1429.png"; bbox 0 0 2360 3400; ppageno 0'>
   <div class='ocr_carea' id='block_1_1' title="bbox 719 87 2130 154">
    <p class='ocr_par' dir='ltr' id='par_1_1' title="bbox 719 87 2130 154">
     <span class='ocr_line' id='line_1_1' title="bbox 719 87 2130 154; baseline -0.001 -16"><span class='ocrx_word' id='word_1_1' title='bbox 719 87 1596 138; x_wconf 65' lang='lat' dir='ltr'>FRAGMENTA]</span> <span class='ocrx_word' id='word_1_2' title='bbox 2008 102 2130 154; x_wconf 83' lang='lat'>13:09</span> 
     </span>
    </p>
   </div>
   <div class='ocr_carea' id='block_1_2' title="bbox 167 170 1129 744">
    <p class='ocr_par' dir='ltr' id='par_1_2' title="bbox 172 170 1129 381">
     <span class='ocr_line' id='line_1_2' title="bbox 215 170 1129 217; baseline -0.007 -11"><span class='ocrx_word' id='word_1_3' title='bbox 215 172 308 217; x_wconf 64' lang='lat' dir='ltr'>Asc]</span> <span class='ocrx_word' id='word_1_4' title='bbox 316 172 386 206; x_wconf 76' lang='lat' dir='ltr'>Sine</span> <span class='ocrx_word' id='word_1_5' title='bbox 397 180 447 204; x_wconf 81' lang='lat' dir='ltr'>me</span> <span class='ocrx_word' id='word_1_6' title='bbox 457 171 556 205; x_wconf 78' lang='lat' dir='ltr'>hercle</span> <span class='ocrx_word' id='word_1_7' title='bbox 566 192 576 208; x_wconf 91' lang='lat'><strong>,</strong></span> <span class='ocrx_word' id='word_1_8' title='bbox 593 171 721 213; x_wconf 75' lang='lat' dir='ltr'>judices,</span> <span class='ocrx_word' id='word_1_9' title='bbox 734 181 790 213; x_wconf 87' lang='lat' dir='ltr'>pro</span> <span class='ocrx_word' id='word_1_10' title='bbox 804 173 839 203; x_wconf 90' lang='lat' dir='ltr'>L.</span> <span class='ocrx_word' id='word_1_11' title='bbox 852 170 977 202; x_wconf 88' lang='lat' dir='ltr'>Tubulo</span> <span class='ocrx_word' id='word_1_12' title='bbox 986 170 1129 205; x_wconf 83' lang='lat' dir='ltr'>dicerem,</span> 
     </span>
     <span class='ocr_line' id='line_1_3' title="bbox 173 211 1129 257; baseline -0.004 -11"><span class='ocrx_word' id='word_1_13' title='bbox 173 223 264 257; x_wconf 78' lang='lat' dir='ltr'>quem</span> <span class='ocrx_word' id='word_1_14' title='bbox 282 225 383 246; x_wconf 83' lang='lat' dir='ltr'>unum</span> <span class='ocrx_word' id='word_1_15' title='bbox 400 225 438 246; x_wconf 86' lang='lat' dir='ltr'>ex</span> <span class='ocrx_word' id='word_1_16' title='bbox 455 216 543 246; x_wconf 85' lang='lat' dir='ltr'>omni</span> <span class='ocrx_word' id='word_1_17' title='bbox 564 216 713 246; x_wconf 86' lang='lat' dir='ltr'>memoria</span> <span class='ocrx_word' id='word_1_18' title='bbox 733 211 988 245; x_wconf 85' lang='lat' dir='ltr'>sceleratiffimum</span> <span class='ocrx_word' id='word_1_19' title='bbox 999 212 1032 243; x_wconf 92' lang='lat'>&amp;</span> <span class='ocrx_word' id='word_1_20' title='bbox 1041 212 1129 243; x_wconf 81' lang='lat' dir='ltr'>auda·</span> 
     </span>
     <span class='ocr_line' id='line_1_4' title="bbox 172 255 1128 297; baseline -0.005 -9"><span class='ocrx_word' id='word_1_21' title='bbox 172 255 324 288; x_wconf 82' lang='lat' dir='ltr'>ciffimum</span> <span class='ocrx_word' id='word_1_22' title='bbox 333 255 420 287; x_wconf 80' lang='lat' dir='ltr'>fuisse</span> <span class='ocrx_word' id='word_1_23' title='bbox 430 258 610 297; x_wconf 84' lang='lat' dir='ltr'>accepimus,</span> <span class='ocrx_word' id='word_1_24' title='bbox 624 265 723 287; x_wconf 90' lang='lat' dir='ltr'>tamen</span> <span class='ocrx_word' id='word_1_25' title='bbox 733 265 797 286; x_wconf 89' lang='lat' dir='ltr'>non</span> <span class='ocrx_word' id='word_1_26' title='bbox 809 257 962 287; x_wconf 82' lang='lat' dir='ltr'>timerem,</span> <span class='ocrx_word' id='word_1_27' title='bbox 973 263 1128 284; x_wconf 87' lang='lat' dir='ltr'>venenum</span> 
     </span>
     <span class='ocr_line' id='line_1_5' title="bbox 172 296 1128 338; baseline -0.003 -10"><span class='ocrx_word' id='word_1_28' title='bbox 172 297 298 338; x_wconf 80' lang='lat' dir='ltr'>hospiti,</span> <span class='ocrx_word' id='word_1_29' title='bbox 309 308 359 329; x_wconf 89' lang='lat' dir='ltr'>aut</span> <span class='ocrx_word' id='word_1_30' title='bbox 367 300 505 330; x_wconf 90' lang='lat' dir='ltr'>convivae</span> <span class='ocrx_word' id='word_1_31' title='bbox 515 297 534 328; x_wconf 83' lang='lat' dir='ltr'>si</span> <span class='ocrx_word' id='word_1_32' title='bbox 545 298 695 329; x_wconf 87' lang='lat' dir='ltr'>diceretur</span> <span class='ocrx_word' id='word_1_33' title='bbox 702 299 822 328; x_wconf 86' lang='lat' dir='ltr'>cenanti</span> <span class='ocrx_word' id='word_1_34' title='bbox 831 296 868 328; x_wconf 91' lang='lat' dir='ltr'>ab</span> <span class='ocrx_word' id='word_1_35' title='bbox 878 296 934 326; x_wconf 85' lang='lat' dir='ltr'>illo</span> <span class='ocrx_word' id='word_1_36' title='bbox 944 296 1047 326; x_wconf 90' lang='lat' dir='ltr'>datum</span> <span class='ocrx_word' id='word_1_37' title='bbox 1057 314 1067 329; x_wconf 84' lang='lat'>‚</span> <span class='ocrx_word' id='word_1_38' title='bbox 1078 297 1128 326; x_wconf 88' lang='lat' dir='ltr'>cui</span> 
     </span>
     <span class='ocr_line' id='line_1_6' title="bbox 173 337 720 381; baseline 0 -12"><span class='ocrx_word' id='word_1_39' title='bbox 173 347 271 380; x_wconf 82' lang='lat' dir='ltr'>neque</span> <span class='ocrx_word' id='word_1_40' title='bbox 283 341 367 370; x_wconf 91' lang='lat' dir='ltr'>heres</span> <span class='ocrx_word' id='word_1_41' title='bbox 380 360 388 374; x_wconf 87' lang='lat'>‚</span> <span class='ocrx_word' id='word_1_42' title='bbox 407 350 503 381; x_wconf 88' lang='lat' dir='ltr'>neque</span> <span class='ocrx_word' id='word_1_43' title='bbox 514 342 601 370; x_wconf 89' lang='lat' dir='ltr'>iratus</span> <span class='ocrx_word' id='word_1_44' title='bbox 610 337 720 370; x_wconf 79' lang='lat' dir='ltr'>fuisset.</span> 
     </span>
    </p>

    <p class='ocr_par' dir='ltr' id='par_1_3' title="bbox 214 381 778 424">
     <span class='ocr_line' id='line_1_7' title="bbox 214 381 778 424; baseline -0.004 -12"><span class='ocrx_word' id='word_1_45' title='bbox 214 381 310 423; x_wconf 62' lang='lat' dir='ltr'>Asc]</span> <span class='ocrx_word' id='word_1_46' title='bbox 324 382 398 412; x_wconf 87' lang='lat' dir='ltr'>circa</span> <span class='ocrx_word' id='word_1_47' title='bbox 408 383 524 412; x_wconf 78' lang='lat' dir='ltr'><em>tertiam</em></span> <span class='ocrx_word' id='word_1_48' title='bbox 530 388 641 424; x_wconf 80' lang='lat' dir='ltr'>partem</span> <span class='ocrx_word' id='word_1_49' title='bbox 653 383 671 410; x_wconf 66' lang='grc' dir='ltr'><em>ἃ</em></span> <span class='ocrx_word' id='word_1_50' title='bbox 677 381 778 422; x_wconf 82' lang='lat' dir='ltr'>primo.</span> 
     </span>
    </p>

    <p class='ocr_par' dir='ltr' id='par_1_4' title="bbox 169 419 1126 506">
     <span class='ocr_line' id='line_1_8' title="bbox 213 419 1126 464; baseline -0.003 -11"><span class='ocrx_word' id='word_1_51' title='bbox 213 423 274 457; x_wconf 88' lang='lat' dir='ltr'>Sic,</span> <span class='ocrx_word' id='word_1_52' title='bbox 286 427 408 464; x_wconf 82' lang='lat' dir='ltr'>inquam</span> <span class='ocrx_word' id='word_1_53' title='bbox 420 443 433 458; x_wconf 75' lang='grc'><strong><em>,</em></strong></span> <span class='ocrx_word' id='word_1_54' title='bbox 441 423 470 454; x_wconf 87' lang='lat' dir='ltr'>se</span> <span class='ocrx_word' id='word_1_55' title='bbox 481 443 490 456; x_wconf 89' lang='lat'>,</span> <span class='ocrx_word' id='word_1_56' title='bbox 502 424 509 460; x_wconf 82' lang='lat' dir='ltr'>j</span> <span class='ocrx_word' id='word_1_57' title='bbox 514 423 629 457; x_wconf 85' lang='lat' dir='ltr'>udices,</span> <span class='ocrx_word' id='word_1_58' title='bbox 641 432 687 454; x_wconf 87' lang='lat' dir='ltr'>res</span> <span class='ocrx_word' id='word_1_59' title='bbox 694 423 792 456; x_wconf 85' lang='lat' dir='ltr'>habet,</span> <span class='ocrx_word' id='word_1_60' title='bbox 804 431 902 463; x_wconf 89' lang='lat' dir='ltr'>neque</span> <span class='ocrx_word' id='word_1_61' title='bbox 910 423 970 452; x_wconf 89' lang='lat' dir='ltr'>hoc</span> <span class='ocrx_word' id='word_1_62' title='bbox 980 419 995 452; x_wconf 75' lang='lat' dir='ltr'>a</span> <span class='ocrx_word' id='word_1_63' title='bbox 1007 429 1058 451; x_wconf 90' lang='lat' dir='ltr'>me</span> <span class='ocrx_word' id='word_1_64' title='bbox 1068 429 1126 451; x_wconf 90' lang='lat' dir='ltr'>no-</span> 
     </span>
     <span class='ocr_line' id='line_1_9' title="bbox 169 463 860 506; baseline -0.001 -12"><span class='ocrx_word' id='word_1_65' title='bbox 169 472 245 494; x_wconf 86' lang='lat' dir='ltr'>vum</span> <span class='ocrx_word' id='word_1_66' title='bbox 256 464 419 505; x_wconf 89' lang='lat' dir='ltr'>disputatur</span> <span class='ocrx_word' id='word_1_67' title='bbox 430 486 440 500; x_wconf 90' lang='lat'><em>‚</em></span> <span class='ocrx_word' id='word_1_68' title='bbox 460 465 509 496; x_wconf 89' lang='lat' dir='ltr'>sed</span> <span class='ocrx_word' id='word_1_69' title='bbox 522 463 678 506; x_wconf 87' lang='lat' dir='ltr'>quaefitum</span> <span class='ocrx_word' id='word_1_70' title='bbox 687 464 723 495; x_wconf 89' lang='lat' dir='ltr'>ab</span> <span class='ocrx_word' id='word_1_71' title='bbox 732 464 798 494; x_wconf 86' lang='lat' dir='ltr'>aliis</span> <span class='ocrx_word' id='word_1_72' title='bbox 807 463 860 494; x_wconf 88' lang='lat' dir='ltr'>est.</span> 
     </span>
    </p>

    <p class='ocr_par' dir='ltr' id='par_1_5' title="bbox 167 505 1125 744">
     <span class='ocr_line' id='line_1_10' title="bbox 213 505 1124 548; baseline 0.001 -12"><span class='ocrx_word' id='word_1_73' title='bbox 213 507 308 548; x_wconf 88' lang='lat' dir='ltr'>Asc.]</span> <span class='ocrx_word' id='word_1_74' title='bbox 330 507 385 537; x_wconf 88' lang='lat' dir='ltr'>Illa</span> <span class='ocrx_word' id='word_1_75' title='bbox 397 507 590 538; x_wconf 83' lang='lat' dir='ltr'>audivimus:</span> <span class='ocrx_word' id='word_1_76' title='bbox 608 507 667 537; x_wconf 91' lang='lat' dir='ltr'>hoc</span> <span class='ocrx_word' id='word_1_77' title='bbox 677 505 749 536; x_wconf 77' lang='lat' dir='ltr'>vero</span> <span class='ocrx_word' id='word_1_78' title='bbox 758 507 960 536; x_wconf 89' lang='lat' dir='ltr'>meminimus</span> <span class='ocrx_word' id='word_1_79' title='bbox 971 526 980 540; x_wconf 91' lang='lat'><strong>,</strong></span> <span class='ocrx_word' id='word_1_80' title='bbox 999 516 1031 537; x_wconf 87' lang='lat' dir='ltr'>ac</span> <span class='ocrx_word' id='word_1_81' title='bbox 1039 506 1124 547; x_wconf 74' lang='lat' dir='ltr'>paene</span> 
     </span>
     <span class='ocr_line' id='line_1_11' title="bbox 169 546 1125 588; baseline 0.003 -12"><span class='ocrx_word' id='word_1_82' title='bbox 169 547 315 582; x_wconf 82' lang='lat' dir='ltr'>vidimus,</span> <span class='ocrx_word' id='word_1_83' title='bbox 325 549 460 588; x_wconf 85' lang='lat' dir='ltr'>ejusdem</span> <span class='ocrx_word' id='word_1_84' title='bbox 470 548 568 588; x_wconf 84' lang='lat' dir='ltr'>stirpis</span> <span class='ocrx_word' id='word_1_85' title='bbox 578 548 611 578; x_wconf 91' lang='lat'>&amp;</span> <span class='ocrx_word' id='word_1_86' title='bbox 621 549 758 578; x_wconf 86' lang='lat' dir='ltr'>nominis</span> <span class='ocrx_word' id='word_1_87' title='bbox 771 550 803 578; x_wconf 89' lang='grc' dir='ltr'>Ρ.</span> <span class='ocrx_word' id='word_1_88' title='bbox 815 546 958 581; x_wconf 82' lang='lat' dir='ltr'>Crassum,</span> <span class='ocrx_word' id='word_1_89' title='bbox 971 558 1008 578; x_wconf 91' lang='lat' dir='ltr'>ne</span> <span class='ocrx_word' id='word_1_90' title='bbox 1017 551 1050 579; x_wconf 90' lang='lat' dir='ltr'>in</span> <span class='ocrx_word' id='word_1_91' title='bbox 1060 558 1125 579; x_wconf 88' lang='lat' dir='ltr'>ma-</span> 
     </span>
     <span class='ocr_line' id='line_1_12' title="bbox 169 589 1124 630; baseline 0.002 -11"><span class='ocrx_word' id='word_1_92' title='bbox 169 589 261 619; x_wconf 83' lang='lat' dir='ltr'>nibus</span> <span class='ocrx_word' id='word_1_93' title='bbox 274 591 421 621; x_wconf 82' lang='lat' dir='ltr'>incideret</span> <span class='ocrx_word' id='word_1_94' title='bbox 432 592 641 624; x_wconf 88' lang='lat' dir='ltr'>inimicorum,</span> <span class='ocrx_word' id='word_1_95' title='bbox 653 589 791 630; x_wconf 87' lang='lat' dir='ltr'>seipsum</span> <span class='ocrx_word' id='word_1_96' title='bbox 803 589 996 619; x_wconf 86' lang='lat' dir='ltr'>interemiffe.</span> <span class='ocrx_word' id='word_1_97' title='bbox 1020 593 1062 621; x_wconf 84' lang='lat' dir='ltr'>Ac</span> <span class='ocrx_word' id='word_1_98' title='bbox 1071 601 1124 621; x_wconf 90' lang='lat' dir='ltr'>ne-</span> 
     </span>
     <span class='ocr_line' id='line_1_13' title="bbox 167 631 1123 671; baseline 0.002 -11"><span class='ocrx_word' id='word_1_99' title='bbox 167 640 227 671; x_wconf 83' lang='lat' dir='ltr'>que</span> <span class='ocrx_word' id='word_1_100' title='bbox 235 631 319 661; x_wconf 88' lang='lat' dir='ltr'>illius</span> <span class='ocrx_word' id='word_1_101' title='bbox 330 631 417 661; x_wconf 88' lang='lat' dir='ltr'>Craffi</span> <span class='ocrx_word' id='word_1_102' title='bbox 424 631 540 662; x_wconf 60' lang='lat' dir='ltr'>fastum</span> <span class='ocrx_word' id='word_1_103' title='bbox 551 633 710 671; x_wconf 80' lang='lat' dir='ltr'>superioris</span> <span class='ocrx_word' id='word_1_104' title='bbox 719 651 727 664; x_wconf 93' lang='lat'>,</span> <span class='ocrx_word' id='word_1_105' title='bbox 747 631 853 661; x_wconf 88' lang='lat' dir='ltr'>iisdem</span> <span class='ocrx_word' id='word_1_106' title='bbox 866 631 1034 661; x_wconf 86' lang='lat' dir='ltr'>honoribus</span> <span class='ocrx_word' id='word_1_107' title='bbox 1042 633 1123 665; x_wconf 88' lang='lat' dir='ltr'>usus,</span> 
     </span>
     <span class='ocr_line' id='line_1_14' title="bbox 167 671 1123 714; baseline 0.004 -13"><span class='ocrx_word' id='word_1_108' title='bbox 167 674 221 712; x_wconf 89' lang='lat' dir='ltr'>qui</span> <span class='ocrx_word' id='word_1_109' title='bbox 240 671 415 703; x_wconf 82' lang='lat' dir='ltr'>fortiffimus</span> <span class='ocrx_word' id='word_1_110' title='bbox 439 683 474 703; x_wconf 83' lang='lat' dir='ltr'>in</span> <span class='ocrx_word' id='word_1_111' title='bbox 486 673 572 704; x_wconf 89' lang='lat' dir='ltr'>bellis</span> <span class='ocrx_word' id='word_1_112' title='bbox 581 672 700 706; x_wconf 73' lang='lat' dir='ltr'>fuisset,</span> <span class='ocrx_word' id='word_1_113' title='bbox 719 674 764 702; x_wconf 91' lang='lat' dir='ltr'>M.</span> <span class='ocrx_word' id='word_1_114' title='bbox 780 672 932 713; x_wconf 82' lang='lat' dir='ltr'>Aquillius</span> <span class='ocrx_word' id='word_1_115' title='bbox 940 675 1040 714; x_wconf 85' lang='lat' dir='ltr'>potuit</span> <span class='ocrx_word' id='word_1_116' title='bbox 1050 675 1123 704; x_wconf 81' lang='lat' dir='ltr'>imi-</span> 
     </span>
     <span class='ocr_line' id='line_1_15' title="bbox 167 721 232 744; baseline -0.031 0"><span class='ocrx_word' id='word_1_117' title='bbox 167 721 232 744; x_wconf 71' lang='lat' dir='ltr'>tan.</span> 
     </span>
    </p>
   </div>
   <div class='ocr_carea' id='block_1_3' title="bbox 1166 168 2129 658">
    <p class='ocr_par' dir='ltr' id='par_1_6' title="bbox 1459 168 1844 213">
     <span class='ocr_line' id='line_1_16' title="bbox 1459 168 1844 213; baseline 0.005 -15"><span class='ocrx_word' id='word_1_118' title='bbox 1459 168 1575 209; x_wconf 81' lang='lat' dir='ltr'><em>Desunt</em></span> <span class='ocrx_word' id='word_1_119' title='bbox 1584 175 1673 199; x_wconf 80' lang='lat' dir='ltr'>cetera</span> <span class='ocrx_word' id='word_1_120' title='bbox 1686 170 1780 213; x_wconf 70' lang='lat' dir='ltr'>prater</span> <span class='ocrx_word' id='word_1_121' title='bbox 1788 171 1844 202; x_wconf 81' lang='lat' dir='ltr'>hoc.</span> 
     </span>
    </p>

    <p class='ocr_par' dir='ltr' id='par_1_7' title="bbox 1166 210 2129 545">
     <span class='ocr_line' id='line_1_17' title="bbox 1216 210 2128 254; baseline 0.002 -13"><span class='ocrx_word' id='word_1_122' title='bbox 1216 212 1320 241; x_wconf 69' lang='lat' dir='ltr'>Hirta.</span> <span class='ocrx_word' id='word_1_123' title='bbox 1338 213 1431 251; x_wconf 55' lang='lat' dir='ltr'>Apol.</span> <span class='ocrx_word' id='word_1_124' title='bbox 1451 211 1586 251; x_wconf 74' lang='lat' dir='ltr'>adversus</span> <span class='ocrx_word' id='word_1_125' title='bbox 1596 211 1748 254; x_wconf 81' lang='lat' dir='ltr'>Rufinum]</span> <span class='ocrx_word' id='word_1_126' title='bbox 1764 215 1827 254; x_wconf 83' lang='lat' dir='ltr'>Ego</span> <span class='ocrx_word' id='word_1_127' title='bbox 1836 210 1908 243; x_wconf 79' lang='lat' dir='ltr'>cum</span> <span class='ocrx_word' id='word_1_128' title='bbox 1918 212 2128 243; x_wconf 81' lang='lat' dir='ltr'>omneis-ami-</span> 
     </span>
     <span class='ocr_line' id='line_1_18' title="bbox 1171 252 2128 295; baseline 0.003 -13"><span class='ocrx_word' id='word_1_129' title='bbox 1171 253 1253 283; x_wconf 87' lang='lat' dir='ltr'>citias</span> <span class='ocrx_word' id='word_1_130' title='bbox 1265 253 1388 283; x_wconf 89' lang='lat' dir='ltr'>tuendas</span> <span class='ocrx_word' id='word_1_131' title='bbox 1400 253 1515 292; x_wconf 80' lang='lat' dir='ltr'>semper</span> <span class='ocrx_word' id='word_1_132' title='bbox 1524 255 1624 293; x_wconf 87' lang='lat' dir='ltr'>putavi</span> <span class='ocrx_word' id='word_1_133' title='bbox 1635 254 1751 285; x_wconf 83' lang='lat' dir='ltr'>summa</span> <span class='ocrx_word' id='word_1_134' title='bbox 1761 255 1918 295; x_wconf 82' lang='lat' dir='ltr'>religione,</span> <span class='ocrx_word' id='word_1_135' title='bbox 1930 254 1962 284; x_wconf 73' lang='grc' dir='ltr'>δε</span> <span class='ocrx_word' id='word_1_136' title='bbox 1975 252 2050 289; x_wconf 36' lang='lat' dir='ltr'>fides</span> <span class='ocrx_word' id='word_1_137' title='bbox 2058 263 2128 295; x_wconf 79' lang='lat' dir='ltr'>tum</span> 
     </span>
     <span class='ocr_line' id='line_1_19' title="bbox 1169 292 2122 336; baseline 0.002 -12"><span class='ocrx_word' id='word_1_138' title='bbox 1169 303 1215 324; x_wconf 90' lang='lat' dir='ltr'>eas</span> <span class='ocrx_word' id='word_1_139' title='bbox 1225 296 1372 327; x_wconf 85' lang='lat' dir='ltr'>maxime,</span> <span class='ocrx_word' id='word_1_140' title='bbox 1384 304 1449 335; x_wconf 80' lang='lat' dir='ltr'>quae</span> <span class='ocrx_word' id='word_1_141' title='bbox 1457 292 1551 325; x_wconf 81' lang='lat' dir='ltr'>essent</span> <span class='ocrx_word' id='word_1_142' title='bbox 1561 304 1599 325; x_wconf 87' lang='lat' dir='ltr'>ex</span> <span class='ocrx_word' id='word_1_143' title='bbox 1609 296 1781 326; x_wconf 88' lang='lat' dir='ltr'>inimicitiis</span> <span class='ocrx_word' id='word_1_144' title='bbox 1793 298 1976 326; x_wconf 85' lang='lat' dir='ltr'>revocataein</span> <span class='ocrx_word' id='word_1_145' title='bbox 1985 298 2122 336; x_wconf 85' lang='lat' dir='ltr'>gratiam:</span> 
     </span>
     <span class='ocr_line' id='line_1_20' title="bbox 1168 335 2129 377; baseline 0.002 -12"><span class='ocrx_word' id='word_1_146' title='bbox 1168 344 1302 375; x_wconf 89' lang='lat' dir='ltr'>proterea</span> <span class='ocrx_word' id='word_1_147' title='bbox 1324 335 1407 377; x_wconf 75' lang='lat' dir='ltr'>quod</span> <span class='ocrx_word' id='word_1_148' title='bbox 1426 338 1548 377; x_wconf 82' lang='lat' dir='ltr'>integris</span> <span class='ocrx_word' id='word_1_149' title='bbox 1565 338 1707 368; x_wconf 85' lang='lat' dir='ltr'>amicitiis</span> <span class='ocrx_word' id='word_1_150' title='bbox 1726 336 1864 368; x_wconf 89' lang='lat' dir='ltr'>officium</span> <span class='ocrx_word' id='word_1_151' title='bbox 1875 335 2129 377; x_wconf 78' lang='lat' dir='ltr'>praetermiss‘um,</span> 
     </span>
     <span class='ocr_line' id='line_1_21' title="bbox 1169 377 2127 450; baseline 0.002 -44"><span class='ocrx_word' id='word_1_152' title='bbox 1169 377 1378 417; x_wconf 78' lang='lat' dir='ltr'>imprudentia:</span> <span class='ocrx_word' id='word_1_153' title='bbox 1391 398 1399 411; x_wconf 90' lang='lat'>‚</span> <span class='ocrx_word' id='word_1_154' title='bbox 1421 378 1468 408; x_wconf 89' lang='lat' dir='ltr'>vel</span> <span class='ocrx_word' id='word_1_155' title='bbox 1481 379 1491 416; x_wconf 86' lang='lat'>(</span> <span class='ocrx_word' id='word_1_156' title='bbox 1503 387 1535 408; x_wconf 91' lang='lat' dir='ltr'>ut</span> <span class='ocrx_word' id='word_1_157' title='bbox 1545 378 1664 419; x_wconf 80' lang='lat' dir='ltr'>gravius</span> <span class='ocrx_word' id='word_1_158' title='bbox 1676 380 1905 419; x_wconf 79' lang='lat' dir='ltr'>interpretemur</span> <span class='ocrx_word' id='word_1_159' title='bbox 1917 380 1927 419; x_wconf 95' lang='lat'>)</span> <span class='ocrx_word' id='word_1_160' title='bbox 1937 379 2127 450; x_wconf 63' lang='lat' dir='ltr'>nesgligentiae</span> 
     </span>
     <span class='ocr_line' id='line_1_22' title="bbox 1168 417 2124 462; baseline 0.002 -14"><span class='ocrx_word' id='word_1_161' title='bbox 1168 419 1356 449; x_wconf 76' lang='lat' dir='ltr'>excusatione</span> <span class='ocrx_word' id='word_1_162' title='bbox 1366 417 1554 449; x_wconf 81' lang='lat' dir='ltr'>defenditur:</span> <span class='ocrx_word' id='word_1_163' title='bbox 1566 419 1633 459; x_wconf 85' lang='lat' dir='ltr'>post</span> <span class='ocrx_word' id='word_1_164' title='bbox 1644 421 1773 450; x_wconf 89' lang='lat' dir='ltr'>reditum</span> <span class='ocrx_word' id='word_1_165' title='bbox 1787 423 1818 451; x_wconf 93' lang='lat' dir='ltr'>in</span> <span class='ocrx_word' id='word_1_166' title='bbox 1831 423 1954 462; x_wconf 81' lang='lat' dir='ltr'>gratiam</span> <span class='ocrx_word' id='word_1_167' title='bbox 1976 432 1984 450; x_wconf 80' lang='grc' dir='ltr'>ι</span> <span class='ocrx_word' id='word_1_168' title='bbox 1996 420 2069 461; x_wconf 90' lang='lat' dir='ltr'>quid</span> <span class='ocrx_word' id='word_1_169' title='bbox 2078 419 2124 451; x_wconf 83' lang='lat' dir='ltr'>est</span> 
     </span>
     <span class='ocr_line' id='line_1_23' title="bbox 1166 458 2123 503; baseline 0.003 -14"><span class='ocrx_word' id='word_1_170' title='bbox 1166 458 1383 494; x_wconf 83' lang='lat' dir='ltr'>commissum⁷</span> <span class='ocrx_word' id='word_1_171' title='bbox 1402 460 1433 490; x_wconf 86' lang='lat' dir='ltr'>id</span> <span class='ocrx_word' id='word_1_172' title='bbox 1456 470 1520 490; x_wconf 87' lang='lat' dir='ltr'>non</span> <span class='ocrx_word' id='word_1_173' title='bbox 1539 461 1709 502; x_wconf 65' lang='lat' dir='ltr'>negle&amp;um</span> <span class='ocrx_word' id='word_1_174' title='bbox 1725 482 1734 496; x_wconf 88' lang='lat'>‚</span> <span class='ocrx_word' id='word_1_175' title='bbox 1753 462 1802 493; x_wconf 88' lang='lat' dir='ltr'>sed</span> <span class='ocrx_word' id='word_1_176' title='bbox 1823 463 1971 493; x_wconf 85' lang='lat' dir='ltr'>violatum</span> <span class='ocrx_word' id='word_1_177' title='bbox 1989 471 2123 503; x_wconf 81' lang='lat' dir='ltr'>putatur,</span> 
     </span>
     <span class='ocr_line' id='line_1_24' title="bbox 1168 501 1898 545; baseline 0.004 -14"><span class='ocrx_word' id='word_1_178' title='bbox 1168 511 1223 532; x_wconf 90' lang='lat' dir='ltr'>nec</span> <span class='ocrx_word' id='word_1_179' title='bbox 1232 501 1454 541; x_wconf 77' lang='lat' dir='ltr'>imprudentiae‚</span> <span class='ocrx_word' id='word_1_180' title='bbox 1465 503 1513 532; x_wconf 88' lang='lat' dir='ltr'>sed</span> <span class='ocrx_word' id='word_1_181' title='bbox 1525 503 1657 542; x_wconf 70' lang='lat' dir='ltr'>perfidiae</span> <span class='ocrx_word' id='word_1_182' title='bbox 1669 502 1802 545; x_wconf 79' lang='lat' dir='ltr'>assignari</span> <span class='ocrx_word' id='word_1_183' title='bbox 1815 505 1898 536; x_wconf 90' lang='lat' dir='ltr'>solet.</span> 
     </span>
    </p>

    <p class='ocr_par' dir='ltr' id='par_1_8' title="bbox 1522 545 1779 585">
     <span class='ocr_line' id='line_1_25' title="bbox 1522 545 1779 585; baseline 0.008 -12"><span class='ocrx_word' id='word_1_184' title='bbox 1522 546 1573 573; x_wconf 81' lang='lat' dir='ltr'>Pro</span> <span class='ocrx_word' id='word_1_185' title='bbox 1595 547 1625 574; x_wconf 90' lang='lat' dir='ltr'>P.</span> <span class='ocrx_word' id='word_1_186' title='bbox 1645 545 1779 585; x_wconf 82' lang='lat' dir='ltr'>Qintio.</span> 
     </span>
    </p>

    <p class='ocr_par' dir='ltr' id='par_1_9' title="bbox 1206 585 1746 626">
     <span class='ocr_line' id='line_1_26' title="bbox 1206 585 1746 626; baseline -0.002 -10"><span class='ocrx_word' id='word_1_187' title='bbox 1206 587 1356 616; x_wconf 57' lang='lat' dir='ltr'>Urmm.</span> <span class='ocrx_word' id='word_1_188' title='bbox 1372 585 1386 626; x_wconf 93' lang='lat'>]</span> <span class='ocrx_word' id='word_1_189' title='bbox 1399 587 1511 626; x_wconf 89' lang='lat' dir='ltr'>Turpis</span> <span class='ocrx_word' id='word_1_190' title='bbox 1521 587 1681 617; x_wconf 84' lang='lat' dir='ltr'>occultatio</span> <span class='ocrx_word' id='word_1_191' title='bbox 1692 587 1746 617; x_wconf 90' lang='lat' dir='ltr'>sui.</span> 
     </span>
    </p>

    <p class='ocr_par' dir='ltr' id='par_1_10' title="bbox 1507 630 1779 658">
     <span class='ocr_line' id='line_1_27' title="bbox 1507 630 1779 658; baseline 0.004 -2"><span class='ocrx_word' id='word_1_192' title='bbox 1507 630 1558 656; x_wconf 86' lang='lat' dir='ltr'>Pro</span> <span class='ocrx_word' id='word_1_193' title='bbox 1577 630 1634 658; x_wconf 70' lang='lat' dir='ltr'>.M.</span> <span class='ocrx_word' id='word_1_194' title='bbox 1658 630 1779 658; x_wconf 82' lang='lat' dir='ltr'>Fonteio.</span> 
     </span>
    </p>
   </div>
   <div class='ocr_carea' id='block_1_4' title="bbox 1116 166 1155 2994">
    <p class='ocr_par' dir='ltr' id='par_1_11' title="bbox 1116 166 1155 2994">
     <span class='ocr_line' id='line_1_28' title="bbox 1141 166 1155 359; baseline 0 -119"><span class='ocrx_word' id='word_1_195' title='bbox 1141 166 1155 359; x_wconf 95' lang='lat' dir='ltr'>   </span> 
     </span>
     <span class='ocr_line' id='line_1_29' title="bbox 1139 397 1154 525; baseline 0 -39"><span class='ocrx_word' id='word_1_196' title='bbox 1139 397 1154 525; x_wconf 95' lang='lat' dir='ltr'>  </span> 
     </span>
     <span class='ocr_line' id='line_1_30' title="bbox 1139 525 1152 691; baseline 0 0"><span class='ocrx_word' id='word_1_197' title='bbox 1139 525 1152 691; x_wconf 95' lang='lat' dir='ltr'>   </span> 
     </span>
     <span class='ocr_line' id='line_1_31' title="bbox 1137 691 1151 775; baseline 0 -40"><span class='ocrx_word' id='word_1_198' title='bbox 1137 691 1151 775; x_wconf 95' lang='lat' dir='ltr'>  </span> 
     </span>
     <span class='ocr_line' id='line_1_32' title="bbox 1134 775 1151 1043; baseline 0 -59"><span class='ocrx_word' id='word_1_199' title='bbox 1134 775 1151 1043; x_wconf 95' lang='lat' dir='ltr'>    </span> 
     </span>
     <span class='ocr_line' id='line_1_33' title="bbox 1116 1235 1144 2994; baseline 0 -583"><span class='ocrx_word' id='word_1_200' title='bbox 1116 1235 1144 2994; x_wconf 95' lang='lat' dir='ltr'>   </span> 
     </span>
    </p>
   </div>
   <div class='ocr_carea' id='block_1_5' title="bbox 1151 668 2122 2037">
    <p class='ocr_par' dir='ltr' id='par_1_12' title="bbox 1165 668 2122 741">
     <span class='ocr_line' id='line_1_34' title="bbox 1207 668 2122 713; baseline 0.007 -16"><span class='ocrx_word' id='word_1_201' title='bbox 1207 668 1503 709; x_wconf 68' lang='lat' dir='ltr'>MARcEL.l1·b.1,-.]</span> <span class='ocrx_word' id='word_1_202' title='bbox 1517 670 1596 699; x_wconf 84' lang='lat' dir='ltr'>Galli</span> <span class='ocrx_word' id='word_1_203' title='bbox 1606 669 1725 709; x_wconf 84' lang='lat' dir='ltr'>posthac</span> <span class='ocrx_word' id='word_1_204' title='bbox 1735 671 1860 702; x_wconf 85' lang='lat' dir='ltr'>dilutius</span> <span class='ocrx_word' id='word_1_205' title='bbox 1871 671 2122 713; x_wconf 55' lang='lat' dir='ltr'>potamum-quod</span> 
     </span>
     <span class='ocr_line' id='line_1_35' title="bbox 1165 709 1685 741; baseline 0.002 -1"><span class='ocrx_word' id='word_1_206' title='bbox 1165 710 1210 740; x_wconf 83' lang='lat' dir='ltr'>illi</span> <span class='ocrx_word' id='word_1_207' title='bbox 1221 720 1374 740; x_wconf 89' lang='lat' dir='ltr'>venenum</span> <span class='ocrx_word' id='word_1_208' title='bbox 1386 709 1442 740; x_wconf 80' lang='lat' dir='ltr'>esse</span> <span class='ocrx_word' id='word_1_209' title='bbox 1454 711 1685 741; x_wconf 87' lang='lat' dir='ltr'>arbitrabuntur.</span> 
     </span>
    </p>

    <p class='ocr_par' dir='ltr' id='par_1_13' title="bbox 1163 750 2121 834">
     <span class='ocr_line' id='line_1_36' title="bbox 1207 750 2121 796; baseline 0.008 -16"><span class='ocrx_word' id='word_1_210' title='bbox 1207 754 1333 791; x_wconf 56' lang='lat' dir='ltr'>Qut-r.</span> <span class='ocrx_word' id='word_1_211' title='bbox 1345 750 1395 780; x_wconf 68' lang='lat' dir='ltr'>lib.</span> <span class='ocrx_word' id='word_1_212' title='bbox 1407 751 1478 791; x_wconf 45' lang='lat' dir='ltr'>c.4.]</span> <span class='ocrx_word' id='word_1_213' title='bbox 1492 753 1586 782; x_wconf 86' lang='lat' dir='ltr'>Mater</span> <span class='ocrx_word' id='word_1_214' title='bbox 1596 761 1661 786; x_wconf 82' lang='lat' dir='ltr'>tua,</span> <span class='ocrx_word' id='word_1_215' title='bbox 1682 753 1756 784; x_wconf 84' lang='lat' dir='ltr'>dum</span> <span class='ocrx_word' id='word_1_216' title='bbox 1768 755 1866 790; x_wconf 87' lang='lat' dir='ltr'>vixit,</span> <span class='ocrx_word' id='word_1_217' title='bbox 1889 755 2018 791; x_wconf 83' lang='lat' dir='ltr'>ludum,</span> <span class='ocrx_word' id='word_1_218' title='bbox 2035 754 2121 796; x_wconf 75' lang='lat' dir='ltr'>post-</span> 
     </span>
     <span class='ocr_line' id='line_1_37' title="bbox 1163 792 1753 834; baseline 0.003 -11"><span class='ocrx_word' id='word_1_219' title='bbox 1163 796 1253 834; x_wconf 69' lang='lat' dir='ltr'>quam</span> <span class='ocrx_word' id='word_1_220' title='bbox 1265 802 1383 823; x_wconf 89' lang='lat' dir='ltr'>mortua</span> <span class='ocrx_word' id='word_1_221' title='bbox 1394 792 1436 823; x_wconf 89' lang='lat' dir='ltr'>est</span> <span class='ocrx_word' id='word_1_222' title='bbox 1447 813 1455 826; x_wconf 89' lang='lat'><em>‚</em></span> <span class='ocrx_word' id='word_1_223' title='bbox 1473 793 1629 834; x_wconf 85' lang='lat' dir='ltr'>magistros</span> <span class='ocrx_word' id='word_1_224' title='bbox 1640 795 1753 825; x_wconf 88' lang='lat' dir='ltr'>habuit.</span> 
     </span>
    </p>

    <p class='ocr_par' dir='ltr' id='par_1_14' title="bbox 1164 834 2122 950">
     <span class='ocr_line' id='line_1_38' title="bbox 1206 834 2122 880; baseline 0.007 -17"><span class='ocrx_word' id='word_1_225' title='bbox 1206 834 1378 875; x_wconf 71' lang='lat' dir='ltr'>AQnLA]</span> <span class='ocrx_word' id='word_1_226' title='bbox 1389 837 1544 864; x_wconf 83' lang='lat' dir='ltr'>Frumenti</span> <span class='ocrx_word' id='word_1_227' title='bbox 1557 838 1709 866; x_wconf 87' lang='lat' dir='ltr'>maximus</span> <span class='ocrx_word' id='word_1_228' title='bbox 1720 847 1865 868; x_wconf 87' lang='lat' dir='ltr'>numerus</span> <span class='ocrx_word' id='word_1_229' title='bbox 1876 838 1892 870; x_wconf 82' lang='grc' dir='ltr'>ὲ</span> <span class='ocrx_word' id='word_1_230' title='bbox 1903 839 2002 870; x_wconf 85' lang='lat' dir='ltr'>Gallia</span> <span class='ocrx_word' id='word_1_231' title='bbox 2012 839 2122 880; x_wconf 76' lang='lat' dir='ltr'>,pedi-</span> 
     </span>
     <span class='ocr_line' id='line_1_39' title="bbox 1164 876 2121 948; baseline 0.004 -41"><span class='ocrx_word' id='word_1_232' title='bbox 1164 886 1248 948; x_wconf 78' lang='lat' dir='ltr'>tatus1</span> <span class='ocrx_word' id='word_1_233' title='bbox 1257 876 1446 916; x_wconf 82' lang='lat' dir='ltr'>amplissimae</span> <span class='ocrx_word' id='word_1_234' title='bbox 1456 878 1551 916; x_wconf 79' lang='lat' dir='ltr'>copiae</span> <span class='ocrx_word' id='word_1_235' title='bbox 1561 876 1577 908; x_wconf 79' lang='grc' dir='ltr'>ἐ</span> <span class='ocrx_word' id='word_1_236' title='bbox 1594 878 1691 909; x_wconf 85' lang='lat' dir='ltr'>Gallia</span> <span class='ocrx_word' id='word_1_237' title='bbox 1702 898 1710 912; x_wconf 88' lang='lat'>‚</span> <span class='ocrx_word' id='word_1_238' title='bbox 1729 883 1843 920; x_wconf 86' lang='lat' dir='ltr'>equites</span> <span class='ocrx_word' id='word_1_239' title='bbox 1857 890 1987 912; x_wconf 86' lang='lat' dir='ltr'>numero</span> <span class='ocrx_word' id='word_1_240' title='bbox 1994 882 2121 922; x_wconf 78' lang='lat' dir='ltr'>plurimi</span> 
     </span>
     <span class='ocr_line' id='line_1_40' title="bbox 1165 919 1299 950; baseline 0 0"><span class='ocrx_word' id='word_1_241' title='bbox 1165 930 1181 950; x_wconf 83' lang='lat' dir='ltr'>e</span> <span class='ocrx_word' id='word_1_242' title='bbox 1194 921 1237 949; x_wconf 89' lang='lat' dir='ltr'>Ga</span> <span class='ocrx_word' id='word_1_243' title='bbox 1250 919 1299 950; x_wconf 79' lang='lat' dir='ltr'>lia-</span> 
     </span>
    </p>

    <p class='ocr_par' dir='ltr' id='par_1_15' title="bbox 1325 959 1959 1129">
     <span class='ocr_line' id='line_1_41' title="bbox 1325 959 1959 1005; baseline 0.006 -15"><span class='ocrx_word' id='word_1_244' title='bbox 1325 962 1418 990; x_wconf 76' lang='lat' dir='ltr'>Cetera</span> <span class='ocrx_word' id='word_1_245' title='bbox 1428 959 1457 988; x_wconf 89' lang='lat' dir='ltr'>in</span> <span class='ocrx_word' id='word_1_246' title='bbox 1472 969 1502 989; x_wconf 83' lang='lat' dir='ltr'>ea</span> <span class='ocrx_word' id='word_1_247' title='bbox 1512 979 1521 993; x_wconf 88' lang='lat'>,</span> <span class='ocrx_word' id='word_1_248' title='bbox 1542 970 1601 1002; x_wconf 67' lang='lat' dir='ltr'>qua</span> <span class='ocrx_word' id='word_1_249' title='bbox 1610 961 1683 991; x_wconf 85' lang='lat' dir='ltr'>inter</span> <span class='ocrx_word' id='word_1_250' title='bbox 1692 962 1813 1005; x_wconf 76' lang='lat' dir='ltr'>reliquas</span> <span class='ocrx_word' id='word_1_251' title='bbox 1823 964 1959 996; x_wconf 78' lang='lat' dir='ltr'>orationes</span> 
     </span>
     <span class='ocr_line' id='line_1_42' title="bbox 1589 1002 1689 1039; baseline 0 -7"><span class='ocrx_word' id='word_1_252' title='bbox 1589 1002 1689 1039; x_wconf 75' lang='lat' dir='ltr'>exstat.</span> 
     </span>
     <span class='ocr_line' id='line_1_43' title="bbox 1436 1044 1842 1086; baseline 0.007 -13"><span class='ocrx_word' id='word_1_253' title='bbox 1436 1045 1485 1074; x_wconf 89' lang='lat' dir='ltr'>De</span> <span class='ocrx_word' id='word_1_254' title='bbox 1495 1044 1557 1084; x_wconf 83' lang='lat' dir='ltr'>lege</span> <span class='ocrx_word' id='word_1_255' title='bbox 1569 1046 1690 1086; x_wconf 79' lang='lat' dir='ltr'>Agraria</span> <span class='ocrx_word' id='word_1_256' title='bbox 1701 1047 1767 1076; x_wconf 91' lang='lat' dir='ltr'>Kal.</span> <span class='ocrx_word' id='word_1_257' title='bbox 1780 1047 1842 1084; x_wconf 71' lang='lat' dir='ltr'>Ian.</span> 
     </span>
     <span class='ocr_line' id='line_1_44' title="bbox 1495 1085 1785 1129; baseline 0.007 -15"><span class='ocrx_word' id='word_1_258' title='bbox 1495 1085 1589 1114; x_wconf 66' lang='lat' dir='ltr'>Deef}</span> <span class='ocrx_word' id='word_1_259' title='bbox 1605 1087 1785 1129; x_wconf 78' lang='lat' dir='ltr'>principtum.</span> 
     </span>
    </p>

    <p class='ocr_par' dir='ltr' id='par_1_16' title="bbox 1159 1126 2118 1242">
     <span class='ocr_line' id='line_1_45' title="bbox 1203 1126 2114 1168; baseline 0.008 -12"><span class='ocrx_word' id='word_1_260' title='bbox 1203 1126 1560 1168; x_wconf 65' lang='lat' dir='ltr'>GELL.lih.13.cap.24.]</span> <span class='ocrx_word' id='word_1_261' title='bbox 1575 1128 1704 1159; x_wconf 82' lang='lat' dir='ltr'>Praedam</span> <span class='ocrx_word' id='word_1_262' title='bbox 1721 1149 1729 1162; x_wconf 87' lang='lat'>‚</span> <span class='ocrx_word' id='word_1_263' title='bbox 1741 1131 1899 1162; x_wconf 87' lang='lat' dir='ltr'>manubias</span> <span class='ocrx_word' id='word_1_264' title='bbox 1910 1151 1918 1165; x_wconf 93' lang='lat'>‚</span> <span class='ocrx_word' id='word_1_265' title='bbox 1934 1131 2114 1166; x_wconf 57' lang='lat' dir='ltr'>senionem,</span> 
     </span>
     <span class='ocr_line' id='line_1_46' title="bbox 1159 1169 2118 1241; baseline 0.005 -41"><span class='ocrx_word' id='word_1_266' title='bbox 1159 1169 1250 1241; x_wconf 51' lang='lat' dir='ltr'>cast?</span> <span class='ocrx_word' id='word_1_267' title='bbox 1268 1170 1398 1211; x_wconf 83' lang='lat' dir='ltr'>denique</span> <span class='ocrx_word' id='word_1_268' title='bbox 1414 1171 1471 1200; x_wconf 88' lang='lat' dir='ltr'>Cn.</span> <span class='ocrx_word' id='word_1_269' title='bbox 1483 1171 1638 1210; x_wconf 85' lang='lat' dir='ltr'>Pompeii,</span> <span class='ocrx_word' id='word_1_270' title='bbox 1659 1170 1779 1201; x_wconf 88' lang='lat' dir='ltr'>sedente</span> <span class='ocrx_word' id='word_1_271' title='bbox 1788 1182 1987 1214; x_wconf 80' lang='lat' dir='ltr'>imperatore,</span> <span class='ocrx_word' id='word_1_272' title='bbox 2007 1176 2046 1204; x_wconf 82' lang='lat' dir='ltr'>X.</span> <span class='ocrx_word' id='word_1_273' title='bbox 2057 1175 2118 1205; x_wconf 82' lang='lat' dir='ltr'>viri</span> 
     </span>
     <span class='ocr_line' id='line_1_47' title="bbox 1160 1221 1301 1242; baseline -0.014 0"><span class='ocrx_word' id='word_1_274' title='bbox 1160 1222 1217 1242; x_wconf 90' lang='lat' dir='ltr'>ven</span> <span class='ocrx_word' id='word_1_275' title='bbox 1242 1221 1301 1241; x_wconf 90' lang='lat' dir='ltr'>ent.</span> 
     </span>
    </p>

    <p class='ocr_par' dir='ltr' id='par_1_17' title="bbox 1159 1251 2118 1326">
     <span class='ocr_line' id='line_1_48' title="bbox 1202 1251 2118 1294; baseline 0.005 -11"><span class='ocrx_word' id='word_1_276' title='bbox 1202 1256 1306 1283; x_wconf 58' lang='lat' dir='ltr'>Germ.</span> <span class='ocrx_word' id='word_1_277' title='bbox 1325 1252 1412 1294; x_wconf 85' lang='lat' dir='ltr'>ibid]</span> <span class='ocrx_word' id='word_1_278' title='bbox 1435 1251 1452 1266; x_wconf 71' lang='lat'>*¹</span> <span class='ocrx_word' id='word_1_279' title='bbox 1473 1261 1511 1282; x_wconf 88' lang='lat' dir='ltr'>ex</span> <span class='ocrx_word' id='word_1_280' title='bbox 1522 1252 1619 1293; x_wconf 81' lang='lat' dir='ltr'>praeda</span> <span class='ocrx_word' id='word_1_281' title='bbox 1631 1272 1640 1287; x_wconf 82' lang='lat'><strong>&gt;</strong></span> <span class='ocrx_word' id='word_1_282' title='bbox 1659 1262 1699 1284; x_wconf 85' lang='lat' dir='ltr'>ex</span> <span class='ocrx_word' id='word_1_283' title='bbox 1709 1256 1881 1291; x_wconf 84' lang='lat' dir='ltr'>manubiis,</span> <span class='ocrx_word' id='word_1_284' title='bbox 1901 1267 1938 1288; x_wconf 83' lang='lat' dir='ltr'>ex</span> <span class='ocrx_word' id='word_1_285' title='bbox 1948 1267 2118 1288; x_wconf 82' lang='lat' dir='ltr'>aurocoro-</span> 
     </span>
     <span class='ocr_line' id='line_1_49' title="bbox 1159 1305 1252 1326; baseline -0.022 -1"><span class='ocrx_word' id='word_1_286' title='bbox 1159 1305 1252 1326; x_wconf 85' lang='lat' dir='ltr'>nario.</span> 
     </span>
    </p>

    <p class='ocr_par' dir='ltr' id='par_1_18' title="bbox 1155 1338 2117 1492">
     <span class='ocr_line' id='line_1_50' title="bbox 1201 1338 2115 1382; baseline 0.004 -16"><span class='ocrx_word' id='word_1_287' title='bbox 1201 1338 1305 1378; x_wconf 64' lang='lat' dir='ltr'>AQ]</span> <span class='ocrx_word' id='word_1_288' title='bbox 1327 1339 1436 1369; x_wconf 87' lang='lat' dir='ltr'>Veniet</span> <span class='ocrx_word' id='word_1_289' title='bbox 1446 1340 1535 1379; x_wconf 86' lang='lat' dir='ltr'>igitur</span> <span class='ocrx_word' id='word_1_290' title='bbox 1546 1340 1600 1371; x_wconf 90' lang='lat' dir='ltr'>sub</span> <span class='ocrx_word' id='word_1_291' title='bbox 1609 1350 1747 1381; x_wconf 88' lang='lat' dir='ltr'>praecone</span> <span class='ocrx_word' id='word_1_292' title='bbox 1758 1350 1819 1372; x_wconf 91' lang='lat' dir='ltr'>tota</span> <span class='ocrx_word' id='word_1_293' title='bbox 1827 1342 1986 1381; x_wconf 88' lang='lat' dir='ltr'>Propontis</span> <span class='ocrx_word' id='word_1_294' title='bbox 1996 1360 2004 1375; x_wconf 84' lang='lat'>‚</span> <span class='ocrx_word' id='word_1_295' title='bbox 2026 1350 2115 1382; x_wconf 88' lang='lat' dir='ltr'>atque</span> 
     </span>
     <span class='ocr_line' id='line_1_51' title="bbox 1160 1380 2116 1423; baseline 0.003 -14"><span class='ocrx_word' id='word_1_296' title='bbox 1160 1380 1377 1419; x_wconf 84' lang='lat' dir='ltr'>Hellespontus</span> <span class='ocrx_word' id='word_1_297' title='bbox 1390 1391 1394 1408; x_wconf 92' lang='lat'>:</span> <span class='ocrx_word' id='word_1_298' title='bbox 1406 1380 1560 1412; x_wconf 82' lang='lat' dir='ltr'>addicetur</span> <span class='ocrx_word' id='word_1_299' title='bbox 1569 1385 1746 1413; x_wconf 81' lang='lat' dir='ltr'>communis</span> <span class='ocrx_word' id='word_1_300' title='bbox 1759 1393 1809 1413; x_wconf 91' lang='lat' dir='ltr'>ora</span> <span class='ocrx_word' id='word_1_301' title='bbox 1819 1385 1984 1422; x_wconf 88' lang='lat' dir='ltr'>Lyciorum</span> <span class='ocrx_word' id='word_1_302' title='bbox 1998 1403 2006 1416; x_wconf 91' lang='lat'>‚</span> <span class='ocrx_word' id='word_1_303' title='bbox 2027 1392 2116 1423; x_wconf 89' lang='lat' dir='ltr'>atque</span> 
     </span>
     <span class='ocr_line' id='line_1_52' title="bbox 1155 1420 2117 1492; baseline 0.005 -42"><span class='ocrx_word' id='word_1_304' title='bbox 1155 1422 1302 1492; x_wconf 60' lang='lat' dir='ltr'>{tilicumz</span> <span class='ocrx_word' id='word_1_305' title='bbox 1323 1420 1417 1462; x_wconf 81' lang='lat' dir='ltr'>Mysia</span> <span class='ocrx_word' id='word_1_306' title='bbox 1436 1423 1468 1454; x_wconf 90' lang='lat'>&amp;</span> <span class='ocrx_word' id='word_1_307' title='bbox 1489 1425 1613 1466; x_wconf 85' lang='lat' dir='ltr'>Phrygia</span> <span class='ocrx_word' id='word_1_308' title='bbox 1633 1426 1709 1455; x_wconf 89' lang='lat' dir='ltr'>item</span> <span class='ocrx_word' id='word_1_309' title='bbox 1720 1425 1892 1456; x_wconf 87' lang='lat' dir='ltr'>conditioni</span> <span class='ocrx_word' id='word_1_310' title='bbox 1902 1425 2020 1466; x_wconf 85' lang='lat' dir='ltr'>legique</span> <span class='ocrx_word' id='word_1_311' title='bbox 2030 1434 2117 1466; x_wconf 82' lang='lat' dir='ltr'>pare·</span> 
     </span>
    </p>

    <p class='ocr_par' dir='ltr' id='par_1_19' title="bbox 1179 1472 1243 1493">
     <span class='ocr_line' id='line_1_53' title="bbox 1179 1472 1243 1493; baseline -0.047 0"><span class='ocrx_word' id='word_1_312' title='bbox 1179 1472 1243 1493; x_wconf 87' lang='lat' dir='ltr'>unt.</span> 
     </span>
    </p>

    <p class='ocr_par' dir='ltr' id='par_1_20' title="bbox 1199 1504 1703 1546">
     <span class='ocr_line' id='line_1_54' title="bbox 1199 1504 1703 1546; baseline 0.002 -10"><span class='ocrx_word' id='word_1_313' title='bbox 1199 1504 1330 1545; x_wconf 51' lang='lat' dir='ltr'>Came]</span> <span class='ocrx_word' id='word_1_314' title='bbox 1353 1504 1370 1518; x_wconf 76' lang='lat'>*¹</span> <span class='ocrx_word' id='word_1_315' title='bbox 1391 1505 1703 1546; x_wconf 69' lang='lat' dir='ltr'>imberbajuventute.</span> 
     </span>
    </p>

    <p class='ocr_par' dir='ltr' id='par_1_21' title="bbox 1367 1547 1909 1671">
     <span class='ocr_line' id='line_1_55' title="bbox 1367 1547 1909 1590; baseline 0.006 -15"><span class='ocrx_word' id='word_1_316' title='bbox 1367 1548 1501 1577; x_wconf 75' lang='lat' dir='ltr'>Cetera‘in</span> <span class='ocrx_word' id='word_1_317' title='bbox 1512 1559 1544 1578; x_wconf 71' lang='lat' dir='ltr'>ecc</span> <span class='ocrx_word' id='word_1_318' title='bbox 1557 1568 1566 1583; x_wconf 83' lang='lat'>,</span> <span class='ocrx_word' id='word_1_319' title='bbox 1583 1547 1752 1589; x_wconf 71' lang='lat' dir='ltr'>quaeexstat,</span> <span class='ocrx_word' id='word_1_320' title='bbox 1765 1549 1909 1590; x_wconf 65' lang='lat' dir='ltr'>insertam</span> 
     </span>
     <span class='ocr_line' id='line_1_56' title="bbox 1574 1589 1682 1619; baseline 0 0"><span class='ocrx_word' id='word_1_321' title='bbox 1574 1589 1682 1619; x_wconf 68' lang='lat' dir='ltr'>habita.</span> 
     </span>
     <span class='ocr_line' id='line_1_57' title="bbox 1517 1632 1749 1671; baseline 0.004 -11"><span class='ocrx_word' id='word_1_322' title='bbox 1517 1634 1553 1660; x_wconf 86' lang='lat' dir='ltr'>In</span> <span class='ocrx_word' id='word_1_323' title='bbox 1562 1634 1598 1661; x_wconf 86' lang='lat' dir='ltr'>L.</span> <span class='ocrx_word' id='word_1_324' title='bbox 1610 1632 1749 1671; x_wconf 78' lang='lat' dir='ltr'>Pisonem.</span> 
     </span>
    </p>

    <p class='ocr_par' dir='ltr' id='par_1_22' title="bbox 1154 1671 2112 1752">
     <span class='ocr_line' id='line_1_58' title="bbox 1197 1671 2112 1715; baseline 0.005 -14"><span class='ocrx_word' id='word_1_325' title='bbox 1197 1671 1411 1712; x_wconf 70' lang='lat' dir='ltr'>Q1m-.lib.9.</span> <span class='ocrx_word' id='word_1_326' title='bbox 1427 1681 1481 1710; x_wconf 69' lang='lat'>04-</span> <span class='ocrx_word' id='word_1_327' title='bbox 1494 1675 1594 1703; x_wconf 84' lang='lat' dir='ltr'>Diom.</span> <span class='ocrx_word' id='word_1_328' title='bbox 1607 1673 1709 1715; x_wconf 53' lang='lat' dir='ltr'>liba]</span> <span class='ocrx_word' id='word_1_329' title='bbox 1730 1674 1806 1705; x_wconf 86' lang='lat' dir='ltr'>Proh</span> <span class='ocrx_word' id='word_1_330' title='bbox 1816 1693 1825 1707; x_wconf 88' lang='lat'>‚</span> <span class='ocrx_word' id='word_1_331' title='bbox 1850 1673 1893 1704; x_wconf 91' lang='lat' dir='ltr'>dii</span> <span class='ocrx_word' id='word_1_332' title='bbox 1904 1675 2112 1706; x_wconf 86' lang='lat' dir='ltr'>immortales:</span> 
     </span>
     <span class='ocr_line' id='line_1_59' title="bbox 1154 1713 1478 1752; baseline 0.009 -11"><span class='ocrx_word' id='word_1_333' title='bbox 1154 1714 1206 1752; x_wconf 89' lang='lat' dir='ltr'>qui</span> <span class='ocrx_word' id='word_1_334' title='bbox 1217 1713 1266 1742; x_wconf 84' lang='lat' dir='ltr'>hic</span> <span class='ocrx_word' id='word_1_335' title='bbox 1278 1714 1380 1743; x_wconf 86' lang='lat' dir='ltr'>illuxit</span> <span class='ocrx_word' id='word_1_336' title='bbox 1391 1715 1478 1744; x_wconf 88' lang='lat' dir='ltr'>dies?</span> 
     </span>
    </p>

    <p class='ocr_par' dir='ltr' id='par_1_23' title="bbox 1190 1755 2117 1796">
     <span class='ocr_line' id='line_1_60' title="bbox 1190 1755 2117 1796; baseline 0.005 -13"><span class='ocrx_word' id='word_1_337' title='bbox 1190 1755 1360 1795; x_wconf 69' lang='lat' dir='ltr'>Sznvxus]</span> <span class='ocrx_word' id='word_1_338' title='bbox 1373 1758 1446 1796; x_wconf 84' lang='lat' dir='ltr'>Qae</span> <span class='ocrx_word' id='word_1_339' title='bbox 1459 1765 1486 1786; x_wconf 90' lang='lat' dir='ltr'>te</span> <span class='ocrx_word' id='word_1_340' title='bbox 1497 1756 1616 1788; x_wconf 88' lang='lat' dir='ltr'>beluam</span> <span class='ocrx_word' id='word_1_341' title='bbox 1629 1768 1667 1788; x_wconf 86' lang='lat' dir='ltr'>ex</span> <span class='ocrx_word' id='word_1_342' title='bbox 1678 1766 1842 1791; x_wconf 88' lang='lat' dir='ltr'>utero‚non</span> <span class='ocrx_word' id='word_1_343' title='bbox 1852 1758 2012 1789; x_wconf 87' lang='lat' dir='ltr'>hominem</span> <span class='ocrx_word' id='word_1_344' title='bbox 2022 1757 2117 1790; x_wconf 74' lang='lat' dir='ltr'>fudit.&#39;</span> 
     </span>
    </p>

    <p class='ocr_par' dir='ltr' id='par_1_24' title="bbox 1153 1796 2113 1960">
     <span class='ocr_line' id='line_1_61' title="bbox 1196 1796 2113 1840; baseline 0.008 -16"><span class='ocrx_word' id='word_1_345' title='bbox 1196 1796 1334 1837; x_wconf 62' lang='lat' dir='ltr'>Ascorr]</span> <span class='ocrx_word' id='word_1_346' title='bbox 1346 1797 1470 1837; x_wconf 87' lang='lat' dir='ltr'>Insuper</span> <span class='ocrx_word' id='word_1_347' title='bbox 1478 1798 1601 1839; x_wconf 88' lang='lat' dir='ltr'>quidam</span> <span class='ocrx_word' id='word_1_348' title='bbox 1612 1799 1686 1833; x_wconf 81' lang='lat' dir='ltr'>fuit,</span> <span class='ocrx_word' id='word_1_349' title='bbox 1699 1800 1727 1829; x_wconf 87' lang='lat' dir='ltr'>id</span> <span class='ocrx_word' id='word_1_350' title='bbox 1742 1798 1784 1829; x_wconf 91' lang='lat' dir='ltr'>est</span> <span class='ocrx_word' id='word_1_351' title='bbox 1796 1819 1803 1833; x_wconf 86' lang='lat'>‚</span> <span class='ocrx_word' id='word_1_352' title='bbox 1817 1808 1962 1830; x_wconf 89' lang='lat' dir='ltr'>mercator</span> <span class='ocrx_word' id='word_1_353' title='bbox 1972 1820 1980 1834; x_wconf 88' lang='lat'>,</span> <span class='ocrx_word' id='word_1_354' title='bbox 1995 1800 2113 1840; x_wconf 69' lang='lat' dir='ltr'>&amp;prz-</span> 
     </span>
     <span class='ocr_line' id='line_1_62' title="bbox 1154 1837 2113 1875; baseline 0.005 -8"><span class='ocrx_word' id='word_1_355' title='bbox 1154 1846 1199 1867; x_wconf 91' lang='lat' dir='ltr'>co.</span> <span class='ocrx_word' id='word_1_356' title='bbox 1220 1839 1244 1867; x_wconf 90' lang='lat' dir='ltr'>is</span> <span class='ocrx_word' id='word_1_357' title='bbox 1266 1837 1338 1867; x_wconf 75' lang='lat' dir='ltr'>cum</span> <span class='ocrx_word' id='word_1_358' title='bbox 1352 1840 1486 1869; x_wconf 87' lang='lat' dir='ltr'>Romam</span> <span class='ocrx_word' id='word_1_359' title='bbox 1496 1850 1565 1870; x_wconf 90' lang='lat' dir='ltr'>cum</span> <span class='ocrx_word' id='word_1_360' title='bbox 1580 1840 1640 1871; x_wconf 83' lang='lat' dir='ltr'>filia</span> <span class='ocrx_word' id='word_1_361' title='bbox 1653 1839 1780 1871; x_wconf 83' lang='lat' dir='ltr'>venisset</span> <span class='ocrx_word' id='word_1_362' title='bbox 1790 1861 1799 1875; x_wconf 91' lang='lat'>‚</span> <span class='ocrx_word' id='word_1_363' title='bbox 1820 1841 2040 1872; x_wconf 80' lang='lat' dir='ltr'>adolescentem</span> <span class='ocrx_word' id='word_1_364' title='bbox 2051 1851 2113 1872; x_wconf 76' lang='lat' dir='ltr'>no·-</span> 
     </span>
     <span class='ocr_line' id='line_1_63' title="bbox 1155 1878 2109 1917; baseline 0.007 -10"><span class='ocrx_word' id='word_1_365' title='bbox 1155 1878 1249 1908; x_wconf 91' lang='lat' dir='ltr'>bilem</span> <span class='ocrx_word' id='word_1_366' title='bbox 1269 1880 1438 1910; x_wconf 86' lang='lat' dir='ltr'>Caesoniurn</span> <span class='ocrx_word' id='word_1_367' title='bbox 1453 1901 1461 1914; x_wconf 87' lang='lat'>‚</span> <span class='ocrx_word' id='word_1_368' title='bbox 1482 1882 1621 1913; x_wconf 87' lang='lat' dir='ltr'>hominis</span> <span class='ocrx_word' id='word_1_369' title='bbox 1641 1881 1792 1913; x_wconf 80' lang='lat' dir='ltr'>fortiffimi</span> <span class='ocrx_word' id='word_1_370' title='bbox 1815 1880 1913 1913; x_wconf 87' lang='lat' dir='ltr'>filium</span> <span class='ocrx_word' id='word_1_371' title='bbox 1926 1903 1934 1917; x_wconf 92' lang='lat'>,</span> <span class='ocrx_word' id='word_1_372' title='bbox 1959 1883 2046 1914; x_wconf 88' lang='lat' dir='ltr'>ausus</span> <span class='ocrx_word' id='word_1_373' title='bbox 2064 1882 2109 1914; x_wconf 87' lang='lat' dir='ltr'>est</span> 
     </span>
     <span class='ocr_line' id='line_1_64' title="bbox 1153 1920 1603 1960; baseline 0.009 -11"><span class='ocrx_word' id='word_1_374' title='bbox 1153 1920 1306 1960; x_wconf 86' lang='lat' dir='ltr'>appellare.</span> <span class='ocrx_word' id='word_1_375' title='bbox 1328 1920 1422 1952; x_wconf 81' lang='lat' dir='ltr'>filiam</span> <span class='ocrx_word' id='word_1_376' title='bbox 1432 1923 1603 1954; x_wconf 88' lang='lat' dir='ltr'>collocavit.</span> 
     </span>
    </p>

    <p class='ocr_par' dir='ltr' id='par_1_25' title="bbox 1151 1962 2109 2037">
     <span class='ocr_line' id='line_1_65' title="bbox 1167 1962 2109 2035; baseline 0.008 -45"><span class='ocrx_word' id='word_1_377' title='bbox 1167 1964 1318 2035; x_wconf 65' lang='lat' dir='ltr'>danr.</span> <span class='ocrx_word' id='word_1_378' title='bbox 1331 1962 1413 1994; x_wconf 79' lang='lat' dir='ltr'>lib.8.</span> <span class='ocrx_word' id='word_1_379' title='bbox 1429 1965 1503 2006; x_wconf 45' lang='grc' dir='ltr'>ας]</span> <span class='ocrx_word' id='word_1_380' title='bbox 1528 1965 1544 1979; x_wconf 72' lang='grc'>*</span> <span class='ocrx_word' id='word_1_381' title='bbox 1565 1965 1645 1996; x_wconf 72' lang='lat' dir='ltr'>Cum</span> <span class='ocrx_word' id='word_1_382' title='bbox 1659 1966 1786 1998; x_wconf 85' lang='lat' dir='ltr'>tibitota</span> <span class='ocrx_word' id='word_1_383' title='bbox 1798 1968 1938 2009; x_wconf 88' lang='lat' dir='ltr'>cognatio</span> <span class='ocrx_word' id='word_1_384' title='bbox 1950 1969 1982 1998; x_wconf 88' lang='lat' dir='ltr'>in</span> <span class='ocrx_word' id='word_1_385' title='bbox 1994 1967 2109 1998; x_wconf 83' lang='lat' dir='ltr'>serraco</span> 
     </span>
     <span class='ocr_line' id='line_1_66' title="bbox 1151 2006 1321 2037; baseline -0.012 -2"><span class='ocrx_word' id='word_1_386' title='bbox 1151 2013 1166 2035; x_wconf 93' lang='lat' dir='ltr'>a</span> <span class='ocrx_word' id='word_1_387' title='bbox 1190 2006 1321 2037; x_wconf 79' lang='lat' dir='ltr'>vehatur.</span> 
     </span>
    </p>
   </div>
   <div class='ocr_carea' id='block_1_6' title="bbox 116 755 1123 2457">
    <p class='ocr_par' dir='ltr' id='par_1_26' title="bbox 570 755 738 786">
     <span class='ocr_line' id='line_1_67' title="bbox 570 755 738 786; baseline -0.012 0"><span class='ocrx_word' id='word_1_388' title='bbox 570 758 643 786; x_wconf 69' lang='lat' dir='ltr'>anuo</span> <span class='ocrx_word' id='word_1_389' title='bbox 682 755 738 786; x_wconf 61' lang='lat' dir='ltr'>off.</span> 
     </span>
    </p>

    <p class='ocr_par' dir='ltr' id='par_1_27' title="bbox 165 764 1123 920">
     <span class='ocr_line' id='line_1_68' title="bbox 207 764 1121 839; baseline 0.003 -13"><span class='ocrx_word' id='word_1_390' title='bbox 207 797 304 838; x_wconf 83' lang='lat' dir='ltr'>Asc.]</span> <span class='ocrx_word' id='word_1_391' title='bbox 326 798 407 839; x_wconf 81' lang='lat' dir='ltr'>Qid</span> <span class='ocrx_word' id='word_1_392' title='bbox 423 796 495 829; x_wconf 74' lang='lat' dir='ltr'>verb</span> <span class='ocrx_word' id='word_1_393' title='bbox 513 764 640 828; x_wconf 58' lang='lat' dir='ltr'>altlgrum</span> <span class='ocrx_word' id='word_1_394' title='bbox 651 765 784 828; x_wconf 60' lang='lat' dir='ltr'>grafium</span> <span class='ocrx_word' id='word_1_395' title='bbox 796 798 984 838; x_wconf 84' lang='lat' dir='ltr'>temporibus</span> <span class='ocrx_word' id='word_1_396' title='bbox 997 798 1121 833; x_wconf 83' lang='lat' dir='ltr'>eisdem,</span> 
     </span>
     <span class='ocr_line' id='line_1_69' title="bbox 165 838 1123 881; baseline 0.003 -13"><span class='ocrx_word' id='word_1_397' title='bbox 165 848 242 869; x_wconf 85' lang='lat' dir='ltr'>num</span> <span class='ocrx_word' id='word_1_398' title='bbox 251 848 300 869; x_wconf 90' lang='lat' dir='ltr'>aut</span> <span class='ocrx_word' id='word_1_399' title='bbox 310 838 460 869; x_wconf 73' lang='lat' dir='ltr'>clarissimi</span> <span class='ocrx_word' id='word_1_400' title='bbox 471 841 539 873; x_wconf 86' lang='lat' dir='ltr'>viri,</span> <span class='ocrx_word' id='word_1_401' title='bbox 549 841 624 880; x_wconf 92' lang='lat' dir='ltr'>Julii</span> <span class='ocrx_word' id='word_1_402' title='bbox 636 860 645 874; x_wconf 91' lang='lat'>‚</span> <span class='ocrx_word' id='word_1_403' title='bbox 656 849 705 870; x_wconf 91' lang='lat' dir='ltr'>aut</span> <span class='ocrx_word' id='word_1_404' title='bbox 717 839 839 870; x_wconf 89' lang='lat' dir='ltr'>summo</span> <span class='ocrx_word' id='word_1_405' title='bbox 849 842 974 881; x_wconf 86' lang='lat' dir='ltr'>ingenio</span> <span class='ocrx_word' id='word_1_406' title='bbox 981 841 1123 881; x_wconf 82' lang='lat' dir='ltr'>praeditus</span> 
     </span>
     <span class='ocr_line' id='line_1_70' title="bbox 165 882 634 920; baseline 0 -10"><span class='ocrx_word' id='word_1_407' title='bbox 165 882 211 910; x_wconf 90' lang='grc' dir='ltr'>Μ.</span> <span class='ocrx_word' id='word_1_408' title='bbox 227 883 380 910; x_wconf 87' lang='lat' dir='ltr'>Antonius</span> <span class='ocrx_word' id='word_1_409' title='bbox 391 883 490 920; x_wconf 88' lang='lat' dir='ltr'>potuit</span> <span class='ocrx_word' id='word_1_410' title='bbox 501 883 613 911; x_wconf 81' lang='lat' dir='ltr'>imitari</span> <span class='ocrx_word' id='word_1_411' title='bbox 623 884 634 906; x_wconf 72' lang='grc' dir='ltr'><em>ἓ</em></span> 
     </span>
    </p>

    <p class='ocr_par' dir='ltr' id='par_1_28' title="bbox 163 921 1118 1003">
     <span class='ocr_line' id='line_1_71' title="bbox 208 921 1118 963; baseline 0.004 -12"><span class='ocrx_word' id='word_1_412' title='bbox 208 925 319 952; x_wconf 73' lang='lat' dir='ltr'>Plusc.</span> <span class='ocrx_word' id='word_1_413' title='bbox 338 921 439 963; x_wconf 77' lang='lat' dir='ltr'>lib.6.]</span> <span class='ocrx_word' id='word_1_414' title='bbox 460 921 542 953; x_wconf 76' lang='lat' dir='ltr'>Cum</span> <span class='ocrx_word' id='word_1_415' title='bbox 553 922 621 954; x_wconf 88' lang='lat' dir='ltr'>dare</span> <span class='ocrx_word' id='word_1_416' title='bbox 631 923 728 954; x_wconf 89' lang='lat' dir='ltr'>nollet</span> <span class='ocrx_word' id='word_1_417' title='bbox 738 924 806 954; x_wconf 85' lang='lat' dir='ltr'>Aris</span> <span class='ocrx_word' id='word_1_418' title='bbox 817 942 827 958; x_wconf 83' lang='lat'>‚</span> <span class='ocrx_word' id='word_1_419' title='bbox 845 923 925 954; x_wconf 72' lang='lat' dir='ltr'>clam</span> <span class='ocrx_word' id='word_1_420' title='bbox 934 933 973 954; x_wconf 81' lang='lat' dir='ltr'>ex</span> <span class='ocrx_word' id='word_1_421' title='bbox 984 924 1118 957; x_wconf 83' lang='lat' dir='ltr'>Sardinia</span> 
     </span>
     <span class='ocr_line' id='line_1_72' title="bbox 163 962 462 1003; baseline -0.003 -9"><span class='ocrx_word' id='word_1_422' title='bbox 163 963 207 994; x_wconf 85' lang='lat' dir='ltr'>est</span> <span class='ocrx_word' id='word_1_423' title='bbox 221 962 322 1003; x_wconf 83' lang='lat' dir='ltr'>fugere</span> <span class='ocrx_word' id='word_1_424' title='bbox 332 963 462 994; x_wconf 61' lang='lat' dir='ltr'>coafitus.</span> 
     </span>
    </p>

    <p class='ocr_par' dir='ltr' id='par_1_29' title="bbox 184 1005 1046 1081">
     <span class='ocr_line' id='line_1_73' title="bbox 184 1005 1046 1047; baseline -0.001 -10"><span class='ocrx_word' id='word_1_425' title='bbox 184 1035 186 1037; x_wconf 90' lang='lat'>.</span> <span class='ocrx_word' id='word_1_426' title='bbox 203 1005 311 1046; x_wconf 57' lang='lat' dir='ltr'>Pais]</span> <span class='ocrx_word' id='word_1_427' title='bbox 325 1008 426 1036; x_wconf 89' lang='lat' dir='ltr'>Arinis</span> <span class='ocrx_word' id='word_1_428' title='bbox 438 1016 565 1037; x_wconf 85' lang='lat' dir='ltr'>uxorem</span> <span class='ocrx_word' id='word_1_429' title='bbox 575 1007 730 1047; x_wconf 84' lang='lat' dir='ltr'>pellicatus</span> <span class='ocrx_word' id='word_1_430' title='bbox 739 1006 845 1038; x_wconf 86' lang='lat' dir='ltr'>dolore</span> <span class='ocrx_word' id='word_1_431' title='bbox 855 1008 1046 1039; x_wconf 85' lang='lat' dir='ltr'>concitatam.</span> 
     </span>
     <span class='ocr_line' id='line_1_74' title="bbox 405 1049 757 1081; baseline 0 -4"><span class='ocrx_word' id='word_1_432' title='bbox 405 1075 411 1081; x_wconf 76' lang='lat'>.</span> <span class='ocrx_word' id='word_1_433' title='bbox 527 1049 607 1078; x_wconf 84' lang='lat' dir='ltr'>Circa</span> <span class='ocrx_word' id='word_1_434' title='bbox 625 1049 757 1078; x_wconf 63' lang='lat' dir='ltr'>medium.</span> 
     </span>
    </p>

    <p class='ocr_par' dir='ltr' id='par_1_30' title="bbox 157 1089 1119 1337">
     <span class='ocr_line' id='line_1_75' title="bbox 205 1089 1119 1132; baseline 0.003 -13"><span class='ocrx_word' id='word_1_435' title='bbox 205 1089 297 1130; x_wconf 67' lang='lat' dir='ltr'>Asc]</span> <span class='ocrx_word' id='word_1_436' title='bbox 318 1091 425 1131; x_wconf 86' lang='lat' dir='ltr'>Neque</span> <span class='ocrx_word' id='word_1_437' title='bbox 444 1089 517 1120; x_wconf 73' lang='lat' dir='ltr'>vero</span> <span class='ocrx_word' id='word_1_438' title='bbox 537 1092 601 1120; x_wconf 84' lang='lat' dir='ltr'>haec</span> <span class='ocrx_word' id='word_1_439' title='bbox 621 1091 680 1130; x_wconf 89' lang='lat' dir='ltr'>ipsa</span> <span class='ocrx_word' id='word_1_440' title='bbox 699 1090 874 1131; x_wconf 89' lang='lat' dir='ltr'>quotidiana</span> <span class='ocrx_word' id='word_1_441' title='bbox 885 1101 931 1122; x_wconf 89' lang='lat' dir='ltr'>res</span> <span class='ocrx_word' id='word_1_442' title='bbox 940 1093 1018 1132; x_wconf 87' lang='lat' dir='ltr'>App.</span> <span class='ocrx_word' id='word_1_443' title='bbox 1030 1092 1119 1123; x_wconf 89' lang='lat' dir='ltr'>Clau-</span> 
     </span>
     <span class='ocr_line' id='line_1_76' title="bbox 161 1130 1118 1174; baseline 0.002 -13"><span class='ocrx_word' id='word_1_444' title='bbox 161 1130 247 1161; x_wconf 88' lang='lat' dir='ltr'>dium</span> <span class='ocrx_word' id='word_1_445' title='bbox 263 1151 271 1164; x_wconf 85' lang='lat'><em>,</em></span> <span class='ocrx_word' id='word_1_446' title='bbox 292 1131 343 1162; x_wconf 89' lang='lat' dir='ltr'>illa</span> <span class='ocrx_word' id='word_1_447' title='bbox 351 1132 537 1162; x_wconf 88' lang='lat' dir='ltr'>humanitate</span> <span class='ocrx_word' id='word_1_448' title='bbox 547 1152 555 1166; x_wconf 88' lang='lat'>,</span> <span class='ocrx_word' id='word_1_449' title='bbox 569 1132 602 1162; x_wconf 74' lang='grc' dir='ltr'>δε</span> <span class='ocrx_word' id='word_1_450' title='bbox 612 1132 750 1172; x_wconf 78' lang='lat' dir='ltr'>sapientia</span> <span class='ocrx_word' id='word_1_451' title='bbox 759 1132 918 1172; x_wconf 70' lang='lat' dir='ltr'>praeditum</span> <span class='ocrx_word' id='word_1_452' title='bbox 933 1153 942 1166; x_wconf 88' lang='lat'>‚</span> <span class='ocrx_word' id='word_1_453' title='bbox 956 1143 1008 1173; x_wconf 90' lang='lat' dir='ltr'>per</span> <span class='ocrx_word' id='word_1_454' title='bbox 1016 1134 1044 1163; x_wconf 88' lang='lat' dir='ltr'>se</span> <span class='ocrx_word' id='word_1_455' title='bbox 1057 1135 1118 1174; x_wconf 84' lang='lat' dir='ltr'>ipsa</span> 
     </span>
     <span class='ocr_line' id='line_1_77' title="bbox 161 1171 1117 1214; baseline 0.004 -12"><span class='ocrx_word' id='word_1_456' title='bbox 161 1171 305 1202; x_wconf 80' lang='lat' dir='ltr'>moviss&#39;et</span> <span class='ocrx_word' id='word_1_457' title='bbox 316 1193 324 1206; x_wconf 89' lang='lat'>‚</span> <span class='ocrx_word' id='word_1_458' title='bbox 344 1172 399 1203; x_wconf 80' lang='lat' dir='ltr'>nisl</span> <span class='ocrx_word' id='word_1_459' title='bbox 421 1174 502 1204; x_wconf 91' lang='lat' dir='ltr'>hunc</span> <span class='ocrx_word' id='word_1_460' title='bbox 521 1173 638 1204; x_wconf 87' lang='lat' dir='ltr'>Claudii</span> <span class='ocrx_word' id='word_1_461' title='bbox 655 1173 751 1204; x_wconf 84' lang='lat' dir='ltr'>fratris</span> <span class='ocrx_word' id='word_1_462' title='bbox 761 1175 1043 1214; x_wconf 87' lang='lat' dir='ltr'>suicompetitorem</span> <span class='ocrx_word' id='word_1_463' title='bbox 1053 1175 1117 1206; x_wconf 85' lang='lat' dir='ltr'>fore</span> 
     </span>
     <span class='ocr_line' id='line_1_78' title="bbox 158 1213 1113 1256; baseline 0.004 -12"><span class='ocrx_word' id='word_1_464' title='bbox 158 1213 286 1254; x_wconf 72' lang='lat' dir='ltr'>putasset</span> <span class='ocrx_word' id='word_1_465' title='bbox 296 1234 304 1248; x_wconf 84' lang='lat'>‚</span> <span class='ocrx_word' id='word_1_466' title='bbox 324 1217 377 1256; x_wconf 92' lang='lat' dir='ltr'>qui</span> <span class='ocrx_word' id='word_1_467' title='bbox 396 1213 454 1246; x_wconf 88' lang='lat' dir='ltr'>five</span> <span class='ocrx_word' id='word_1_468' title='bbox 465 1217 605 1255; x_wconf 88' lang='lat' dir='ltr'>patricius</span> <span class='ocrx_word' id='word_1_469' title='bbox 616 1235 626 1248; x_wconf 81' lang='lat'>‚</span> <span class='ocrx_word' id='word_1_470' title='bbox 647 1213 706 1245; x_wconf 89' lang='lat' dir='ltr'>five</span> <span class='ocrx_word' id='word_1_471' title='bbox 718 1216 853 1255; x_wconf 78' lang='lat' dir='ltr'>plebejus</span> <span class='ocrx_word' id='word_1_472' title='bbox 863 1215 935 1246; x_wconf 86' lang='lat' dir='ltr'>effet</span> <span class='ocrx_word' id='word_1_473' title='bbox 953 1217 1113 1255; x_wconf 91' lang='lat' dir='ltr'>(nondum</span> 
     </span>
     <span class='ocr_line' id='line_1_79' title="bbox 157 1255 1111 1298; baseline 0.004 -13"><span class='ocrx_word' id='word_1_474' title='bbox 157 1258 243 1286; x_wconf 85' lang='lat' dir='ltr'>enim</span> <span class='ocrx_word' id='word_1_475' title='bbox 255 1266 371 1288; x_wconf 86' lang='lat' dir='ltr'>certum</span> <span class='ocrx_word' id='word_1_476' title='bbox 380 1256 579 1288; x_wconf 81' lang='lat' dir='ltr'>constitutum</span> <span class='ocrx_word' id='word_1_477' title='bbox 590 1258 659 1298; x_wconf 80' lang='lat' dir='ltr'>erat)</span> <span class='ocrx_word' id='word_1_478' title='bbox 669 1267 740 1288; x_wconf 90' lang='lat' dir='ltr'>cum</span> <span class='ocrx_word' id='word_1_479' title='bbox 750 1257 806 1288; x_wconf 91' lang='lat' dir='ltr'>illo</span> <span class='ocrx_word' id='word_1_480' title='bbox 817 1255 870 1288; x_wconf 85' lang='lat' dir='ltr'>fibi</span> <span class='ocrx_word' id='word_1_481' title='bbox 880 1260 1111 1289; x_wconf 87' lang='lat' dir='ltr'>contentionem</span> 
     </span>
     <span class='ocr_line' id='line_1_80' title="bbox 157 1297 366 1337; baseline 0.005 -9"><span class='ocrx_word' id='word_1_482' title='bbox 157 1297 224 1328; x_wconf 81' lang='lat' dir='ltr'>fore</span> <span class='ocrx_word' id='word_1_483' title='bbox 237 1298 366 1337; x_wconf 78' lang='lat' dir='ltr'>putabat.</span> 
     </span>
    </p>

    <p class='ocr_par' dir='ltr' id='par_1_31' title="bbox 157 1339 1114 1414">
     <span class='ocr_line' id='line_1_81' title="bbox 200 1339 1114 1382; baseline 0.005 -13"><span class='ocrx_word' id='word_1_484' title='bbox 200 1339 479 1382; x_wconf 73' lang='lat' dir='ltr'>Isin.l1‘b.19.c.3.]</span> <span class='ocrx_word' id='word_1_485' title='bbox 499 1343 599 1381; x_wconf 85' lang='lat' dir='ltr'>Qem</span> <span class='ocrx_word' id='word_1_486' title='bbox 609 1351 736 1382; x_wconf 88' lang='lat' dir='ltr'>purpura</span> <span class='ocrx_word' id='word_1_487' title='bbox 743 1342 849 1382; x_wconf 86' lang='lat' dir='ltr'>regalis</span> <span class='ocrx_word' id='word_1_488' title='bbox 857 1351 922 1372; x_wconf 85' lang='lat' dir='ltr'>non</span> <span class='ocrx_word' id='word_1_489' title='bbox 931 1344 1114 1378; x_wconf 90' lang='lat' dir='ltr'>commovit,</span> 
     </span>
     <span class='ocr_line' id='line_1_82' title="bbox 157 1381 711 1414; baseline 0.002 -3"><span class='ocrx_word' id='word_1_490' title='bbox 157 1391 229 1412; x_wconf 86' lang='lat' dir='ltr'>eum</span> <span class='ocrx_word' id='word_1_491' title='bbox 239 1381 398 1413; x_wconf 87' lang='lat' dir='ltr'>Sardorum</span> <span class='ocrx_word' id='word_1_492' title='bbox 412 1382 557 1413; x_wconf 83' lang='lat' dir='ltr'>mastruca</span> <span class='ocrx_word' id='word_1_493' title='bbox 565 1384 690 1414; x_wconf 80' lang='lat' dir='ltr'>tentavit</span> <span class='ocrx_word' id='word_1_494' title='bbox 701 1386 711 1412; x_wconf 88' lang='lat'>?</span> 
     </span>
    </p>

    <p class='ocr_par' dir='ltr' id='par_1_32' title="bbox 158 1424 1114 1497">
     <span class='ocr_line' id='line_1_83' title="bbox 201 1424 1114 1464; baseline 0.008 -12"><span class='ocrx_word' id='word_1_495' title='bbox 201 1424 402 1464; x_wconf 69' lang='lat' dir='ltr'>MARCELL]</span> <span class='ocrx_word' id='word_1_496' title='bbox 423 1427 486 1453; x_wconf 88' lang='lat' dir='ltr'>Vos</span> <span class='ocrx_word' id='word_1_497' title='bbox 496 1434 615 1464; x_wconf 89' lang='lat' dir='ltr'>quoque</span> <span class='ocrx_word' id='word_1_498' title='bbox 626 1425 663 1454; x_wconf 91' lang='lat' dir='ltr'>de</span> <span class='ocrx_word' id='word_1_499' title='bbox 672 1424 789 1456; x_wconf 86' lang='lat' dir='ltr'>familia</span> <span class='ocrx_word' id='word_1_500' title='bbox 798 1425 897 1457; x_wconf 86' lang='lat' dir='ltr'>nobili</span> <span class='ocrx_word' id='word_1_501' title='bbox 905 1436 976 1458; x_wconf 90' lang='lat' dir='ltr'>cum</span> <span class='ocrx_word' id='word_1_502' title='bbox 985 1426 1114 1458; x_wconf 60' lang='lat' dir='ltr'>anaori-</span> 
     </span>
     <span class='ocr_line' id='line_1_84' title="bbox 158 1465 714 1497; baseline -0.004 0"><span class='ocrx_word' id='word_1_503' title='bbox 158 1472 217 1497; x_wconf 72' lang='lat' dir='ltr'>tate</span> <span class='ocrx_word' id='word_1_504' title='bbox 228 1465 309 1496; x_wconf 90' lang='lat' dir='ltr'>orbis</span> <span class='ocrx_word' id='word_1_505' title='bbox 321 1474 463 1496; x_wconf 87' lang='lat' dir='ltr'>terrarum</span> <span class='ocrx_word' id='word_1_506' title='bbox 473 1465 581 1494; x_wconf 87' lang='lat' dir='ltr'>sentire</span> <span class='ocrx_word' id='word_1_507' title='bbox 589 1465 714 1495; x_wconf 87' lang='lat' dir='ltr'>debetis.</span> 
     </span>
    </p>

    <p class='ocr_par' dir='ltr' id='par_1_33' title="bbox 201 1505 717 1547">
     <span class='ocr_line' id='line_1_85' title="bbox 201 1505 717 1547; baseline -0.004 -11"><span class='ocrx_word' id='word_1_508' title='bbox 201 1506 295 1547; x_wconf 71' lang='lat' dir='ltr'>Asc]</span> <span class='ocrx_word' id='word_1_509' title='bbox 316 1505 381 1546; x_wconf 59' lang='lat' dir='ltr'>pos?</span> <span class='ocrx_word' id='word_1_510' title='bbox 387 1506 458 1535; x_wconf 78' lang='lat' dir='ltr'>duas</span> <span class='ocrx_word' id='word_1_511' title='bbox 465 1506 567 1547; x_wconf 69' lang='lat' dir='ltr'>parteis</span> <span class='ocrx_word' id='word_1_512' title='bbox 578 1508 717 1536; x_wconf 74' lang='lat' dir='ltr'>orationis.</span> 
     </span>
    </p>

    <p class='ocr_par' dir='ltr' id='par_1_34' title="bbox 154 1547 1113 1713">
     <span class='ocr_line' id='line_1_86' title="bbox 200 1547 1112 1590; baseline 0.005 -13"><span class='ocrx_word' id='word_1_513' title='bbox 200 1550 282 1577; x_wconf 87' lang='lat' dir='ltr'>Nam</span> <span class='ocrx_word' id='word_1_514' title='bbox 301 1547 372 1578; x_wconf 78' lang='lat' dir='ltr'>cum</span> <span class='ocrx_word' id='word_1_515' title='bbox 384 1557 421 1577; x_wconf 90' lang='lat' dir='ltr'>ex</span> <span class='ocrx_word' id='word_1_516' title='bbox 432 1547 537 1578; x_wconf 88' lang='lat' dir='ltr'>multis</span> <span class='ocrx_word' id='word_1_517' title='bbox 547 1557 625 1578; x_wconf 89' lang='lat' dir='ltr'>unus</span> <span class='ocrx_word' id='word_1_518' title='bbox 635 1550 662 1578; x_wconf 86' lang='lat' dir='ltr'>ci</span> <span class='ocrx_word' id='word_1_519' title='bbox 676 1547 795 1579; x_wconf 87' lang='lat' dir='ltr'>restaret</span> <span class='ocrx_word' id='word_1_520' title='bbox 807 1549 964 1580; x_wconf 88' lang='lat' dir='ltr'>Dolabella</span> <span class='ocrx_word' id='word_1_521' title='bbox 973 1559 1112 1590; x_wconf 86' lang='lat' dir='ltr'>paternus</span> 
     </span>
     <span class='ocr_line' id='line_1_87' title="bbox 156 1590 1113 1631; baseline 0.004 -12"><span class='ocrx_word' id='word_1_522' title='bbox 156 1590 304 1620; x_wconf 86' lang='lat' dir='ltr'>inimicus</span> <span class='ocrx_word' id='word_1_523' title='bbox 314 1609 323 1624; x_wconf 90' lang='lat'>‚</span> <span class='ocrx_word' id='word_1_524' title='bbox 342 1591 398 1631; x_wconf 87' lang='lat' dir='ltr'>qui·</span> <span class='ocrx_word' id='word_1_525' title='bbox 413 1600 484 1621; x_wconf 90' lang='lat' dir='ltr'>cum</span> <span class='ocrx_word' id='word_1_526' title='bbox 499 1591 708 1630; x_wconf 73' lang='lat' dir='ltr'>QCaepione‚</span> <span class='ocrx_word' id='word_1_527' title='bbox 727 1593 899 1631; x_wconf 86' lang='lat' dir='ltr'>propinquo</span> <span class='ocrx_word' id='word_1_528' title='bbox 909 1592 962 1621; x_wconf 93' lang='lat' dir='ltr'>suo</span> <span class='ocrx_word' id='word_1_529' title='bbox 973 1612 981 1625; x_wconf 91' lang='lat'>,</span> <span class='ocrx_word' id='word_1_530' title='bbox 1009 1602 1113 1624; x_wconf 90' lang='lat' dir='ltr'>contra</span> 
     </span>
     <span class='ocr_line' id='line_1_88' title="bbox 155 1631 1112 1671; baseline 0.003 -9"><span class='ocrx_word' id='word_1_531' title='bbox 155 1634 299 1663; x_wconf 86' lang='lat' dir='ltr'>Scaurum</span> <span class='ocrx_word' id='word_1_532' title='bbox 310 1650 318 1665; x_wconf 83' lang='lat'>‚</span> <span class='ocrx_word' id='word_1_533' title='bbox 331 1640 446 1671; x_wconf 83' lang='lat' dir='ltr'>patrem</span> <span class='ocrx_word' id='word_1_534' title='bbox 458 1632 546 1662; x_wconf 87' lang='lat' dir='ltr'>suurn</span> <span class='ocrx_word' id='word_1_535' title='bbox 558 1651 568 1664; x_wconf 78' lang='lat'>‚</span> <span class='ocrx_word' id='word_1_536' title='bbox 577 1631 782 1671; x_wconf 74' lang='lat' dir='ltr'>obsignaverat</span> <span class='ocrx_word' id='word_1_537' title='bbox 791 1631 920 1667; x_wconf 83' lang='lat' dir='ltr'>stateras,</span> <span class='ocrx_word' id='word_1_538' title='bbox 929 1643 977 1663; x_wconf 90' lang='lat' dir='ltr'>eas</span> <span class='ocrx_word' id='word_1_539' title='bbox 988 1632 1112 1665; x_wconf 72' lang='lat' dir='ltr'>fibiini—</span> 
     </span>
     <span class='ocr_line' id='line_1_89' title="bbox 154 1672 713 1713; baseline -0.004 -9"><span class='ocrx_word' id='word_1_540' title='bbox 154 1674 288 1704; x_wconf 89' lang='lat' dir='ltr'>micitias</span> <span class='ocrx_word' id='word_1_541' title='bbox 299 1683 363 1703; x_wconf 91' lang='lat' dir='ltr'>non</span> <span class='ocrx_word' id='word_1_542' title='bbox 374 1673 518 1713; x_wconf 79' lang='lat' dir='ltr'>susceptas</span> <span class='ocrx_word' id='word_1_543' title='bbox 528 1672 713 1706; x_wconf 69' lang='lat' dir='ltr'>‚sed-relatas.</span> 
     </span>
    </p>

    <p class='ocr_par' dir='ltr' id='par_1_35' title="bbox 196 1714 718 1755">
     <span class='ocr_line' id='line_1_90' title="bbox 196 1714 718 1755; baseline -0.004 -10"><span class='ocrx_word' id='word_1_544' title='bbox 196 1714 290 1755; x_wconf 72' lang='lat' dir='ltr'>Asc]</span> <span class='ocrx_word' id='word_1_545' title='bbox 301 1714 366 1754; x_wconf 87' lang='lat' dir='ltr'>post</span> <span class='ocrx_word' id='word_1_546' title='bbox 378 1717 447 1745; x_wconf 90' lang='lat' dir='ltr'>treis</span> <span class='ocrx_word' id='word_1_547' title='bbox 456 1723 550 1755; x_wconf 87' lang='lat' dir='ltr'>partes</span> <span class='ocrx_word' id='word_1_548' title='bbox 561 1715 718 1744; x_wconf 86' lang='lat' dir='ltr'>orationis.</span> 
     </span>
    </p>

    <p class='ocr_par' dir='ltr' id='par_1_36' title="bbox 154 1755 1112 1837">
     <span class='ocr_line' id='line_1_91' title="bbox 196 1755 1112 1799; baseline 0.003 -12"><span class='ocrx_word' id='word_1_549' title='bbox 196 1757 360 1787; x_wconf 78' lang='lat' dir='ltr'>Praesertim</span> <span class='ocrx_word' id='word_1_550' title='bbox 371 1766 441 1787; x_wconf 89' lang='lat' dir='ltr'>cum</span> <span class='ocrx_word' id='word_1_551' title='bbox 451 1757 659 1797; x_wconf 89' lang='lat' dir='ltr'>propinquitas</span> <span class='ocrx_word' id='word_1_552' title='bbox 671 1776 680 1790; x_wconf 84' lang='lat'>,</span> <span class='ocrx_word' id='word_1_553' title='bbox 692 1755 724 1787; x_wconf 88' lang='lat'>&amp;</span> <span class='ocrx_word' id='word_1_554' title='bbox 734 1755 888 1788; x_wconf 88' lang='lat' dir='ltr'>celebritas</span> <span class='ocrx_word' id='word_1_555' title='bbox 899 1756 959 1788; x_wconf 90' lang='lat' dir='ltr'>loci</span> <span class='ocrx_word' id='word_1_556' title='bbox 970 1758 1112 1799; x_wconf 85' lang='lat' dir='ltr'>suspicio—</span> 
     </span>
     <span class='ocr_line' id='line_1_92' title="bbox 154 1797 712 1837; baseline -0.004 -8"><span class='ocrx_word' id='word_1_557' title='bbox 154 1808 228 1830; x_wconf 87' lang='lat' dir='ltr'>nem</span> <span class='ocrx_word' id='word_1_558' title='bbox 237 1797 355 1828; x_wconf 86' lang='lat' dir='ltr'>defidiae</span> <span class='ocrx_word' id='word_1_559' title='bbox 366 1799 460 1831; x_wconf 88' lang='lat' dir='ltr'>tollat,</span> <span class='ocrx_word' id='word_1_560' title='bbox 472 1807 520 1828; x_wconf 89' lang='lat' dir='ltr'>aut</span> <span class='ocrx_word' id='word_1_561' title='bbox 530 1797 712 1837; x_wconf 84' lang='lat' dir='ltr'>cupiditatis.</span> 
     </span>
    </p>

    <p class='ocr_par' dir='ltr' id='par_1_37' title="bbox 152 1838 1111 1922">
     <span class='ocr_line' id='line_1_93' title="bbox 197 1838 1111 1882; baseline 0.002 -11"><span class='ocrx_word' id='word_1_562' title='bbox 197 1840 294 1881; x_wconf 71' lang='lat' dir='ltr'>Aso]</span> <span class='ocrx_word' id='word_1_563' title='bbox 307 1843 370 1882; x_wconf 89' lang='lat' dir='ltr'>Ego</span> <span class='ocrx_word' id='word_1_564' title='bbox 378 1838 471 1881; x_wconf 73' lang='lat' dir='ltr'>porro</span> <span class='ocrx_word' id='word_1_565' title='bbox 481 1859 490 1874; x_wconf 90' lang='lat'>‚</span> <span class='ocrx_word' id='word_1_566' title='bbox 500 1842 552 1882; x_wconf 89' lang='lat' dir='ltr'>qui</span> <span class='ocrx_word' id='word_1_567' title='bbox 566 1839 694 1871; x_wconf 87' lang='lat' dir='ltr'>Albanas</span> <span class='ocrx_word' id='word_1_568' title='bbox 705 1840 801 1871; x_wconf 90' lang='lat' dir='ltr'>habeo</span> <span class='ocrx_word' id='word_1_569' title='bbox 809 1841 979 1876; x_wconf 89' lang='lat' dir='ltr'>columnas,</span> <span class='ocrx_word' id='word_1_570' title='bbox 990 1842 1111 1873; x_wconf 88' lang='lat' dir='ltr'>clitellis</span> 
     </span>
     <span class='ocr_line' id='line_1_94' title="bbox 152 1883 374 1922; baseline -0.014 -8"><span class='ocrx_word' id='word_1_571' title='bbox 152 1892 201 1914; x_wconf 86' lang='lat' dir='ltr'>eas</span> <span class='ocrx_word' id='word_1_572' title='bbox 211 1883 374 1922; x_wconf 88' lang='lat' dir='ltr'>apportavi.</span> 
     </span>
    </p>

    <p class='ocr_par' dir='ltr' id='par_1_38' title="bbox 151 1922 1109 2123">
     <span class='ocr_line' id='line_1_95' title="bbox 197 1922 1109 1966; baseline 0.003 -12"><span class='ocrx_word' id='word_1_573' title='bbox 197 1922 418 1963; x_wconf 56' lang='lat' dir='ltr'>Qurwrdibs.</span> <span class='ocrx_word' id='word_1_574' title='bbox 430 1924 559 1966; x_wconf 83' lang='lat' dir='ltr'>cap.13.]</span> <span class='ocrx_word' id='word_1_575' title='bbox 584 1927 708 1955; x_wconf 88' lang='lat' dir='ltr'>Domus</span> <span class='ocrx_word' id='word_1_576' title='bbox 724 1924 778 1955; x_wconf 84' lang='lat' dir='ltr'>tibi</span> <span class='ocrx_word' id='word_1_577' title='bbox 798 1924 917 1956; x_wconf 87' lang='lat' dir='ltr'>deerat?</span> <span class='ocrx_word' id='word_1_578' title='bbox 933 1934 962 1956; x_wconf 89' lang='lat' dir='ltr'>at</span> <span class='ocrx_word' id='word_1_579' title='bbox 971 1926 1109 1957; x_wconf 65' lang='lat' dir='ltr'>habebas.</span> 
     </span>
     <span class='ocr_line' id='line_1_96' title="bbox 151 1966 1109 2007; baseline 0.003 -11"><span class='ocrx_word' id='word_1_580' title='bbox 151 1967 278 2007; x_wconf 85' lang='lat' dir='ltr'>pecunia</span> <span class='ocrx_word' id='word_1_581' title='bbox 297 1966 449 2006; x_wconf 88' lang='lat' dir='ltr'>superabat</span> <span class='ocrx_word' id='word_1_582' title='bbox 461 1970 471 1996; x_wconf 86' lang='lat'>?</span> <span class='ocrx_word' id='word_1_583' title='bbox 494 1976 522 1998; x_wconf 91' lang='lat' dir='ltr'>at</span> <span class='ocrx_word' id='word_1_584' title='bbox 538 1967 653 2007; x_wconf 86' lang='lat' dir='ltr'>egebas.</span> <span class='ocrx_word' id='word_1_585' title='bbox 672 1967 824 1998; x_wconf 86' lang='lat' dir='ltr'>Incurristi</span> <span class='ocrx_word' id='word_1_586' title='bbox 835 1977 939 1998; x_wconf 85' lang='lat' dir='ltr'>amens</span> <span class='ocrx_word' id='word_1_587' title='bbox 948 1970 980 1998; x_wconf 90' lang='lat' dir='ltr'>in</span> <span class='ocrx_word' id='word_1_588' title='bbox 991 1969 1109 1999; x_wconf 90' lang='lat' dir='ltr'>colum—</span> 
     </span>
     <span class='ocr_line' id='line_1_97' title="bbox 153 2007 1108 2049; baseline 0.002 -10"><span class='ocrx_word' id='word_1_589' title='bbox 153 2018 208 2039; x_wconf 87' lang='lat' dir='ltr'>nas</span> <span class='ocrx_word' id='word_1_590' title='bbox 220 2028 228 2042; x_wconf 92' lang='lat'>,</span> <span class='ocrx_word' id='word_1_591' title='bbox 249 2010 282 2039; x_wconf 87' lang='lat' dir='ltr'>in</span> <span class='ocrx_word' id='word_1_592' title='bbox 292 2008 407 2039; x_wconf 84' lang='lat' dir='ltr'>alienos</span> <span class='ocrx_word' id='word_1_593' title='bbox 419 2008 538 2038; x_wconf 88' lang='lat' dir='ltr'>insanus</span> <span class='ocrx_word' id='word_1_594' title='bbox 549 2007 694 2039; x_wconf 73' lang='lat' dir='ltr'>insanisti.</span> <span class='ocrx_word' id='word_1_595' title='bbox 715 2008 878 2048; x_wconf 64' lang='lat' dir='ltr'>depressam</span> <span class='ocrx_word' id='word_1_596' title='bbox 893 2029 902 2043; x_wconf 91' lang='lat'>‚</span> <span class='ocrx_word' id='word_1_597' title='bbox 922 2019 1030 2041; x_wconf 85' lang='lat' dir='ltr'>caecarn</span> <span class='ocrx_word' id='word_1_598' title='bbox 1043 2030 1052 2044; x_wconf 81' lang='lat'>‚</span> <span class='ocrx_word' id='word_1_599' title='bbox 1068 2011 1108 2049; x_wconf 81' lang='lat' dir='ltr'>ja—</span> 
     </span>
     <span class='ocr_line' id='line_1_98' title="bbox 153 2050 1109 2093; baseline 0.003 -13"><span class='ocrx_word' id='word_1_600' title='bbox 153 2060 274 2080; x_wconf 87' lang='lat' dir='ltr'>centem</span> <span class='ocrx_word' id='word_1_601' title='bbox 291 2050 421 2081; x_wconf 72' lang='lat' dir='ltr'>domum</span> <span class='ocrx_word' id='word_1_602' title='bbox 440 2050 534 2091; x_wconf 87' lang='lat' dir='ltr'>pluris</span> <span class='ocrx_word' id='word_1_603' title='bbox 556 2071 567 2084; x_wconf 92' lang='lat'><em>,</em></span> <span class='ocrx_word' id='word_1_604' title='bbox 591 2050 685 2093; x_wconf 78' lang='lat' dir='ltr'>quarn</span> <span class='ocrx_word' id='word_1_605' title='bbox 703 2059 732 2080; x_wconf 89' lang='lat' dir='ltr'>te</span> <span class='ocrx_word' id='word_1_606' title='bbox 755 2070 764 2084; x_wconf 86' lang='lat'><strong>,</strong></span> <span class='ocrx_word' id='word_1_607' title='bbox 781 2052 872 2093; x_wconf 79' lang='lat' dir='ltr'>quam</span> <span class='ocrx_word' id='word_1_608' title='bbox 891 2050 1029 2083; x_wconf 84' lang='lat' dir='ltr'>fortunas</span> <span class='ocrx_word' id='word_1_609' title='bbox 1046 2062 1109 2084; x_wconf 88' lang='lat' dir='ltr'>tuas</span> 
     </span>
     <span class='ocr_line' id='line_1_99' title="bbox 152 2091 318 2123; baseline -0.006 -1"><span class='ocrx_word' id='word_1_610' title='bbox 152 2091 318 2123; x_wconf 79' lang='lat' dir='ltr'>aestimasti.</span> 
     </span>
    </p>

    <p class='ocr_par' dir='ltr' id='par_1_39' title="bbox 195 2132 1108 2177">
     <span class='ocr_line' id='line_1_100' title="bbox 195 2132 1108 2177; baseline 0.001 -12"><span class='ocrx_word' id='word_1_611' title='bbox 195 2136 293 2165; x_wconf 70' lang='lat' dir='ltr'>Senv.</span> <span class='ocrx_word' id='word_1_612' title='bbox 311 2134 487 2176; x_wconf 80' lang='lat' dir='ltr'>1—Georgic.]</span> <span class='ocrx_word' id='word_1_613' title='bbox 510 2132 527 2148; x_wconf 72' lang='lat'>*⁸</span> <span class='ocrx_word' id='word_1_614' title='bbox 547 2134 703 2165; x_wconf 88' lang='lat' dir='ltr'>redimunt</span> <span class='ocrx_word' id='word_1_615' title='bbox 713 2135 740 2165; x_wconf 88' lang='lat' dir='ltr'>se</span> <span class='ocrx_word' id='word_1_616' title='bbox 752 2144 784 2165; x_wconf 89' lang='lat' dir='ltr'>ea</span> <span class='ocrx_word' id='word_1_617' title='bbox 792 2143 871 2175; x_wconf 84' lang='lat' dir='ltr'>parte</span> <span class='ocrx_word' id='word_1_618' title='bbox 884 2137 1027 2176; x_wconf 80' lang='lat' dir='ltr'>corporis,</span> <span class='ocrx_word' id='word_1_619' title='bbox 1038 2145 1108 2177; x_wconf 87' lang='lat' dir='ltr'>pro-</span> 
     </span>
    </p>

    <p class='ocr_par' dir='ltr' id='par_1_40' title="bbox 151 2183 923 2260">
     <span class='ocr_line' id='line_1_101' title="bbox 174 2183 664 2207; baseline -0.004 -1"><span class='ocrx_word' id='word_1_620' title='bbox 174 2183 218 2206; x_wconf 86' lang='lat' dir='ltr'>ter</span> <span class='ocrx_word' id='word_1_621' title='bbox 247 2186 315 2206; x_wconf 87' lang='lat' dir='ltr'>uam</span> <span class='ocrx_word' id='word_1_622' title='bbox 324 2185 461 2206; x_wconf 85' lang='lat' dir='ltr'>maxime</span> <span class='ocrx_word' id='word_1_623' title='bbox 473 2186 512 2206; x_wconf 83' lang='lat' dir='ltr'>ex</span> <span class='ocrx_word' id='word_1_624' title='bbox 534 2185 664 2207; x_wconf 85' lang='lat' dir='ltr'>etuntur.</span> 
     </span>
     <span class='ocr_line' id='line_1_102' title="bbox 151 2184 923 2260; baseline 0 -13"><span class='ocrx_word' id='word_1_625' title='bbox 151 2184 172 2220; x_wconf 65' lang='lat' dir='ltr'>P</span> <span class='ocrx_word' id='word_1_626' title='bbox 196 2216 213 2230; x_wconf 63' lang='lat'>³*</span> <span class='ocrx_word' id='word_1_627' title='bbox 225 2186 268 2247; x_wconf 54' lang='lat' dir='ltr'>‘gb</span> <span class='ocrx_word' id='word_1_628' title='bbox 284 2218 342 2257; x_wconf 90' lang='lat' dir='ltr'>ipsa</span> <span class='ocrx_word' id='word_1_629' title='bbox 351 2217 425 2248; x_wconf 89' lang='lat' dir='ltr'>stiva</span> <span class='ocrx_word' id='word_1_630' title='bbox 432 2185 553 2248; x_wconf 78' lang='lat' dir='ltr'>mecupm</span> <span class='ocrx_word' id='word_1_631' title='bbox 565 2218 923 2260; x_wconf 85' lang='lat' dir='ltr'>bominesloquebantur.</span> 
     </span>
    </p>

    <p class='ocr_par' dir='ltr' id='par_1_41' title="bbox 116 2259 1108 2457">
     <span class='ocr_line' id='line_1_103' title="bbox 194 2259 1106 2301; baseline 0.002 -12"><span class='ocrx_word' id='word_1_632' title='bbox 194 2259 287 2300; x_wconf 59' lang='lat' dir='ltr'>Ast-2]</span> <span class='ocrx_word' id='word_1_633' title='bbox 309 2262 382 2289; x_wconf 83' lang='lat' dir='ltr'>Haec</span> <span class='ocrx_word' id='word_1_634' title='bbox 401 2260 472 2290; x_wconf 77' lang='lat' dir='ltr'>cum</span> <span class='ocrx_word' id='word_1_635' title='bbox 492 2269 523 2290; x_wconf 92' lang='lat' dir='ltr'>tu</span> <span class='ocrx_word' id='word_1_636' title='bbox 541 2259 673 2301; x_wconf 81' lang='lat' dir='ltr'>effugere</span> <span class='ocrx_word' id='word_1_637' title='bbox 683 2271 745 2290; x_wconf 91' lang='lat' dir='ltr'>non</span> <span class='ocrx_word' id='word_1_638' title='bbox 757 2259 898 2300; x_wconf 89' lang='lat' dir='ltr'>potuisses</span> <span class='ocrx_word' id='word_1_639' title='bbox 911 2281 921 2294; x_wconf 92' lang='lat'>,</span> <span class='ocrx_word' id='word_1_640' title='bbox 943 2261 1106 2292; x_wconf 87' lang='lat' dir='ltr'>contendes</span> 
     </span>
     <span class='ocr_line' id='line_1_104' title="bbox 155 2300 1106 2344; baseline 0.002 -13"><span class='ocrx_word' id='word_1_641' title='bbox 155 2300 277 2335; x_wconf 65' lang='lat' dir='ltr'>tamen,</span> <span class='ocrx_word' id='word_1_642' title='bbox 297 2301 330 2331; x_wconf 92' lang='lat'>&amp;</span> <span class='ocrx_word' id='word_1_643' title='bbox 348 2301 532 2341; x_wconf 89' lang='lat' dir='ltr'>postulabis,</span> <span class='ocrx_word' id='word_1_644' title='bbox 553 2311 585 2332; x_wconf 93' lang='lat' dir='ltr'>ut</span> <span class='ocrx_word' id='word_1_645' title='bbox 602 2304 646 2331; x_wconf 90' lang='lat' dir='ltr'>M.</span> <span class='ocrx_word' id='word_1_646' title='bbox 667 2303 813 2332; x_wconf 84' lang='lat' dir='ltr'>AEmilius</span> <span class='ocrx_word' id='word_1_647' title='bbox 822 2312 891 2332; x_wconf 90' lang='lat' dir='ltr'>curn</span> <span class='ocrx_word' id='word_1_648' title='bbox 903 2303 951 2333; x_wconf 87' lang='lat' dir='ltr'>sua</span> <span class='ocrx_word' id='word_1_649' title='bbox 963 2303 1106 2344; x_wconf 83' lang='lat' dir='ltr'>dignitate</span> 
     </span>
     <span class='ocr_line' id='line_1_105' title="bbox 152 2343 1106 2383; baseline 0.004 -11"><span class='ocrx_word' id='word_1_650' title='bbox 152 2345 262 2376; x_wconf 87' lang='lat' dir='ltr'>omni,</span> <span class='ocrx_word' id='word_1_651' title='bbox 274 2353 342 2373; x_wconf 90' lang='lat' dir='ltr'>cum</span> <span class='ocrx_word' id='word_1_652' title='bbox 353 2345 442 2383; x_wconf 85' lang='lat' dir='ltr'>patris</span> <span class='ocrx_word' id='word_1_653' title='bbox 454 2345 604 2374; x_wconf 89' lang='lat' dir='ltr'>memoria</span> <span class='ocrx_word' id='word_1_654' title='bbox 616 2364 624 2376; x_wconf 88' lang='lat'><em>,</em></span> <span class='ocrx_word' id='word_1_655' title='bbox 644 2354 714 2374; x_wconf 88' lang='lat' dir='ltr'>cum</span> <span class='ocrx_word' id='word_1_656' title='bbox 726 2346 772 2374; x_wconf 84' lang='lat' dir='ltr'>avi</span> <span class='ocrx_word' id='word_1_657' title='bbox 786 2344 879 2383; x_wconf 88' lang='lat' dir='ltr'>gloria</span> <span class='ocrx_word' id='word_1_658' title='bbox 889 2343 1106 2378; x_wconf 81' lang='lat' dir='ltr'>sordidiffirnae,</span> 
     </span>
     <span class='ocr_line' id='line_1_106' title="bbox 152 2383 1108 2426; baseline 0.005 -13"><span class='ocrx_word' id='word_1_659' title='bbox 152 2383 320 2418; x_wconf 82' lang='lat' dir='ltr'>leviffimae,</span> <span class='ocrx_word' id='word_1_660' title='bbox 330 2383 493 2416; x_wconf 85' lang='lat' dir='ltr'>vaniffimae</span> <span class='ocrx_word' id='word_1_661' title='bbox 501 2388 596 2426; x_wconf 79' lang='lat' dir='ltr'>genti,</span> <span class='ocrx_word' id='word_1_662' title='bbox 607 2395 639 2416; x_wconf 89' lang='lat' dir='ltr'>ac</span> <span class='ocrx_word' id='word_1_663' title='bbox 650 2395 741 2426; x_wconf 86' lang='lat' dir='ltr'>prope</span> <span class='ocrx_word' id='word_1_664' title='bbox 753 2385 850 2416; x_wconf 87' lang='lat' dir='ltr'>dicam</span> <span class='ocrx_word' id='word_1_665' title='bbox 859 2387 972 2426; x_wconf 77' lang='lat' dir='ltr'>pellitis</span> <span class='ocrx_word' id='word_1_666' title='bbox 983 2385 1108 2418; x_wconf 81' lang='lat' dir='ltr'>testibus</span> 
     </span>
     <span class='ocr_line' id='line_1_107' title="bbox 116 2426 363 2457; baseline -0.004 0"><span class='ocrx_word' id='word_1_667' title='bbox 116 2432 125 2438; x_wconf 86' lang='grc'>”</span> <span class='ocrx_word' id='word_1_668' title='bbox 149 2426 363 2457; x_wconf 85' lang='lat' dir='ltr'>condonetur?</span> 
     </span>
    </p>
   </div>
   <div class='ocr_carea' id='block_1_7' title="bbox 1697 2047 2064 2093">
    <p class='ocr_par' dir='ltr' id='par_1_42' title="bbox 1697 2047 2064 2093">
     <span class='ocr_line' id='line_1_108' title="bbox 1697 2047 2064 2093; baseline -0.003 -13"><span class='ocrx_word' id='word_1_669' title='bbox 1697 2049 1714 2064; x_wconf 63' lang='lat'>³⁸</span> <span class='ocrx_word' id='word_1_670' title='bbox 1737 2051 1810 2080; x_wconf 80' lang='lat' dir='ltr'>circa</span> <span class='ocrx_word' id='word_1_671' title='bbox 1818 2051 1930 2091; x_wconf 82' lang='lat' dir='ltr'>versum</span> <span class='ocrx_word' id='word_1_672' title='bbox 1940 2047 2064 2093; x_wconf 50' lang='lat' dir='ltr'>aprima.</span> 
     </span>
    </p>
   </div>
   <div class='ocr_carea' id='block_1_8' title="bbox 1143 2089 2109 2917">
    <p class='ocr_par' dir='ltr' id='par_1_43' title="bbox 1149 2089 2109 2245">
     <span class='ocr_line' id='line_1_109' title="bbox 1193 2089 2109 2133; baseline 0.001 -12"><span class='ocrx_word' id='word_1_673' title='bbox 1193 2090 1331 2132; x_wconf 71' lang='lat' dir='ltr'>AscoN]</span> <span class='ocrx_word' id='word_1_674' title='bbox 1354 2089 1371 2105; x_wconf 65' lang='lat'>³*</span> <span class='ocrx_word' id='word_1_675' title='bbox 1391 2092 1474 2133; x_wconf 88' lang='lat' dir='ltr'>quod</span> <span class='ocrx_word' id='word_1_676' title='bbox 1493 2093 1660 2124; x_wconf 84' lang='lat' dir='ltr'>minimum</span> <span class='ocrx_word' id='word_1_677' title='bbox 1670 2094 1702 2123; x_wconf 91' lang='lat' dir='ltr'>in</span> <span class='ocrx_word' id='word_1_678' title='bbox 1713 2101 1740 2123; x_wconf 87' lang='lat' dir='ltr'>te</span> <span class='ocrx_word' id='word_1_679' title='bbox 1751 2093 1903 2133; x_wconf 89' lang='lat' dir='ltr'>specimen</span> <span class='ocrx_word' id='word_1_680' title='bbox 1914 2095 2109 2133; x_wconf 84' lang='lat' dir='ltr'>ingeniizin-</span> 
     </span>
     <span class='ocr_line' id='line_1_110' title="bbox 1149 2133 2109 2176; baseline 0.004 -16"><span class='ocrx_word' id='word_1_681' title='bbox 1149 2133 1230 2171; x_wconf 80' lang='lat' dir='ltr'>genii</span> <span class='ocrx_word' id='word_1_682' title='bbox 1254 2141 1352 2163; x_wconf 90' lang='lat' dir='ltr'>autern</span> <span class='ocrx_word' id='word_1_683' title='bbox 1368 2136 1378 2162; x_wconf 87' lang='lat'>?</span> <span class='ocrx_word' id='word_1_684' title='bbox 1397 2136 1497 2164; x_wconf 89' lang='lat' dir='ltr'>immo</span> <span class='ocrx_word' id='word_1_685' title='bbox 1516 2136 1806 2176; x_wconf 85' lang='lat' dir='ltr'>ingenuihominis‚</span> <span class='ocrx_word' id='word_1_686' title='bbox 1825 2134 1972 2168; x_wconf 86' lang='lat' dir='ltr'>acliberi,</span> <span class='ocrx_word' id='word_1_687' title='bbox 1991 2137 2109 2175; x_wconf 87' lang='lat' dir='ltr'>quico-</span> 
     </span>
     <span class='ocr_line' id='line_1_111' title="bbox 1150 2174 2107 2217; baseline 0.004 -15"><span class='ocrx_word' id='word_1_688' title='bbox 1150 2174 1213 2203; x_wconf 91' lang='lat' dir='ltr'>lore</span> <span class='ocrx_word' id='word_1_689' title='bbox 1234 2174 1298 2213; x_wconf 84' lang='lat' dir='ltr'>ipso</span> <span class='ocrx_word' id='word_1_690' title='bbox 1315 2177 1440 2215; x_wconf 87' lang='lat' dir='ltr'>patriam</span> <span class='ocrx_word' id='word_1_691' title='bbox 1457 2176 1617 2216; x_wconf 80' lang='lat' dir='ltr'>aspernaris</span> <span class='ocrx_word' id='word_1_692' title='bbox 1636 2196 1645 2211; x_wconf 89' lang='lat'>,</span> <span class='ocrx_word' id='word_1_693' title='bbox 1672 2178 1808 2207; x_wconf 76' lang='lat' dir='ltr'>oratione</span> <span class='ocrx_word' id='word_1_694' title='bbox 1825 2185 1919 2217; x_wconf 83' lang='lat' dir='ltr'>genus</span> <span class='ocrx_word' id='word_1_695' title='bbox 1939 2195 1948 2210; x_wconf 90' lang='lat'><strong>,</strong></span> <span class='ocrx_word' id='word_1_696' title='bbox 1969 2176 2107 2207; x_wconf 85' lang='lat' dir='ltr'>moribus</span> 
     </span>
     <span class='ocr_line' id='line_1_112' title="bbox 1151 2218 1289 2245; baseline -0.007 0"><span class='ocrx_word' id='word_1_697' title='bbox 1151 2225 1266 2245; x_wconf 89' lang='lat' dir='ltr'>nomen</span> <span class='ocrx_word' id='word_1_698' title='bbox 1279 2218 1289 2244; x_wconf 88' lang='lat'>?</span> 
     </span>
    </p>

    <p class='ocr_par' dir='ltr' id='par_1_44' title="bbox 1191 2255 1753 2302">
     <span class='ocr_line' id='line_1_113' title="bbox 1191 2255 1753 2302; baseline 0.005 -15"><span class='ocrx_word' id='word_1_699' title='bbox 1191 2261 1231 2287; x_wconf 89' lang='lat' dir='ltr'>As</span> <span class='ocrx_word' id='word_1_700' title='bbox 1237 2256 1286 2298; x_wconf 83' lang='lat' dir='ltr'>c.]</span> <span class='ocrx_word' id='word_1_701' title='bbox 1297 2260 1370 2288; x_wconf 81' lang='lat' dir='ltr'>circa</span> <span class='ocrx_word' id='word_1_702' title='bbox 1380 2260 1491 2299; x_wconf 64' lang='lat' dir='ltr'>‘ver-fiam</span> <span class='ocrx_word' id='word_1_703' title='bbox 1500 2255 1517 2289; x_wconf 62' lang='grc' dir='ltr'><em>ἃ</em></span> <span class='ocrx_word' id='word_1_704' title='bbox 1523 2260 1614 2302; x_wconf 83' lang='lat' dir='ltr'>primo</span> <span class='ocrx_word' id='word_1_705' title='bbox 1624 2262 1753 2290; x_wconf 76' lang='lat' dir='ltr'>LXXX.</span> 
     </span>
    </p>

    <p class='ocr_par' dir='ltr' id='par_1_45' title="bbox 1143 2301 2106 2465">
     <span class='ocr_line' id='line_1_114' title="bbox 1143 2301 2105 2348; baseline 0.002 -18"><span class='ocrx_word' id='word_1_706' title='bbox 1143 2333 1149 2348; x_wconf 47' lang='grc' dir='ltr'><em>Ι</em></span> <span class='ocrx_word' id='word_1_707' title='bbox 1192 2302 1260 2330; x_wconf 92' lang='lat' dir='ltr'>Hoc</span> <span class='ocrx_word' id='word_1_708' title='bbox 1278 2309 1340 2331; x_wconf 91' lang='lat' dir='ltr'>non</span> <span class='ocrx_word' id='word_1_709' title='bbox 1356 2302 1390 2331; x_wconf 91' lang='lat' dir='ltr'>ad</span> <span class='ocrx_word' id='word_1_710' title='bbox 1398 2303 1653 2333; x_wconf 83' lang='lat' dir='ltr'>contemnendam</span> <span class='ocrx_word' id='word_1_711' title='bbox 1666 2304 1843 2333; x_wconf 84' lang='lat' dir='ltr'>Placentiam</span> <span class='ocrx_word' id='word_1_712' title='bbox 1854 2303 2002 2342; x_wconf 83' lang='lat' dir='ltr'>pertinet,</span> <span class='ocrx_word' id='word_1_713' title='bbox 2022 2301 2105 2332; x_wconf 83' lang='lat' dir='ltr'>unde</span> 
     </span>
     <span class='ocr_line' id='line_1_115' title="bbox 1151 2341 2105 2385; baseline 0.004 -15"><span class='ocrx_word' id='word_1_714' title='bbox 1151 2341 1179 2371; x_wconf 87' lang='lat' dir='ltr'>se</span> <span class='ocrx_word' id='word_1_715' title='bbox 1195 2344 1219 2371; x_wconf 87' lang='lat' dir='ltr'>is</span> <span class='ocrx_word' id='word_1_716' title='bbox 1231 2350 1331 2373; x_wconf 83' lang='lat' dir='ltr'>ortum</span> <span class='ocrx_word' id='word_1_717' title='bbox 1345 2344 1464 2384; x_wconf 86' lang='lat' dir='ltr'>gloriari</span> <span class='ocrx_word' id='word_1_718' title='bbox 1475 2344 1563 2374; x_wconf 89' lang='lat' dir='ltr'>solet:</span> <span class='ocrx_word' id='word_1_719' title='bbox 1577 2354 1674 2385; x_wconf 86' lang='lat' dir='ltr'>neque</span> <span class='ocrx_word' id='word_1_720' title='bbox 1684 2354 1766 2374; x_wconf 82' lang='lat' dir='ltr'>enim</span> <span class='ocrx_word' id='word_1_721' title='bbox 1779 2346 1841 2375; x_wconf 85' lang='lat' dir='ltr'>haec</span> <span class='ocrx_word' id='word_1_722' title='bbox 1849 2353 1916 2374; x_wconf 82' lang='lat' dir='ltr'>rnea</span> <span class='ocrx_word' id='word_1_723' title='bbox 1927 2353 2027 2374; x_wconf 85' lang='lat' dir='ltr'>natura</span> <span class='ocrx_word' id='word_1_724' title='bbox 2036 2344 2105 2377; x_wconf 78' lang='lat' dir='ltr'>fert,</span> 
     </span>
     <span class='ocr_line' id='line_1_116' title="bbox 1149 2385 2106 2427; baseline 0.004 -15"><span class='ocrx_word' id='word_1_725' title='bbox 1149 2393 1205 2413; x_wconf 87' lang='lat' dir='ltr'>nec</span> <span class='ocrx_word' id='word_1_726' title='bbox 1215 2387 1398 2426; x_wconf 84' lang='lat' dir='ltr'>municipii,</span> <span class='ocrx_word' id='word_1_727' title='bbox 1422 2385 1585 2425; x_wconf 82' lang='lat' dir='ltr'>praesertim</span> <span class='ocrx_word' id='word_1_728' title='bbox 1599 2386 1635 2416; x_wconf 91' lang='lat' dir='ltr'>de</span> <span class='ocrx_word' id='word_1_729' title='bbox 1647 2396 1697 2416; x_wconf 88' lang='lat' dir='ltr'>rne</span> <span class='ocrx_word' id='word_1_730' title='bbox 1707 2388 1822 2426; x_wconf 79' lang='lat' dir='ltr'>optime</span> <span class='ocrx_word' id='word_1_731' title='bbox 1834 2388 1935 2416; x_wconf 80' lang='lat' dir='ltr'>meriti</span> <span class='ocrx_word' id='word_1_732' title='bbox 1947 2405 1956 2420; x_wconf 90' lang='lat'>‚</span> <span class='ocrx_word' id='word_1_733' title='bbox 1976 2386 2106 2427; x_wconf 82' lang='lat' dir='ltr'>dignitas</span> 
     </span>
     <span class='ocr_line' id='line_1_117' title="bbox 1147 2434 1265 2465; baseline -0.017 -10"><span class='ocrx_word' id='word_1_734' title='bbox 1147 2434 1265 2465; x_wconf 81' lang='lat' dir='ltr'>patitur.</span> 
     </span>
    </p>

    <p class='ocr_par' dir='ltr' id='par_1_46' title="bbox 1147 2467 2105 2634">
     <span class='ocr_line' id='line_1_118' title="bbox 1190 2467 2103 2502; baseline 0.001 -5"><span class='ocrx_word' id='word_1_735' title='bbox 1190 2470 1298 2499; x_wconf 73' lang='lat' dir='ltr'>Paxsc.</span> <span class='ocrx_word' id='word_1_736' title='bbox 1340 2471 1399 2500; x_wconf 85' lang='lat' dir='ltr'>Hic</span> <span class='ocrx_word' id='word_1_737' title='bbox 1411 2479 1481 2500; x_wconf 88' lang='lat' dir='ltr'>cum</span> <span class='ocrx_word' id='word_1_738' title='bbox 1491 2469 1526 2500; x_wconf 89' lang='lat' dir='ltr'>ad</span> <span class='ocrx_word' id='word_1_739' title='bbox 1537 2469 1648 2500; x_wconf 85' lang='lat' dir='ltr'>Padurn</span> <span class='ocrx_word' id='word_1_740' title='bbox 1660 2470 1814 2500; x_wconf 80' lang='lat' dir='ltr'>Placentia:</span> <span class='ocrx_word' id='word_1_741' title='bbox 1825 2468 1902 2499; x_wconf 72' lang='lat' dir='ltr'>forte</span> <span class='ocrx_word' id='word_1_742' title='bbox 1913 2467 2103 2502; x_wconf 80' lang='lat' dir='ltr'>consedisset,</span> 
     </span>
     <span class='ocr_line' id='line_1_119' title="bbox 1147 2511 2105 2551; baseline 0.002 -13"><span class='ocrx_word' id='word_1_743' title='bbox 1147 2511 1247 2548; x_wconf 88' lang='lat' dir='ltr'>paucis</span> <span class='ocrx_word' id='word_1_744' title='bbox 1257 2521 1296 2551; x_wconf 78' lang='lat' dir='ltr'>po</span> <span class='ocrx_word' id='word_1_745' title='bbox 1334 2514 1421 2541; x_wconf 88' lang='lat' dir='ltr'>annis</span> <span class='ocrx_word' id='word_1_746' title='bbox 1432 2513 1465 2541; x_wconf 90' lang='lat' dir='ltr'>in</span> <span class='ocrx_word' id='word_1_747' title='bbox 1475 2521 1539 2541; x_wconf 89' lang='lat' dir='ltr'>eam</span> <span class='ocrx_word' id='word_1_748' title='bbox 1552 2513 1702 2542; x_wconf 85' lang='lat' dir='ltr'>civitatem</span> <span class='ocrx_word' id='word_1_749' title='bbox 1725 2512 1815 2549; x_wconf 89' lang='lat' dir='ltr'>(nam</span> <span class='ocrx_word' id='word_1_750' title='bbox 1829 2520 1893 2540; x_wconf 91' lang='lat' dir='ltr'>turn</span> <span class='ocrx_word' id='word_1_751' title='bbox 1908 2519 1967 2540; x_wconf 89' lang='lat' dir='ltr'>erat</span> <span class='ocrx_word' id='word_1_752' title='bbox 1977 2511 2105 2549; x_wconf 78' lang='lat' dir='ltr'>civitas)</span> 
     </span>
     <span class='ocr_line' id='line_1_120' title="bbox 1149 2550 2102 2592; baseline 0.002 -12"><span class='ocrx_word' id='word_1_753' title='bbox 1149 2550 1311 2583; x_wconf 87' lang='lat' dir='ltr'>adscendit.</span> <span class='ocrx_word' id='word_1_754' title='bbox 1331 2553 1415 2592; x_wconf 77' lang='lat' dir='ltr'>prius</span> <span class='ocrx_word' id='word_1_755' title='bbox 1427 2555 1508 2583; x_wconf 88' lang='lat' dir='ltr'>enim</span> <span class='ocrx_word' id='word_1_756' title='bbox 1521 2554 1625 2583; x_wconf 80' lang='lat' dir='ltr'>Gallus</span> <span class='ocrx_word' id='word_1_757' title='bbox 1640 2573 1648 2587; x_wconf 90' lang='lat'>‚</span> <span class='ocrx_word' id='word_1_758' title='bbox 1669 2554 1739 2583; x_wconf 91' lang='lat' dir='ltr'>dein</span> <span class='ocrx_word' id='word_1_759' title='bbox 1751 2553 1943 2586; x_wconf 75' lang='lat' dir='ltr'>Gallicanus,</span> <span class='ocrx_word' id='word_1_760' title='bbox 1961 2551 2102 2582; x_wconf 66' lang='lat' dir='ltr'>extremo</span> 
     </span>
     <span class='ocr_line' id='line_1_121' title="bbox 1147 2594 1714 2634; baseline 0 -12"><span class='ocrx_word' id='word_1_761' title='bbox 1147 2594 1417 2633; x_wconf 83' lang='lat' dir='ltr'>Semiplacentinus</span> <span class='ocrx_word' id='word_1_762' title='bbox 1427 2595 1527 2624; x_wconf 86' lang='lat' dir='ltr'>haberi</span> <span class='ocrx_word' id='word_1_763' title='bbox 1539 2594 1580 2625; x_wconf 86' lang='lat' dir='ltr'>est</span> <span class='ocrx_word' id='word_1_764' title='bbox 1589 2604 1714 2634; x_wconf 84' lang='lat' dir='ltr'>coeptus.</span> 
     </span>
    </p>

    <p class='ocr_par' dir='ltr' id='par_1_47' title="bbox 1193 2633 1673 2677">
     <span class='ocr_line' id='line_1_122' title="bbox 1193 2633 1673 2677; baseline 0 -12"><span class='ocrx_word' id='word_1_765' title='bbox 1193 2636 1285 2677; x_wconf 67' lang='lat' dir='ltr'>Asc]</span> <span class='ocrx_word' id='word_1_766' title='bbox 1308 2635 1324 2650; x_wconf 64' lang='lat'>³*</span> <span class='ocrx_word' id='word_1_767' title='bbox 1346 2637 1420 2665; x_wconf 67' lang='lat' dir='ltr'>circa</span> <span class='ocrx_word' id='word_1_768' title='bbox 1431 2633 1673 2677; x_wconf 65' lang='lat' dir='ltr'>verfiamizprimo.</span> 
     </span>
    </p>

    <p class='ocr_par' dir='ltr' id='par_1_48' title="bbox 1145 2677 2099 2804">
     <span class='ocr_line' id='line_1_123' title="bbox 1190 2677 2098 2719; baseline 0 -12"><span class='ocrx_word' id='word_1_769' title='bbox 1190 2679 1363 2708; x_wconf 81' lang='lat' dir='ltr'>Lautiorem</span> <span class='ocrx_word' id='word_1_770' title='bbox 1378 2687 1459 2717; x_wconf 84' lang='lat' dir='ltr'>pater</span> <span class='ocrx_word' id='word_1_771' title='bbox 1477 2688 1542 2708; x_wconf 88' lang='lat' dir='ltr'>tuus</span> <span class='ocrx_word' id='word_1_772' title='bbox 1559 2679 1693 2708; x_wconf 82' lang='lat' dir='ltr'>socerum</span> <span class='ocrx_word' id='word_1_773' title='bbox 1706 2699 1715 2713; x_wconf 87' lang='lat'><em>‚</em></span> <span class='ocrx_word' id='word_1_774' title='bbox 1733 2677 1825 2719; x_wconf 65' lang='lat' dir='ltr'>quam</span> <span class='ocrx_word' id='word_1_775' title='bbox 1845 2680 1879 2708; x_wconf 92' lang='lat' dir='ltr'>C.</span> <span class='ocrx_word' id='word_1_776' title='bbox 1901 2678 1968 2708; x_wconf 88' lang='lat' dir='ltr'>Piso</span> <span class='ocrx_word' id='word_1_777' title='bbox 1987 2680 2019 2708; x_wconf 89' lang='lat' dir='ltr'>in</span> <span class='ocrx_word' id='word_1_778' title='bbox 2039 2677 2098 2708; x_wconf 84' lang='lat' dir='ltr'>illo</span> 
     </span>
     <span class='ocr_line' id='line_1_124' title="bbox 1146 2717 2099 2761; baseline 0.002 -14"><span class='ocrx_word' id='word_1_779' title='bbox 1146 2717 1238 2749; x_wconf 65' lang='lat' dir='ltr'>luein.</span> <span class='ocrx_word' id='word_1_780' title='bbox 1257 2730 1320 2750; x_wconf 90' lang='lat' dir='ltr'>non</span> <span class='ocrx_word' id='word_1_781' title='bbox 1330 2730 1356 2749; x_wconf 85' lang='lat' dir='ltr'>ei</span> <span class='ocrx_word' id='word_1_782' title='bbox 1368 2718 1462 2750; x_wconf 85' lang='lat' dir='ltr'>filiam</span> <span class='ocrx_word' id='word_1_783' title='bbox 1474 2730 1573 2750; x_wconf 86' lang='lat' dir='ltr'>meam</span> <span class='ocrx_word' id='word_1_784' title='bbox 1585 2721 1752 2753; x_wconf 86' lang='lat' dir='ltr'>collocavi,</span> <span class='ocrx_word' id='word_1_785' title='bbox 1771 2730 1862 2760; x_wconf 83' lang='lat' dir='ltr'>quern</span> <span class='ocrx_word' id='word_1_786' title='bbox 1875 2730 1930 2761; x_wconf 86' lang='lat' dir='ltr'>ego</span> <span class='ocrx_word' id='word_1_787' title='bbox 1941 2740 1949 2753; x_wconf 71' lang='lat'><em>2</em></span> <span class='ocrx_word' id='word_1_788' title='bbox 1971 2718 2099 2760; x_wconf 74' lang='lat' dir='ltr'>potestas</span> 
     </span>
     <span class='ocr_line' id='line_1_125' title="bbox 1145 2759 2001 2804; baseline 0 -14"><span class='ocrx_word' id='word_1_789' title='bbox 1145 2759 1216 2790; x_wconf 79' lang='lat' dir='ltr'>cum</span> <span class='ocrx_word' id='word_1_790' title='bbox 1227 2764 1369 2791; x_wconf 84' lang='lat' dir='ltr'>omniurn</span> <span class='ocrx_word' id='word_1_791' title='bbox 1381 2760 1481 2792; x_wconf 69' lang='lat' dir='ltr'>fuiss&#39;et</span> <span class='ocrx_word' id='word_1_792' title='bbox 1491 2782 1499 2794; x_wconf 92' lang='lat'>‚</span> <span class='ocrx_word' id='word_1_793' title='bbox 1512 2771 1605 2791; x_wconf 89' lang='lat' dir='ltr'>unum</span> <span class='ocrx_word' id='word_1_794' title='bbox 1618 2760 1805 2801; x_wconf 80' lang='lat' dir='ltr'>potiffimurn</span> <span class='ocrx_word' id='word_1_795' title='bbox 1817 2760 2001 2804; x_wconf 71' lang='lat' dir='ltr'>delegissem.</span> 
     </span>
    </p>

    <p class='ocr_par' dir='ltr' id='par_1_49' title="bbox 1187 2803 1862 2843">
     <span class='ocr_line' id='line_1_126' title="bbox 1187 2803 1862 2843; baseline 0 -11"><span class='ocrx_word' id='word_1_796' title='bbox 1187 2803 1356 2843; x_wconf 64' lang='lat' dir='ltr'>Droman]</span> <span class='ocrx_word' id='word_1_797' title='bbox 1370 2804 1512 2833; x_wconf 76' lang='lat' dir='ltr'>Proxime</span> <span class='ocrx_word' id='word_1_798' title='bbox 1524 2805 1701 2843; x_wconf 85' lang='lat' dir='ltr'>Pompejum</span> <span class='ocrx_word' id='word_1_799' title='bbox 1713 2804 1862 2834; x_wconf 84' lang='lat' dir='ltr'>sedebam.</span> 
     </span>
    </p>

    <p class='ocr_par' dir='ltr' id='par_1_50' title="bbox 1146 2845 2103 2917">
     <span class='ocr_line' id='line_1_127' title="bbox 1188 2845 2103 2886; baseline 0.003 -13"><span class='ocrx_word' id='word_1_800' title='bbox 1188 2846 1297 2874; x_wconf 54' lang='lat' dir='ltr'>Larum.</span> <span class='ocrx_word' id='word_1_801' title='bbox 1309 2845 1390 2874; x_wconf 77' lang='lat' dir='ltr'>addit</span> <span class='ocrx_word' id='word_1_802' title='bbox 1402 2855 1434 2874; x_wconf 74' lang='lat' dir='ltr'>ex</span> <span class='ocrx_word' id='word_1_803' title='bbox 1447 2845 1583 2886; x_wconf 52' lang='lat' dir='ltr'>ogram]</span> <span class='ocrx_word' id='word_1_804' title='bbox 1604 2847 1697 2885; x_wconf 87' lang='lat' dir='ltr'>Caput</span> <span class='ocrx_word' id='word_1_805' title='bbox 1708 2847 1838 2886; x_wconf 91' lang='lat' dir='ltr'>opponis</span> <span class='ocrx_word' id='word_1_806' title='bbox 1851 2865 1860 2879; x_wconf 89' lang='lat'>,</span> <span class='ocrx_word' id='word_1_807' title='bbox 1882 2855 1953 2876; x_wconf 76' lang='lat' dir='ltr'>cum</span> <span class='ocrx_word' id='word_1_808' title='bbox 1964 2846 2103 2876; x_wconf 71' lang='lat' dir='ltr'>coconi-</span> 
     </span>
     <span class='ocr_line' id='line_1_128' title="bbox 1146 2885 1238 2917; baseline -0.022 -1"><span class='ocrx_word' id='word_1_809' title='bbox 1146 2885 1238 2917; x_wconf 90' lang='lat' dir='ltr'>scans.</span> 
     </span>
    </p>
   </div>
   <div class='ocr_carea' id='block_1_9' title="bbox 147 2465 1106 3002">
    <p class='ocr_par' dir='ltr' id='par_1_51' title="bbox 450 2465 810 2510">
     <span class='ocr_line' id='line_1_129' title="bbox 450 2465 810 2510; baseline -0.003 -12"><span class='ocrx_word' id='word_1_810' title='bbox 450 2470 531 2510; x_wconf 69' lang='lat' dir='ltr'>verfic</span> <span class='ocrx_word' id='word_1_811' title='bbox 543 2465 560 2499; x_wconf 67' lang='grc' dir='ltr'><em>ὲ</em></span> <span class='ocrx_word' id='word_1_812' title='bbox 571 2469 714 2508; x_wconf 79' lang='lat' dir='ltr'>nowffi&#39;mo</span> <span class='ocrx_word' id='word_1_813' title='bbox 726 2472 810 2500; x_wconf 81' lang='lat' dir='ltr'>CLX.</span> 
     </span>
    </p>

    <p class='ocr_par' dir='ltr' id='par_1_52' title="bbox 147 2510 1106 2789">
     <span class='ocr_line' id='line_1_130' title="bbox 195 2510 1106 2552; baseline 0.004 -13"><span class='ocrx_word' id='word_1_814' title='bbox 195 2510 288 2551; x_wconf 72' lang='lat' dir='ltr'>Asc]</span> <span class='ocrx_word' id='word_1_815' title='bbox 309 2510 453 2551; x_wconf 89' lang='lat' dir='ltr'>Undique</span> <span class='ocrx_word' id='word_1_816' title='bbox 475 2513 553 2541; x_wconf 84' lang='lat' dir='ltr'>mihi</span> <span class='ocrx_word' id='word_1_817' title='bbox 573 2511 737 2552; x_wconf 82' lang='lat' dir='ltr'>suppeditat</span> <span class='ocrx_word' id='word_1_818' title='bbox 747 2532 755 2544; x_wconf 79' lang='lat'>,</span> <span class='ocrx_word' id='word_1_819' title='bbox 775 2511 857 2552; x_wconf 86' lang='lat' dir='ltr'>quod</span> <span class='ocrx_word' id='word_1_820' title='bbox 879 2521 932 2551; x_wconf 89' lang='lat' dir='ltr'>pro</span> <span class='ocrx_word' id='word_1_821' title='bbox 944 2514 987 2543; x_wconf 85' lang='grc' dir='ltr'>Μ.</span> <span class='ocrx_word' id='word_1_822' title='bbox 999 2515 1106 2544; x_wconf 89' lang='lat' dir='ltr'>Scauro</span> 
     </span>
     <span class='ocr_line' id='line_1_131' title="bbox 150 2551 1106 2592; baseline 0.004 -11"><span class='ocrx_word' id='word_1_823' title='bbox 150 2551 248 2581; x_wconf 87' lang='lat' dir='ltr'>dicam</span> <span class='ocrx_word' id='word_1_824' title='bbox 261 2571 270 2584; x_wconf 91' lang='lat'>‚</span> <span class='ocrx_word' id='word_1_825' title='bbox 289 2561 482 2592; x_wconf 87' lang='lat' dir='ltr'>quocumque</span> <span class='ocrx_word' id='word_1_826' title='bbox 492 2563 556 2582; x_wconf 89' lang='lat' dir='ltr'>non</span> <span class='ocrx_word' id='word_1_827' title='bbox 568 2553 662 2582; x_wconf 88' lang='lat' dir='ltr'>modo</span> <span class='ocrx_word' id='word_1_828' title='bbox 674 2562 760 2582; x_wconf 88' lang='lat' dir='ltr'>mens</span> <span class='ocrx_word' id='word_1_829' title='bbox 773 2573 781 2586; x_wconf 88' lang='lat'>‚</span> <span class='ocrx_word' id='word_1_830' title='bbox 802 2552 908 2590; x_wconf 77' lang='lat' dir='ltr'>verum</span> <span class='ocrx_word' id='word_1_831' title='bbox 922 2556 1013 2586; x_wconf 89' lang='lat' dir='ltr'>etiam</span> <span class='ocrx_word' id='word_1_832' title='bbox 1023 2555 1106 2585; x_wconf 89' lang='lat' dir='ltr'>oculi</span> 
     </span>
     <span class='ocr_line' id='line_1_132' title="bbox 151 2592 1104 2635; baseline 0.004 -13"><span class='ocrx_word' id='word_1_833' title='bbox 151 2592 323 2622; x_wconf 79' lang='lat' dir='ltr'>inciderint.</span> <span class='ocrx_word' id='word_1_834' title='bbox 340 2596 421 2623; x_wconf 88' lang='lat' dir='ltr'>curia</span> <span class='ocrx_word' id='word_1_835' title='bbox 438 2594 490 2623; x_wconf 83' lang='lat' dir='ltr'>illa</span> <span class='ocrx_word' id='word_1_836' title='bbox 503 2595 539 2624; x_wconf 88' lang='lat' dir='ltr'>de</span> <span class='ocrx_word' id='word_1_837' title='bbox 549 2593 722 2634; x_wconf 82' lang='lat' dir='ltr'>gravissimo</span> <span class='ocrx_word' id='word_1_838' title='bbox 735 2597 899 2634; x_wconf 87' lang='lat' dir='ltr'>principatu</span> <span class='ocrx_word' id='word_1_839' title='bbox 912 2597 1001 2635; x_wconf 82' lang='lat' dir='ltr'>patris</span> <span class='ocrx_word' id='word_1_840' title='bbox 1011 2616 1020 2629; x_wconf 88' lang='lat'>‚</span> <span class='ocrx_word' id='word_1_841' title='bbox 1041 2595 1104 2626; x_wconf 81' lang='lat' dir='ltr'>for-</span> 
     </span>
     <span class='ocr_line' id='line_1_133' title="bbox 150 2632 1105 2676; baseline 0.005 -13"><span class='ocrx_word' id='word_1_842' title='bbox 150 2632 325 2674; x_wconf 85' lang='lat' dir='ltr'>tissimoque</span> <span class='ocrx_word' id='word_1_843' title='bbox 335 2634 463 2665; x_wconf 89' lang='lat' dir='ltr'>testatur.</span> <span class='ocrx_word' id='word_1_844' title='bbox 484 2637 518 2665; x_wconf 91' lang='lat' dir='ltr'>L.</span> <span class='ocrx_word' id='word_1_845' title='bbox 530 2637 592 2675; x_wconf 85' lang='lat' dir='ltr'>ipse</span> <span class='ocrx_word' id='word_1_846' title='bbox 603 2636 755 2669; x_wconf 84' lang='lat' dir='ltr'>Metellus,</span> <span class='ocrx_word' id='word_1_847' title='bbox 767 2646 838 2666; x_wconf 86' lang='lat' dir='ltr'>avus</span> <span class='ocrx_word' id='word_1_848' title='bbox 849 2637 949 2676; x_wconf 86' lang='lat' dir='ltr'>hujus,</span> <span class='ocrx_word' id='word_1_849' title='bbox 961 2636 1105 2668; x_wconf 72' lang='lat' dir='ltr'>sanElissi-</span> 
     </span>
     <span class='ocr_line' id='line_1_134' title="bbox 150 2675 1104 2717; baseline 0.005 -12"><span class='ocrx_word' id='word_1_850' title='bbox 150 2685 220 2706; x_wconf 85' lang='lat' dir='ltr'>mos</span> <span class='ocrx_word' id='word_1_851' title='bbox 239 2676 310 2706; x_wconf 82' lang='lat' dir='ltr'>deos</span> <span class='ocrx_word' id='word_1_852' title='bbox 334 2676 388 2706; x_wconf 88' lang='lat' dir='ltr'>illo</span> <span class='ocrx_word' id='word_1_853' title='bbox 408 2675 593 2707; x_wconf 78' lang='lat' dir='ltr'>constituiss&#39;e</span> <span class='ocrx_word' id='word_1_854' title='bbox 614 2680 647 2707; x_wconf 89' lang='lat' dir='ltr'>in</span> <span class='ocrx_word' id='word_1_855' title='bbox 669 2678 784 2717; x_wconf 85' lang='lat' dir='ltr'>templo</span> <span class='ocrx_word' id='word_1_856' title='bbox 803 2679 924 2708; x_wconf 88' lang='lat' dir='ltr'>videtur</span> <span class='ocrx_word' id='word_1_857' title='bbox 933 2699 942 2712; x_wconf 90' lang='lat'>,</span> <span class='ocrx_word' id='word_1_858' title='bbox 961 2680 994 2709; x_wconf 90' lang='lat' dir='ltr'>in</span> <span class='ocrx_word' id='word_1_859' title='bbox 1005 2679 1104 2710; x_wconf 87' lang='lat' dir='ltr'>vestro</span> 
     </span>
     <span class='ocr_line' id='line_1_135' title="bbox 151 2717 1104 2762; baseline 0.005 -15"><span class='ocrx_word' id='word_1_860' title='bbox 151 2717 313 2757; x_wconf 67' lang='lat' dir='ltr'>eonspe&amp;u</span> <span class='ocrx_word' id='word_1_861' title='bbox 325 2738 333 2751; x_wconf 86' lang='lat'>‚</span> <span class='ocrx_word' id='word_1_862' title='bbox 345 2718 467 2755; x_wconf 66' lang='lat' dir='ltr'>ludices,</span> <span class='ocrx_word' id='word_1_863' title='bbox 478 2728 510 2749; x_wconf 93' lang='lat' dir='ltr'>ut</span> <span class='ocrx_word' id='word_1_864' title='bbox 525 2719 649 2749; x_wconf 87' lang='lat' dir='ltr'>salutem</span> <span class='ocrx_word' id='word_1_865' title='bbox 659 2720 674 2749; x_wconf 77' lang='lat' dir='ltr'>a</span> <span class='ocrx_word' id='word_1_866' title='bbox 685 2720 773 2749; x_wconf 83' lang='lat' dir='ltr'>vobis</span> <span class='ocrx_word' id='word_1_867' title='bbox 783 2722 901 2760; x_wconf 84' lang='lat' dir='ltr'>nepotis</span> <span class='ocrx_word' id='word_1_868' title='bbox 911 2721 956 2751; x_wconf 87' lang='lat' dir='ltr'>sui</span> <span class='ocrx_word' id='word_1_869' title='bbox 966 2721 1104 2762; x_wconf 88' lang='lat' dir='ltr'>depreca-</span> 
     </span>
     <span class='ocr_line' id='line_1_136' title="bbox 147 2768 261 2789; baseline 0 -1"><span class='ocrx_word' id='word_1_870' title='bbox 147 2768 261 2789; x_wconf 82' lang='lat' dir='ltr'>rentur.</span> 
     </span>
    </p>

    <p class='ocr_par' dir='ltr' id='par_1_53' title="bbox 190 2801 589 2842">
     <span class='ocr_line' id='line_1_137' title="bbox 190 2801 589 2842; baseline 0 -11"><span class='ocrx_word' id='word_1_871' title='bbox 190 2802 297 2831; x_wconf 59' lang='lat' dir='ltr'>ciuus</span> <span class='ocrx_word' id='word_1_872' title='bbox 305 2811 316 2830; x_wconf 93' lang='lat'>1</span> <span class='ocrx_word' id='word_1_873' title='bbox 324 2801 375 2842; x_wconf 87' lang='lat' dir='ltr'>us]</span> <span class='ocrx_word' id='word_1_874' title='bbox 439 2802 589 2832; x_wconf 73' lang='lat' dir='ltr'>universe.</span> 
     </span>
    </p>

    <p class='ocr_par' dir='ltr' id='par_1_54' title="bbox 150 2844 1100 2927">
     <span class='ocr_line' id='line_1_138' title="bbox 190 2844 1100 2888; baseline 0.01 -17"><span class='ocrx_word' id='word_1_875' title='bbox 190 2844 304 2873; x_wconf 80' lang='lat' dir='ltr'>LAMB.</span> <span class='ocrx_word' id='word_1_876' title='bbox 325 2844 407 2872; x_wconf 77' lang='lat' dir='ltr'>addzt</span> <span class='ocrx_word' id='word_1_877' title='bbox 428 2845 476 2873; x_wconf 73' lang='lat' dir='ltr'>hoo</span> <span class='ocrx_word' id='word_1_878' title='bbox 486 2864 494 2876; x_wconf 95' lang='lat'>,</span> <span class='ocrx_word' id='word_1_879' title='bbox 520 2854 555 2872; x_wconf 80' lang='lat' dir='ltr'>ex</span> <span class='ocrx_word' id='word_1_880' title='bbox 567 2845 704 2886; x_wconf 64' lang='lat' dir='ltr'>er]</span> <span class='ocrx_word' id='word_1_881' title='bbox 716 2846 854 2877; x_wconf 80' lang='lat' dir='ltr'>Libertus</span> <span class='ocrx_word' id='word_1_882' title='bbox 864 2855 1024 2888; x_wconf 87' lang='lat' dir='ltr'>patronum</span> <span class='ocrx_word' id='word_1_883' title='bbox 1035 2857 1100 2879; x_wconf 88' lang='lat' dir='ltr'>non</span> 
     </span>
     <span class='ocr_line' id='line_1_139' title="bbox 150 2884 836 2927; baseline 0.003 -12"><span class='ocrx_word' id='word_1_884' title='bbox 150 2884 271 2920; x_wconf 81' lang='lat' dir='ltr'>occidit,</span> <span class='ocrx_word' id='word_1_885' title='bbox 283 2885 334 2916; x_wconf 84' lang='lat' dir='ltr'>sed</span> <span class='ocrx_word' id='word_1_886' title='bbox 343 2885 461 2916; x_wconf 85' lang='lat' dir='ltr'>duobus</span> <span class='ocrx_word' id='word_1_887' title='bbox 472 2886 605 2926; x_wconf 80' lang='lat' dir='ltr'>digitulis</span> <span class='ocrx_word' id='word_1_888' title='bbox 616 2888 715 2927; x_wconf 83' lang='lat' dir='ltr'>gulam</span> <span class='ocrx_word' id='word_1_889' title='bbox 727 2887 836 2920; x_wconf 78' lang='lat' dir='ltr'>obliiit.</span> 
     </span>
    </p>

    <p class='ocr_par' dir='ltr' id='par_1_55' title="bbox 455 2929 797 3002">
     <span class='ocr_line' id='line_1_140' title="bbox 490 2929 760 2958; baseline 0.004 -2"><span class='ocrx_word' id='word_1_890' title='bbox 490 2932 661 2958; x_wconf 77' lang='lat' dir='ltr'>Extremum</span> <span class='ocrx_word' id='word_1_891' title='bbox 674 2929 760 2957; x_wconf 57' lang='lat' dir='ltr'>deci}-</span> 
     </span>
     <span class='ocr_line' id='line_1_141' title="bbox 455 2970 797 3002; baseline -0.006 0"><span class='ocrx_word' id='word_1_892' title='bbox 455 2971 513 3002; x_wconf 66' lang='lat' dir='ltr'>Pro</span> <span class='ocrx_word' id='word_1_893' title='bbox 524 2973 557 3000; x_wconf 83' lang='lat' dir='ltr'>A.</span> <span class='ocrx_word' id='word_1_894' title='bbox 571 2970 713 3001; x_wconf 78' lang='lat' dir='ltr'>Gabinio.</span> <span class='ocrx_word' id='word_1_895' title='bbox 727 2973 797 3000; x_wconf 82' lang='lat' dir='ltr'>XV.</span> 
     </span>
    </p>
   </div>
   <div class='ocr_carea' id='block_1_10' title="bbox 399 2801 415 2815">
    <p class='ocr_par' dir='ltr' id='par_1_56' title="bbox 399 2801 415 2815">
     <span class='ocr_line' id='line_1_142' title="bbox 399 2801 415 2815; baseline 0 0"><span class='ocrx_word' id='word_1_896' title='bbox 399 2801 415 2815; x_wconf 54' lang='grc' dir='ltr'>ἲ</span> 
     </span>
    </p>
   </div>
   <div class='ocr_carea' id='block_1_11' title="bbox 1187 2928 1844 3012">
    <p class='ocr_par' dir='ltr' id='par_1_57' title="bbox 1187 2928 1844 3012">
     <span class='ocr_line' id='line_1_143' title="bbox 1418 2928 1835 2959; baseline -0.005 0"><span class='ocrx_word' id='word_1_897' title='bbox 1418 2932 1465 2959; x_wconf 72' lang='lat' dir='ltr'>Ex</span> <span class='ocrx_word' id='word_1_898' title='bbox 1475 2930 1676 2959; x_wconf 63' lang='lat' dir='ltr'>commentariis</span> <span class='ocrx_word' id='word_1_899' title='bbox 1683 2928 1730 2958; x_wconf 70' lang='lat' dir='ltr'>lib.</span> <span class='ocrx_word' id='word_1_900' title='bbox 1743 2931 1835 2959; x_wconf 81' lang='lat' dir='ltr'>XIII.</span> 
     </span>
     <span class='ocr_line' id='line_1_144' title="bbox 1187 2970 1844 3012; baseline 0.002 -12"><span class='ocrx_word' id='word_1_901' title='bbox 1187 2970 1356 3011; x_wconf 71' lang='lat' dir='ltr'>Dromnn]</span> <span class='ocrx_word' id='word_1_902' title='bbox 1380 2970 1396 2984; x_wconf 59' lang='lat'>³³</span> <span class='ocrx_word' id='word_1_903' title='bbox 1420 2980 1446 3002; x_wconf 85' lang='lat' dir='ltr'>tc</span> <span class='ocrx_word' id='word_1_904' title='bbox 1457 2972 1595 3008; x_wconf 85' lang='lat' dir='ltr'>vendita,</span> <span class='ocrx_word' id='word_1_905' title='bbox 1615 2974 1723 3003; x_wconf 85' lang='lat' dir='ltr'>iterum</span> <span class='ocrx_word' id='word_1_906' title='bbox 1734 2980 1844 3012; x_wconf 80' lang='lat' dir='ltr'>empta.</span> 
     </span>
    </p>
   </div>
   <div class='ocr_carea' id='block_1_12' title="bbox 1207 3087 2099 3137">
    <p class='ocr_par' dir='ltr' id='par_1_58' title="bbox 1207 3087 2099 3137">
     <span class='ocr_line' id='line_1_145' title="bbox 1207 3087 2099 3137; baseline 0.011 -11"><span class='ocrx_word' id='word_1_907' title='bbox 1207 3096 1449 3137; x_wconf 59' lang='lat' dir='ltr'>ccccccccg</span> <span class='ocrx_word' id='word_1_908' title='bbox 1861 3087 2099 3135; x_wconf 61' lang='lat' dir='ltr'>INDEX</span> 
     </span>
    </p>
   </div>
  </div>
 </body>
</html>
