2337 3400
88 1346 132 1380 29

136 140 232 188 742

135 206 263 238 studio,
295 203 424 242 magisve
453 208 490 228 ex
518 198 623 227 animo
645 192 862 225 commendare
882 201 945 221 non
967 186 1091 230 pofl'im.

139 251 306 287 Pergratum
320 245 394 272 milii
408 241 511 270 feceris
523 259 529 271 ,
542 238 558 267 si
572 237 688 268 dederis
699 244 821 276 operam
834 254 842 267 ,
854 242 885 263 ut
897 236 920 262 is
935 232 1093 271 intelligat,

139 297 219 318 meas
241 285 315 325 apud
339 293 366 313 :e
388 284 680 312 litterasmnrimum
693 273 964 319 pondushabuiffe.
990 275 1058 304 Hoc
1069 282 1096 303 te

138 331 331 360 veliementer
344 328 388 355 mi
400 322 556 356 Cornifici,
569 331 651 363 rogo.

281 410 422 440 M.T.CJ
446 409 567 439 s.P.D.
591 402 966 449 QCORNXFICIO.

232 498 397 526 Ssmrxoa
416 492 471 523 tibi
485 511 491 524 ‚
513 500 566 521 eos
578 511 586 524 ,
609 498 687 531 quos
706 487 809 519 scribis
830 484 968 526 Lilybaeo
979 484 1099 517 minari,

235 536 299 567 istic
318 545 422 576 peenas
441 534 509 564 dare
528 530 664 563 debuisse
678 542 683 560 ·.
698 529 746 561 sed
757 527 909 560 metuisti,
933 536 966 557 ut
976 528 1036 560 ais,
1062 535 1100 555 ne

142 581 237 611 nimis
249 579 322 609 liber
332 580 364 608 in
377 575 548 607 ulciscendo
557 573 700 605 viderere.
723 570 859 601 Metuisti
871 572 961 611 igitur
971 589 980 602 ,
992 578 1028 598 ne
1037 577 1103 608 gra-

143 623 191 653 vis
209 622 285 651 civis
297 641 305 653 ,
328 630 364 650 ne
383 619 477 649 nimis
501 617 589 648 fortis
601 636 609 649 ‚
629 625 667 645 ne
687 616 826 645 minuste
836 612 947 652 dignus
957 609 1101 641 viderere.

143 663 236 705 Qod
256 663 427 693 societatem
447 662 518 700 reip.
537 656 748 690 conservandae
767 655 823 685 tibi
844 663 966 684 mecum
994 652 1008 681 ἐι
1022 661 1101 690 patre

141 714 289 744 acceptam
305 713 427 733 renovas
441 723 448 736 ‚
461 711 576 744 gratum
588 698 644 731 est:
664 708 729 739 qux
741 698 861 728 societas
872 698 948 725 inter
959 703 1014 723 nos
1025 693 1103 723 sern—

143 757 213 788 pcr,
237 749 280 776 mi
299 744 442 776 Cornifici
455 764 464 777 ‚
487 742 634 773 manebit.
660 743 784 770 Gratum
804 740 894 768 etiam
904 735 981 766 illud
993 755 1001 769 ‚
1021 734 1104 775 quod

144 791 225 819 mihi
244 798 297 819 tuo
316 789 443 817 nomine
461 787 566 827 gratias
582 782 709 825 agendas
718 791 781 811 non
793 789 888 820 putas.
913 788 968 808 nec
978 779 1062 807 enim
1073 776 1104 806 id

143 833 223 862 inter
237 840 294 860 nos
307 829 400 860 facere
411 828 565 859 debemus.
589 829 712 856 Senatus
723 823 828 862 saepius
838 831 892 861 pro
901 820 1044 864 dign-itate
1056 827 1105 848 tua

140 873 301 914 appellaret
311 892 319 905 ,
331 870 362 906 fi,
375 869 546 901 absentibus
560 866 746 899 consulibus,
758 873 914 904 umquam,
928 865 982 891 niu
994 860 1029 891 ad
1040 870 1104 890 rem

143 925 259 946 novam
279 921 444 955 cogeretur.
469 914 570 952 Itaque
583 919 639 939 nec
649 908 685 938 de
697 917 752 937 ms
765 916 821 936 xx.
834 915 889 935 nec
900 904 936 934 de
947 914 1000 934 ωε
1013 912 1104 933 mcc.

143 957 308 998 quidquam
329 958 373 997 agi
394 963 475 984 nunc
484 962 535 992 per
547 952 680 982 senatum
689 947 797 990 potest.
820 947 894 978 Tibi
904 955 1003 977 autem
1015 955 1052 975 ex
1064 944 1106 975 se-

145 998 373 1029 natusconsulto
386 993 608 1035 imperandum,
622 1000 825 1032 mutuamque
837 988 1021 1020 sumendum
1034 997 1107 1017 cen-

145 1041 209 1072 seo.
233 1043 268 1070 1n
281 1049 341 1079 rep.
353 1037 425 1078 quid
437 1045 548 1078 agatur,
560 1034 649 1065 credo
658 1043 685 1064 te
698 1043 735 1063 ex
743 1042 850 1063 eorum
862 1031 969 1061 litteris
978 1028 1106 1071 cognos-

145 1093 212 1113 cere
223 1102 230 1116 ‚
256 1083 308 1122 qui
319 1081 352 1111 ad
365 1090 391 1110 te
400 1078 465 1109 acta
474 1077 584 1108 debent
593 1075 783 1117 perscribere.
807 1077 871 1115 Ego
881 1073 946 1103 sum
959 1072 1007 1112 spe
1018 1072 1104 1102 bona:

147 1123 275 1155 consilio
291 1132 377 1159 ²,cura
392 1141 401 1154 ,
411 1121 509 1151 labore
521 1129 583 1149 non
594 1118 699 1149 desum
711 1128 716 1147 :
729 1116 875 1147 omnibus
887 1116 1022 1144 inimicis
1033 1114 1106 1152 reip.

148 1164 206 1197 effe
228 1175 278 1194 me
298 1165 479 1195 acerrimum
492 1161 608 1192 hostem
621 1170 678 1200 prae
690 1169 739 1189 me
750 1158 823 1188 fero.
847 1160 908 1187 Res
919 1166 1016 1196 neque
1027 1164 1109 1184 nunc

150 1205 270 1239 difficili
282 1207 351 1236 loco
364 1206 441 1235 mihi
451 1204 568 1234 videtur
578 1201 637 1233 effe
649 1213 655 1232 2
667 1202 700 1233 δε
709 1199 810 1232 fuiss'et
821 1199 985 1231 facillimo,
994 1196 1015 1227 si
1024 1196 1111 1237 culpa

150 1248 358 1291 aquibusdam
369 1245 518 1278 abfuiss'et.

285 1326 972 1369 M.‘r.c.S.P.D.Q.CORN1F1010.

256 1419 306 1447 ox
316 1414 411 1447 modo
424 1415 479 1445 tibi
497 1435 504 1448 ,
518 1414 567 1445 cui
577 1414 682 1444 omnia
694 1410 793 1443 nostra
802 1409 954 1441 notiffima
964 1408 1033 1439 sunt
1045 1427 1055 1442 ‚
1066 1405 1116 1438 sed

260 1460 419 1489 neminem
431 1459 463 1487 in
473 1456 589 1497 populo
601 1458 639 1486 R.
649 1455 777 1485 arbitror
787 1452 856 1486 effe,
868 1453 917 1482 cui
928 1449 961 1481 fit
972 1452 1074 1491 ignota
1084 1459 1117 1479 ea

153 1500 340 1531 familiaritas
350 1520 358 1533 ‚
379 1509 443 1540 quae
466 1500 622 1528 mihicum
635 1499 670 1527 L.
683 1497 788 1527 Lamia
795 1494 846 1525 est.
871 1494 994 1525 Etenim
1006 1501 1117 1533 magno

156 1544 270 1573 theatro
289 1541 414 1582 spe&ata
434 1539 477 1570 est
495 1549 561 1570 tum
574 1561 582 1573 ,
601 1537 673 1569 cum
691 1538 733 1568 est
752 1537 788 1568 ab
797 1540 834 1567 A.
849 1535 982 1566 Gabinio
992 1533 1117 1564 consule

155 1584 299 1625 relegatus
311 1604 319 1618 ‚
330 1582 412 1624 quod
423 1582 515 1612 libere
528 1602 536 1615 ,
551 1582 583 1612 &
593 1580 709 1610 fortiter
717 1580 841 1610 salutem
853 1587 953 1608 meam
964 1574 1116 1605 defendis-

158 1626 211 1657 set.
222 1629 287 1656 Nec
299 1635 337 1655 ex
348 1634 385 1654 eo
393 1634 479 1654 arnor
489 1626 565 1654 inter
574 1632 630 1653 nos
640 1631 725 1652 natus
736 1621 787 1651 est:
799 1620 846 1651 sed
856 1618 939 1660 quod
950 1627 1009 1648 erat
1019 1626 1116 1650 vetus,

156 1668 192 1698 &
214 1677 341 1708 magnus
352 1686 360 1700 ‚
380 1675 533 1706 propterea
552 1665 674 1695 nullum
692 1663 860 1703 periculum
880 1671 934 1701 pro
956 1670 1005 1689 me
1017 1658 1118 1689 audire

157 1709 315 1741 dubitavit.
340 1708 386 1738 Ad
400 1709 462 1738 haec
473 1705 572 1737 officia
583 1726 591 1741 ‚
617 1706 664 1736 vel
679 1707 784 1735 merita
797 1703 898 1744 potius
910 1723 918 1736 ‚
942 1698 1118 1741 jucundiffi-

161 1762 212 1782 ma
229 1749 417 1781 consuetudo
426 1750 540 1779 accedit
552 1768 560 1782 ,
582 1757 614 1778 ut
625 1747 713 1777 nullo
722 1746 840 1786 prorsus
849 1745 915 1784 plus
930 1745 1057 1773 homine
1067 1741 1119 1772 de*

161 1793 264 1823 lecter.
288 1794 362 1822 Non
381 1799 455 1831 puto
465 1790 564 1830 tejam
576 1787 744 1828 exspeEtare
754 1807 763 1821 ‚
782 1787 892 1828 quibus
903 1795 973 1815 cum
986 1784 1041 1814 tibi
1052 1793 1118 1813 ver-

158 1835 206 1866 bis
224 1834 452 1864 commendem.
476 1832 573 1862 causas
584 1832 667 1861 enirn
679 1827 1024 1866 tantiamorisintelligis
1036 1836 1041 1854 z
1052 1835 1120 1865 quae

158 1877 248 1908 verba
267 1874 410 1906 desideret
424 1894 432 1909 ‚
459 1875 496 1904 iis
518 1883 567 1903 me
587 1872 734 1902 omnibus
745 1871 831 1901 usum
842 1877 954 1909 putato.
981 1866 1118 1898 Tantum

157 1919 253 1949 velim
264 1916 420 1948 existimes
433 1936 441 1950 ‚
453 1914 473 1945 fi
483 1916 603 1956 negotia
612 1915 726 1945 Lamiae
737 1933 745 1946 ‚
756 1919 971 1953 procuratores,
984 1909 1118 1942 libertos,

158 1960 307 1991 familiam
320 1980 328 1993 ‚
339 1958 581 1999 quibuscumque
591 1956 680 1986 rebus
690 1965 766 1995 opus
776 1956 833 1984 erit
843 1973 851 1987 ‚
862 1951 1045 1984 defenderis,
1057 1961 1120 1992 gra-

158 2004 219 2033 tius
238 2003 316 2032 mihi
337 2001 493 2034 futurum,
515 1999 606 2040 quam
629 1996 650 2027 si
662 2007 693 2027 ea
703 2007 753 2027 tua
764 1995 924 2028 liberalitas
934 1990 1122 2034 pertinuifl‘et

159 2045 196 2076 ad
214 2054 278 2075 rem
300 2042 481 2073 familiarem
500 2051 611 2071 meam.
635 2042 701 2069 Nec
718 2039 824 2068 dubito
844 2057 853 2071 ,
864 2031 871 2044 ⁸
881 2038 958 2077 quin
977 2034 1036 2065 fine
1057 2044 1125 2064 mea

159 2086 427 2117 commendatione
439 2104 448 2118 ‚
470 2083 552 2125 quod
572 2091 659 2112 tuum
669 2080 870 2119 estjudicium
880 2080 917 2108 de
930 2077 1121 2110 hominibus,

161 2126 252 2168 ipsius
272 2128 388 2158 Lamiae
407 2126 490 2156 causa
509 2122 640 2155 studiose
661 2125 767 2153 omnia
783 2120 915 2152 fa&urus
935 2118 971 2149 fis
992 2130 997 2148 :
1017 2128 1124 2160 quam-

162 2179 253 2210 quam
264 2178 324 2199 erat
334 2168 423 2198 nobis
434 2167 551 2198 difi'tum
564 2186 572 2200 ‚
595 2175 623 2196 te
633 2164 803 2195 existimare
814 2183 822 2198 ‚
832 2163 923 2193 alicui
933 2161 1124 2192 senatuscon-

162 2212 243 2242 sulto
253 2231 261 2245 ,
282 2210 363 2251 quod
377 2219 480 2239 contra
490 2209 666 2250 dignitatern
679 2215 760 2237 tuam
774 2205 856 2236 fieret
866 2226 874 2238 ,
897 2203 1055 2234 scribendo
1066 2205 1123 2233 La·

165 2255 261 2283 miam
274 2250 387 2282 affuisse
405 2253 473 2292 :qui
487 2252 618 2280 omnino
626 2248 801 2279 consulibus
813 2248 874 2277 illis
887 2255 1054 2286 numquam
1065 2244 1125 2274 fuiti

163 2294 201 2325 ad
221 2293 431 2325 scribendum:
452 2292 561 2323 deinde
579 2292 685 2320 omnia
704 2300 770 2320 tum
792 2289 862 2319 falsa
874 2286 1126 2318 senatusconsulta

165 2335 390 2368 deferebantur.
413 2332 479 2365 Nisi
497 2333 575 2364 forte
594 2334 684 2362 etiarn
704 2332 749 2361 illi
763 2331 987 2370 Semproniano
997 2328 1127 2359 senatus-

164 2378 304 2410 consulto
330 2387 379 2407 me
395 2376 498 2407 censes
516 2372 631 2406 affuisse
646 2384 651 2402 2
673 2375 726 2414 qui
748 2383 785 2402 ne
805 2375 913 2402 Romae
923 2370 1047 2411 quidem
1060 2378 1126 2400 tum

165 2419 211 2450 sui
224 2440 232 2454 ,
252 2420 348 2460 deque
369 2428 405 2448 eo
418 2417 453 2448 ad
464 2426 490 2447 te
501 2413 599 2456 scripsi
611 2433 620 2448 2
641 2424 672 2445 re
682 2415 805 2444 recenti.
829 2412 885 2443 Sed
900 2413 962 2445 haec
972 2411 1126 2441 haetenus.

167 2465 214 2494 Te
227 2464 271 2491 mi
282 2458 438 2494 Cornifici,
451 2461 540 2489 etiam
554 2467 641 2498 atque
651 2458 741 2489 etiarn
755 2465 838 2496 rogo,
851 2463 883 2484 ut
897 2456 1005 2483 omnia
1015 2454 1130 2483 Lamiae

166 2506 287 2545 negotia
299 2523 307 2537 ,
321 2512 387 2532 mea
395 2510 480 2541 putes
490 2499 549 2530 ess'e
560 2511 565 2529 z
575 2498 729 2539 curesque,
742 2506 774 2527 ut
783 2497 945 2537 intelligat,
959 2496 1034 2524 hanc
1043 2504 1130 2525 com-

167 2545 398 2576 mendationem
418 2552 557 2573 maximo
580 2540 634 2571 fibi
653 2540 720 2570 usui
729 2538 826 2570 fuifi'e.
852 2541 921 2570 Hoc
931 2538 1132 2577 mihigratius

166 2586 262 2619 facere
272 2586 350 2618 nihil
360 2594 457 2627 potes.
480 2587 568 2619 Cura,
581 2592 614 2614 ut
625 2582 734 2613 valeas.

335 116 855 170 M.T.C1c.Eprs·1-.
886 107 1372 160 ADC.CAss.1UM‚
1398 121 1474 154 ετ·
1505 111 1979 168 AL105‚L1B‚X11‚

1290 211 1430 240 M.T.C.
1453 212 1579 242 s.1‘.D.
1603 215 1939 247 CORNIFICIO

1118 280 1122 303 l
1143 272 1285 349 ITaur:
1293 283 1396 321 prae-ter
1406 275 1567 316 litigatores
1579 296 1588 311 ,
1599 287 1690 309 nemo
1699 280 1733 310 ad
1744 289 1771 311 te
1783 290 1862 311 meas
1873 281 1983 311 litteras
1995 281 2005 309 ?
2015 279 2098 310 mul-

1186 328 1221 365 tae
1232 316 1293 364 ¹stae.
1303 316 1437 356 quidem.
1459 326 1490 347 tu
1502 319 1586 348 enim
1597 319 1754 359 perfecisti,
1768 332 1801 352 ut
1813 333 1907 353 nemo
1917 321 1977 352 fine
1989 322 2097 351 litteris

1143 369 1219 389 meis
1242 358 1297 388 tibi
1321 358 1351 405 sc.
1370 359 1620 391 commendatum
1642 371 1766 401 putaret.
1795 364 1844 395 sed
1866 366 1933 405 quis
1950 373 2097 404 umquam

1142 410 1263 448 tuorum
1277 401 1354 447 mihi
1364 400 1441 430 dixit
1452 400 1521 434 esse,
1535 403 1582 431 cui
1593 401 1705 437 darem,
1716 407 1791 445 quin
1801 405 1933 436 dederim
1947 409 2016 436 ?aut
2025 404 2098 445 quid

1145 453 1188 473 mi
1198 441 1363 490 jucundius
1374 462 1381 475 ‚
1394 442 1494 483 quam,
1506 441 1577 473 cum
1587 454 1689 475 coram
1701 454 1799 476 tecum
1810 447 1892 488 loqui
1903 457 1966 478 non
1977 446 2096 487 poffim,

1143 495 1192 515 aut
1206 485 1329 515 scribere
1339 484 1374 514 ad
1386 494 1425 518 te,
1437 494 1485 514 aut
1497 494 1560 516 tuas
1574 486 1669 526 legere
1679 487 1792 518 litteras
1802 490 1813 516 ?
1823 489 1903 519 Illud
1915 492 2009 531 magis
2021 490 2099 519 mihi

1145 525 1285 558 soleteffe
1297 526 1472 560 molestum,
1485 530 1573 558 tantis
1586 537 1635 558 me
1645 529 1785 569 impediri
1795 531 2054 570 occupationibus,
2067 539 2101 560 ut

1143 569 1179 599 ad
1199 577 1227 599 te
1246 568 1393 599 scribendi
1416 579 1488 599 meo
1506 569 1645 600 arbitratu
1662 569 1788 601 facultas
1807 572 1890 602 nulla
1907 573 1999 602 detur.
2024 575 2100 603 Non

1145 613 1230 641 enim
1254 620 1280 641 te
1299 609 1454 650 epistolis,
1475 610 1525 641 sed
1545 612 1758 643 voluminibus
1777 610 1947 644 lacefl'erem
1967 624 1972 642 :
1990 614 2104 655 quibus

1144 653 1268 695 quidem
1289 662 1338 682 me
1355 652 1371 682 a
1389 661 1417 683 te
1434 656 1589 693 provocari
1608 654 1775 694 oportebat.
1799 657 1948 695 Qamvis
1957 665 2040 685 enirn
2051 666 2103 686 oc-

1144 704 1266 735 cupatus
1288 692 1324 723 sis
1335 714 1342 727 ,
1365 696 1421 725 otii
1441 704 1541 725 tamen
1551 696 1618 735 plus
1629 696 1728 726 habes.
1754 700 1815 727 Aut
1826 717 1835 730 ,
1855 695 1875 726 fi
1890 706 1928 726 ne
1938 706 1969 727 tu
1979 697 2104 737 quidem

1146 747 1228 767 vacas
1239 757 1248 771 ‚
1271 737 1336 767 noli
1346 736 1508 776 impudens
1517 736 1574 768 effe
1587 757 1595 771 ‚
1616 748 1670 768 nec
1680 740 1758 768 mihi
1768 738 1937 769 molestiam
1950 738 2104 772 exhibere,

1148 779 1181 809 δε
1195 779 1210 810 ὲ
1220 789 1268 809 me
1281 779 1391 808 litteras
1399 779 1563 809 crebriores
1576 800 1583 812 ,
1603 778 1675 810 curn
1687 789 1716 811 tu
1729 781 1806 811 mihi
1817 790 1879 810 raro
1891 783 1991 811 mittas
2002 800 2011 814 ‚
2022 779 2107 821 flagi-

1144 830 1215 852 tare.
1240 823 1322 850 Nam
1340 820 1411 850 cum
1423 821 1507 851 antea
1518 821 1680 853 distinebar
1690 824 1836 852 maximis
1845 822 2105 863 occupationibus,

1147 862 1302 903 propterea
1318 862 1402 903 quod
1424 863 1570 893 omnibus
1579 866 1657 894 curis
1669 874 1764 904 remp.
1779 865 1856 894 mihi
1868 863 2010 894 tuendam
2022 873 2109 904 puta-

1150 905 1218 935 bsim
1231 916 1237 934 :
1258 914 1324 935 tum
1337 907 1395 935 hoc
1404 914 1538 945 tempore
1550 905 1650 936 multo
1660 905 1805 936 distineor
1815 905 2039 936 vehementius.
2062 908 2106 936 Ut

1147 949 1231 994 enim
1243 946 1361 989 gravius
1375 956 1517 988 aegrOtant
1527 950 1548 977 ii
1559 968 1567 981 ,
1579 949 1642 989 qui,
1652 947 1725 978 cum
1734 948 1821 979 levati
1833 948 1944 978 morbo
1953 947 2107 981 videntur,

1147 999 1181 1019 in
1191 999 1262 1019 eum
1273 989 1308 1019 de
1321 991 1437 1031 integro
1450 989 1641 1020 inciderunt:
1654 989 1692 1020 slc
1702 989 1915 1020 vehementius
1925 1000 1983 1020 nos
1992 989 2110 1020 labora-

1149 1041 1219 1060 mus
1229 1051 1237 1064 ,
1262 1033 1333 1071 qui,
1346 1029 1505 1072 profligato
1517 1031 1599 1062 bello
1611 1051 1620 1065 ‚
1640 1041 1673 1062 ac
1682 1033 1767 1072 paene
1781 1032 1894 1062 sublato
1905 1051 1914 1065 ,
1926 1041 2106 1062 renovatum

1149 1072 1265 1102 bellum
1285 1082 1384 1116 gerere
1401 1082 1558 1102 conamur.
1581 1073 1637 1104 Sed
1655 1076 1717 1104 haec
1727 1073 1878 1104 ha8tenu‘s.
1903 1073 2018 1103 Tutibi
2031 1093 2040 1106 ‚
2064 1074 2111 1103 mi

1152 1113 1316 1148 Cornifici,
1335 1116 1381 1144 rac
1400 1123 1433 1144 ut
1451 1114 1623 1154 persuadeas
1636 1117 1645 1144 ;“
1663 1125 1727 1145 non
1744 1114 1802 1144 esse
1820 1125 1869 1145 me
1881 1125 1940 1145 tarn
1953 1115 2112 1145 imbecillo

1150 1158 1254 1186 animo
1265 1175 1274 1189 ‚
1296 1165 1334 1185 ne
1345 1155 1441 1186 dicam
1453 1157 1623 1186 inhumano
1636 1176 1645 1190 ‚
1668 1157 1724 1187 uta
1738 1166 1765 1186 te
1776 1158 1858 1186 vinci
1868 1155 1975 1196 poffim
1985 1165 2033 1187 aut
2042 1155 2114 1186 offi-

1151 1199 1206 1227 ciis
1217 1217 1225 1231 ,
1248 1206 1299 1227 aut
1311 1207 1424 1228 amore.
1451 1200 1528 1228 Non
1539 1198 1713 1228 dubitabam
1726 1198 1884 1239 equidem:
1897 1207 2112 1228 verumtamen

1153 1238 1253 1270 multo
1275 1241 1354 1269 mihi
1373 1241 1527 1270 notiorem
1536 1250 1674 1271 amorem
1686 1250 1772 1270 tuum
1784 1238 1881 1270 effecit
1892 1240 2068 1279 Cherippus.
2086 1242 2115 1269 O

1153 1283 1316 1329 hominem
1329 1301 1337 1315 ,
1357 1281 1473 1321 semper
1482 1282 1571 1311 illum
1585 1282 1710 1322 quidem
1723 1283 1801 1312 mihi
1811 1290 1913 1322 aptum
1929 1301 1937 1315 ‚
1950 1291 2031 1312 nunc
2040 1280 2114 1311 vero

1153 1332 1243 1354 etiam
1265 1323 1388 1354 suavem
1418 1326 1424 1353 l
1465 1324 1576 1354 Vultus
1595 1325 1767 1355 mehercule
1790 1333 1858 1353 tuos
1878 1324 1956 1353 mihi
1977 1321 2118 1364 expreffit

1154 1367 1294 1396 omneis:
1315 1375 1381 1396 non
1397 1364 1498 1396 solum
1518 1368 1654 1396 animum
1668 1386 1676 1400 ,
1697 1376 1729 1396 ac
1744 1365 1833 1396 verba
1851 1366 1982 1406 pertulit.
2015 1367 2119 1406 Itaque

1154 1408 1221 1437 noli
1241 1409 1354 1442 vereri,
1379 1418 1416 1438 ne
1428 1407 1485 1438 tibi
1498 1408 1717 1438 succensuerim
1729 1428 1737 1441 ,
1759 1407 1842 1448 quod
1852 1407 1961 1437 eodem
1974 1407 2119 1448 exemplo

1159 1449 1194 1481 ad
1205 1459 1256 1479 me
1266 1469 1274 1482 ,
1287 1459 1348 1490 quo
1361 1449 1397 1480 ad
1410 1458 1534 1480 ceteros.
1558 1449 1714 1491 Requifivi
1725 1449 1866 1491 equidem
1879 1451 2010 1490 proprias
2021 1449 2055 1479 ad
2067 1458 2119 1479 me

1155 1501 1253 1522 unum
1272 1492 1383 1522 litteras
1397 1502 1403 1520 ε
1426 1491 1475 1521 sed
1493 1502 1590 1532 neque
1608 1493 1807 1522 vehementer
1817 1512 1826 1526 ‚
1847 1491 1880 1522 &
1903 1500 2044 1521 amanter.
2068 1493 2119 1521 De

1158 1534 1258 1564 sumtu
1269 1552 1277 1566 ‚
1298 1543 1389 1574 quern
1403 1542 1429 1563 te
1441 1535 1473 1563 in
1484 1543 1548 1563 rem
1563 1534 1726 1564 militarem
1738 1533 1831 1564 facere
1842 1553 1851 1567 ‚
1877 1533 1909 1563 δε
1919 1531 2117 1566 feciffedicis.

1158 1575 1237 1605 nihil
1255 1575 1322 1605 sane
1345 1574 1464 1615 poffum
1475 1575 1531 1605 tibi
1540 1576 1681 1615 opitulari
1694 1595 1702 1608 ‚
1723 1575 1876 1615 propterea
1886 1574 1967 1615 quod
1985 1573 2120 1605 &orbus

1159 1618 1275 1648 senatus
1286 1636 1294 1650 ‚
1320 1617 1495 1647 consulibus
1518 1615 1628 1647 amiffis
1639 1637 1647 1650 ,
1669 1616 1906 1647 &incredibiles
1915 1615 2056 1657 angustlae
2065 1625 2120 1655 pe-

1157 1661 1255 1690 cuniae
1273 1658 1416 1699 publicae:
1431 1669 1497 1699 quae
1509 1660 1699 1699 conquiritur
1709 1658 1842 1698 undique
1852 1677 1861 1691 ‚
1884 1666 1915 1687 ut
1925 1658 2040 1697 optime
2053 1667 2121 1686 me·

1157 1703 1222 1731 ritis
1240 1700 1390 1730 militibus
1408 1699 1550 1740 promiffa
1560 1701 1729 1730 solvantur:
1749 1699 1832 1740 quod
1843 1699 1969 1740 quidem
1983 1697 2118 1729 fierisrne

1158 1742 1272 1773 tributo
1289 1740 1372 1782 posse
1393 1752 1457 1771 non
1478 1742 1612 1771 arbitror.
1636 1744 1684 1771 De
1695 1740 1784 1771 Afflo
1796 1739 1945 1781 Dionysio
1957 1741 2121 1780 nihilputo

1159 1782 1237 1814 effe:
1260 1785 1406 1824 quoniam
1428 1784 1505 1812 mihi
1523 1783 1602 1813 nihil
1621 1783 1700 1813 dixit
1709 1786 1877 1813 stratorius.
1901 1785 1949 1812 De
1961 1785 1991 1812 P.
2006 1784 2121 1812 Luccio

1160 1825 1239 1855 nihil
1249 1826 1303 1855 tibi
1315 1825 1449 1855 concedo
1460 1845 1469 1858 ,
1490 1823 1552 1865 quo
1563 1823 1721 1855 studiofior
1731 1826 1797 1864 ejus
1809 1823 1843 1853 sis
1853 1844 1861 1858 ,
1871 1824 1962 1864 quarn
1975 1833 2031 1864 ego
2042 1823 2120 1853 sum.

1159 1866 1203 1897 est
1224 1868 1308 1897 enim
1329 1867 1419 1897 nobis
1436 1865 1621 1897 neceffarius.
1644 1866 1701 1897 Sed
1719 1866 1734 1896 a
1751 1865 1900 1908 *magistris
1910 1865 1982 1896 cum
1990 1874 2121 1895 conten-

1160 1909 1263 1940 derem
1284 1909 1322 1939 de
1340 1907 1525 1949 proferendo
1543 1908 1610 1939 die:
1626 1909 1827 1949 probaverunt
1838 1909 1915 1938 mihi
1927 1927 1936 1941 ,
1961 1907 2039 1942 sese,
2059 1916 2122 1948 quo

1161 1950 1267 1981 minus
1278 1950 1307 1981 id
1319 1949 1450 1982 facerent
1463 1971 1471 1984 ,
1487 1951 1520 1981 δε
1530 1948 1749 1990 compromisso
1759 1970 1768 1983 ‚
1779 1949 2014 1990 &jurejurando
2025 1952 2125 1990 impe—

1162 1993 1229 2023 diri.
1253 1995 1352 2034 Qare
1372 1992 1560 2023 veniendum
1577 1993 1704 2023 arbitror
1723 1993 1837 2023 Luccio
1849 2011 1858 2026 ‚
1877 2001 2059 2033 quamquam
2071 2010 2080 2025 ‚
2101 1988 2124 2021 fi

1162 2036 1240 2081 meis
1249 2035 1355 2065 litteris
1366 2035 1594 2074 obtemperavit,
1607 2034 1678 2065 cum
1691 2043 1722 2064 tu
1735 2035 1798 2064 haec
1810 2033 1901 2075 leges,
1913 2034 2001 2064 illum
2013 2035 2125 2064 Romae

1161 2075 1221 2107 esse
1243 2076 1406 2117 oportebit.
1430 2077 1548 2107 Ceteris
1558 2075 1596 2107 de
1607 2076 1695 2106 rebus
1707 2096 1716 2110 ,
1734 2077 1930 2116 maximeque
1940 2075 1976 2105 de
1983 2076 2121 2115 pecunia,

1162 2117 1234 2149 cum
1246 2118 1343 2149 Pansae
1356 2128 1486 2149 mortem
1497 2120 1646 2159 ignorares
1657 2138 1665 2152 ,
1676 2116 1811 2158 scripsisti
1823 2138 1832 2152 ,
1842 2127 1906 2159 quae
1918 2127 1969 2157 per
1977 2126 2033 2146 nos
2041 2116 2077 2146 ab
2087 2125 2126 2146 eo

1164 2160 1307 2201 consequi
1324 2169 1352 2190 te
1371 2159 1454 2200 poffe
1473 2162 1652 2191 arbitrarere.
1676 2170 1742 2201 quae
1760 2169 1787 2189 te
1808 2170 1872 2190 non
1881 2157 2075 2191 fefellissent,
2103 2156 2125 2187 fi

1164 2205 1288 2233 viveret.
1308 2212 1378 2232 nam
1398 2212 1426 2232 te
1442 2202 1595 2244 diligebat.
1619 2201 1688 2233 Post
1710 2211 1841 2232 mortem
1859 2210 1959 2231 autem
1979 2200 2042 2239 ejus
2052 2198 2126 2240 quid

1166 2243 1229 2275 fieri
1241 2243 1356 2285 posset,
1372 2254 1437 2274 non
1451 2244 1637 2274 videbamus.
1661 2246 1709 2275 De
1718 2243 1882 2281 Venulejo,
1893 2242 2015 2275 Latino,
2027 2244 2127 2271 Hora-

1166 2288 1209 2317 tio
1221 2307 1229 2320 ‚
1251 2286 1336 2316 valde
1345 2286 1445 2316 laudo.
1469 2286 1548 2317 Illud
1560 2296 1623 2316 non
1638 2287 1770 2316 nimium
1781 2284 1877 2325 probo
1888 2304 1895 2318 ,
1917 2283 1999 2324 quod
2010 2283 2126 2316 scribis,

1165 2338 1227 2369 quo
1242 2328 1285 2357 illi
1297 2329 1403 2358 animo
1413 2330 1544 2369 aequiore
1552 2328 1674 2361 ferrent.
1687 2335 1714 2357 te
1723 2329 1782 2357 tuis
1790 2328 1879 2356 etiam
1892 2326 1994 2366 legatis
2005 2325 2129 2355 libror&

1167 2367 1321 2399 ademifl‘e.
1346 2371 1472 2399 Honore
1495 2370 1579 2399 enim
1590 2368 1676 2410 digni
1688 2378 1759 2398 cum
1771 2369 1942 2410 ignominia
1952 2367 2052 2408 dignis
2062 2376 2127 2397 non

1170 2419 1251 2440 erant
1260 2410 1456 2450 comparandi
1467 2421 1473 2440 :
1484 2420 1581 2482 eoque
1591 2420 1629 2440 ex
1639 2410 1896 2440 senatusconsulto
1912 2430 1920 2444 ‚
1935 2407 1955 2438 fi
1966 2419 2029 2439 non
2041 2409 2128 2439 dece·

1168 2451 1265 2485 dunt,
1285 2452 1458 2493 cogendos,
1479 2462 1511 2482 ut
1543 2452 1683 2486 ecedant,
1699 2451 1854 2482 existimo.
1880 2450 2024 2481 Haecfere
2035 2451 2071 2481 ad
2081 2460 2129 2480 eas

1171 2494 1281 2523 litteras
1294 2513 1301 2526 ,
1325 2504 1396 2534 quas
1413 2493 1522 2524 eodem
1543 2495 1687 2541 exemplo
1705 2494 1792 2524 binas
1808 2495 1917 2534 accepi.
1942 2495 1989 2523 De
2000 2493 2128 2534 reliquo.

1170 2536 1265 2582 velim
1277 2534 1331 2565 tibi
1341 2536 1511 2576 persuadeas
1526 2556 1534 2571 ‚
1546 2545 1611 2568 non
1621 2534 1678 2568 esse
1691 2537 1770 2567 mihi
1781 2545 1881 2568 meam
1892 2535 2071 2577 dignitatem
2082 2543 2132 2566 tua

1171 2586 1328 2608 canorem.

1864 2974 1930 3021 M.
1970 2972 2131 3022 Tute
