2337 3400
134 132 275 180 *606
589 124 1097 173 MTueeir

185 214 256 241 tiam
274 206 509 250 slebrsrfiegiffeztr.
535 206 740 243 haecjammta
752 203 834 233 Italia
852 200 938 232 fiunt.
963 211 1070 241 magna
1089 210 1146 241 pax

190 258 327 283 Antonio
341 259 409 278 cum
424 247 536 277 eisdem
551 266 558 280 ‚
577 247 622 275 liis
633 255 702 275 cum
714 245 778 274 illo.
801 254 867 284 quet:
877 242 973 283 potest
984 240 1147 278 maioress'e

191 293 356 324 discordia?
381 299 416 319 1N
430 297 616 318 D1SCORD1A
631 296 729 316 autem
741 295 797 326 pax
807 287 906 315 civilis
919 286 981 314 ullo
992 284 1078 325 paisto
1090 282 1147 314 effe
1166 299 1168 311 .-

191 333 309 375 potist?
335 335 376 361 Ut
395 332 535 360 omittam
557 328 806 359 multitudinem:
830 331 840 346 ¹
853 329 886 357 L.
899 325 1034 361 Visidio,
1055 328 1149 367 equiti
1167 332 1168 335 ’

195 380 325 406 Roman.
340 374 460 402 homini
470 373 502 401 in
513 373 618 411 primis
630 379 736 400 ornato
748 389 756 403 ,
775 378 861 410 atque
873 367 1000 398 honesto
1010 388 1018 402 ,
1030 370 1150 409 civique

194 419 308 455 semper
318 416 436 455 egregio
448 434 456 447 ‚
476 415 561 450 cujus
577 422 632 453 ego
652 411 791 441 excubias
802 431 809 444 ‚
832 411 864 441 &
875 409 1021 440 custodias
1032 412 1092 440 mei
1104 420 1152 440 ca-

193 461 263 498 pitis
282 457 411 498 cognovi
426 457 457 484 in
472 455 628 485 consulatu
644 463 713 483 meo
727 463 732 482 :
754 455 806 493 qui
820 454 938 483 vicinos
948 453 1015 483 suos
1026 462 1088 482 non
1099 462 1153 486 co·
1169 448 1170 461 ³

196 503 327 530 hortatus
337 497 379 528 est
392 498 488 527 solum
501 517 508 530 ,
532 506 564 526 ut
574 496 686 525 milites
698 493 819 528 fierent,
841 493 889 524 scd
900 494 1153 533 etiamfacuitari-

196 542 244 571 [nos
256 541 314 571 suis
326 540 508 570 sublevavit:
521 539 591 568 huic
604 558 611 570 ,
625 539 748 577 inquam
760 557 768 570 ,
782 537 833 566 tali
843 538 908 566 viro
919 557 927 570 ,
938 546 1030 577 quem
1042 546 1096 565 nos
1108 536 1152 565 se-

196 582 420 614 natusconsulto
440 579 672 610 collaudarimus
688 599 697 612 ‚
716 580 866 618 poteritne
884 576 940 607 esse
962 587 1076 617 pacatus
1092 580 1154 607 An·
1171 581 1172 585 ’

195 626 320 655 tonius?
340 623 437 664 quid?
457 622 617 652 C.Caesari.⁷
642 620 794 661 quiillum
806 619 897 649 urbe:
915 619 988 660 quid
999 623 1039 650 D·
1051 621 1153 651 Bruto,

195 668 248 707 qui
260 666 357 695 Gallia
369 664 543 704 prohibuit?
564 664 632 699 Jam
646 660 718 692 vero
733 662 795 701 ipse
811 661 837 692 se
851 661 976 701 placabit
987 681 995 695 ,
1015 662 1048 691 δε
1062 661 1154 690 leniet
1173 679 1175 704 ³.

1177 121 1722 167 C1CERON18

1183 198 1274 241 quam
1285 198 1398 240 aliquid
1409 198 1555 239 postulet:
1577 201 1700 229 Brutum
1715 219 1723 233 ‚
1739 198 1965 241 exercitumque
1977 196 2039 239 ejus
2050 208 2146 241 oppuf

1185 251 1272 285 gnare
1284 252 1289 270 t
1311 241 1408 270 urbeis
1420 260 1428 273 ,
1451 240 1482 270 ὃς
1497 249 1579 281 agros
1592 244 1753 281 provinciae
1765 241 1869 271 Gallia:
1880 241 2015 281 populari
2025 241 2145 272 destite-

1187 286 1225 315 rit
1238 294 1244 313 t
1263 283 1297 314 ad
1311 285 1436 312 Brutum
1446 281 1576 311 adeundi
1586 282 1686 323 legatis
1696 282 1872 324 potestatem
1887 283 1989 314 fecerit
2003 303 2010 316 ,
2030 285 2147 313 exerci-

1187 335 1253 357 tum
1273 327 1344 356 citra
1362 323 1478 353 flumen
1488 323 1680 353 Rubiconem
1696 325 1834 355 eduxerit
1849 345 1858 358 ,
1887 335 1942 355 nec
1955 326 2076 365 propius
2098 334 2148 355 ur-

1168 403 1169 408 *
1189 369 1258 399 bern
1272 367 1368 397 millia
1378 363 1512 406 passuum
1524 364 1649 395 ducenta
1658 365 1843 396 admoverit:
1864 366 1954 396 fuerit
1972 368 2005 396 in
2020 367 2147 401 senatus,

1190 410 1356 452 populique
1368 410 1463 440 Rom.
1474 405 1625 446 potestate.
1649 407 1711 438 haec
1722 407 1743 437 si
1753 407 1871 438 fecerit:
1893 411 1948 438 erit
1965 411 2077 449 integra
2092 418 2149 448 po-

1191 452 1276 484 testas
1288 450 1376 480 nobis
1392 447 1585 479 deliberandi.
1611 446 1631 477 fi
1645 449 1756 479 senatui
1774 459 1838 479 non
1855 452 2000 490 paruerit:
2020 460 2083 480 non
2102 450 2150 479 illi

1193 495 1320 526 senatuS,
1332 492 1379 522 sed
1391 491 1444 521 ille
1453 490 1566 531 populo
1576 492 1668 520 Rom.
1679 490 1779 520 bellum
1789 491 1932 521 indixerit.
1951 491 2006 522 Sed
2017 501 2070 522 vos
2079 501 2150 521 mo-

1193 546 1252 567 neo
1265 556 1272 569 ,
1286 537 1316 565 P.
1328 536 1352 564 C
1374 533 1492 562 libertas
1503 532 1597 573 agitur
1604 533 1711 572 populi
1721 535 1814 563 Rom.
1826 543 1891 573 quae
1902 533 1944 564 est
1952 532 2150 564 commenda-

1193 588 1220 608 ta
1231 577 1336 607 vobis:
1355 577 1437 608 vita,
1459 573 1630 604 &fortun-x
1650 575 1761 613 optimi
1778 575 1920 615 cujusque
1932 595 1941 608 ,
1962 575 2023 616 quo
2032 576 2152 615 cupidi-

1192 629 1282 650 tatem
1304 616 1456 648 infinitam
1475 625 1547 645 cum
1566 616 1696 645 immani
1715 614 1887 646 crudelitate
1902 617 2083 656 jampridem
2105 618 2151 646 in-

1194 660 1291 692 tendit
1301 661 1471 690 Antonius:
1490 656 1650 687 aueroritas
1660 656 1772 690 vestra,
1790 666 1880 696 quam
1896 658 2015 688 nullum
2029 658 2154 688 habebi-

196 709 360 748 provinciae
380 706 484 736 Galliae
502 725 510 738 ‚
537 704 578 734 ’νὴ
594 713 650 744 qua
667 703 803 733 exclusus
817 723 825 737 ,
851 704 883 733 δε
902 703 1071 743 repudiatus
1090 701 1154 732 est?
1173 718 1174 730 l
1197 705 1233 733 tis
1245 722 1254 737 ‚
1272 700 1326 732 nisi
1336 711 1417 730 nunc
1427 700 1621 729 retinueritis.
1645 706 1758 744 taetram
1769 718 1777 731 ‚
1791 697 1999 743 &pestiferam
2011 699 2152 732 belluam.

197 751 307 779 Omnia
317 747 459 777 videbitis
470 767 478 780 ‚
492 749 559 777 P.C.
571 745 625 776 nisi
636 746 813 785 prospicitis,
824 745 911 785 plena
923 744 1078 776 odiorum,
1091 744 1155 783 ple·
1173 731 1175 767 Ι
1196 755 1234 775 ne
1245 743 1389 774 inclusam
1401 762 1409 776 ,
1424 741 1457 772 &
1467 739 1660 771 constri&am
1670 740 1841 773 dimittatis,
1854 749 1962 770 cavete.
1986 743 2032 770 Te
2043 740 2153 780 ipsum,

197 801 235 821 na
245 789 476 820 discordiarum:
499 798 537 818 ex
555 787 665 828 quibus
684 787 814 816 oriuntur
828 787 905 816 bella
913 787 1026 816 civilia.
1050 787 1156 815 Nolite
1173 778 1175 809 l
1197 796 1310 816 moneo
1322 806 1330 819 ,
1353 784 1459 817 Pansa,
1480 783 1674 824 (quamquam
1686 792 1750 812 non
1760 790 1827 822 eges
1838 780 1962 812 consilio
1974 802 1982 815 ‚
2002 791 2063 822 quo
2076 782 2158 811 vales

198 830 290 873 igitur
300 832 330 862 id
342 831 419 861 velle
431 852 439 864 ,
458 829 540 871 quod
553 829 615 859 fieri
627 839 689 858 non
704 827 817 868 potest:
841 828 873 857 δε
885 837 985 857 cavete
996 848 1004 861 ‚
1024 837 1075 867 per
1086 827 1158 856 deos
1174 811 1175 841 ¹
1197 827 1368 869 plurimum
1382 837 1387 855 ;
1407 834 1508 856 tamen
1523 834 1635 854 ετιΑΜ
1648 823 1762 854 summi
1775 823 1983 864 gubernatores
1995 826 2027 853 in
2042 825 2159 863 magnis

198 870 399 904 iminortaleis
410 892 417 906 2
429 875 459 903 P.
470 875 501 902 C.
514 882 552 901 ne
564 872 611 912 spe
622 871 773 910 praescntis
783 870 860 909 pacis
871 879 1042 909 perpetuam
1054 879 1156 908 pacem
1174 855 1176 906 ἕ,
1200 868 1423 909 tempestatibus
1441 868 1456 897 a
1474 865 1645 898 veetorIbus
1658 866 1814 895 admoneri
1834 866 1940 903 solent)
1951 866 2030 895 hunc
2040 873 2157 912 tantum

200 917 353 962 amittatis.
368 914 526 962 'Qorsum
543 914 607 959 haec-
618 921 721 959 omnis
731 910 968 960 speetatxoiutio'?
989 912 1156 957 qi¹¹dssmm
1174 921 1176 953 ζ
1196 921 1282 959 tuum
1294 918 1598 950 apparatum,tamque
1608 907 1833 947 praeclarumme
1842 907 1876 936 ad
1888 907 2022 954 nihilum
2032 906 2160 936 recidere

201 959 288 998 legati
298 966 427 998 egerint,
440 955 578 984 nondum
591 957 709 984 icimus.
734 956 773 982 At
784 962 854 982 vero
868 951 956 981 erecti
969 972 977 986 ‚
993 961 1091 985 citati,
1107 961 1158 992 pa·
1174 955 1176 984 l
1204 963 1324 994 patiare.
1348 960 1466 990 tempus
1476 951 1566 981 habes
1579 950 1635 979 tale
1646 969 1655 983 ‚
1680 949 1765 990 quale
1776 958 1869 979 nemo
1880 949 1983 978 habuit
1999 957 2156 989 umquam.

200 1008 255 1029 rati
267 1019 275 1032 ,
291 1006 395 1028 armati
407 997 586 1035 animisjam
598 993 655 1024 esse
665 994 809 1024 debemus
821 1013 829 1027 ,
844 1004 882 1023 ne
892 993 999 1024 blanda
1008 1014 1016 1028 ‚
1031 1003 1081 1024 aut
1091 994 1156 1033 sup·
1197 997 1248 1026 hac
1258 995 1398 1036 gravitate
1410 992 1597 1025 senatus‚hoc
1607 989 1707 1021 studio
1719 989 1862 1031 equestris
1876 990 2064 1023 ordinis‚hoc
2074 989 2160 1020 ardo-

198 1041 270 1081 plici
285 1042 419 1070 oratione
430 1058 438 1072 ,
458 1047 506 1067 aut
523 1038 667 1078 aequitatis
680 1035 860 1075 simulatione
880 1034 1030 1066 fallamur.
1054 1037 1159 1065 omnia
1197 1047 1227 1067 re
1245 1036 1350 1075 populi
1360 1037 1539 1075 Rornpotes
1553 1035 1771 1073 inperpetuum
1787 1041 1969 1072 remp metu
1981 1031 2159 1071 &periculo

199 1082 302 1112 fecerit
312 1089 429 1121 oportet
443 1099 451 1113 ,
470 1089 534 1120 quae
545 1077 704 1108 interdieta
716 1098 724 1110 ,
739 1077 771 1107 δε
781 1077 953 1107 denuntiata
962 1078 1030 1107 sunt
1041 1097 1049 1111 ,
1064 1077 1158 1116 prius,

238 1162 261 1179 i.
281 1156 311 1178 L.
322 1152 427 1185 lfffidzm]
447 1153 567 1187 Occupat
579 1149 644 1176 istud
655 1148 716 1175 edd.
728 1151 872 1177 neerei-icas
885 1170 893 1182 ,
905 1150 956 1176 five
966 1149 1037 1186 quod
1048 1150 1155 1185 acquie-

202 1190 288 1215 verint
308 1187 487 1223 manuscriptis
500 1186 615 1214 Ferrarii
630 1205 636 1215 .
657 1185 706 1211 sive
726 1186 797 1221 quod
816 1187 853 1213 ita
871 1196 977 1222 quoque
990 1187 1092 1212 Faerno
1111 1193 1157 1212 aut

202 1226 310 1250 Mur-:to
329 1223 425 1250 excussi
438 1223 510 1250 libri.
528 1232 589 1250 nam
610 1221 717 1257 vulgata
728 1223 832 1256 Nafidio.
852 1222 909 1249 Pal.
923 1223 985 1248 vero
997 1231 1036 1258 pr.
1048 1221 1159 1257 praesert

198 1259 361 1294 Ivjr'drm,stc.
372 1261 486 1294 Nrfidim.

234 1305 261 1321 2.
282 1300 321 1324 ’,Α
327 1305 374 1331 μα
382 1297 487 1330 exclusae
496 1295 524 1326 ὠ
532 1296 672 1329 repudiastis
680 1295 716 1320 «θ’
725 1293 757 1328 ἲ]
780 1294 822 1320 Sic
832 1293 889 1321 Pal.
900 1303 940 1330 pr.
951 1300 979 1321 at
991 1293 1040 1320 sec,
1051 1293 1137 1329 rejicit
1148 1295 1163 1320 ii

546 1378 637 1439 M.
718 1378 1119 1440 TULLII

275 1558 412 1642 M.
648 1473 1139 1643 ANTI‘

1176 1109 1177 1113 ,
1197 1078 1330 1107 liberare.
1357 1079 1369 1103 3
1382 1077 1500 1114 Qibus
1510 1075 1547 1105 de
1558 1075 1644 1104 rebus
1659 1074 1748 1104 refers
1760 1085 1768 1108 3
1781 1077 1810 1104 P.
1823 1074 1950 1104 Servilio
1959 1073 2118 1103 adsentior.

1203 1148 1275 1185 quod
1285 1150 1313 1174 δε
1325 1150 1340 1174 εἰ
1352 1158 1430 1175 manu
1442 1148 1540 1173 recenti
1551 1148 1578 1173 in
1591 1148 1778 1183 Hittoipiano,
1789 1149 1947 1185 videturque
1957 1150 2028 1184 prius
2041 1148 2115 1175 fuisse
2125 1158 2146 1175 e.

1262 1206 1266 1210 .
1287 1186 1380 1217 Qibm
1390 1184 1415 1209 dc
1426 1185 1496 1209 rebus·
1505 1185 1590 1217 refers,
1599 1186 1631 1208 P.
1641 1185 1740 1208 Ser-vilio
1749 1184 1891 1218 adsentior]
1917 1185 1981 1210 Haee
1991 1191 2109 1211 recenter
2121 1193 2165 1210 ac·-

1204 1230 1233 1247 ce
1256 1228 1303 1246 unt
1314 1220 1452 1251 ciceroni,
1463 1227 1569 1255 pati-um
1579 1218 1741 1245 editionibus
1753 1219 1869 1246 nondum
1881 1219 1999 1246 aderant.
2018 1219 2096 1246 credo
2107 1227 2166 1246 orta

1207 1258 1222 1282 a
1234 1256 1326 1283 Fa'e'rni
1346 1263 1391 1282 aut
1402 1255 1503 1281 Mureti
1514 1255 1608 1281 Notis.
1629 1255 1739 1282 interim
1757 1264 1910 1292 comparent
1929 1263 2003 1292 parte
2012 1255 2050 1283 sui
2069 1257 2096 1283 iii
2108 1255 2164 1283 Pal.

1208 1292 1259 1320 sec.
1269 1292 1338 1319 abest
1348 1292 1419 1319 enim
1429 1292 1465 1324 ei,
1474 1292 1501 1317 de
1510 1293 1589 1317 rebrat.

1213 1377 1822 1439 ClCERONIS

1210 1473 2094 1645 NONIUM

597 1676 1217 1737 PHILIPPICA
1312 1676 1780 1739 OCTAVA.

448 1785 860 1832 ORATio
960 1782 1928 1848 QpIquAGEsiMA

360 1890 367 1899 ‚
380 1878 444 1926 ’Ἢ
462 1874 608 1904 Otii-*us
621 1884 690 1904 ius
708 1874 1110 1910 hesternodicesta&ares,
1127 1878 1161 1906 C.

344 1916 346 1918 ’
410 1918 443 1960 »Β
462 1915 552 1945 Pansa
563 1935 572 1949 ,
589 1915 680 1956 quam
694 1916 858 1956 postulabat
873 1916 1043 1947 institutum
1055 1917 1164 1947 consu-

390 1968 393 1975 ,
462 1957 537 1986 latus
548 1959 601 1987 tui.
625 1960 732 1988 Parum
742 1960 820 1988 mihi
834 1958 912 1989 visus
925 1968 956 1988 es
967 1969 1037 1992 eos,
1055 1958 1166 2000 quibus

413 2006 429 2031 p
461 1998 565 2028 cedere
575 2009 638 2030 non
650 2000 725 2030 soles
736 2020 744 2034 ,
762 1999 915 2030 sustinere.
940 2003 1023 2031 Nam
1034 1999 1106 2031 cum
1121 2001 1166 2031 se-

462 2049 547 2070 natus
558 2051 590 2071 ea
600 2043 693 2072 virtus
702 2041 811 2076 fuiffet,
829 2052 894 2083 quae
905 2042 979 2073 solet
991 2054 996 2072 ;
1009 2043 1042 2073 &
1052 2042 1124 2073 cum
1135 2053 1165 2073 re

463 2082 601 2113 viderent
612 2093 720 2113 omnes
734 2082 790 2114 effe
801 2084 928 2117 bellum,
940 2084 1124 2126 quidamque
1134 2084 1166 2114 id

465 2124 592 2155 verbum
615 2126 837 2156 removendum
860 2126 1068 2157 arbitraremur
1090 2138 1095 2155 z
1119 2135 1168 2157 tua

208 2167 350 2197 voluntas
364 2167 396 2194 in
405 2164 578 2196 disceffione
597 2166 657 2197 fuit
674 2167 710 2198 ad
721 2167 866 2197 lenitatem
875 2167 1058 2208 propensior.
1082 2167 1171 2199 νἰἃα

211 2207 254 2238 est
263 2210 351 2248 igitur
361 2216 479 2246 propter
488 2208 570 2238 verbi
581 2209 762 2249 asperitatem
775 2229 783 2243 ‚
799 2219 826 2240 te
837 2209 957 2240 amitere
968 2231 977 2245 ,
990 2210 1091 2241 nostra
1101 2211 1170 2251 sen-

213 2252 315 2280 tentia.
338 2250 420 2278 Vicit
430 2250 466 2278 L.
481 2250 581 2284 Caesar,
593 2250 790 2291 ampliffimus
803 2253 859 2285 vir,
872 2254 924 2292 qui
935 2253 1019 2282 verbi
1033 2254 1169 2283 atrocita-

211 2298 241 2321 te
255 2291 366 2324 demta,
377 2290 498 2319 oratione
508 2290 577 2325 fuit,
589 2292 677 2332 quam
684 2293 833 2332 sententia,
845 2293 953 2324 lenior.
978 2297 1169 2335 Qiamquam

212 2334 238 2362 is
248 2332 372 2373 quidem
383 2351 392 2366 ‚
409 2341 568 2376 antequam
585 2334 764 2364 sententIam
784 2334 912 2368 diceret,
927 2337 1169 2376 propinquitatem

212 2375 371 2404 excusavit.
396 2373 481 2403 Idem
494 2377 612 2408 iecerat,
626 2385 674 2404 me
685 2376 818 2408 consule,
830 2377 861 2405 in
872 2376 981 2405 sororis
995 2379 1074 2409 viro,
1088 2377 1169 2417 quod

212 2417 270 2446 hoc
280 2425 413 2455 ternpore
433 2416 465 2444 in
475 2416 583 2446 sororis
595 2415 659 2446 filio
670 2437 678 2450 ,
705 2420 714 2436 ¹
728 2426 758 2447 ut
770 2417 802 2447 δε
814 2416 897 2447 Ιιιᾶυ
914 2418 1023 2448 sororis
1032 2428 1170 2447 movere·
1190 2419 1192 2434 '¹

271 2027 380 2090 Q

212 2466 277 2491 tur,
299 2457 332 2487 &
356 2457 440 2486 saluti
463 2459 536 2497 reip.
557 2459 739 2497 provideret.
764 2461 860 2499 Atque
881 2460 941 2499 ipse
962 2469 1062 2489 tamen
1076 2459 1171 2489 Caesar
1191 2459 1192 2462 ’

211 2501 351 2538 praecepit
366 2498 454 2528 vobis
469 2498 696 2539 quodammodo
709 2521 717 2534 ,
739 2503 771 2531 P.
784 2503 817 2530 C.
830 2510 867 2530 ne
878 2499 930 2530 sibi
941 2499 1169 2534 afl‘entiremini,
1191 2499 1193 2527 ἒ

215 2540 287 2570 cum
299 2540 442 2573 itadixit‚
461 2542 551 2570 aliam
565 2541 741 2572 sententiam
758 2542 785 2572 se
795 2541 947 2572 dieturum
962 2541 1048 2573 fuisse
1059 2563 1068 2576 ,
1089 2553 1171 2573 eam-

215 2591 273 2621 que
286 2583 312 2611 se
324 2602 331 2614 ‚
343 2593 374 2612 ac
384 2592 444 2621 rep.
457 2581 577 2622 dignam
591 2603 599 2616 ,
614 2582 669 2613 nisi
681 2586 900 2625 propinquitate
909 2585 1093 2625 impediretur.
1117 2587 1172 2614 Er-

217 2633 256 2664 go
268 2624 316 2652 ille
329 2624 504 2653 avunculus.
529 2635 604 2654 num
616 2627 706 2655 etiam
728 2636 782 2656 vos
801 2627 962 2660 avunculi,
984 2627 1092 2667 quiilli
1103 2625 1172 2656 estis
1191 2618 1194 2690 j

216 2663 317 2694 asse-nsi
330 2668 339 2694 ?
360 2668 398 2695 At
410 2667 443 2694 in
458 2675 518 2705 quo
535 2665 592 2696 fuit
607 2666 825 2699 controversia?
844 2669 912 2697 Belli
927 2678 1042 2699 nomen
1056 2678 1170 2708 ponen-
1192 2695 1194 2708 Ἰ,

217 2705 290 2735 dum
302 2708 332 2735 in
346 2707 490 2737 sententia
508 2708 630 2748 quidam
652 2719 715 2739 non
725 2709 881 2749 putabant:
903 2710 1063 2739 tumultum
1073 2711 1173 2750 appel-

217 2747 274 2776 late
285 2748 453 2781 malebant,
474 2751 568 2790 ignari
581 2760 644 2780 non
659 2750 753 2781 modo
764 2762 863 2781 rerum
876 2772 883 2786 ‚
902 2752 949 2782 sed
961 2755 1052 2782 etiam
1063 2752 1172 2782 verbo-

217 2798 295 2817 rum.
315 2789 410 2828 potest
421 2791 505 2820 enim
518 2789 576 2821 esse
587 2791 702 2823 bellum
717 2792 777 2823 fine
788 2794 937 2823 tumultu:
957 2795 1105 2824 tumultus
1114 2792 1172 2824 effe

218 2827 281 2859 sine
294 2830 376 2860 bello
397 2841 458 2861 non
476 2832 581 2872 potest.
603 2833 675 2875 quid
686 2836 769 2865 enim
783 2834 825 2865 est
839 2835 919 2866 aliud
933 2836 1099 2870 tumultus,
1117 2834 1173 2866 nisi
1191 2836 1194 2877 j

1208 1875 1391 1917 perturbatio
1401 1879 1507 1910 tanta,2
1518 1882 1550 1905 ut
1564 1876 1661 1915 major
1673 1876 1767 1905 timor
1777 1876 1902 1905 oriatur?
1914 1873 1995 1905 unde
2004 1873 2095 1905 etiam
2104 1884 2167 1905 no-

1208 1928 1281 1948 men
1291 1916 1417 1947 duehim
1431 1916 1475 1947 est
1485 1917 1647 1947 tumultus.
1677 1919 1720 1947 Ita
1745 1927 1780 1947 ue
1790 1917 1918 1957 majores
1929 1915 2042 1949 nostri,
2061 1917 2173 1946 tumul-

1209 1967 1272 1989 tum
1283 1959 1422 1988 Italicum
1432 1980 1440 1993 ,
1451 1958 1536 2000 quod
1550 1968 1610 1989 erat
1623 1958 1715 1989 dome
1746 1961 1807 1989 icus
1819 1970 1823 1988 :
1841 1957 2001 1987 tumultum
2011 1959 2168 1993 Gallicum,

1209 2000 1292 2043 quod
1303 2010 1362 2031 erat
1370 2002 1461 2031 Italiae
1474 1999 1634 2034 finitimus,
1645 2001 1786 2041 praeterea
1796 2000 1918 2031 nullum
1932 2001 2099 2030 tumultum
2112 2011 2168 2031 no·

1211 2042 1379 2074 minabant.
1403 2045 1531 2073 Gravius
1543 2051 1645 2073 autem
1665 2043 1832 2073 tumultum
1842 2041 1899 2072 esse
1910 2062 1919 2076 ‚
1937 2041 2028 2083 quam
2039 2043 2169 2076 bellum.

1211 2086 1283 2116 hinc
1292 2085 1426 2126 intelligi
1439 2085 1521 2118 licet,
1534 2089 1546 2112 3
1559 2083 1642 2126 quod
1653 2084 1734 2115 bello
1742 2087 1914 2115 vacationes
1923 2084 2171 2118 valent‚tumultu

1214 2137 1278 2158 non
1288 2127 1399 2157 valent.
1422 2128 1462 2157 ita
1472 2125 1517 2160 fit,
1527 2126 1787 2168 quemadmodum
1798 2126 1875 2160 dixi,
1888 2135 1919 2156 ut
1928 2125 2042 2156 bellum
2052 2125 2113 2155 sine
2123 2134 2171 2155 tu-

1213 2169 1316 2199 multu
1326 2167 1414 2209 pofl'it
1424 2189 1433 2202 ‚
1455 2170 1603 2199 tumultus
1615 2167 1675 2198 fine
1685 2168 1769 2198 bello
1787 2167 1843 2198 esse
1855 2178 1918 2198 non
1928 2166 2023 2207 poffit.
2046 2168 2169 2197 Etenim

1212 2209 1284 2242 cum
1301 2221 1406 2241 INTER
1419 2210 1533 2241 bellum
1546 2231 1555 2244 ,
1571 2210 1605 2240 Sc
1623 2220 1727 2250 pacem
1746 2210 1884 2240 medium
1894 2206 2032 2239 nihilsit:
2054 2207 2170 2238 necess'e

1213 2252 1255 2283 est
1267 2273 1276 2286 ,
1288 2253 1455 2283 tumultum
1467 2272 1475 2287 ,
1487 2251 1508 2282 fi
1520 2252 1591 2282 belli
1601 2262 1665 2282 non
1677 2251 1720 2285 fit,
1733 2254 1812 2292 pacis
1823 2249 1889 2281 ess'e.
1912 2260 1972 2290 quo
1983 2249 2054 2290 quid
2069 2251 2171 2280 absur-

1213 2294 1280 2324 dius
1290 2295 1370 2328 dici,
1381 2303 1429 2325 aut
1440 2293 1606 2324 existimari
1614 2293 1711 2333 potest
1723 2293 1801 2323 ?Sed
1812 2294 1906 2321 nimis
1916 2292 2010 2322 multa
2019 2291 2055 2322 de
2067 2292 2169 2322 verbo:

1213 2346 1277 2366 rem
1287 2336 1390 2376 potius
1399 2335 1555 2365 videamus
1566 2354 1575 2368 ‚
1595 2337 1629 2364 P.
1641 2337 1674 2364 C.
1685 2344 1777 2374 quam
1788 2333 1911 2374 quidem
1923 2333 2061 2375 Intelligo
2075 2333 2168 2364 verbo

1214 2376 1278 2406 fieri
1294 2377 1448 2406 interdum
1465 2376 1653 2406 deteriorem·
1663 2375 1767 2405 solere.
1798 2375 1955 2405 Nolumus
1974 2376 2031 2405 hoc
2050 2375 2167 2406 bellum
2187 2383 2210 2410 2

1191 2442 1192 2452 ,
1212 2418 1317 2448 videri.

1342 2420 1440 2457 Qiam
1450 2419 1540 2459 igitur
1554 2417 1730 2458 municipiis
1744 2438 1753 2450 ,
1774 2417 1945 2447 &coloniis
1956 2417 1991 2447 ad
2004 2416 2171 2447 excluden-

1213 2459 1286 2489 dum
1308 2461 1481 2489 Antonium
1498 2458 1705 2489 au&0ritatem
1725 2459 1854 2489 damus?
1871 2469 1960 2500 quain
1974 2479 1982 2492 ,
2003 2468 2036 2489 ut
2055 2459 2170 2489 milites

1215 2499 1288 2532 fiant
1297 2499 1356 2531 fine
1367 2502 1418 2535 vi,
1431 2501 1491 2530 sine
1502 2499 1616 2530 muksta
1625 2521 1633 2534 ‚
1646 2499 1744 2531 studio
1754 2521 1762 2534 ‚
1776 2501 1809 2530 δε
1819 2501 1995 2531 voluntate?
2013 2511 2102 2542 quam
2114 2521 2122 2534 ‚
2139 2508 2173 2531 ut

1214 2544 1355 2583 pecunias
1374 2545 1407 2572 in
1425 2542 1562 2582 rempub.
1581 2542 1801 2582 polliceantur?
1821 2545 1850 2572 Si
1860 2545 1943 2572 enim
1966 2543 2037 2573 belli
2054 2552 2171 2572 nomen

1219 2585 1343 2618 tollitur,
1356 2587 1596 2624 municipiorum
1606 2583 1702 2615 studia
1716 2585 1877 2615 tolluntur:
1894 2585 2054 2616 consensus
2064 2585 2172 2624 populi

1217 2628 1255 2656 R.
1268 2629 1320 2667 qui
1327 2628 1390 2667 jam
1400 2625 1554 2657 descendit
1562 2628 1596 2656 in
1605 2626 1731 2661 causan-i,
1743 2625 1764 2656 si
1775 2636 1832 2656 nos
1843 2627 2072 2668 languescimus,
2084 2625 2171 2656 debi-

1218 2669 1318 2699 litetur
1331 2667 1445 2698 necesse
1455 2667 1506 2698 est.
1529 2667 1586 2698 Sed
1596 2668 1668 2709 quid
1683 2669 1783 2709 plura?
1801 2670 1844 2698 D.
1856 2670 1962 2699 Brutus
1976 2676 2172 2708 oppugnatur.

1215 2721 1280 2740 non
1288 2710 1330 2741 est
1341 2710 1474 2740 bellum?
1493 2712 1614 2740 Mutina
1624 2708 1778 2741 obfidetur.
1805 2720 1843 2739 ne
1855 2712 1912 2741 hoc
1920 2710 2043 2750 quidem
2057 2709 2172 2738 bellum

1216 2752 1258 2782 est
1270 2755 1280 2781 ?
1292 2753 1388 2782 Gallia
1397 2751 1531 2782 vastatur:
1542 2762 1607 2793 quae
1616 2751 1711 2791 potest
1720 2762 1778 2793 pax
1794 2751 1851 2782 effe
1863 2754 1991 2782 certior?
2009 2750 2088 2780 Illud
2100 2749 2172 2779 vero

1217 2799 1235 2821 4
1244 2805 1310 2835 quis
1320 2793 1416 2835 potest
1431 2789 1547 2824 bellu'm
1558 2791 1614 2823 effe
1625 2793 1722 2824 dicere
1735 2814 1744 2827 ‚
1760 2792 1823 2835 quo
1834 2798 1846 2821 5
1855 2791 2050 2823 fortiffimum
2068 2794 2170 2822 virum

1215 2846 1286 2867 cum
1304 2838 1436 2867 exercitu
1457 2833 1616 2866 misimus?
1634 2834 1768 2876 quicum
1790 2834 1860 2865 ess'et
1877 2833 2018 2864 Infirmus
2028 2835 2170 2906 ezgravn

2079 2885 2176 2906 iutur-

217 2948 240 2965 1.
307 2941 360 2970 Τὸ*
370 2942 433 2980 lut-711
446 2943 530 2975 Jfiroris
539 2954 671 2971 moveretur
682 2965 690 2978 ‚
702 2948 812 2981 &saluti
823 2967 831 2979 ‚
849 2949 916 2983 &c.]
939 2949 981 2975 sic
991 2948 1099 2985 quidem
1111 2950 1168 2976 Pal.

254 3014 256 3018 .
308 2985 348 3011 pr.
359 2978 444 3017 :it-lec.
454 2987 501 3018 pro
513 2979 550 3006 liis
561 2981 568 3006 i
591 2981 619 3007 sis
632 2981 707 3008 habet
721 3002 728 3014 ,
748 2994 776 3009 ne
786 2987 811 3009 in
820 2992 920 3017 nepotem
931 2993 1064 3010 moveretur
1075 3005 1083 3017 ,
1093 2986 1171 3016 &lk-

211 3011 341 3048 Irm,quod
352 3013 378 3038 δε
390 3022 416 3038 in
428 3014 549 3054 omnibus
573 3021 615 3043 er‘e
628 3017 700 3044 libris
713 3020 840 3051 Ferrarii,
851 3019 963 3057 ideoque
973 3021 1062 3047 omnia
1072 3015 1172 3048 censuit

212 3046 334 3074 delenda.
355 3055 382 3089 at
393 3049 480 3074 malim
493 3059 543 3083 ego
555 3061 562 3081 ς
574 3060 599 3077 ut
609 3054 637 3083 ὠ·
646 3057 671 3079 in
681 3063 779 3086 nesiorum
789 3064 920 3081 moveretur
932 3076 939 3088 ‚
951 3057 1070 3089 &salz-tri,
1081 3058 1130 3088 &a

248 3092 276 3109 a..
288 3087 316 3108 Ut
327 3094 399 3118 mayor·
410 3088 478 3111 timor
487 3089 606 3121 oriatur]
616 3091 700 3124 Janus
713 3091 797 3117 noste-1·
809 3091 894 3118 Douiii
904 3100 979 3128 patei·
989 3094 1015 3119 in
1028 3092 1169 3124 Plautiu'IS,

211 3120 392 3161 reponendum
405 3121 513 3162 putabit
523 3129 599 3162 sternar
614 3143 620 3154 ,
633 3125 677 3160 qui
689 3125 838 3153 consulatur
850 3128 896 3153 lib.
907 3129 995 3164 priore
1005 3138 1062 3165 cap.
1072 3137 1100 3162 4.
1113 3130 1174 3156 Ex-

211 3155 409 3191 plaiiatioiium.
432 3166 476 3184 vix
488 3167 559 3185 enim
570 3159 605 3187 est
617 3161 678 3196 quin
691 3171 720 3189 ea
731 3171 784 3189 vox
796 3163 913 3193 substitui
924 3164 1017 3193 debeat
1030 3165 1152 3201 vulgatae.

1255 2958 1281 2984 3.
1300 2951 1369 2982 Qud
1377 2951 1430 2975 bello
1439 2952 1572 2975 vocationes
1580 2949 1692 2982 valent]
1713 2950 1754 2975 Ita
1765 2948 1820 2974 fere
1833 2948 1966 2976 hodierna:
1976 2948 2119 2982 editiones,
2129 2958 2173 2976 ra-

1214 2986 1315 3012 tionem
1327 2986 1431 3017 secutae,
1442 2995 1493 3012 non
1505 2984 1598 3017 III-ros,
1609 2985 1635 3011 in
1647 2984 1752 3021 quibus,
1763 2986 1815 3009 bello
1825 2987 1918 3011 Gallico.

1249 3030 1277 3055 4.
1296 3023 1355 3055 Qis
1368 3024 1444 3054 potes!
1451 3021 1532 3046 bellum
1542 3022 1582 3052 ‘ffi'
1592 3021 1691 3055 dicem]
1712 3021 1790 3046 Prius
1801 3021 1865 3053 cusi,
1876 3023 1957 3047 bellum
1967 3032 2011 3048 non
2021 3023 2061 3055 ff
2071 3021 2116 3048 dic.
2128 3020 2173 3048 sed

1212 3066 1309 3093 praeter
1320 3057 1378 3084 mss'.
1390 3060 1404 3083 a
1416 3055 1510 3090 quibus
1521 3055 1588 3083 abest
1600 3057 1647 3083 illa
1658 3057 1774 3092 negatio.

1255 3103 1281 3127 5,
1303 3095 1502 3127 Qosomffimum
1510 3095 1592 3118 virum
1602 3102 1653 3118 cum
1670 3096 1773 3119 exerciru
1786 3112 1793 3123 ,
1812 3094 1879 3128 ὡς]
1901 3093 1944 3120 Sic
1954 3093 2011 3120 mss.
2023 3093 2103 3120 nostri
2117 3112 2124 3125 ‚
2145 3093 2174 3119 S<

1212 3128 1340 3169 olim-cufi
1352 3136 1406 3191 ‚bit
1417 3129 1491 3156 Mau.
1501 3129 1528 3155 ὃς
1540 3129 1636 3157 Lamb.
1647 3131 1756 3164 confidem
1769 3131 1858 3164 jortiffl
1868 3132 1918 3162 εἶχε.
1939 3129 1956 3157 fi
1966 3129 2018 3157 fide
2028 3129 2173 3161 librorum,

1214 3175 1266 3193 non
1276 3173 1363 3201 impro
1398 3173 1435 3191 m.

2118 3201 2178 3226 isi
