2337 3400
100 887 142 919 29

96 1575 145 1606 40

149 126 244 190 892
571 118 638 166 M.
731 113 783 162 T
817 129 853 161 u
887 127 918 159 L·
959 129 986 160 1·
1014 128 1032 158 1

151 215 202 237 me
211 207 300 235 etiam
323 209 468 242 oportere.
492 197 540 229 sed
553 218 563 232 ,
591 196 662 228 cum
683 205 739 238 ego
757 194 864 227 faciam
887 195 992 224 omnia
1003 212 1012 227 ,
1037 200 1103 233 quae

151 249 246 278 facere
254 243 360 284 poffim
371 242 405 272 ad
415 250 464 270 me
473 239 677 277 adjuvandum
689 251 697 273 ;
717 247 748 268 tu
758 236 843 268 effice
852 236 882 266 id
894 255 902 269 ‚
922 236 1004 276 quod
1015 234 1106 264 video

155 298 182 317 :e
193 297 254 316 non
269 287 382 317 minus,
394 283 485 322 quarn
496 292 546 311 me
558 281 698 311 laborare.
717 282 774 310 hoc
787 279 863 309 mihi
873 276 1106 322 debereyideor,

152 337 249 368 neque
260 327 349 361 levari
361 323 454 365 posl'e3
463 323 518 354 nisi
529 323 646 354 solvero
659 343 667 356 ‚
688 321 852 352 autvidero
863 330 912 349 me
923 317 1004 359 posse
1014 318 1110 348 solve—

157 380 201 402 re,
224 369 254 398 id
269 367 310 397 est
322 387 330 400 ‚
352 368 454 397 locum
467 386 476 398 ,
486 366 606 407 qualem
614 364 688 395 volo
698 383 706 397 ‚
721 365 879 393 invenero.
903 360 1036 391 Heredes
1045 362 1111 391 Sca-

154 410 244 451 pulae,
257 408 276 438 fi
287 408 359 439 istos
370 409 485 440 hortos,
498 416 529 437 ut
542 407 645 437 scribis
660 405 714 436 tibi
724 406 879 435 Othonem
889 401 1008 436 dixifle,
1023 403 1112 441 parti-

154 454 210 483 bus
220 460 344 492 quatuor
354 449 441 480 factis
453 470 461 482 .
473 449 553 479 liceri
568 449 701 489 cogitant
713 458 718 476 ε
729 446 809 476 nihil
820 444 862 475 est
871 445 983 475 scilicet
991 452 1111 484 empto-

153 496 177 524 ri
198 495 266 523 loci.
285 490 328 522 sm
346 491 508 521 venibunt:
532 490 604 531 quid
627 489 692 519 fieri
705 487 791 529 poffit
806 507 814 521 ‚
835 486 1017 518 videbimus.
1041 494 1112 516 nam

153 536 205 566 ille
218 539 227 555 ¹
241 535 323 564 locus
334 534 525 564 Publicianus
537 552 546 566 ‚
565 534 616 573 qui
626 531 670 561 est
679 530 826 562 Trebonii
839 549 847 564 ‚
859 529 892 559 &
904 527 1016 559 Cufinii
1027 547 1035 562 ,
1056 535 1116 556 erat

154 577 189 608 ad
201 586 250 606 me
260 577 371 606 allatus.
390 575 505 605 sedscis
512 584 609 606 aream
621 571 690 603 ess'e.
713 573 800 603 nullo
813 570 901 612 paEto
911 570 1015 611 probo.
1040 569 1114 599 Clo-

156 619 212 650 dlae
234 619 300 648 sane
322 618 439 657 placent
451 628 459 650 ·,
481 617 530 647 sed
554 626 617 645 non
642 624 716 655 puto
733 613 791 644 esse
800 613 943 644 venaleis.
965 614 1013 641 De
1025 608 1113 641 Drusi
1127 622 1129 639 l

157 663 251 692 hortis
263 681 269 693 ‚
281 661 421 700 quamvis
432 659 468 689 ab
479 661 516 688 iis
525 658 681 688 abhorreas
697 677 706 691 ,
715 666 748 687 ut
757 655 869 689 scribis,
880 664 981 685 tamen
992 652 1029 683 eo
1040 662 1113 682 con·
1127 663 1129 669 >

153 702 267 744 fugiam
285 722 293 734 ‚
314 700 369 731 nisi
389 701 462 741 quid
482 702 645 730 inveneris.
668 697 828 730 aedificatio
850 706 900 727 me
921 706 985 726 non
999 702 1129 736 rnovct.¹

154 745 232 775 nibil
252 745 336 773 enim
354 743 435 773 aliud
444 741 603 772 aedificabo
614 762 623 775 ,
646 739 700 771 nisi
715 740 745 770 id
758 760 766 774 ‚
785 739 867 781 quod
879 740 969 768 etiam
982 757 990 771 ,
1011 735 1030 766 sl
1045 736 1115 765 illos

154 803 219 824 :ion
234 792 376 822 habuero.
400 794 415 810 2
425 784 538 828 κῦρΘ
553 779 583 821 3⁸,
598 797 623 822 ε,
639 791 716 820 mihi
726 789 763 820 sic
772 790 892 830 placuit,
901 797 1039 819 utcetera
1049 790 1114 818 An-

156 834 308 868 tisthenis,
319 835 458 864 hominis
467 833 545 863 acuti
556 834 662 873 magis,
672 833 765 872 quam
775 831 894 861 eruditi.

397 877 589 905 CICERO
613 875 831 906 ATTICO,
854 875 883 903 S.

255 922 480 950 Amafinius
501 916 536 946 ad
555 926 605 946 me
628 915 700 945 cum
719 913 966 945 finelitteristuis
976 910 1113 945 venisset,

254 959 425 991 existimavi
452 959 508 988 tibi
536 968 600 988 eam
620 958 736 988 causam
758 966 821 986 non
840 954 988 986 scribendi
1015 952 1114 987 fuiss'e,

156 1003 240 1045 quod
250 1003 346 1043 pridie
357 998 508 1041 scripsiss'es
518 1010 550 1030 ea
560 999 619 1040 ipsa
630 1019 638 1033 ‚
650 999 686 1029 ad
696 1009 762 1041 quae
773 995 902 1037 rescripsi
917 998 968 1027 hac
981 996 1113 1036 epistola.

156 1043 359 1085 exspestaram
393 1052 493 1073 tamen
515 1041 629 1082 aliquid
655 1040 693 1071 de
707 1042 813 1071 litteris
834 1038 929 1070 Asinii
955 1039 1115 1069 Pollionis.

160 1091 174 1115 3
198 1087 246 1118 sed
270 1088 402 1116 nimium
421 1094 459 1114 ex
477 1093 548 1113 meo
568 1085 632 1113 otio
651 1093 736 1113 tuum
749 1081 849 1121 spelbo.
869 1090 1051 1122 quamquam
1062 1079 1117 1109 tibi

158 1131 282 1160 remitto
293 1148 302 1161 ‚
324 1126 379 1157 nisi
389 1125 461 1167 quid
472 1123 585 1156 necesse
595 1127 650 1155 erit
661 1145 671 1158 ‚
691 1121 806 1155 necesse
815 1133 854 1153 ne
864 1123 969 1153 habeas
980 1122 1115 1153 scribere,

160 1170 214 1201 nisi
227 1172 282 1200 eris
295 1169 379 1200 valde
389 1168 515 1198 otiosus.
540 1170 587 1197 De
600 1167 762 1197 tabellariis
769 1165 896 1195 facerem
909 1164 991 1204 quod
1002 1162 1116 1195 suades,

161 1211 182 1242 si
194 1209 286 1242 essent
296 1212 365 1242 ullae
375 1208 540 1244 ,necessariae
551 1210 665 1243 litterae,
677 1218 709 1238 ut
718 1207 902 1239 erantolirn,
916 1202 986 1235 cum
1000 1205 1117 1234 brevio-

159 1255 241 1284 ribus
252 1253 359 1283 diebus
369 1272 377 1286 ,
401 1261 501 1282 tamen
510 1251 645 1292 quotidie
658 1249 875 1290 respondebant
886 1249 1016 1287 tempori
1025 1246 1118 1276 tabel-

159 1298 245 1329 larii3
269 1295 302 1325 &
317 1304 376 1325 erat
385 1293 498 1334 aliquid
514 1314 522 1327 ,
543 1294 635 1324 Silius
647 1313 655 1326 ‚
668 1292 782 1323 Drusus
792 1291 848 1321 alia
857 1289 1003 1331 quaedam.
1024 1297 1116 1320 nunc,

158 1336 215 1370 nisi
226 1338 306 1367 Otho
317 1334 460 1367 eittitiss'et
472 1355 480 1369 ‚
491 1335 597 1377 4quod
613 1334 808 1366 scriberemus
818 1342 883 1362 non
896 1340 965 1361 erat.
985 1329 1118 1370 idipsum

159 1380 287 1410 dilatum
299 1378 341 1409 est
354 1389 359 1408 :
377 1387 478 1408 tamen
488 1379 606 1410 adlevor,
630 1376 823 1417 cunsloquor
832 1383 933 1404 tecum
946 1372 1052 1403 absens
1066 1391 1074 1405 ,
1087 1371 1120 1401 &

159 1421 259 1452 multo
270 1422 360 1451 etiam
371 1422 464 1461 magis
474 1439 483 1452 ,
495 1419 567 1450 cum
577 1428 640 1449 tuas
649 1419 760 1449 litteras
771 1418 845 1458 lego.
867 1415 916 1446 sed
925 1416 1071 1455 quoniam
1087 1413 1120 1443 δε

158 1464 228 1494 abes
244 1462 256 1502 (
270 1462 307 1493 sic
328 1464 411 1493 enim
430 1461 578 1501 arbitror)
595 1461 628 1491 δε
652 1459 800 1491 scribendi
811 1455 962 1488 neceffitas
974 1456 1058 1487 nulla
1066 1453 1119 1489 est,

157 1505 375 1546 conquiescent
386 1505 502 1537 litterae,
515 1501 569 1533 nisi
579 1502 738 1544 quidvnovi
750 1502 891 1532 extiterit.

378 1556 585 1584 CICERO
609 1553 834 1584 ATTICO,
858 1553 885 1581 S.

254 1606 369 1638 ,UALrs
389 1602 486 1634 futura
497 1602 531 1634 sit
541 1606 588 1634 Cae
594 1603 661 1634 saris
671 1602 851 1641 vituperatio
864 1607 966 1630 contra
976 1596 1123 1628 laudatio-

253 1643 326 1675 nem
337 1655 436 1677 meam
450 1665 458 1679 ‚
483 1645 620 1685 perspexi
631 1654 669 1675 ex
683 1654 720 1673 eo
731 1642 809 1673 libro
823 1662 832 1676 ,
853 1650 944 1682 quem
956 1641 1073 1669 Hirtius
1087 1637 1123 1668 ad

163 1696 214 1717 me
226 1685 306 1717 mifit
315 1706 324 1720 ,
348 1689 381 1716 in
392 1697 454 1728 quo
464 1687 668 1726 colligit-viria
677 1687 798 1716 Catonis
809 1705 817 1718 ,
836 1683 885 1714 sed
892 1692 964 1713 cum
979 1682 1125 1710 maximis

160 1728 301 1759 laudibus
320 1730 407 1759 meis.
429 1730 527 1769 itaque
547 1727 736 1765 misilibrum
750 1727 785 1757 ad
797 1725 933 1756 Muscam
945 1743 953 1757 ‚
975 1731 1007 1753 ut
1020 1724 1078 1752 tuis
1089 1723 1124 1751 li-

163 1770 268 1800 brariis
288 1769 378 1800 daret.
397 1770 472 1800 volo
481 1772 568 1800 enirn
579 1768 650 1800 eum
661 1769 808 1809 divulgari
821 1766 920 1808 :quod
934 1763 995 1806 quo
1005 1762 1127 1794 facilius

159 1817 222 1852 fiat,
234 1818 396 1859 imperabis
407 1820 478 1848 tuis.
489 1813 775 1855 Συμβελόῢπκὸν
785 1817 858 1856 saepe
868 1825 974 1848 conor:
990 1813 1070 1844 nihil
1082 1823 1126 1843 re-

160 1862 246 1901 perio
259 1871 264 1889 :
278 1857 443 1901 &quidem
455 1870 578 1891 mecum
589 1859 686 1892 haheo
698 1861 711 1886 ’ί
723 1858 755 1888 δε
767 1857 982 1898 ΑμςυἹὲλους
996 1855 1030 1886 &2
1039 1858 1125 1888 Θεο-

159 1903 303 1943 m'pcmv
314 1902 400 1948 πῶς
416 1900 641 1948 Α’λέξεινῷονι
652 1908 700 1939 sed
714 1906 788 1949 quid
801 1905 898 1936 simile
910 1911 920 1933 ἓ
937 1905 983 1934 illi
994 1925 1002 1939 ,
1012 1904 1049 1934 δε
1059 1913 1127 1944 quae

162 1949 234 1992 ipfis
244 1950 368 1982 honesta
378 1949 484 1984 essent,
497 1950 675 1984 scribebant,
687 1950 719 1981 &
733 1958 808 1991 grata
824 1946 1008 1981 Alexandro.
1020 1945 1128 1986 ecquid

163 2001 196 2024 tu
213 1993 364 2032 ejusmodi
375 1995 499 2033 reperis?
509 1994 586 2023 mihi
601 1992 727 2033 quidem
741 1995 773 2022 in
787 1999 923 2022 mentem
934 1991 1027 2019 venit.
1039 1987 1129 2029 Qod

161 2034 267 2066 scribis
285 2044 314 2066 te
334 2037 448 2068 vereri,
471 2045 510 2065 ne
521 2035 554 2066 &
562 2037 652 2076 gratia
663 2035 696 2065 δε
709 2033 870 2064 ᾱυὲὶοῐίῑειε
879 2030 978 2062 nostra
988 2032 1046 2060 hoc
1058 2039 1128 2060 meo

162 2086 295 2107 moerore
315 2078 471 2107 minuatur
483 2087 489 2106 t
504 2087 558 2117 ego
570 2097 577 2110 ‚
602 2077 676 2117 quid
689 2077 830 2107 homines
840 2083 889 2105 aut
899 2072 1127 2114 reprehendant,

162 2118 375 2158 autpostulent
386 2139 394 2153 ‚
415 2119 570 2153 nesci03ne
579 2118 708 2148 doleam?
722 2117 800 2159 uni
813 2115 931 2157 potest?
950 2126 988 2145 ne
1000 2117 1127 2155 jaceam?

162 2163 231 2202 quis
248 2170 394 2201 umquam
404 2162 530 2190 minus?
548 2161 622 2191 dum
635 2170 683 2192 tua
694 2170 744 2190 me
756 2160 867 2190 domus
878 2158 993 2188 levabat
1004 2177 1012 2191 ‚
1036 2158 1103 2197 quis
1115 2155 1130 2186 a

166 2212 218 2232 me
234 2202 372 2233 exclusus
396 2206 406 2231 ἓ
435 2204 501 2242 quis
523 2205 628 2236 venit,
653 2208 667 2231 7
682 2204 735 2243 qui
748 2200 971 2232 offinderetur?
989 2198 1128 2229 Asturam

164 2244 232 2276 snm
251 2243 266 2274 ὲ
277 2252 304 2274 te
314 2242 478 2283 profectus.
495 2245 592 2286 legere
603 2244 653 2275 isti
664 2245 723 2275 laeti
739 2264 748 2278 ,
767 2245 819 2284 qui
832 2253 883 2272 me
894 2240 1128 2282 reprehendunt,

165 2295 225 2316 tam
247 2286 342 2316 multa
359 2295 422 2316 nun
439 2285 580 2325 poss'unt,
598 2287 690 2328 quam
715 2296 771 2327 ego
794 2283 900 2325 sctipfi.
918 2294 1008 2324 quarn
1037 2283 1125 2317 bene,

165 2327 247 2359 nihil
258 2327 294 2361 ad
305 2337 380 2357 rem.
394 2328 441 2358 sed
451 2338 546 2368 genus
557 2328 704 2359 scribendi
716 2329 746 2358 id
756 2326 910 2367 fuit,quod
922 2336 1015 2356 nemo
1025 2324 1130 2364 abjecto
1147 2338 1149 2343 .

165 2370 261 2400 animo
286 2368 382 2399 facere
399 2368 503 2409 poss'et.
530 2371 650 2410 triginta
672 2369 737 2401 dies
758 2371 790 2399 in
809 2369 904 2399 hortis
924 2367 979 2399 fui.
1003 2378 1070 2409 quis
1082 2377 1130 2399 aut
1147 2366 1149 2375 ⁴

166 2409 360 2452 congress'um
379 2421 503 2446 mcum,
526 2421 575 2442 aut
590 2411 766 2442 facilitatem
786 2410 932 2441 sermonis
941 2409 1149 2440 defideravit?1

168 2463 251 2483 nunc
273 2453 372 2493 ipsum
384 2473 392 2487 ‚
418 2463 450 2483 ea
460 2454 546 2495 lego,
565 2464 597 2484 ea
608 2453 723 2487 scribo,
745 2461 778 2483 ut
794 2454 833 2486 ii,
853 2454 905 2493 qui
917 2461 1038 2481 mecum
1053 2452 1149 2486 sunt„

167 2493 325 2525 difficilius
334 2496 433 2526 otium
442 2494 643 2537 famaquam
653 2506 708 2537 ego
718 2495 863 2526 laborem.
887 2491 907 2523 fi
915 2495 984 2535 quis
994 2494 1132 2534 requirit,

209 2621 231 2638 ι.
251 2615 328 2638 Locm
337 2614 506 2640 Pnblzcianm.

169 2648 286 2680 reaefiam,
301 2648 400 2684 scripfit
411 2650 514 2683 Bolius,
523 2652 705 2682 ‘Publicianus-3
729 2650 964 2686 vulg.pub.'icannr.

205 2708 234 2725 22
256 2700 348 2734 Κήρ,
371 2702 435 2734 ‘'U’‘
456 2702 676 2736 mihificplacuir.]
697 2701 998 2728 Tor-naeRKYPCAC:
1022 2700 1133 2727 Decurt.

170 2735 354 2763 KYPOCAC
369 2756 377 2768 ,
397 2737 467 2763 unde
477 2739 591 2772 conjecit
604 2739 691 2765 Bolius
706 2737 848 2773 legendum
863 2756 871 2769 ,
886 2739 1007 2772 κῦρςῇηιῆ]
1021 2749 1039 2764 si
1060 2736 1133 2763 Vici.

172 2770 398 2811 legebat-‚vra'agissae
407 2775 465 2800 mihi
475 2775 508 2807 fic
515 2776 608 2806 placuit
620 2786 627 2803 ,-
651 2784 729 2810 quam
750 2774 893 2800 lectionem
905 2774 1013 2809 sequuta
1025 2773 1134 2800 est'vul-

170 2815 231 2846 {³¹1⁹}
241 2806 334 2846 editio.
354 2809 466 2835 Ursinus
477 2817 564 2836 autem
579 2811 674 2836 melius
693 2817 769 2846 putat
788 2815 869 2845 κῖςζῷ,
881 2829 889 2841 ,
909 2818 966 2844 quae
985 2809 1020 2835 est
1032 2809 1134 2843 antiqui

168 2842 233 2915 me
254 2844 390 2878 scriptura.
411 2845 480 2872 hom
500 2846 645 2872 leftionem
664 2846 723 2873 mss‘.
742 2846 828 2873 l'ulat.
848 2845 962 2882 probant
974 2865 982 2878 ,
1001 2844 1135 2880 referente

193 2887 266 2904 unio.

211 2936 238 2964 3-
257 2930 301 2953 Sed
309 2932 431 2966 nimiu-n]
453 2933 572 2970 Qidam
587 2934 692 2969 legunt,
713 2935 858 2961 vdm'mirum
871 2952 878 2966 ‚
889 2933 960 2968 quod
972 2932 1061 2960 minius
1072 2941 1134 2969 pro—

175 2964 221 2991 bat
237 2965 435 3001 B0fi115,1‘.cque
447 2970 482 2995 est
493 2979 519 2995 in
530 2970 581 2996 suis
592 2969 651 2997 mis.

210 3007 239 3033 4.
258 3002 509 3038 Qodscribrremus]
534 3007 615 3042 Vulg.
625 3006 852 3040 quidftribcremuf.

174 3077 181 3081 .
213 3049 239 3073 5-
261 3045 293 3066 Es
304 3041 457 3073 A'effllsm
472 3064 478 3075 ,
496 3040 666 3078 &eremitati-s
684 3051 744 3078 πρὸς
753 3045 946 3080 Α’νλίξκιῖρουῖ]
970 3045 1135 3072 Vocabulum

174 3075 241 3103 ‚llud
255 3096 263 3108 ‚
273 3080 405 3105 &eowbuvs
417 3097 425 3109 ‚
435 3089 468 3105 ex
479 3080 538 3107 mis.
549 3083 744 3118 exemplaribus
756 3078 1025 3109 =·cst1tiiitx''iet.cnm
1038 3083 1064 3108 in
1075 3082 1136 3108 nul-

508 2615 522 2650 ]
546 2616 640 2642 Fretus
658 2614 822 2641 massot-itate
841 2614 992 2640 Decurtati.
1012 2613 1040 2639 δε
1061 2614 1131 2639 Tor-

174 3113 207 3139 §is
219 3112 334 3140 exstaret
345 3114 516 3154 editionibus.
551 3118 679 3144 Germani
698 3118 807 3154 aliquod
821 3118 977 3148 vocabulum
996 3117 1136 3146 desiderali

176 3148 309 3183 ndentes,
320 3153 444 3186 Ἰζ’·Ιιίιῦι-ςιπιιοι,
456 3151 657 3187 substituerunt,
667 3154 710 3181 scd
720 3155 799 3182 nia-ilc.
1149 3147 1153 3178 1

1120 115 1673 165 Cresia-ours-

1141 206 1195 226 cur
1219 198 1330 227 Romae
1349 206 1414 226 non
1433 195 1504 227 firn:
1528 200 1597 238 quia
1612 196 1753 229 discessus
1776 197 1828 230 est.
1856 206 1908 229 cur
1925 195 1989 229 non
2000 196 2052 230 firn
2064 197 2104 231 im

1144 239 1190 268 his
1202 239 1279 268 meis
1293 238 1522 279 praedioli5‚quae
1531 242 1596 269 {unt
1607 240 1695 277 hujus
1706 243 1850 280 temporis
1862 251 1866 270 ς
1878 242 1946 282 quia
1956 239 2105 281 frequen-2

1145 282 1218 311 tiam
1228 281 1310 310 illam
1322 290 1383 310 non
1398 281 1484 310 facile
1492 280 1613 310 ferrem.
1633 282 1676 311 ibi
1687 283 1751 312 sum
1762 284 1862 324 igitur,
1872 283 1924 313 ubi
1935 285 1970 315 is,
1982 285 2033 323 qui
2042 292 2105 322 op-

1145 325 1233 352 timas
1245 323 1325 359 Baras
1336 322 1459 352 habebat
1471 341 1478 355 ‚
1499 324 1660 362 quotannis
1670 324 1727 354 hoc
1736 333 1853 364 tempus
1863 325 2040 355 consumere
2052 326 2103 354 so-

1146 364 1231 394 lebat.
1255 363 1326 394 cum
1338 365 1471 394 Romam
1482 372 1605 397 venero,
1618 373 1672 394 nec
1682 366 1777 399 vultu,
1793 376 1848 396 nec
1857 369 1992 396 oratione
2002 376 2102 405 repre-

1145 405 1266 435 hendar.
1287 404 1465 435 hilaritatem
1486 406 1569 434 illam
1582 425 1590 440 ,
1607 415 1664 446 qua
1685 407 1759 436 hanc
1777 406 1925 443 trtstiriam
1949 416 2108 449 temporum*

1147 447 1364 478 condiebamus
1377 467 1385 480 ‚
1398 450 1429 476 in
1440 456 1617 487 perpetuum
1627 446 1720 477 amisi.
1743 448 1917 483 constantia,
1930 450 1961 480 δε
1977 449 2103 480 firmitas

1147 500 1201 519 nec
1222 491 1335 522 animi,
1357 499 1411 518 nec
1421 491 1565 519 orationis
1575 491 1748 529 requiretur.
1772 491 1820 520 De
1831 491 1923 521 hortis
1932 492 2106 531 Scapulanis

1149 533 1206 562 hoc
1221 531 1339 560 videtur
1353 529 1430 561 effici
1441 529 1521 570 poss'e
1533 552 1541 564 ,
1563 531 1642 561 aliud
1654 539 1701 561 tua
1709 532 1799 570 gratia
1813 551 1822 565 ,
1844 532 1925 562 aliud
1935 533 2033 564 nostra
2044 553 2052 566 ‚
2068 541 2102 562 ut

1149 575 1279 612 praeconi
1301 573 1505 612 subjiciantur.
1533 572 1561 602 id
1580 571 1636 602 nisi
1655 571 1686 602 fit
1697 592 1705 606 ‚
1728 572 1934 603 excludemur.
1958 572 2001 604 sin
2011 575 2046 605 ad
2057 584 2101 605 ta-

1148 615 1248 645 bulam
1261 617 1402 644 venimus
1414 634 1422 647 ‚
1442 616 1599 644 vincemus
1610 614 1762 644 facultates
1771 615 1899 644 Othonis
1909 614 2007 646 nosti-a
2019 618 2106 656 cupi·

1147 657 1247 686 ditate.
1271 659 1351 686 Nam
1367 656 1448 697 quod
1461 656 1495 686 ad
1507 667 1555 686 me
1569 656 1605 686 de
1618 656 1748 686 Lentulo
1761 656 1873 690 scribis,
1887 656 2000 687 nonest
2010 659 2103 688 ineo.

1148 699 1306 728 Faber-iana
1323 698 1419 728 modo
1442 708 1486 727 res
1503 707 1580 728 certa
1597 696 1648 731 fit,
1671 708 1763 737 tuque
1782 699 1911 731 enitare,
1931 699 2011 739 quod
2022 698 2109 733 facis;
2156 706 2159 712 ·

1148 741 1230 781 quod
1255 741 1398 770 volumus
1417 740 1645 780 consequemur.
1671 735 1685 758 8
1704 739 1794 780 Qod
1804 741 1910 780 quaeris
1924 760 1932 773 ‚
1948 741 2107 780 quamdiu

1152 782 1218 816 hic3
1237 792 1346 822 paucos
1368 782 1441 811 dies.
1467 782 1514 812 sed
1525 791 1643 812 certum
1655 791 1719 811 non
1729 782 1835 811 habeo.
1856 780 1985 812 simulac
1994 781 2107 812 consti-

1151 834 1235 854 tuero
1248 844 1256 857 ,
1268 824 1303 853 ad
1314 833 1342 853 te
1353 824 1474 853 scribam
1490 834 1495 852 z
1515 824 1547 854 δε
1561 834 1592 853 :u
1603 823 1637 854 ad
1647 833 1696 853 me
1706 843 1715 856 ‚
1728 822 1819 863 quam
1830 823 1882 853 diu
1893 825 1926 853 in
1936 823 2107 853 suburbano

1151 865 1186 896 sis
1203 865 1330 896 futurus.
1351 875 1412 906 quo
1421 866 1468 895 die
1479 875 1533 905 ego
1544 866 1578 895 ad
1590 875 1618 895 te
1629 866 1691 895 haec
1701 863 1766 894 misi
1779 885 1787 897 ,
1806 865 1842 895 de
1854 866 1926 895 Pilia
1936 885 1944 898 ‚
1968 865 2001 895 &
2012 867 2109 896 Attica

1152 909 1229 937 mihi
1238 918 1359 949 quoque
1369 907 1471 938 eadem
1483 927 1491 941 ‚
1512 917 1577 948 quae
1588 907 1689 938 scribis
1699 926 1708 942 ‚
1733 907 1765 938 &
1775 906 1943 938 scribuntur
1952 927 1961 942 ‚
1980 907 2013 937 δε
2023 916 2105 939 nun-

1151 958 1270 981 uantur.

1214 1028 1219 1030 .
1382 993 1575 1022 CICERO
1607 993 1875 1024 ATT1C0‚S.

1255 1037 1333 1064 11:11.
1351 1042 1411 1063 erat
1421 1053 1428 1066 ,
1450 1033 1532 1073 quod
1556 1033 1724 1063 scriberem.
1749 1034 1820 1063 scire
1842 1042 1942 1062 tamen
1953 1031 2106 1067 volebam,

1256 1076 1307 1104 ubi
1319 1073 1390 1104 effes
1402 1087 1410 1108 3
1423 1073 1441 1103 sl
1453 1075 1519 1104 abes
1531 1094 1539 1107 ,
1551 1083 1599 1104 aut
1609 1073 1764 1104 abfuturus
1778 1084 1818 1104 es:
1828 1074 1949 1115 quando
1960 1074 2109 1105 rediturus

1153 1116 1227 1148 esses
1239 1127 1245 1146 2
1265 1120 1280 1143 9
1292 1116 1379 1146 facies
1389 1118 1477 1157 igitur
1486 1126 1537 1145 me
1547 1125 1719 1145 certiorem.
1745 1118 1791 1149 Et,
1807 1116 1891 1156 quod
1899 1125 1928 1145 tu
1941 1117 2011 1146 scire
2024 1117 2110 1146 vole-

1155 1160 1205 1189 bas
1217 1178 1224 1191 2
1236 1168 1292 1198 ego
1300 1158 1421 1198 quando
1432 1167 1470 1187 ex
1481 1158 1616 1187 hocloco
1629 1169 1636 1190 3
1657 1156 1802 1197 postridie
1812 1157 1882 1187 Idus
1894 1159 2024 1188 Lanuvii
2034 1168 2112 1188 con-

1155 1201 1236 1231 stitui
1255 1209 1395 1233 maneres
1413 1198 1483 1229 inde
1501 1198 1645 1238 postridie
1664 1201 1698 1228 in
1717 1199 1890 1229 Tusculano
1903 1219 1914 1231 ,
1931 1208 1980 1228 aut
1989 1200 2108 1230 Romae.

1155 1251 1256 1273 utrum
1267 1240 1320 1272 sim
1330 1240 1474 1274 fastum&
1485 1251 1520 1271 eo
1532 1241 1596 1280 ipso
1605 1241 1654 1271 die
1664 1241 1746 1271 scies.
1768 1243 1830 1271 Scis
1839 1241 1929 1281 quam
1942 1239 1975 1270 sit
1985 1241 2111 1285 φιλαιέ-

1155 1298 1216 1318 ’Πον
1233 1285 1395 1329 συμφῡξῖἕ
1413 1309 1420 1322 ⁵
1443 1290 1574 1320 minime
1595 1293 1626 1320 in
1647 1300 1675 1320 te
1692 1291 1836 1330 quidem:
1857 1290 1904 1320 sed
1917 1299 2017 1320 tamen
2026 1289 2117 1320 avide

1156 1333 1222 1364 sum
1233 1331 1357 1363 affe&us
1367 1332 1404 1362 de
1413 1331 1500 1362 fano:
1515 1335 1545 1351 ¹0
1553 1332 1636 1373 quod
1647 1331 1712 1365 nifi,
1727 1343 1789 1363 non
1800 1332 1881 1366 dico,
1894 1331 2035 1362 effectum
2046 1334 2113 1366 erit,

1157 1375 1206 1405 sed
1217 1374 1281 1405 fieri
1291 1374 1414 1408 viderm
1433 1374 1550 1404 audebo
1565 1377 1623 1404 hoc
1636 1374 1734 1404 dicere
1756 1376 1765 1413 (
1779 1375 1810 1405 δε
1821 1383 1852 1404 tu
1865 1395 1872 1408 ‚
1888 1383 1920 1404 ut
1931 1374 2006 1404 soles
2018 1393 2026 1407 ‚
2038 1375 2116 1404 acci-

1156 1418 1240 1458 pies)
1258 1415 1413 1455 incurfizbzt
1439 1418 1472 1446 in
1493 1425 1522 1446 te
1541 1416 1628 1447 dolor
1639 1426 1724 1446 meus
1737 1437 1745 1450 ,
1765 1416 1965 1456 nonjureille
1975 1415 2112 1456 quidem3

1159 1459 1208 1490 sed
1218 1467 1320 1489 tamen
1330 1458 1405 1488 feres
1417 1459 1474 1488 hoc
1486 1458 1679 1499 ipsum,quod
1690 1459 1839 1493 scribo‚=ut
1849 1460 2030 1488 omniamea
2039 1456 2111 1489 fers,

1159 1511 1192 1532 ac
1210 1499 1314 1531 tulisti.
1337 1510 1447 1530 omncs
1468 1509 1532 1530 tuas
1549 1501 1774 1530 consolationes
1794 1510 1884 1531 unam
1899 1500 1981 1530 hanc
2008 1500 2041 1528 in
2051 1508 2117 1529 rem

1158 1543 1253 1574 velim
1266 1542 1411 1572 conferas.
1434 1540 1454 1570 sl
1464 1544 1588 1582 quaeris,
1608 1542 1793 1582 quidoptem
1808 1552 1813 1571 ε
1829 1540 1968 1581 priQO
1975 1541 2118 1580 Scapulae,

1159 1584 1269 1615 deinde
1280 1583 1394 1614 Clodiae
1407 1595 1415 1617 3
1429 1582 1541 1623 postea,>
1553 1582 1572 1613 si
1581 1585 1672 1613 Silius
1682 1584 1763 1613 nolet
1775 1595 1783 1617 3
1796 1583 1911 1615 Drusus
1923 1591 1987 1622 aget
1996 1581 2119 1621 injuste;

1163 1624 1277 1656 Cfismii
1295 1625 1327 1655 δε
1344 1625 1502 1655 Trebonii.
1533 1634 1607 1664 puto
1623 1628 1647 1644 ¹¹
1662 1627 1847 1655 Terentium
1868 1622 1925 1654 effe
1941 1625 2118 1657 dominum,

1161 1672 1187 1688 ¹²
1201 1667 1346 1698 Rebilum
1368 1664 1455 1696 fuiffe
1473 1675 1550 1696 certe
1568 1667 1637 1696 scio.
1660 1665 1702 1696 sin
1721 1675 1821 1696 autem
1833 1666 1887 1696 tibi
1907 1665 2121 1696 Tusculanum

1163 1711 1275 1750 placet,
1288 1718 1320 1738 ut
1331 1706 1498 1749 significasti
1509 1708 1686 1749 quibusdam
1696 1708 1800 1739 litteris
1813 1728 1822 1741 ,
1834 1707 1888 1738 tibi
1899 1705 2042 1737 assentiar.
2061 1707 2121 1737 hoc

1163 1751 1288 1792 quidem
1300 1752 1401 1790 utique
1409 1748 1543 1789 perficies
1554 1769 1561 1783 ‚
1573 1748 1593 1778 fi
1606 1760 1656 1779 me
1667 1750 1814 1780 levarivis
1830 1761 1839 1783 3
1856 1759 1947 1789 quem
1958 1749 2017 1787 jam
2027 1751 2121 1778 etiam

1163 1791 1283 1833 gravius
1300 1792 1415 1821 accusas
1427 1812 1436 1824 ,
1456 1793 1545 1831 quam
1567 1793 1674 1831 patitur
1689 1800 1741 1821 tua
1756 1789 1961 1821 consuetudo:
1985 1789 2034 1820 sed
2050 1789 2124 1820 facis

1165 1835 1288 1864 summo
1297 1842 1400 1863 amore
1411 1853 1419 1866 ‚
1441 1832 1472 1863 δε
1486 1831 1585 1862 vietus
1594 1830 1798 1863 fortaffevitio
1809 1842 1895 1862 meo:
1910 1831 1958 1862 sed
1968 1840 2068 1862 tamen
2080 1851 2088 1865 ‚
2100 1829 2122 1860 si

1167 1886 1216 1906 me
1229 1876 1323 1906 levari
1336 1876 1382 1905 vis
1394 1895 1402 1908 ,
1414 1875 1478 1906 hate
1489 1873 1657 1906 estsumma
1668 1875 1777 1904 levatio
1789 1885 1795 1903 ;
1807 1874 1855 1903 vel
1877 1872 1918 1912 (fi
1930 1882 2038 1903 verum
2052 1873 2125 1903 scire

1164 1920 1210 1949 vis
1222 1918 1232 1959 )
1245 1927 1312 1947 una.
1337 1918 1431 1948 Hirtii
1444 1915 1602 1956 epistolam
1613 1915 1633 1946 si
1642 1917 1749 1958 legeris
1760 1936 1769 1950 ,
1781 1925 1847 1957 quae
1862 1916 1938 1946 mihi
1948 1913 2028 1955 quafi
2040 1913 2124 1955 a&-

1166 1966 1326 2000 τήκαοψωι
1337 1965 1454 1996 videtur
1465 1966 1528 2005 ejus
1538 1966 1765 2005 vituperationis
1780 1985 1789 1998 ,
1808 1975 1848 2006 qu
1855 1975 1901 1994 am
1913 1964 2006 1995 Caesar
2015 1961 2128 2003 scripsit

1168 2008 1204 2039 de
1217 2011 1348 2042 Catone3
1368 2007 1456 2038 facies
1467 2017 1516 2037 me
1527 2027 1536 2040 ‚
1553 2008 1627 2047 quid
1637 2007 1692 2037 tibi
1701 2007 1801 2037 visum
1813 2007 1846 2036 slt
1859 2027 1867 2040 ‚
1879 2005 1899 2036 si
1909 2007 1962 2037 tibi
1975 2008 2031 2036 erit
2039 2014 2126 2036 com-

1166 2051 1299 2081 modum
1312 2070 1321 2083 ,
1342 2051 1515 2080 certiorem.
1540 2049 1643 2079 Redeo
1660 2049 1696 2079 ad
1705 2048 1821 2079 fanum.
1841 2047 1895 2078 nifi
1907 2050 1959 2079 hac
1969 2046 2066 2078 aestate
2075 2047 2128 2077 ab·¹

1165 2093 1297 2124 solutum
1307 2093 1363 2122 erit
1374 2112 1381 2126 ‚
1394 2102 1484 2133 quam
1493 2092 1576 2123 vides
1586 2093 1735 2133 integram
1745 2090 1861 2126 restare,
1875 2090 1982 2122 scelere
1994 2089 2130 2120 melibe-

1165 2144 1262 2167 ratum
1275 2144 1339 2165 non
1348 2134 1472 2175 putabo.

1397 2195 1588 2225 CICERO
1618 2195 1839 2227 ATTICO,
1863 2195 1890 2224 S:

1279 2246 1310 2274 U
1321 2254 1340 2274 1.
1352 2254 1371 2274 L
1381 2254 1404 2274 υ
1415 2254 1441 2274 M
1457 2244 1473 2275 ὲ
1494 2254 1522 2275 te
1538 2243 1698 2275 defideravi
1708 2243 1791 2274 diem
1798 2244 1974 2274 litterarum.
1987 2241 2128 2272 videbam

1269 2287 1354 2316 enim
1365 2296 1434 2327 quae
1440 2287 1542 2317 scribis
1556 2297 1562 2316 ‘.
1574 2287 1607 2316 &
1617 2296 1716 2316 tamen
1727 2285 1901 2326 suspicabar,
1913 2285 1961 2315 vel
1971 2293 2070 2324 ponus
2079 2285 2130 2313 in-

1147 2344 1149 2365 1
1170 2328 1347 2369 telligebam
1359 2348 1367 2363 ,
1379 2329 1456 2358 nihil
1466 2327 1553 2360 fuiss‘e
1564 2349 1574 2363 ‚
1585 2329 1665 2369 quod
1675 2328 1827 2361 scriberes,
1849 2335 1979 2358 A.n.V1.
1995 2336 2039 2355 in.
2055 2325 2130 2356 verb

1170 2369 1203 2400 ὅτ
1227 2368 1322 2401 abefle
1341 2379 1368 2401 te
1388 2370 1547 2410 putabam,
1570 2370 1602 2401 &
1621 2368 1708 2411 plane
1730 2369 1868 2400 videbam
1882 2368 1998 2398 ni'nilte
2012 2367 2128 2398 habere.

1169 2422 1225 2453 ego
1245 2421 1346 2442 tamen
1366 2413 1400 2442 ad
1410 2421 1437 2442 te
1447 2412 1508 2443 fere
1519 2413 1657 2453 quotidie
1669 2413 1799 2442 mittam.
1824 2411 1906 2440 malo
1916 2411 2001 2440 enim
2013 2408 2128 2442 frustra,

1169 2454 1258 2498 quarn
1271 2463 1298 2483 te
1311 2463 1374 2484 non
1386 2454 1491 2484 habere
1503 2474 1511 2487 ‚
1523 2456 1571 2484 cui
1582 2454 1633 2485 des
1645 2465 1653 2488 3
1673 2452 1692 2483 fi
1703 2453 1775 2494 quid
1791 2451 1866 2482 sorte
1878 2451 1911 2481 fit
1924 2472 1932 2486 ‚
1954 2451 2036 2492 quod
2047 2459 2132 2491 putes

1169 2505 1220 2525 me
1242 2495 1319 2526 scire
1341 2505 1487 2537 oportere.
1510 2498 1609 2537 itaque
1629 2497 1728 2536 accepi
1749 2504 1801 2525 vt.
1815 2504 1861 2525 m.
1873 2491 1986 2525 litteras
1995 2502 2058 2524 tuas
2068 2495 2133 2522 ina·

2063 2542 2127 2564 nes.

1207 2615 1234 2640 6.
1255 2616 1393 2648 Qipercff.
1402 2615 1410 2647 '5
1436 2616 1504 2641 (juin
1516 2613 1839 2651 apostrophodegiturmff
1850 2616 1896 2646 eff,
1906 2620 1959 2641 tam
1971 2613 1997 2640 iu
2007 2613 2128 2640 Tornaes.

1172 2660 1250 2686 quam
1265 2650 1289 2676 in
1303 2652 1458 2677 Decurtato.

1208 2695 1235 2720 7.
1254 2688 1301 2720 Qi
1319 2686 1498 2720 offinderetum]
1518 2685 1616 2712 Noluit
1638 2685 1772 2721 vulgatam
1793 2684 1936 2711 leffiionem
1958 2684 2132 2716 (finderetur)

1173 2729 1274 2748 nurture
1287 2723 1376 2749 Bolius
1395 2732 1555 2758 quamquam
1576 2729 1636 2749 crat
1645 2722 1672 2748 in
1686 2721 1855 2748 Tornaefiano
1867 2740 1876 2753 ,
1893 2722 1935 2755 qui
1943 2721 2066 2752 offenderet
2077 2739 2084 2752 ‚
2105 2722 2135 2746 ὃς

1170 2758 1249 2794 pauli>
1259 2758 1317 2794 -post
1326 2762 1356 2784 in
1362 2760 1436 2791 hosio,
1449 2768 1496 2794 pro
1507 2759 1624 2784 limonia.

1207 2794 1235 2820 8.
1254 2795 1322 2826 Qod
1331 2804 1414 2828 quiem·
1431 2795 1544 2829 quamdm
1564 2795 1628 2828 hicn]
1650 2793 1706 2819 Hic
1723 2791 1880 2829 principium
1893 2790 1980 2818 brevis
1991 2791 2068 2818 unius
2078 2792 2137 2828 epi-⁴

1172 2830 1242 2857 stolae
1253 2831 1278 2855 in
1293 2830 1347 2856 mss.
1365 2830 1446 2858 Palat.

1207 2875 1236 2901 9.
1258 2869 1421 2900 chressgirur
1440 2866 1500 2898 mes}
1522 2865 1630 2900 Vulgati
1643 2864 1702 2890 libri
1717 2865 1810 2896 facias.
1830 2862 1920 2889 Bofius
1932 2861 2055 2898 sequutus
2076 2863 2133 2890 mss.

1172 2901 1230 2928 suos
1240 2901 1338 2938 scripsit
1350 2921 1358 2932 ,
1370 2903 1450 2935 sacius
1461 2911 1468 2929 ;
1490 2902 1515 2927 sc
1530 2910 1592 2927 mox
1605 2920 1613 2932 ‚
1627 2899 1734 2932 postridie
1743 2899 1801 2924 Idm
1813 2917 1820 2931 ,
1839 2908 1888 2934 pro
1901 2917 1909 2931 ,
1923 2901 2031 2932 postria'u
2039 2901 2135 2932 Iduum,

1171 2938 1242 2974 quod
1255 2946 1342 2964 nmen
1354 2947 1404 2964 nou
1417 2937 1560 2973 improbat.

1213 2982 1254 3000 ιο.
1275 2974 1392 3006 Ωζωιὶηζίὶ
1403 2983 1447 2998 non
1466 2974 1513 2997 dei-n
1526 2991 1533 3003 ,
1552 2970 1656 3003 effiflum
1666 2973 1711 2995 crit
1723 2989 1730 3001 ‚
1742 2971 1857 3003 sedfieri
1875 2970 1983 3004 videm]
2005 2970 2138 3002 Trajessis

1173 3009 1260 3036 verbis
1272 3008 1413 3044 legendum
1426 3016 1501 3043 putat
1514 3007 1628 3042 Liplius,
1638 3007 1701 3040 quod
1710 3008 1764 3039 nisi,
1773 3017 1817 3031 non
1829 3007 1939 3040 dicofieri
1949 3007 2091 3040 oe·.·'dcr2,ftd
2097 3008 2141 3041 nffi

1171 3046 1275 3078 effiflum
1285 3052 1339 3071 emt.
1352 3044 1398 3070 lib.
1412 3052 1452 3069 xv.
1471 3043 1569 3078 Antiq.
1581 3042 1645 3068 lest.
1660 3052 1716 3078 cap.
1731 3051 1774 3077 19.

1211 3091 1219 3107 ι
1231 3090 1253 3107 1.
1273 3081 1403 3105 strenuum
1421 3078 1462 3112 effe
1483 3078 1628 3112 dominum]
1651 3077 1748 3104 Codex
1770 3078 1953 3105 Tornaesianus
1966 3098 1975 3111 ,
1994 3077 2141 3112 tertiumtffi

1170 3118 1296 3146 dommum,
1308 3114 1432 3142 mendose
1446 3121 1476 3140 ut
1487 3114 1613 3149 opinatur
1628 3114 1792 3140 Lambinus.

1209 3161 1251 3180 υ..
1271 3150 1450 3186 Rebrlumfmffi
1461 3151 1599 3186 ccl-testim]
1626 3151 1709 3187 Vulg.
1721 3150 2043 3187 Rebilitmfutffcscrtbscio.

2145 2203 2195 2237 42
2208 2184 2222 2192 ‘s
