2316 3395
192 890 212 922 7
229 892 329 913 meam
339 883 430 924 quam
439 883 624 923 reprehendi.

184 2471 203 2502 Cb

231 133 295 188 88
664 135 736 183 M„
815 132 1172 182 ‘runem

228 217 282 248 lud
292 216 406 248 addidi.
433 219 524 248 th
546 225 637 248 x-:mM
658 226 762 248 Lmen
780 213 837 245 effe
847 223 910 244 non
921 211 1050 246 videtur,
1060 214 1190 253 quinon

229 259 391 300 aliquando
402 260 479 289 nihil
489 262 554 301 agit.
580 262 611 289 in
622 270 678 300 qua
688 266 850 299 permaneo
862 276 870 289 ‚
891 256 992 285 Catule
1003 275 1012 288 ³
1034 255 1189 288 sententia,

232 311 342 342 meque
353 322 361 334 ‚
373 300 444 331 cum
456 302 514 331 huc
524 304 605 334 veni,
616 303 673 330 hoc
684 300 783 339 ipsum
794 298 873 327 nihil
881 306 975 338 agere,
988 296 1021 326 &
1030 296 1119 336 plane
1128 297 1191 327 ces-

229 343 291 373 sare
302 343 439 373 deleuat.
465 346 545 373 Nam
555 363 563 376 ‚
608 341 668 371 uod
679 339 818 370 addidisti
829 341 951 369 tertium
964 358 972 372 ,
991 348 1046 368 vos
1057 348 1108 368 eos
1118 337 1186 372 effe,

229 386 282 425 qui
303 386 399 413 vitam
417 385 562 424 insuavem
594 394 642 412 ine
659 383 705 412 his
725 381 830 411 studiis
840 382 980 421 putaretis
991 400 999 414 ‚
1020 380 1052 410 id
1063 390 1112 410 me
1124 390 1188 411 non

231 425 328 457 mode
347 436 411 456 non
430 427 563 456 hortatur
579 424 613 454 ad
633 422 848 463 disputandum
860 443 868 456 ‚
890 422 938 452 sed
948 424 1040 452 etiam
1051 421 1186 452 deterret.

227 469 312 498 Nam
323 477 355 497 ut
366 471 400 498 C.
412 468 556 499 Lucilius,
571 467 666 495 homo
680 469 689 484 ‘
702 464 810 494 dusius
821 484 830 498 ‚
844 465 876 494 δε
885 464 1079 504 perurbanus,
1090 463 1189 494 dicere

227 509 351 542 solebat,
365 520 396 537 ea
407 529 415 542 ,
428 520 485 546 qus
489 507 621 547 scriberet
630 528 638 541 ‚
651 517 749 547 neque
759 506 795 536 ab
805 503 1015 536 indoCtiffitnis
1025 526 1034 539 ,
1045 515 1142 546 neque
1152 505 1187 535 ab

225 549 406 581 doEiiffimis
417 547 474 589 legi
484 550 561 579 velle
571 561 580 583 ;
603 548 685 590 quod
695 549 779 579 alteri
787 548 865 578 nihil
875 547 1078 589 intelligerent
1089 568 1098 580 ,
1120 550 1134 567 2
1145 548 1187 577 al-

227 594 284 622 teri
295 593 362 631 plus
371 589 498 625 fortasse,
510 590 602 631 quam
613 591 673 631 ipse
684 590 759 620 dese
771 600 776 619 :
799 599 859 631 quo
866 591 958 619 etiam
969 587 1079 629 scripfit
1091 610 1100 622 ‚
1122 592 1187 619 Per-

220 633 298 675 ’ήκω
307 644 358 662 non
369 643 432 662 caro
441 634 544 674 legere:
562 632 626 671 (liic
636 634 719 662 enim
731 631 789 662 fuit
798 652 806 665 ,
829 640 862 661 ut
871 641 1012 661 noramus
1022 651 1030 664 ‚
1043 633 1186 661 omnium

225 674 289 705 fere
300 674 473 704 nostrorum
483 676 649 705 hominum
659 672 867 714 do&iffimus:)
886 673 1005 702 Lalium
1015 693 1022 706 ,
1034 674 1186 702 Decimum

226 716 300 749 volo,
313 726 403 757 quem
414 718 615 757 cognovimus
625 718 726 746 virum
739 715 868 748 bonum,
881 716 913 745 δε
923 725 987 744 non
997 715 1184 747 illiteratum,

227 757 277 788 sed
287 758 366 787 nihil
377 757 411 788 ad
421 756 552 788 Persium
565 768 571 787 :
592 756 628 788 sic
640 768 694 800 ego
706 778 714 791 ‚
738 755 828 796 sijam
841 758 917 786 milii
927 756 1140 796 disputandum
1152 755 1185 786 sit

227 799 264 829 de
285 800 333 829 his
352 799 460 829 nostris
477 799 581 830 studiis
592 819 600 834 ‚
621 801 720 829 nolim
731 798 871 839 equidem
882 798 958 837 apud
969 798 1093 827 rusticos
1105 817 1114 831 ,
1135 797 1184 827 sed

228 841 328 871 multo
338 843 440 871 minus
448 841 524 881 apud
533 852 597 871 να.
621 841 694 870 malo
705 843 787 870 enim
799 850 863 869 non
873 839 1003 879 intelligi
1012 842 1182 869 orationem

669 886 753 914 Tum
763 882 873 915 Cim-sar,
891 881 1039 922 Equidem
1052 902 1060 915 ,
1073 883 1183 922 inquit,

227 925 330 955 Catule
339 944 350 958 0
370 927 432 963 jam
444 926 522 955 mihi
532 925 639 955 videor
647 923 761 960 navnfl'e
772 933 893 964 operam
904 943 913 957 ‚
932 921 1014 963 quod
1025 924 1083 953 huc
1091 933 1183 953 vene-

226 968 297 997 rim.
319 976 390 996 nam
400 968 463 997 haec
474 968 532 1007 ipsa
541 968 684 997 recusatio
695 965 901 1006 disputationis
912 985 920 998 2
933 965 1092 1004 disputatio
1102 975 1183 1006 quae-

225 1008 296 1038 dam
315 1007 373 1038 fuit
390 1009 468 1038 mihi
486 1008 610 1050 quidem
630 1007 823 1048 perjucunda.
852 1006 909 1037 Sed
931 1017 982 1036 cur
999 1007 1184 1046 impedimus

225 1052 397 1080 Antonium
409 1071 417 1084 ,
438 1051 485 1090 cuj
491 1061 523 1080 us
542 1050 632 1080 audio
644 1049 701 1079 effe
711 1051 814 1090 parteis
824 1069 836 1083 ,
856 1058 887 1078 111
897 1048 933 1078 de
944 1057 1003 1078 tota
1012 1049 1184 1089 eloquentia

225 1091 360 1125 differat,
380 1103 471 1132 quem
495 1103 531 1122 ue
541 1091 719 1129 jamdudum
731 1094 816 1121 Cotta
829 1111 838 1124 ‚
860 1091 893 1120 &
912 1090 1060 1129 Sulpicius
1078 1091 1182 1130 exspe-

224 1133 307 1163 Ctant
318 1136 329 1162 ?
351 1137 414 1174 Ego
425 1102 508 1168 verg,
521 1135 620 1174 inquit
631 1131 756 1168 Crassus,
768 1143 864 1173 neque
874 1134 1046 1162 Antonium
1055 1132 1181 1162 verbum

222 1174 319 1205 facere
327 1178 419 1214 patiar
430 1196 439 1208 ‚
451 1175 553 1215 &ipse
563 1175 767 1205 obmutescam
778 1194 787 1208 ‚
807 1173 862 1203 nisi
872 1176 953 1213 prius
964 1173 980 1203 {i
989 1173 1076 1203 vobis
1086 1176 1183 1213 impe-

225 1225 314 1247 tiaro.
336 1217 489 1257 Qidnam
500 1220 510 1246 ?
521 1219 621 1257 inquit
632 1217 763 1246 Catulus.
783 1219 826 1246 Ut
836 1214 884 1245 hic
894 1213 954 1244 sitis
963 1215 1064 1244 hodie.
1086 1218 1180 1249 Tum,

223 1257 297 1288 cum
308 1259 359 1288 ille
368 1259 515 1288 dubitaret
525 1279 534 1292 ,
546 1262 559 1286 3
571 1257 652 1300 quod
663 1258 698 1288 ad
708 1257 827 1288 fratrem
838 1257 1029 1297 promiserat,
1040 1260 1104 1298 Ego
1115 1277 1123 1290 ‚
1137 1259 1185 1286 iri—

222 1300 407 1341 quitJulius,
419 1310 473 1340 pro
484 1310 609 1342 utroque
618 1299 785 1340 respondeo
797 1310 802 1329 :
818 1298 855 1330 fic
865 1298 1008 1329 faciemus
1021 1308 1121 1340 :atque
1132 1298 1185 1329 ista

223 1342 350 1382 quidem
359 1343 537 1373 conditione
547 1363 555 1376 ,
566 1343 614 1372 vel
626 1352 659 1372 ut
667 1342 795 1373 verbum
805 1341 926 1372 nullum
935 1340 1043 1371 faceres
1053 1361 1061 1374 ‚
1082 1351 1132 1371 me
1143 1350 1185 1371 te—

223 1393 322 1414 neres.
346 1383 408 1414 Hic
418 1385 537 1414 Catulus
547 1382 639 1414 arrisit
651 1395 656 1413 :
679 1385 712 1414 δε
722 1382 810 1413 simul
821 1384 938 1424 praecisa
948 1403 956 1417 ,
973 1384 1073 1424 inquit
1084 1403 1093 1416 ,
1105 1384 1182 1413 mihi

223 1425 349 1465 quidem
360 1425 508 1456 dubitatio
520 1426 571 1459 est,
581 1427 727 1467 quoniam
739 1436 836 1467 neque
847 1426 933 1455 domi
944 1427 1120 1465 imperaram
1133 1437 1138 1454 :
1151 1425 1183 1455 δε

221 1465 274 1497 hic
282 1467 359 1507 apud
369 1477 461 1508 quern
472 1478 552 1498 eram
562 1468 679 1498 futurus
690 1488 698 1502 ‚
723 1467 783 1497 fine
793 1477 859 1497 mea
869 1467 1013 1497 sententia
1022 1475 1082 1497 tam
1094 1465 1181 1497 facile

222 1506 368 1548 promisit
400 1512 484 1539 Tum
503 1520 612 1540 omnes
629 1510 735 1539 oculos
745 1512 777 1539 in
786 1511 958 1540 Antonium
969 1510 1163 1545 conjecerunt
1176 1519 1181 1538 ;

223 1550 259 1580 δε
271 1550 332 1584 ille,
343 1550 453 1581 Audite
463 1550 549 1584 vero,
561 1551 671 1584 audite,
684 1554 792 1592 inquit.
815 1552 976 1580 hominem
987 1552 1069 1580 enim
1082 1551 1183 1581 audie-

222 1593 260 1621 tis
271 1591 308 1621 de
318 1592 418 1623 schola
427 1613 436 1626 ‚
446 1602 531 1634 atque
541 1593 557 1624 a
567 1593 706 1635 magistro
717 1613 725 1626 ,
738 1593 771 1623 ὃς
782 1595 893 1623 Graecis
903 1592 1008 1622 litteris
1017 1592 1179 1622 eruditum.

221 1633 258 1664 &
276 1644 314 1663 eo
332 1634 456 1674 quidem
475 1636 580 1676 loquar
596 1634 799 1665 confidentius
811 1655 819 1668 ,
838 1633 920 1675 quod
932 1635 1051 1664 Catulus
1063 1634 1182 1664 auditor

221 1673 354 1706 acceffit:
375 1678 425 1706 cui
444 1686 507 1707 non
527 1675 627 1707 solum
645 1687 701 1707 nos
720 1678 822 1707 Latini
842 1677 989 1706 sei-monis
1001 1695 1009 1709 ,
1029 1675 1078 1706 sed
1089 1678 1179 1706 etiam

223 1719 322 1747 Graeci
341 1716 394 1758 ipfi
411 1718 508 1749 solent
525 1719 583 1749 suae
593 1720 703 1761 linguae
713 1718 905 1748 subtilitatem
916 1737 925 1751 ‚
946 1718 1182 1759 elegantiamque

220 1758 400 1790 concedere.
429 1760 486 1791 Sed
498 1769 608 1794 tamen,
620 1762 763 1801 quoniam
775 1761 833 1790 hoc
842 1768 939 1790 totum
951 1779 959 1793 ,
970 1759 1117 1800 quidquid
1129 1759 1180 1793 est,

220 1799 280 1831 sive
293 1800 450 1831 artificium
463 1823 471 1835 ,
494 1801 552 1832 five
563 1801 696 1832 studium
705 1801 845 1835 dicendi,
857 1800 912 1831 nisi
925 1799 1039 1831 acceffit
1048 1812 1081 1831 os
1090 1821 1098 1834 ‚
1111 1801 1182 1831 nul-

221 1843 289 1873 lum
299 1842 399 1883 potest
407 1842 465 1873 esse
475 1864 483 1877 ‚
495 1843 590 1873 docebo
600 1854 660 1877 vos,
670 1844 811 1885 alifi-ipati,
825 1844 862 1877 id,
876 1843 952 1883 quod
961 1843 1015 1885 ips&
1022 1854 1072 1872 non
1081 1843 1180 1876 didici,

221 1884 297 1926 quid
306 1884 343 1915 de
354 1887 442 1914 omni
451 1896 558 1927 genere
569 1885 689 1916 dicendi
702 1887 839 1916 sentiam.
864 1884 923 1914 Hic
933 1884 1125 1925 posteaquam
1137 1895 1181 1914 ar-

218 1927 350 1956 riserunt
358 1947 367 1960 ,
379 1929 441 1956 Res
451 1928 528 1957 mihi
538 1928 659 1957 videtui·
667 1926 726 1957 effe
737 1947 745 1960 ‚
756 1929 857 1968 inquit
867 1947 875 1960 ‚
887 1926 1024 1956 facultate
1033 1927 1179 1966 piaeclaia,

220 1977 282 1998 arte
295 1968 467 1998 mediocris.
490 1972 557 1997 ,Ars
567 1971 663 2002 enirn,
674 1979 776 1998 earum
786 1978 885 1999 rerum
896 1968 948 2001 est,
959 1978 1025 2008 quae
1036 1969 1178 1998 sciuntur.

219 2011 353 2040 Oratoris
363 2018 463 2039 autem
472 2013 574 2040 omnis
585 2009 664 2040 afiho
674 2010 872 2051 opinionibus
882 2030 890 2044 ,
903 2020 968 2040 non
978 2010 1097 2040 scientia
1105 2019 1180 2040 con-

221 2054 345 2082 tinetur.
369 2054 451 2081 Nam
462 2052 495 2082 8:
504 2051 581 2092 apud
592 2062 642 2082 eos
652 2052 803 2087 dicimus⁴
816 2053 868 2092 qui
879 2052 1017 2082 nesciunt
1029 2071 1037 2085 ‚
1049 2051 1082 2081 &
1093 2061 1125 2082 ea
1135 2051 1183 2081 di-

222 2095 323 2124 cimus
333 2112 341 2127 ,
362 2103 428 2133 quae
449 2094 600 2124 nescimus
610 2093 671 2133 ipsi.
696 2095 792 2134 itaque
805 2093 838 2123 ὃς
848 2093 894 2123 1111
903 2091 972 2123 alias
983 2092 1062 2123 aliud
1072 2093 1180 2123 iisdem

221 2134 260 2166 de
271 2134 357 2164 rebus
369 2135 402 2164 δε
412 2136 544 2165 sentiunt
555 2155 564 2169 ‚
586 2135 618 2165 &
628 2134 762 2172 judicant
770 2155 779 2167 ,
803 2135 836 2164 δε
856 2144 912 2164 nos
929 2137 1089 2165 contrarias
1106 2135 1181 2174 saepe

220 2177 320 2207 causas
339 2176 469 2206 dicimus
479 2196 487 2210 ‚
509 2187 573 2207 non
595 2175 690 2206 mod&
705 2185 738 2206 ut
748 2174 862 2205 Crassus
873 2184 974 2205 contra
983 2185 1034 2205 me
1043 2175 1119 2205 dicat
1128 2178 1183 2205 ali-

222 2217 357 2259 quando,
377 2227 427 2248 aut
445 2228 502 2258 ego
511 2227 616 2248 contra
626 2216 759 2248 Crass'um
771 2229 780 2251 3
798 2216 869 2247 cum
881 2217 1012 2246 alterutri
1023 2215 1140 2246 neceffe
1151 2215 1184 2246 fit

220 2258 330 2290 falsum
350 2259 464 2289 dicere:
485 2260 533 2290 sed
551 2262 641 2290 etiam
653 2268 685 2289 ut
703 2268 826 2299 uterque
841 2256 979 2288 nostrfim
991 2257 1093 2287 eadem
1105 2257 1141 2287 de
1153 2268 1184 2288 re

221 2299 296 2332 alifis
313 2300 394 2331 aliud
413 2300 554 2332 defendat
563 2321 571 2335 ,
595 2300 667 2331 cum
679 2301 744 2341 plus
756 2310 817 2329 uno
827 2310 932 2330 verum
943 2298 1001 2329 effe
1012 2309 1075 2329 non
1083 2298 1178 2339 possit.

222 2345 268 2374 ‘Ut
276 2344 368 2384 igitur
377 2344 410 2372 in
423 2343 572 2382 ejusmodi
581 2353 611 2372 re
621 2362 629 2376 ,
652 2352 717 2383 quae
727 2341 886 2371 mendacio
896 2343 968 2373 nixa
978 2339 1010 2370 sit
1021 2360 1028 2374 ‚
1057 2351 1122 2381 quae
1144 2341 1179 2370 ad

219 2385 375 2416 scientiam
384 2393 450 2414 non
459 2384 533 2424 saepe
540 2387 702 2424 perveniat,
715 2394 780 2424 quae
791 2384 950 2423 opiniones
961 2383 1069 2414 homin
1075 2392 1138 2415 um,
1147 2383 1179 2412 δε

221 2427 296 2466 saepe
315 2436 427 2457 e‚··rotes
439 2435 603 2466 aucupetur
610 2446 620 2460 ,
643 2428 683 2455 ita
692 2425 790 2456 dicam
802 2445 811 2459 ‚
832 2423 853 2454 fi
863 2425 978 2454 causam
988 2426 1096 2463 putatis
1108 2422 1176 2457 effe,

222 2479 274 2498 cur
283 2468 418 2498 audiatis.
466 2470 533 2497 Nos
543 2467 616 2498 verb
626 2488 635 2502 ‚
648 2468 679 2497 &
687 2467 772 2497 valde
783 2466 906 2507 quidem
917 2486 925 2500 ‚
938 2466 1058 2496 Catulus
1068 2467 1178 2506 inquit,

219 2519 362 2549 putamus
373 2529 381 2542 ,
391 2518 476 2549 atque
485 2508 523 2539 eo
534 2512 639 2551 m‘agis,
652 2508 734 2550 quod
744 2509 827 2538 nulla
836 2509 912 2537 milii
924 2507 1122 2537 ostentatione
1133 2509 1180 2536 vi-

219 2550 298 2582 deris
308 2549 364 2580 effe
375 2551 487 2580 usurus.
519 2552 648 2581 Exotsus
659 2561 689 2580 es
700 2553 783 2580 enim
795 2560 858 2580 non
869 2549 996 2591 gloriose
1007 2551 1100 2590 magis
1113 2569 1121 2582 ‚
1145 2557 1177 2578 ut

218 2601 251 2623 tu
261 2601 356 2633 putas,
367 2592 383 2621 ii
393 2594 524 2626 veritate,
536 2598 626 2633 quam
638 2593 653 2622 {i
664 2593 776 2626 nescio,
786 2602 843 2633 qua
852 2591 1004 2632 dignitate.
1035 2593 1078 2620 Ut
1088 2592 1177 2631 igitur

220 2634 258 2664 de
268 2634 333 2674 ipso
343 2643 449 2674 genere
459 2634 525 2665 sum
535 2633 697 2667 confessus,
709 2636 810 2674 inquit
819 2635 969 2663 Antonius
981 2652 990 2666 ,
1013 2640 1106 2662 artem
1116 2631 1175 2661 effe

217 2686 284 2706 non
303 2685 471 2705 maximam
484 2686 490 2704 2
508 2674 548 2706 sic
556 2675 633 2707 iilud
643 2675 761 2710 affirmo
771 2696 780 2710 ‚
798 2683 939 2716 praecepta
946 2673 1029 2715 posse
1038 2673 1174 2715 quaedam

258 2809 281 2826 1.
301 2802 386 2826 DuJJm·
404 2799 433 2828 ὼ
448 2800 623 2832 perurbanm]
643 2801 754 2826 Memmi.
770 2798 969 2825 membranaceo
980 2796 1090 2822 &1³ith.
1105 2797 1171 2822 item

214 2836 272 2861 1111.
284 2845 324 2872 pr.
336 2845 387 2861 nou
399 2833 466 2860 adest
476 2853 484 2866 ,
504 2835 582 2860 doffm
592 2836 620 2865 (ἰν
632 2854 640 2865 ,
657 2834 857 2871 poteramusslue
871 2844 902 2859 eo
913 2842 1010 2858 carere.
1034 2831 1077 2858 sed
1088 2841 1172 2868 neque

213 2872 295 2900 iidem
307 2871 394 2907 postea
402 2872 557 2905 agnoscunt,
568 2879 595 2895 ea
604 2880 652 2903 que
660 2872 795 2901 seriberent.
816 2880 875 2895 meo
885 2869 972 2895 animo
984 2868 1066 2895 refite.

254 2917 282 2933 2.
302 2910 380 2933 Alteri
387 2909 440 2938 plus
447 2906 540 2938 fbr'faffi'
549 2915 620 2939 quam
629 2908 672 2938 ipse
682 2907 737 2939 dese
748 2918 753 2931 ;
771 2916 813 2940 quo
823 2908 893 2931 eiiam
906 2906 1024 2939 sbi-ipſsa]
1048 2903 1171 2931 Memmii

216 2943 329 2969 membr.
340 2945 411 2968 alteri
420 2942 495 2967 almd.
518 2941 587 2967 l'itlx.
598 2943 669 2967 aller-i
680 2944 763 2967 alium.
784 2942 839 2969 iul.
853 2951 894 2977 pr.
905 2943 976 2971 alteri
992 2942 1080 2973 aliter-,-
1101 2938 1171 2975 quod

216 2979 342 3006 ultimum
361 2978 447 3013 placet
460 2997 466 3007 ‚
484 2976 733 3012 rescribendumque
752 2986 822 3003 cette
841 2975 995 3008 eorumdem
1015 2975 1067 3004 fide
1079 2995 1087 3007 ,
1106 2977 1171 3002 item

215 3015 339 3042 Memmii
359 3020 484 3049 pie->terea
502 3012 649 3044 chartacei,
667 3020 746 3047 atque
758 3013 882 3039 editionis
893 3013 1001 3048 primae'
1023 3021 1094 3047 quam
1110 3013 1168 3045 ilfi*

213 3051 240 3075 dc
250 3060 293 3084 quo
302 3054 372 3076 etiam
384 3050 484 3081 scripsit.
507 3058 565 3074 uam
575 3057 633 3083 quae
643 3049 787 3075 Lambinus
798 3048 880 3075 adhuc
890 3048 1013 3075 adtexuit
1025 3067 1033 3080 ,
1052 3048 1079 3074 in
1095 3047 1170 3075 nullo

214 3086 274 3113 saint
283 3085 428 3121 exemplari
439 3084 545 3119 scripto.

252 3131 282 3158 3-
297 3123 364 3155 Qod
371 3122 506 3154 adflatvem
512 3121 649 3153 promiserat
655 3121 676 3153 .]
697 3119 783 3146 'Miror
793 3119 993 3149 ε111’1εὲὶίοι1ε1η
1004 3119 1077 3150 istam
1089 3126 1170 3147 vexet

211 3157 359 3188 Lambinus
372 3177 380 3191 ‚
391 3157 531 3185 restantem
541 3156 567 3185 ‘ui
579 3155 702 3186 omnibus
714 3156 782 3184 Pali.
792 3155 966 3185 editionibus.

1247 130 1777 180 Cr‘cERonts

1234 212 1296 243 dari
1314 222 1450 254 peracuta
1464 215 1501 246 ad
1519 215 1739 257 pertm&andos
1755 216 1874 246 animos
1884 214 2050 247 hominum
2059 235 2068 251 ,
2089 211 2194 248 &423

1234 255 1427 296 excipiendas
1446 268 1551 288 eorum
1571 259 1752 288 voluntates.
1776 258 1876 297 Hujus
1885 260 1927 288 rei
1937 259 2092 289 scientiam
2103 257 2194 299 siquis

1231 297 1315 328 volet
1334 307 1467 338 magnam
1477 302 1619 341 quandam
1629 307 1718 328 artem
1727 297 1785 328 effe
1796 299 1893 330 dicere
1902 320 1910 334 ‚
1935 310 1999 330 non
2010 300 2192 342 repugnabo.

1232 340 1355 369 Etenim
1367 339 1438 370 cum
1449 342 1582 382 plerique
1593 341 1704 371 temere
1715 360 1724 373 ,
1735 350 1766 370 ac
1776 341 1859 371 nulla
1868 343 1980 372 ratione
1990 343 2087 372 causas
2101 344 2133 371 in
2142 341 2193 372 fo-

1231 390 1265 411 ro
1278 380 1389 415 dicant,
1402 384 1546 412 nonnulli
1555 391 1653 413 autem
1663 390 1780 422 propter
1790 384 2048 416 exercitationem,
2060 392 2109 414 aut
2117 393 2189 423 pro-

1229 431 1293 462 pter
1310 423 1565 454 consuetudinem
1584 424 1713 464 aliquam
1732 424 1868 454 callidius
1879 424 1910 454 id
1919 424 2028 455 faciant
2036 444 2045 457 ‚
2072 435 2135 454 non
2146 423 2190 455 est

1230 464 1359 494 dubium
1371 484 1380 498 ,
1399 467 1472 505 quin
1481 486 1493 499 .‚
1515 464 1536 495 si
1545 467 1612 506 quis
1622 465 1882 499 animadverterit,
1893 466 1964 505 quid
1975 465 2008 496 sit
2019 487 2027 500 ‚
2040 476 2129 506 quare
2139 467 2191 496 alii

1231 506 1350 539 melius,
1362 506 1454 546 quam
1464 508 1515 537 alii
1524 507 1634 540 dicant,
1648 507 1678 537 id
1689 505 1774 547 poffit
1784 515 1898 536 notare.
1934 510 2013 547 Ergo
2023 508 2053 537 id
2063 509 2115 548 qui
2124 516 2191 538 toto

1230 549 1263 577 in
1271 558 1379 588 genere
1391 547 1504 582 fecerit,
1517 550 1541 578 is
1548 547 1570 578 si
1582 559 1645 578 non
1653 548 1742 588 plane
1753 557 1858 581 artem,
1869 557 1898 578 at
1906 548 1983 589 quafi
1993 558 2085 578 artem
2095 559 2191 589 quan-

1230 589 1299 619 dam
1310 592 1468 620 invenerit.
1490 593 1586 631 Atque
1598 592 1726 623 utinam,
1739 598 1771 619 ut
1781 591 1859 620 mihi
1868 590 1920 619 illa
1930 590 2030 620 videre
2042 589 2146 620 videor
2155 592 2190 621 in

1229 630 1298 662 foro
1310 651 1318 665 ‚
1329 641 1414 672 atque
1426 634 1459 662 in
1470 630 1558 662 causis
1572 643 1578 662 ι
1598 634 1638 662 ita
1647 642 1728 662 nunc
1739 651 1747 666 ,
1768 631 2026 672 quemadmodum
2039 642 2072 662 ea
2081 634 2191 672 reperi-

1229 682 1341 706 rentur,
1354 677 1367 701 5
1374 672 1490 714 poffem
1501 674 1587 704 vobis
1597 684 1747 714 exponere
1760 684 1765 702 t
1788 673 1844 703 Sed
1854 672 1890 703 de
1903 683 1952 703 me
1961 674 2066 704 videro
2080 684 2084 702 :
2107 684 2190 704 nunc

1230 715 1288 745 hoc
1297 725 1437 755 propono
1451 737 1459 749 ,
1470 715 1551 756 quod
1562 717 1639 745 mihi
1648 713 1771 756 persuasi
1782 735 1789 748 ,
1802 717 1940 755 quamvis
1950 725 1993 745 ars
2006 725 2068 745 non
2078 713 2112 745 sit
2123 726 2128 744 :
2147 724 2190 746 ta-

1233 766 1306 786 men
1326 767 1429 787 NimL
1447 757 1504 787 effe
1513 757 1647 797 perfeSto
1658 766 1771 787 oratore
1782 757 1959 796 praeclarius.
1972 766 2091 790 nam,ut
2100 757 2190 789 usum

1233 798 1353 828 dicendi
1364 801 1503 829 omittam
1515 819 1523 832 ‚
1540 801 1593 839 qui
1603 801 1635 829 in
1646 801 1734 829 omni
1743 807 1850 838 pacata,
1863 799 1894 827 &
1905 799 1997 828 libera
2007 801 2124 829 civitate
2134 798 2191 829 do—

1236 841 1377 874 minatur0
1391 849 1469 870 tanta
1479 840 1640 871 oble-&atio
1649 840 1692 870 est
1702 842 1736 870 in
1746 841 1805 880 ipsa
1812 840 1949 871 facultate
1959 839 2131 873 dicendi,ut
2140 842 2188 870 ni-

1234 881 1279 910 hil
1289 882 1453 912 hominum
1463 891 1513 912 aut
1522 882 1639 912 auribus
1650 903 1658 915 ‚
1687 891 1736 912 aut
1746 882 1899 912 mentibus
1906 883 1916 921 j
1923 881 2068 911 ucundius
2077 884 2191 922 percipi

1232 921 1327 962 poffit.
1361 926 1421 966 Qi
1440 926 1524 954 enim
1543 933 1645 954 cantus
1655 922 1671 943 ⁶
1682 923 1841 954 modeiatae
1852 926 1999 954 orationis
2008 925 2188 963 pronuntia-

1234 964 1445 995 tionedulcior
1456 967 1587 996 inveniri
1596 965 1693 1006 potest
1703 968 1713 994 ?
1735 965 1815 1006 quod
1825 975 1947 995 carmen
1956 965 2112 996 artificiosa
2121 975 2188 995 ver-

1233 1005 1343 1037 borum
1353 1006 1544 1037 conclusione
1553 1010 1648 1048 aptius
1660 1010 1671 1036 ?
1689 1009 1741 1048 qui
1751 1006 1833 1037 aEtor
1842 1012 1856 1035 7
1866 1010 1898 1037 111
1908 1006 2053 1037 imitanda
2063 1027 2071 1040 ‚
2091 1008 2187 1047 quam

1231 1057 1329 1078 orator
1338 1050 1371 1079 iri
1382 1048 1566 1089 suscipienda
1574 1049 1885 1089 veritate-jucundior?
1904 1049 1986 1090 Qid
2004 1058 2103 1078 autem
2119 1049 2188 1078 sub-

1231 1090 1312 1119 tilius
1324 1109 1332 1124 ‚
1352 1090 1443 1131 quarn
1454 1091 1731 1131 acutae,crebraeque
1740 1091 1912 1121 sententiae?
1934 1091 2006 1131 quid
2026 1090 2188 1120 admirabi-

1229 1131 1298 1164 lius,
1306 1136 1396 1172 quam
1408 1142 1451 1162 res
1462 1132 1617 1171 splendore
1626 1132 1769 1162 illustrata
1776 1133 1939 1173 verborum
1953 1136 1962 1161 ?
1971 1131 2044 1172 quid
2054 1132 2185 1171 plenius,

1227 1183 1316 1213 quam
1337 1176 1425 1203 omni
1447 1184 1547 1203 rerum
1564 1184 1670 1214 genere
1685 1174 1835 1203 cumulata
1846 1176 1960 1203 oratio?
1984 1176 2091 1214 Neque
2100 1175 2187 1204 enim

1225 1215 1285 1244 ulla
1305 1225 1368 1245 non
1388 1217 1504 1255 propria
1520 1218 1644 1245 oratoris
1656 1214 1699 1244 est
1707 1225 1751 1244 res
1761 1235 1770 1248 ‚
1790 1225 1854 1255 quae
1863 1214 1988 1255 quidem
2000 1214 2102 1245 ornate
2113 1215 2185 1249 dici,

1224 1258 1406 1297 graviterque
1425 1257 1539 1286 debeat.
1586 1257 1648 1294 Hui¹
1653 1266 1687 1286 us
1698 1256 1783 1286 estin
1793 1257 1893 1286 dando
1903 1255 2029 1286 consilio
2040 1256 2076 1286 de
2086 1259 2185 1287 maxi·
2207 1252 2211 1256 ⁷

1227 1300 1285 1327 mis
1305 1298 1392 1328 rebus
1411 1309 1482 1329 cum
1500 1298 1642 1339 dignitate
1661 1299 1805 1338 explicata
1823 1299 1967 1328 sententia
1979 1309 1984 1327 1
2004 1298 2138 1337 ejusdem
2150 1299 2184 1329 δε

1228 1340 1394 1381 languentis
1405 1341 1510 1383 populi
1520 1341 1667 1373 incitatio,
1684 1341 1715 1370 ὃς
1725 1339 1860 1370 effienati
1871 1340 2047 1370 moderatio.
2071 1340 2187 1372 Eadem

1227 1380 1364 1412 facultate
1375 1382 1407 1412 ὃς
1418 1381 1496 1412 fraus
1506 1384 1671 1413 hominum
1682 1382 1716 1412 ad
1726 1383 1892 1422 perniciem
1903 1402 1912 1416 ,
1933 1382 1966 1412 ὃς
1984 1383 2133 1422 integritas
2146 1382 2184 1415 ad

1227 1424 1352 1454 salutem
1373 1433 1506 1454 vocatur.
1535 1426 1611 1465 Qis
1631 1425 1779 1454 cohortari
1797 1424 1831 1454 ad
1850 1426 1994 1454 virtutem
2012 1425 2163 1453 ardentius
2173 1443 2184 1458 ,

1227 1468 1294 1506 quis
1305 1466 1320 1495 a
1330 1468 1415 1496 vitiis
1424 1468 1518 1496 acrius
1530 1476 1677 1499 revocare,
1689 1468 1756 1507 quis
1766 1467 1929 1506 vituperare
1940 1465 2095 1505 improbos
2105 1466 2189 1506 aspe-
2200 1483 2204 1485 -

1228 1510 1288 1536 rius
1300 1527 1309 1541 ,
1330 1510 1395 1548 quis
1405 1508 1520 1538 laudare
1530 1507 1627 1538 bonos
1639 1510 1769 1538 ornatius
1780 1527 1788 1541 ‚
1812 1509 1878 1548 quis
1889 1507 2081 1547 cupiditatem
2092 1509 2184 1538 vehe-

1227 1550 1359 1579 mentius
1369 1549 1501 1590 t‘rangeie
1511 1549 1675 1579 accusando
1685 1548 1780 1589 potest
1790 1552 1801 1578 ?
1822 1550 1888 1590 quis
1905 1558 2068 1578 moerorem
2086 1549 2186 1580 levare

1224 1593 1329 1620 mitius
1346 1591 1532 1621 consolando
1544 1594 1555 1620 ?
1584 1589 1706 1627 Historia
1723 1589 1795 1621 vero
1815 1590 1895 1620 testis
1915 1600 2087 1630 temporum
2097 1611 2106 1624 ‚
2127 1591 2182 1622 lux

1225 1634 1356 1662 veritatis
1366 1653 1374 1667 ,
1386 1635 1447 1663 vita
1456 1635 1614 1663 rnemoriae
1625 1653 1634 1666 ‚
1649 1632 1785 1674 magistra
1794 1634 1863 1662 vitae
1875 1652 1883 1666 ‚
1904 1635 2009 1662 nuntia
2018 1632 2182 1666 vetustatis,

1225 1684 1282 1715 qua
1291 1685 1364 1705 voce
1375 1675 1430 1707 alia
1439 1695 1448 1709 ‚
1470 1673 1524 1704 nifi
1533 1677 1658 1707 oratoris
1669 1694 1677 1708 ,
1695 1675 1913 1706 ‘immortalitati
1931 1674 2183 1704 commendatur?

1226 1719 1307 1746 Nam
1326 1714 1347 1745 si
1364 1727 1422 1758 qua
1430 1716 1473 1747 est
1482 1727 1525 1748 ars
1536 1717 1590 1747 alia
1599 1737 1608 1751 ‚
1627 1727 1693 1757 quae
1703 1716 1866 1749 verborum
1876 1735 1886 1750 ,
1904 1715 2180 1750 autfaciendorum‚

1224 1767 1274 1788 aut
1283 1758 1513 1799 deligendorum
1522 1759 1674 1789 scientiam
1684 1757 1856 1798 profiteatur
1867 1769 1872 1787 :
1893 1756 1913 1787 si
1932 1758 2087 1798 quisquam
2105 1757 2182 1788 dici-

1226 1808 1282 1833 tur,
1295 1799 1350 1830 nisi
1359 1810 1465 1834 orator,
1476 1800 1608 1831 formare
1617 1803 1798 1833 orationem,
1811 1810 1935 1841 eamque
1946 1801 2055 1829 variare
2066 1819 2075 1833 ,
2089 1799 2121 1829 &
2132 1799 2182 1830 di-

1226 1840 1373 1882 stinguere
1392 1841 1470 1883 quafi
1487 1841 1666 1884 quibusdam
1683 1842 1843 1872 verborum
1854 1842 2126 1882 sententiarumque
2137 1842 2182 1871 in-

1219 1883 1346 1923 signibus
1359 1894 1364 1912 z
1382 1893 1431 1914 aut
1441 1883 1461 1914 fi
1472 1887 1520 1914 via
1529 1885 1589 1914 ulla
1597 1904 1606 1918 ‚
1627 1882 1683 1913 nisi
1692 1884 1728 1914 ab
1739 1885 1793 1913 hac
1803 1893 1862 1913 una
1871 1893 1931 1913 arte
1942 1903 1950 1916 ,
1970 1882 2110 1916 traditur,
2131 1891 2182 1915 aut

1224 1934 1469 1966 argumentorum
1483 1946 1492 1959 ‚
1513 1935 1563 1956 aut
1572 1926 1798 1958 sententiarum,
1809 1935 1858 1955 aut
1867 1925 1996 1965 denique
2006 1924 2182 1964 descriPtio-

1224 1969 1272 1996 nis
1282 1987 1290 2001 ‚
1313 1976 1399 2008 atque
1408 1968 1525 1998 ordinis
1537 1978 1542 1996 ;
1565 1966 1710 1997 fateamur
1719 1977 1768 1997 aut
1776 1968 1834 1997 hoc
1844 1987 1852 2001 ‚
1871 1967 1953 2008 quod
1962 1967 2024 1995 haec
2034 1976 2077 1996 ars
2086 1965 2181 2006 profi-

1225 2016 1318 2039 teatur
1329 2029 1337 2043 ‚
1358 2010 1492 2040 alienum
1503 2007 1560 2039 effe
1570 2029 1579 2043 ,
1595 2018 1645 2039 aut
1655 2019 1726 2039 cum
1735 2009 1832 2050 aliqua
1839 2009 1895 2038 alia
1903 2017 1961 2038 arte
1969 2006 2029 2037 effe
2037 2014 2183 2050 commu-

1226 2061 1274 2080 ne.
1298 2050 1347 2080 sed
1357 2049 1378 2080 fi
1389 2054 1423 2081 in
1433 2052 1486 2082 hac
1496 2061 1555 2082 una
1565 2049 1608 2081 est
1618 2061 1650 2081 ea
1658 2053 1742 2084 ratio,
1754 2059 1838 2091 atque
1850 2049 1988 2080 dostrina
1999 2060 2004 2078 z
2022 2060 2088 2079 non
2097 2048 2119 2079 fi
2127 2052 2181 2091 qui

1224 2093 1350 2122 aliarum
1367 2095 1475 2123 artium
1497 2093 1573 2123 bene
1589 2093 1683 2127 locuti
1700 2093 1784 2128 sunt,
1806 2102 1842 2122 eo
1860 2094 1963 2127 minus
1980 2090 2012 2127 id
2030 2090 2073 2127 est
2092 2091 2184 2130 hujus

1225 2136 1314 2163 unius
1323 2137 1489 2174 proprium.
1513 2134 1562 2168 [ed
1573 2142 1605 2163 ut
1613 2142 1710 2163 orator
1719 2133 1757 2163 de
1767 2135 1805 2162 iis
1814 2133 1901 2163 rebus
1912 2152 1921 2166 ‚
1941 2143 2006 2173 quae
2016 2141 2181 2165 ceterarum

1225 2176 1332 2204 artium
1343 2175 1410 2204 sunt
1418 2194 1427 2210 2
1439 2173 1460 2204 si
1469 2173 1564 2206 modo
1575 2185 1621 2204 eas
1633 2176 1785 2215 cognom,
1801 2173 1845 2212 (ut
1854 2174 1918 2203 heri
1929 2173 2041 2204 Craffus
2051 2174 2179 2217 dicebat)

1225 2217 1341 2255 optime
1351 2215 1447 2256 potest
1456 2217 1553 2249 dicere
1567 2226 1572 2244 :
1600 2214 1638 2245 fic
1647 2225 1810 2245 ceteraium
1819 2219 1927 2246 artium
1938 2217 2080 2246 homines
2091 2227 2182 2248 orna-

1225 2259 1283 2287 tius
1294 2257 1345 2285 illa
1356 2257 1404 2287 sua
1413 2257 1516 2286 dicunt
1527 2277 1535 2290 ,
1557 2255 1577 2286 si
1587 2257 1659 2298 quid
1668 2257 1703 2287 ab
1722 2259 1775 2287 hac
1793 2266 1850 2287 arte
1870 2257 2047 2288 didicerunt.
2071 2260 2182 2308 Neque

1225 2299 1309 2328 enim
1320 2296 1341 2326 si
1351 2298 1387 2328 de
1405 2298 1520 2328 rusticis
1539 2299 1626 2328 rebus
1646 2300 1771 2339 agricola
1789 2300 1936 2340 quispiam
1947 2319 1956 2333 ‚
1975 2301 2124 2330 autetiam
2134 2300 2178 2335 id,

1225 2339 1305 2380 quod
1316 2340 1424 2373 multi,
1444 2340 1578 2370 medicus
1587 2340 1623 2370 de
1634 2340 1749 2370 morbis
1760 2361 1768 2374 ‚
1789 2350 1838 2371 aut
1855 2342 1891 2371 de
1910 2340 2063 2381 pingendo
2079 2340 2179 2381 pi6ior

1225 2383 1331 2421 aliquis
1341 2381 1447 2411 diserte
1460 2381 1570 2411 dixerit
1580 2402 1588 2414 ‚
1600 2391 1648 2412 aut
1658 2382 1802 2421 scripserit
1811 2403 1819 2416 ,
1831 2382 1942 2414 idcirco
1951 2384 2033 2413 illius
2043 2385 2111 2413 artis
2120 2393 2179 2424 pu-

1223 2423 1308 2452 tanda
1319 2421 1351 2452 sit
1359 2423 1531 2462 eloquentia
1543 2434 1548 2452 :
1560 2425 1592 2453 in
1604 2434 1661 2464 qua
1670 2434 1738 2463 quia
1748 2426 1791 2453 vis
1802 2434 1908 2465 magna
1919 2424 1961 2454 est
1970 2427 2002 2454 in
2010 2426 2175 2456 hominum

1221 2466 1351 2505 ingeniis
1363 2485 1371 2497 ‚
1393 2463 1430 2501 eo
1450 2465 1541 2495 multi
1556 2465 1708 2505 ctiamfine
1717 2464 1844 2495 doc'lrma
1851 2466 1963 2506 aliquid
1973 2469 2116 2503 omnium
2125 2477 2177 2508 ge-

1222 2516 1329 2536 nerum
1339 2526 1349 2539 ,
1368 2515 1454 2546 atque
1470 2508 1578 2541 artium
1597 2508 1821 2547 consequuntur
1831 2518 1836 2536 ;
1860 2508 1908 2537 sed
1918 2528 1926 2541 ‚
1950 2507 2021 2549 quid
2032 2509 2173 2549 cujusque

1221 2547 1253 2577 sit
1262 2550 1418 2587 proprium
1429 2568 1437 2581 ,
1458 2547 1508 2578 etsi
1517 2558 1556 2577 ex
1565 2548 1735 2588 eojudicari
1745 2548 1841 2589 potest
1850 2569 1859 2582 ‚
1877 2548 1948 2579 cum
1959 2549 2070 2580 videris
2079 2570 2088 2584 ‚
2099 2549 2173 2591 qui'd

1221 2599 1344 2630 quaeque
1355 2589 1481 2620 doceant
1491 2610 1499 2623 ‚
1510 2598 1611 2619 tamen
1623 2591 1680 2620 hoc
1689 2600 1798 2620 certius
1809 2591 1886 2620 nihil
1896 2590 1954 2621 esse
1963 2591 2068 2632 potest,
2081 2592 2173 2633 quam

1221 2631 1303 2671 quod
1314 2641 1421 2660 omnes
1432 2641 1506 2662 artes
1515 2632 1579 2668 alia:
1597 2630 1657 2661 sine
1675 2634 1847 2673 eloquentia
1865 2633 1952 2662 suum
1968 2643 2082 2664 munus
2095 2643 2176 2673 ‘pr-at-

1223 2672 1295 2703 stare
1314 2671 1436 2713 possunt
1445 2693 1454 2707 ,
1478 2682 1575 2703 orator
1593 2672 1653 2704 fine
1671 2684 1705 2704 ea
1721 2684 1838 2705 nomen
1855 2674 1943 2705 suum
1960 2675 2096 2705 obtinere
2109 2685 2174 2706 non

2066 2716 2175 2757 potest:

1254 2804 1280 2829 4.
1300 2798 1340 2821 Al!
1347 2801 1450 2829 exi-mim
1458 2800 1494 2822 {ar
1504 2809 1578 2824 eornm
1587 2800 1750 2834 voluntatem]
1770 2799 1847 2825 Nihil
1860 2807 1933 2826 muto
1945 2819 1953 2831 ,
1966 2799 2021 2825 Pal.
2033 2806 2121 2825 tamen
2131 2802 2173 2834 pr.

1217 2834 1351 2864 emendas.
1364 2834 1432 2859 i'itliv
1446 2835 1473 2859 8<
1487 2836 1597 2860 Memm.
1609 2835 1721 2861 membr.
1732 2837 1856 2867 explindas
1866 2846 1941 2861 torum
1949 2837 2094 2868 voluptates.

1256 2877 1281 2900 5.
1310 2870 1395 2902 ‘Pqffl-'m
1411 2871 1476 2895 vohis
1497 2880 1532 2903 cxj
1540 2872 1631 2905 onere]
1652 2870 1736 2897 Iidem
1757 2878 1810 2897 tres
1830 2891 1839 2902 ,
1855 2873 1941 2903 poffiam
1957 2872 2023 2896 vobis
2040 2874 2173 2905 exquirere.

1217 2904 1438 2938 quemadmodum
1459 2906 1486 2931 &
1506 2905 1746 2941 supi-a,excludunt
1766 2925 1775 2939 ‚
1791 2914 1885 2939 propter
1902 2909 2088 2933 exercitationem
2106 2913 2150 2932 emt
2161 2924 2171 2938 ‚

1216 2939 1286 2974 quod
1299 2942 1421 2967 tamenin
1435 2941 1501 2967 still.
1512 2943 1581 2968 aliis.

1252 2976 1278 3001 6.
1300 2977 1427 3002 Alarici-atie
1435 2978 1545 3003 orationi,-
1550 2980 1746 3010 pronunciatione
1755 2977 1867 3010 dulcium]
1884 2978 1966 3011 Triga
1973 2976 2065 3009 *eadem
2078 2996 2086 3008 ,
2096 2977 2172 3008 mode-

1216 3018 1273 3036 rata
1283 3015 1385 3037 erasioni-
1395 3013 1490 3038 dulcior.
1512 3021 1540 3038 ut
1550 3021 1669 3048 appare-it
1681 3013 1800 3039 librarios
1815 3013 1873 3039 aliis
1891 3013 1998 3048 aliisque
2009 3012 2065 3039 usos
2076 3022 2170 3040 exem-

1213 3047 1338 3086 plaribus.
1361 3047 1415 3073 Pal.
1427 3055 1491 3074 tert.
1502 3048 1591 3075 imbuit
1602 3059 1617 3075 a
1629 3058 1705 3075 manu
1716 3050 1811 3085 prima,
1822 3049 1942 3075 Μαίη-αυτ
1949 3050 2059 3074 orationis
2069 3049 2168 3083 dulcior,

1211 3087 1263 3108 line
1275 3083 1353 3109 verbo
1364 3084 1460 3109 altero.
1628 3110 1631 3113 ,

1246 3126 1273 3153 7.
1292 3122 1321 3144 In
1331 3120 1468 3154 imitanda,
1487 3127 1645 3155 quamorator
1661 3122 1688 3145 in
1699 3121 1874 3154 suscipienda]
1895 3121 1962 3146 Tres
1973 3120 2015 3146 illi
2027 3125 2168 3157 utramque

1207 3155 1337 3182 omittunt
1346 3156 1554 3192 prgcposstiouem
1565 3165 1572 3189 5
1584 3155 1735 3192 secutusque
1744 3156 1772 3184 id
1782 3157 1818 3185 est
1827 3156 1984 3186 Lambinus.

2035 3201 2061 3222 ι.
2079 3195 2172 3226 eatque
