2360 3400
627 138 882 186 Epis-r.
943 155 1027 185 An
1088 143 1187 186 Azr

237 219 422 263 neni-surgit
430 218 601 261 pulchellus
609 229 689 260 puer:
703 219 810 260 objicit
820 222 899 251 mihi
910 225 974 252 ¹me
983 221 1020 252 ad
1029 221 1112 261 Bajas
1120 220 1194 252 fuis-

235 266 275 297 se.
287 264 395 296 falsum
408 272 414 292 :
426 262 476 293 sed
488 270 589 293 tamen
599 265 614 281 ²
623 261 696 303 quid
710 263 768 293 hoc
777 265 788 292 ?
798 262 894 293 limile
904 262 956 297 est,
968 264 1102 304 inquam,
1112 261 1193 304 quasi

238 308 318 341 dicas
327 307 359 335 in
377 312 482 344 operto
492 302 589 334 fuiffe.
600 303 691 344 quid,
703 305 820 345 inquit,
838 306 959 336 homini
969 306 1106 345 Arpinati
1120 314 1189 334 cum

234 348 316 389 aquis
326 346 432 376 caldis?
449 354 532 376 narra
542 365 551 378 ‚
567 346 691 386 inquam
703 365 713 380 ‚
734 355 861 386 patrono
872 355 924 378 tuo
935 366 944 380 ‚
968 345 1192 387 qui-Arpinates

233 398 322 430 aquas
331 388 540 427 concupivitz'3
551 386 632 418 nosti
642 389 726 417 enim
739 390 880 418 Marinas.
891 388 1066 430 Qousque,
1077 389 1189 428 inquit,

234 432 317 461 hunc
327 439 416 470 regem
424 429 576 459 feremus?
597 439 697 469 regem
707 430 836 470 appellas
845 450 854 464 ,
876 432 1000 470 inquam
1012 448 1021 463 ,
1038 427 1110 459 cum
1120 431 1189 458 Rex

234 473 278 503 tui
296 472 489 501 mentionem
499 471 614 501 nullam
624 472 746 502 fecerit?
764 471 816 501 ille
827 480 926 502 autem
941 472 1033 512 Regis
1043 469 1188 500 heredita-

233 522 296 544 tem
307 513 356 553 spe
375 512 539 543 devorarat.
562 515 702 543 Domum
713 533 721 547 ‚
736 514 854 553 inquit,
866 511 974 543 emisti.
997 517 1015 539 4
1025 521 1109 552 putes
1119 531 1128 546 ‚
1140 513 1190 542 in-

233 565 334 596 quam,
345 554 443 584 dicere
454 574 462 588 ,
465 555 575 593 judices
586 555 686 585 emisti
699 555 824 594 :juranti
835 574 843 589 ,
855 555 972 595 inquit,
985 554 1040 584 tibi
1051 564 1116 584 non
1125 563 1189 583 cre-

231 596 382 628 diderunt.
406 598 484 626 mihi
499 595 572 627 vero
584 617 592 630 ,
610 598 734 638 inquam
756 606 831 627 xxv.
846 596 960 636 judices
975 595 1186 627 crediderunt:

231 649 320 670 xxxx
342 658 350 672 ,
379 641 524 678 quoniam
544 648 691 669 nummos
715 648 783 669 ante
799 646 976 677 acceperunt
995 658 1004 671 ‚
1033 637 1088 667 tibi
1111 636 1189 667 nihil

231 680 434 711 crediderunt.
465 682 583 722 magnis
601 681 784 711 clamoribus
803 679 933 710 affliEtus
949 680 1097 710 conticuit
1113 698 1122 712 ,
1153 678 1186 708 &

231 721 377 752 concidit.
401 721 512 752 Noster
528 731 629 752 autem
650 721 739 752 status
758 720 801 751 est
819 722 877 751 hic.
898 720 975 761 apud
985 721 1084 751 bonos
1093 720 1186 750 iidem

230 765 355 796 sumus,
372 773 449 804 quos
469 763 615 804 reliquisti
636 775 645 798 3
672 762 749 803 apud
768 762 885 792 sordem
905 762 1006 795 urbis,
1030 762 1063 792 δε
1081 760 1186 792 faecem

232 809 247 833 5
258 805 356 836 multo
366 804 478 835 melius
489 815 570 834 nunc
581 823 590 838 ,
607 804 699 845 quam
710 803 866 843 reliquisti.
882 813 953 833 nam
968 804 1001 833 &
1011 802 1086 833 illud
1097 803 1187 832 nobis

231 857 296 878 non
318 845 403 877 obest
422 866 431 880 ‚
462 846 558 875 videri
576 845 713 875 nostrum
732 844 943 874 testimonium
965 854 1030 874 non
1048 842 1185 874 valuisse.

231 887 338 919 miffus
357 887 399 917 est
418 887 533 929 sanguis
557 887 669 916 invidia
690 885 750 915 sine
771 885 877 915 dolore
891 905 899 919 ,
915 894 1003 926 atque
1026 888 1116 915 etiam
1128 887 1188 916 hoc

229 932 326 972 magis
339 949 349 962 ,
367 927 450 969 quod
470 937 578 958 omnes
600 928 646 957 illi
663 927 795 957 fautores
815 927 900 956 illius
913 926 1017 967 flagitii
1035 937 1100 957 rem
1121 937 1185 957 ma-

229 970 369 1002 nifestam
390 970 474 999 illam
491 969 676 1009 redemptam
695 966 755 998 effe
779 967 796 998 a
809 968 962 1006 judicibus
990 967 1183 1000 confitentur.

227 1012 352 1044 Accedit
361 1010 436 1041 illud
449 1030 457 1044 ,
477 1009 560 1051 quod
570 1011 621 1042 illa
630 1010 816 1041 concionalis
826 1010 923 1040 hirudo
933 1013 1026 1041 aerarii
1036 1030 1044 1045 ‚
1065 1011 1183 1045 misera,

227 1065 260 1086 ac
272 1055 374 1093 jejuna
390 1052 563 1093 plebecula,
583 1062 632 1083 me
651 1052 687 1082 ab
709 1053 768 1081 hoc
787 1054 901 1092 Magno
919 1052 1008 1083 unice
1022 1052 1108 1094 diligi
1124 1063 1183 1093 pu—

227 1104 284 1127 tat:
304 1095 339 1125 &
351 1094 469 1124 hercule
479 1094 576 1124 multa
593 1094 774 1134 &jucunda
790 1094 1008 1125 consuetudine
1025 1094 1183 1131 conjunffi

226 1139 307 1168 inter
324 1146 381 1166 nos
391 1136 495 1167 sumus
510 1156 519 1170 ,
537 1136 629 1177 usque
637 1135 692 1169 eb,
712 1145 744 1166 ut
757 1134 852 1165 nostri
863 1134 1184 1167 isti⁶commiffatores

223 1179 464 1219 conjurationis,
478 1177 633 1208 barbatuli
656 1179 801 1217 juvenes,
823 1177 913 1207 illum
939 1179 971 1208 in
989 1178 1182 1208 sermonibus

227 1223 354 1252 enaeum
366 1221 543 1250 Ciceronem
554 1219 713 1260 appellent.
730 1221 830 1260 itaque
840 1223 854 1247 7
868 1219 900 1249 &
910 1219 1006 1253 ludis,
1028 1220 1061 1250 &
1069 1220 1181 1262 gladia-

225 1272 342 1303 toribus
361 1271 509 1301 mirandas
534 1261 753 1304 ἒπίσηιῳισίως
775 1267 836 1298 fine
855 1269 916 1299 ulla
928 1268 1182 1310 pastoriciafistula

226 1313 445 1345 auferebamus.
469 1308 483 1332 8
495 1321 577 1342 nunc
601 1310 644 1341 est
661 1309 842 1350 exspthatio
852 1314 1049 1342 comitiorum
1064 1314 1113 1342 :in
1124 1322 1182 1352 qua

226 1355 374 1386 omnibus
393 1356 498 1384 invitis
517 1352 611 1384 trudit
627 1351 728 1382 noster
746 1354 873 1393 Magnus
884 1354 955 1383 Auli
967 1352 1065 1384 filium
1079 1362 1182 1394 :atque

226 1400 261 1428 in
285 1407 323 1427 eo
348 1406 447 1438 neque
455 1395 647 1428 auEmritate,
665 1403 764 1434 neque
771 1396 861 1435 gratia
867 1404 995 1436 pugnat,
1014 1395 1062 1425 sed
1073 1396 1182 1436 quibus

229 1440 386 1478 Philippus
408 1446 522 1467 οΜΝιΑ
545 1444 718 1465 cAsraLLA
727 1439 889 1476 expugnari
900 1436 979 1476 poss'e
991 1437 1124 1471 dicebat,
1148 1439 1180 1467 in

225 1490 294 1522 quae
315 1478 411 1510 modo
429 1479 536 1509 asellus
557 1476 683 1507 onustus
700 1486 772 1507 auro
781 1476 1049 1517 pofl'etascendere.
1068 1479 1181 1509 Consul

226 1531 326 1553 autern
336 1521 399 1555 ille,
409 1524 424 1548 9
435 1520 614 1550 Doterionis
623 1517 778 1549 histrionis
788 1517 907 1554 similis,
918 1519 1074 1560 suscepisse
1085 1530 1181 1561 nego-

225 1566 304 1594 tium
324 1563 434 1593 dicitur
447 1582 457 1596 ,
478 1562 511 1593 &
529 1561 616 1592 domi
634 1560 780 1591 divisores
799 1561 924 1592 habere:
943 1563 1024 1604 quod
1041 1572 1097 1603 ego
1116 1572 1181 1592 non

230 1605 330 1636 credo.
349 1604 398 1635 sed
409 1607 438 1635 S.
449 1607 483 1635 C.
494 1603 556 1634 duo
566 1604 630 1643 J'am
639 1601 716 1633 faEta
728 1603 797 1633 sunt
808 1623 816 1637 ‚
828 1603 931 1634 odiosa
940 1624 948 1638 ‚
963 1603 1045 1645 quod
1057 1607 1088 1634 in
1099 1607 1182 1635 Con-

223 1648 321 1678 sulem
346 1645 423 1678 fasta
441 1654 581 1686 putantur
593 1664 602 1679 ,
629 1647 742 1675 Catone
773 1645 806 1675 δε
834 1647 977 1676 Domitio
1001 1645 1183 1687 postulante;

223 1698 323 1719 unum
343 1708 353 1723 ‚
380 1697 413 1718 ut
438 1688 515 1728 apud
540 1686 726 1727 magistratus
752 1688 867 1728 inquiri
885 1688 1013 1723 liceret,
1040 1690 1181 1723 alterum,

231 1731 355 1770 ¹0cujus
370 1729 457 1760 domi
468 1729 614 1759 divisores
626 1728 801 1762 habitarent,
811 1729 947 1760 adversus
958 1733 1069 1771 Remp.
1082 1732 1181 1761 Lurco

222 1780 323 1803 autern
342 1771 500 1802 Tribunus
518 1770 600 1811 pleb.
626 1772 677 1811 qui
704 1770 909 1811 magistratum
937 1770 1026 1802 simul
1045 1783 1115 1803 curn
1139 1773 1182 1802 le-

221 1819 260 1854 ge
282 1815 362 1844 AElia
380 1814 470 1846 iniit,
491 1813 606 1843 solutus
615 1811 657 1842 est
667 1813 698 1843 ὃς
709 1814 788 1843 AElia
798 1833 807 1846 ,
826 1813 859 1842 &
870 1811 953 1843 Fufia
965 1834 973 1846 ‚
994 1822 1027 1843 ut
1037 1814 1133 1855 legem
1145 1814 1181 1844 de

207 1855 342 1885 'ambitu
365 1853 453 1885 ferret
468 1866 477 1888 3
497 1864 585 1896 quam
598 1854 650 1883 ille
659 1853 743 1884 bono
750 1855 880 1894 auspicio
891 1855 1006 1884 claudus
1018 1856 1096 1885 homo
1109 1865 1180 1894 pro-

225 1897 381 1938 mulgavit.
393 1897 433 1927 ita
449 1898 611 1926 comitia¹¹
631 1897 665 1925 in
675 1904 743 1925 ante
753 1896 835 1926 diem
848 1906 896 1926 vr.
909 1906 986 1926 imi..
998 1900 1080 1927 Sext.
1091 1897 1180 1927 dilata

225 1939 302 1969 sunt.
327 1939 402 1968 novi
413 1937 501 1974 estin„
511 1938 574 1978 lege
583 1938 642 1967 hoc
653 1957 661 1971 ,
681 1946 714 1967 ut
727 1957 735 1971 ,
756 1939 965 1978 quinummos
976 1940 1007 1968 in
1019 1939 1098 1968 tribu
1107 1948 1178 1978 pro-

226 1981 382 2013 nuntiarit,
397 1978 418 2009 fi
433 1978 628 2010 non'dederit
638 1999 646 2012 ‚
657 1980 783 2019 impune
793 1978 846 2014 fit;
864 1978 907 2010 fin
917 1979 1086 2016 dederiuut
1098 1990 1176 2020 quo-

225 2022 263 2052 ad
273 2023 364 2056 vivat,
377 2025 405 2041 ¹²
417 2021 539 2062 singulis
550 2021 685 2051 tribubus
696 2030 749 2050 H-s
759 2031 815 2051 cro
830 2031 887 2051 cio
900 2032 957 2052 cm
966 2022 1080 2052 debeat.
1097 2022 1175 2056 dixi,

223 2064 300 2094 hanc
318 2064 416 2105 legem
434 2066 466 2094 P.
487 2063 630 2094 Clodium
645 2064 709 2103 jam
732 2071 800 2096 ante
825 2063 964 2095 servass'e:
982 2066 1175 2105 pronuntiare

256 2193 266 2211 1
274 2204 280 2211 .
300 2189 342 2212 Me
351 2186 384 2210 ad
390 2185 549 2219 Bajasfiaiffi.
568 2185 687 2219 Falsum]
709 2186 806 2210 Faffum
818 2204 827 2218 ,
845 2184 987 2221 legendum
999 2185 1050 2212 esse
1059 2185 1170 2221 conjicit

215 2220 363 2248 Lambinus
375 2232 381 2247 z
395 2222 496 2255 safiaem,
507 2221 654 2246 Manutius.

253 2265 281 2283 2.
301 2257 412 2289 Qidhoc
422 2261 432 2282 ἒ
444 2256 544 2291 simile]
566 2256 624 2282 ssos.
636 2264 668 2282 ex
681 2256 738 2283 mss.
749 2263 778 2283 ut
788 2257 815 2283 Sc
827 2257 983 2285 Lambinus.
994 2257 1087 2284 foi-mis
1098 2258 1171 2294 prius

214 2293 330 2330 impreffi
342 2292 449 2324 habent,
460 2293 519 2326 quid
526 2294 670 2326 huicfimile,
679 2293 730 2323 duc

272 2349 278 2355 .
298 2331 360 2362 Nosti
368 2332 429 2354 enim
438 2329 581 2362 Marinum]
600 2331 734 2355 estias-inat
751 2328 818 2364 legit
836 2329 904 2356 Ant.
915 2328 1078 2366 Augustinus
1089 2330 1116 2356 δε
1132 2329 1172 2357 ita

213 2337 265 2391 esi{
275 2365 301 2392 in
312 2364 489 2401 manuscripto
498 2363 588 2390 codice
599 2363 707 2391 testatur
717 2365 838 2392 Ursinus.

250 2408 280 2434 4.
297 2402 399 2435 Putes]
420 2400 501 2436 Vulg.
514 2407 601 2433 putas.

254 2445 281 2469 5.
301 2438 379 2463 Multo
389 2439 470 2462 melius
479 2446 553 2467 nunc,
567 2436 664 2470 quam]
685 2437 711 2463 A
723 2436 796 2473 vulg.
806 2437 875 2465 abest
886 2446 959 2465 mmc.

252 2472 280 2498 6.
299 2472 507 2506 Commtffatoresfl
526 2473 567 2499 Ita
576 2472 711 2499 Vffiiorius
722 2482 754 2500 ex
767 2473 814 2499 ms.
824 2474 895 2509 qnod
907 2472 1076 2511 reprehendit
1085 2474 1169 2500 Lam-

214 2508 303 2540 binus,
313 2508 341 2534 81
353 2508 420 2543 legit
428 2509 580 2541 comissatores
590 2509 668 2535 unico
678 2519 710 2535 m.
731 2509 812 2545 vulgo
824 2511 986 2543 comeffixrores.
1005 2511 1098 2537 Unum
1118 2509 1166 2536 ms.

214 2544 300 2571 Palat.
320 2544 506 2578 commensatoo·es
516 2562 524 2575 ‚
542 2544 638 2576 habet;
659 2545 729 2581 qnod
750 2555 801 2572 non
811 2546 930 2582 ineptum
942 2545 1049 2573 videtui·
1060 2546 1148 2582 Junio
1160 2555 1168 2576 5

212 2579 345 2616 prioribus
356 2586 443 2606 tamen
455 2579 613 2606 lectionibus
624 2590 675 2607 non
686 2580 805 2617 praefert.

249 2629 277 2655 7.
298 2624 330 2646 Et
338 2620 437 2651 ludis&
449 2620 649 2655 gladiatoribus]
670 2623 711 2648 lta
720 2621 744 2648 se
764 2631 798 2648 ex
809 2621 856 2648 ms.
868 2621 1006 2657 reposuisse
1022 2623 1062 2649 ait
1071 2621 1166 2649 vieto-

211 2657 267 2684 sius
278 2666 360 2693 quum
371 2657 443 2692 prius
455 2656 601 2691 legeretur,
611 2659 693 2691 Itaque
701 2657 843 2688 &ludentes
855 2658 1039 2691 gladiatorihur.

248 2697 275 2723 8.
294 2702 373 2732 ch
390 2698 571 2729 effexspeflatio
587 2699 742 2723 comitiorum:
765 2701 791 2723 in
801 2708 850 2731 qua
866 2700 972 2723 omnibus
988 2699 1072 2725 invisit
1089 2699 1167 2725 trudit

209 2735 283 2765 noster
292 2739 399 2767 Magnus
407 2732 587 2767 2Anlififflum]
611 2732 681 2768 Vulg
687 2753 692 2758 .
711 2743 737 2759 m
745 2743 794 2767 qua»
802 2736 906 2759 omnibns
914 2735 999 2760 ite-uitis
1008 2734 1083 2760 trudit
1093 2737 1166 2768 noster

211 2778 309 2802 magnus
319 2771 376 2796 Auli
385 2772 414 2795 F.
434 2771 567 2795 Caeterum
580 2778 629 2805 pro
647 2769 683 2795 Α.
696 2770 726 2796 F.
746 2770 774 2795 &
790 2769 832 2796 liic
851 2770 878 2796 &
899 2771 924 2795 in
946 2769 1040 2796 ultima
1058 2771 1166 2806 epistola

213 2803 288 2837 hujus
299 2805 360 2831 libri
372 2805 438 2841 legit
450 2805 551 2841 Lipsius
571 2807 606 2831 Α.
618 2806 648 2831 F.
667 2804 694 2831 id
706 2805 741 2832 est
752 2807 887 2840 Afranium.
900 2804 1020 2832 videatur
1030 2805 1101 2833 libro
1113 2815 1162 2833 ιιι.

212 2840 342 2868 variarum
354 2841 498 2868 ieetionum
510 2850 565 2877 cap.
576 2841 683 2868 ultimo.

248 2892 276 2919 9.
294 2887 421 2912 Dourion&
429 2885 571 2920 histrionia]
594 2887 635 2913 Est
648 2886 714 2913 Bossi
726 2886 763 2912 ita
773 2885 936 2919 conjicientis
950 2889 990 2912 'ex
1003 2885 1094 2912 vitiosa
1106 2886 1164 2913 mss.

212 2918 316 2948 suorum
326 2921 463 2958 scriptura.
474 2923 604 2958 atJunins
617 2942 625 2954 ‚
635 2923 680 2949 etsi
691 2922 861 2949 acutiffimam
873 2922 1050 2956 conjecturam
1063 2922 1164 2955 landet,

214 2955 346 2984 vuioatam
358 2977 367 2988 ‚
385 2959 521 2990 deterioris,
541 2966 628 2986 tamen
648 2958 816 2986 retinendum
830 2958 927 2984 censet.
948 2957 1078 2984 retinebat
1097 2958 1162 2985 item

215 2978 375 3019 Gulielmius
388 3012 396 3025 ,
415 3000 539 3029 tanquam
559 2999 670 3031 repenti:
692 2994 831 3030 respiceret
841 2995 947 3020 Tullius
966 2994 997 3020 ad
1017 2995 1162 3031 l’roiogum

187 3041 191 3043 λ
213 3026 328 3054 Plautini
340 3028 550 3064 Ainpbytruonis
564 3050 571 3063 ,
584 3030 657 3057 versu
668 3031 714 3066 67.
726 3032 753 3057 &
764 3031 942 3067 sequentibus.

253 3075 293 3092 10.
300 3069 372 3100 Cujus
381 3068 439 3094 domi
449 3068 560 3102 ali-nfires
569 3072 732 3106 habitarent]
753 3071 855 3107 Vulgo,
866 3071 989 3106 cnjusmodi
997 3071 1106 3104 diwfires
1117 3072 1162 3097 ha-

209 3103 300 3129 berem.
319 3103 473 3130 Bessarionis
492 3105 520 3130 δε
539 3106 705 3134 Cavaimntis
723 3107 806 3140 libri,
820 3109 976 3141 habitarcm5
996 3108 1091 3144 quibus
1104 3107 1161 3134 vul-

207 3146 298 3173 gatum
308 3138 450 3166 leifiionem
461 3139 678 3176 pi'aefertJunius.
772 3143 775 3146 ⁴

251 3187 279 3205 ιι
287 3200 293 3205 .
311 3182 340 3205 In
346 3186 405 3206 ante
414 3180 471 3206 diem
480 3188 523 3206 vi.
534 3180 607 3215 Καί]
626 3185 654 3208 In
663 3189 718 3209 anre
728 3191 764 3210 n.
774 3186 829 3210 Kal.
841 3184 957 3220 vulgata.

1217 141 1826 203 T1CUM‚.L11³²·1·.
2085 159 2179 209 779

1234 221 1319 250 enirn
1331 220 1454 251 solitum
1465 219 1533 255 effe,
1549 220 1656 253 &non
1665 219 1744 252 dare.
1769 221 1825 252 Sed
1835 222 1910 253 heus
1921 231 1965 256 tu,
1976 223 2099 254 videsne
2110 228 2185 255 Cor:

1235 269 1362 299 sulatum
1380 270 1469 300 illum
1481 270 1616 301 nostrum
1628 291 1638 305 ,
1661 279 1752 310 quem
1762 271 1854 301 Curio
1863 281 1947 302 antea
1957 264 2127 310 λ’πυῖὲωσυ
2137 283 2193 304 vow

1232 310 1334 344 cabat,
1353 309 1433 342 filiic
1444 311 1539 342 fa6hrs
1550 314 1604 343 erit
1615 333 1622 347 ‚
1649 311 1788 342 ¹3fabam
1800 311 1899 345 imum
1910 313 2047 345 futurum
2062 318 2072 344 ?
2091 325 2190 356 quare.

1232 368 1265 388 ut
1278 361 1387 399 opinor
1398 356 1649 397 φιλοστφητὲω,
1661 361 1691 391 id
1702 361 1783 403 quod
1798 371 1830 393 tu
1841 362 1914 405 facis
1923 383 1932 398 ‚
1950 363 1982 394 &
1992 363 2064 394 istos
2074 365 2190 396 Consu-

1230 405 1304 436 latus
1322 411 1352 434 ¹4
1361 417 1424 438 non
1436 409 1523 439 flocci
1534 403 1643 440 ἓαεἹὲον.
1665 412 1756 452 Qod
1767 412 1803 443 ad
1814 422 1863 444 me
1878 412 1981 443 scribis
1991 433 1998 446 ‚
2012 422 2040 443 te
2051 415 2081 443 in
2093 412 2192 445 Asiam

1232 446 1362 479 statuiffe
1371 459 1436 480 non
1446 452 1488 480 ire
1500 470 1507 484 ,
1532 451 1672 492 equidem
1686 454 1810 484 mallem
1821 474 1830 488 ‚
1841 464 1873 484 ut
1883 457 1940 484 ires
1955 465 2004 485 :ac
2018 465 2139 489 vereor,
2151 465 2190 485 ne

1232 490 1305 528 quid
1327 492 1359 520 in
1379 490 1432 521 ista
1450 501 1479 521 re
1491 493 1770 525 mimiscommode
1782 494 1841 526 fiat.
1861 496 1909 527 sed
1925 505 2025 527 tamen
2040 507 2103 527 non
2118 498 2191 537 pos-

1232 531 1298 560 sum
1319 533 1534 572 reprehendere
1553 533 1713 566 consilium
1730 546 1816 567 tuum
1829 557 1837 572 ,
1857 539 2019 580 pra-sertim
2031 538 2102 569 cum
2117 549 2188 580 ego-

1233 581 1297 602 met
1306 574 1339 602 in
1347 575 1538 613 provinciam
1547 585 1610 605 non
1627 575 1680 607 sim
1690 578 1851 617 profectus.
1876 582 2105 622 Epigrammatis
2115 583 2187 613 tuis,

1233 623 1299 653 quae
1317 615 1350 643 in
1368 616 1530 645 Amaltheo
1548 617 1695 656 posuisti,
1713 624 1850 655 contenti
1868 625 1997 655 crimus,
2024 623 2187 661 praesertim

1231 654 1304 684 cum
1325 655 1358 685 δε
1377 656 1492 686 Chilius
1510 667 1565 687 nos
1585 660 1737 699 reliquenr
1756 682 1764 694 ,
1785 663 1818 692 δε
1836 664 1958 694 Archias
1979 664 2057 693 nihil
2075 664 2113 693 de
2136 674 2186 694 me

1233 696 1397 736 scripserit:
1408 707 1440 727 ac
1451 708 1615 732 vereorne,
1630 703 1793 733 “Lucullis
1805 708 1948 744 quoniam
1961 707 2097 735 Graecum
2112 707 2187 745 poe-

1233 747 1283 767 ma
1292 738 1429 768 condidit
1446 759 1454 772 ,
1467 740 1591 771 nuncad
1602 743 1793 773 Caeciiianam
1803 745 1932 776 rabulam
1945 746 2063 786 spectet.
2088 750 2186 777 Anto*

1231 781 1284 809 nio
1306 788 1359 810 tuo
1377 783 1504 811 nomine
1522 783 1627 823 gratias
1641 785 1685 824 egi
1707 796 1714 817 3
1743 795 1807 815 eam
1833 797 1868 817 ue
1887 788 2043 828 epistolam
2067 789 2185 819 Manlio

1230 820 1312 850 dedi.
1335 821 1382 852 Ad
1404 831 1431 852 te
1450 822 1520 853 ideo
1533 824 1718 855 anteararius
1730 826 1802 866 scrip
1817 838 1844 861 1,
1867 830 1950 869 quod
1962 839 2025 859 non
2037 830 2183 861 habebam

1229 862 1396 898 idoneum,
1416 866 1466 894 cui
1489 864 1612 900 darem;
1633 864 1727 897 'Gneo
1738 868 1804 898 satis
1814 870 1944 900 scii-bam
1958 891 1966 904 ,
1987 871 2058 912 quid
2070 872 2183 902 darem.

1232 907 1259 932 ¹7
1268 905 1367 935 vilere
1378 906 1536 936 venditari.
1560 909 1683 938 Cincius
1695 907 1714 938 fi
1725 910 1798 950 quid
1813 910 1847 940 ad
1862 916 1963 942 metui
1974 915 2086 953 negotii
2096 913 2185 944 detu-

1229 945 1314 980 lerit,
1336 947 1502 987 suscipiam.
1525 949 1573 979 sed
1593 959 1673 981 nunc
1686 954 1822 992 magisin
1833 954 1884 983 suo
1896 952 1938 983 est
1952 964 2132 994 occupatum
2152 958 2183 985 in

1228 997 1290 1028 quo
1299 998 1355 1028 ego
1365 990 1392 1019 ei
1403 999 1468 1020 non
1477 990 1593 1021 desum.
1615 994 1665 1022 Tu
1678 1013 1686 1025 ‚
1704 991 1723 1022 si
1736 996 1837 1024 unoin
1848 995 1914 1026 loco
1922 1005 1953 1025 es
1964 996 2081 1025 futurus
2092 1016 2100 1029 ‚
2121 1006 2184 1026 crc-v

1233 1030 1296 1060 bras
1306 1029 1321 1060 a
1333 1030 1422 1060 nobis
1433 1031 1530 1062 literas
1540 1052 1550 1066 ,
1569 1033 1692 1074 expe-Sta
1704 1047 1710 1068 ;
1721 1034 1762 1065 ast
1772 1036 1868 1075 plures
1882 1039 1972 1068 etiam
1983 1039 1990 1066 i
1996 1037 2043 1076 pse
2056 1047 2181 1068 mittito.

1228 1072 1344 1106 Velim,
1355 1073 1391 1103 ad
1403 1083 1452 1103 me
1463 1074 1580 1109 scribas,
1591 1076 1762 1115 cujusmodi
1773 1076 1806 1108 fit
1815 1080 2004 1120 Αρωιλθέξοι
2015 1095 2112 1121 mum,
2124 1099 2184 1129 quo

1225 1122 1342 1148 ornatu,
1352 1124 1410 1155 qua
1418 1115 1591 1164 wm‘er'qe
1606 1134 1615 1161 ,-
1628 1124 1661 1154 &
1670 1135 1734 1165 quae
1744 1127 1894 1166 poemata,
1905 1127 2033 1168 quasque
2044 1129 2183 1160 historin

1224 1162 1262 1193 de
1279 1163 1462 1211 Afflbsset'qc
1482 1171 1570 1203 habes
1579 1194 1588 1208 ,
1606 1174 1641 1205 ad
1661 1185 1710 1205 me
1733 1177 1845 1206 mittas.
1863 1177 1944 1207 lubet
1956 1179 2034 1208 mihi
2045 1178 2139 1208 facere
2151 1182 2183 1209 iu

1224 1214 1372 1252 Arpinati.
1397 1215 1462 1254 Ego
1485 1213 1538 1244 tibi
1549 1215 1666 1257 aliquid
1686 1216 1722 1247 de
1731 1220 1811 1248 meis
1829 1219 1943 1259 scriptis
1954 1222 2086 1251 mittam.
2104 1222 2182 1251 nihii

1222 1263 1283 1285 erat
1291 1254 1429 1285 absoluti.

1468 1308 1660 1338 CICERO
1680 1311 1876 1341 ATTICO
1896 1314 1924 1342 S.

1227 1352 1436 1430 MAGNA
1447 1357 1524 1386 mihi
1535 1359 1657 1388 varietas
1667 1360 1880 1394 voluntatis‚&
1891 1360 2101 1392 diffimilitudo
2113 1362 2181 1402 opi·
2205 1366 2244 1402 17

1338 1399 1441 1427 nionis
1450 1417 1458 1432 ‚
1477 1408 1509 1428 ac
1525 1399 1634 1438 judicii
1649 1403 1758 1442 Qinti
1766 1401 1862 1433 fratris
1881 1406 1961 1438 mei,
1981 1403 2183 1444 demonstrata

1223 1436 1267 1467 est
1275 1448 1313 1468 ex
1323 1439 1428 1469 litteris
1439 1441 1545 1474 tuis,in
1555 1441 1664 1481 quibus
1672 1444 1706 1473 ad
1718 1454 1767 1473 me
1776 1444 1970 1484 epistolarum
1981 1446 2064 1475 illius
2075 1455 2182 1475 exem—

1222 1479 1270 1519 pla
1279 1479 1396 1511 misisti.
1413 1491 1469 1522 qua
1479 1491 1517 1512 ex
1529 1492 1558 1512 re
1568 1483 1601 1513 &
1611 1484 1749 1516 molestia
1759 1486 1825 1516 sum
1838 1495 1917 1517 tanta
1926 1486 2050 1517 affeStus
2062 1506 2071 1523 2
2080 1497 2178 1527 *quan-

1223 1530 1284 1551 tam
1307 1524 1386 1552 mihi
1403 1533 1490 1553 meus
1499 1534 1584 1554 amor
1595 1526 1731 1557 summus
1742 1537 1806 1568 erga
1817 1537 1882 1558 utru
1888 1538 1978 1569 mque
1990 1528 2122 1558 vestrum
2133 1528 2179 1558 ar—

1221 1562 1299 1593 ferre
1317 1564 1439 1599 debuit;
1458 1565 1491 1595 δε
1507 1566 1726 1602 admiratione,
1748 1569 1895 1609 quidnam
1906 1568 2074 1603 accidisset,
2095 1571 2179 1610 quod

1223 1602 1338 1635 afferret
1355 1608 1472 1648 Qinto
1492 1606 1576 1638 fratri
1586 1617 1658 1638 meo
1669 1628 1677 1642 ,
1696 1609 1957 1641 autoffenfionem
1972 1620 2031 1641 tam
2041 1621 2174 1653 gravem>

1222 1656 1272 1677 aut
1281 1649 1530 1678 commutationem
1539 1657 1651 1681 tantam
1663 1651 1836 1682 voluntatis.
1847 1661 1934 1694 atque
1943 1653 2019 1683 illud
2029 1653 2045 1683 a
2053 1663 2102 1683 me
2113 1654 2178 1693 jam

1222 1698 1291 1718 ante
1311 1690 1534 1730 intelligebatur
1543 1711 1552 1725 ,
1572 1692 1654 1733 quod
1666 1702 1692 1722 te
1701 1703 1824 1735 quoque
1838 1696 1935 1735 ipsum
1947 1694 2150 1725 discedentem
2161 1702 2177 1726 a

1222 1731 1313 1761 nobis
1323 1732 1460 1772 suspicari
1471 1733 1611 1764 videbam
1623 1755 1632 1768 ‚
1644 1734 1757 1766 subess'e
1766 1736 1868 1767 nescio
1877 1736 1951 1777 quid
1960 1739 2117 1776 opinionis
2129 1739 2180 1767 in-

1220 1773 1393 1804 commodae
1406 1793 1414 1807 ‚
1434 1774 1628 1817 sauciumque
1651 1777 1715 1815 ejus
1724 1779 1883 1812 animum,
1902 1776 2084 1809 &insedisse
2093 1779 2180 1819 quas-

1220 1813 1291 1844 dam
1306 1815 1424 1845 odiosas
1436 1816 1620 1855 suspiciones:
1643 1819 1753 1858 quibus
1763 1828 1817 1860 ego
1828 1819 2023 1850 medericum
2034 1830 2176 1860 cuperem

1219 1865 1304 1886 antea
1313 1858 1398 1896 saepe,
1411 1857 1443 1886 &
1453 1859 1559 1888 vehem
1565 1858 1663 1889 entius
1675 1862 1762 1890 etiam
1773 1860 1838 1899 post
1848 1862 2038 1891 sortitionem
2048 1864 2176 1902 provin-

1218 1898 1271 1926 ciae
1282 1917 1291 1931 ,
1307 1908 1364 1928 nec
1374 1907 1489 1929 tantum
1499 1900 1706 1942 intelligebam
1716 1903 1744 1931 ei
1754 1900 1812 1932 effe
1822 1901 1997 1933 offensionis
2007 1923 2016 1937 ‚
2027 1913 2174 1944 quantum

1219 1938 1309 1969 literae
1332 1948 1388 1970 tuae
1408 1940 1558 1971 declarant
1568 1954 1578 1976 5
1596 1951 1778 1973 nectantum
1791 1943 1985 1984 proficiebam
1998 1965 2007 1980 ,
2026 1954 2174 1986 quantum

1219 1980 1369 2010 volebam.
1393 1981 1441 2012 sed
1459 1990 1560 2013 tamen
1578 1984 1638 2014 hoc
1654 1993 1705 2014 me
1725 1985 1787 2024 ipse
1805 1986 1976 2017 consolabar
1988 2006 1997 2021 ,
2017 1986 2099 2028 quod
2110 1997 2174 2018 non

1216 2021 1389 2053 dubitabam
1402 2043 1411 2057 ,
1430 2025 1505 2064 quin
1529 2033 1558 2055 te
1577 2025 1630 2055 ille
1642 2034 1690 2056 aut
1700 2028 1879 2066 Dyrrhachii
1891 2047 1899 2061 ‚
1919 2030 2012 2058 autin
2026 2028 2089 2059 istis
2099 2029 2176 2059 locis

1216 2064 1329 2104 uspiam
1353 2065 1470 2096 visurus
1489 2063 1569 2097 effet-
1587 2067 1669 2108 quod
1689 2067 1762 2098 cum
1772 2068 1923 2100 accidiffet
1934 2082 1944 2104 3
1965 2069 2169 2104 confidebam,

2138 2122 2172 2143 ac

1256 2195 1299 2213 η.
1318 2187 1419 2220 Singth
1435 2188 1546 2212 tribubus·
1564 2196 1617 2213 ihs
1637 2196 1689 2214 cio
1707 2197 1758 2215 ero
1777 2189 1862 2223 cra]
1883 2190 1924 2215 Ita
1935 2188 2014 2215 credo
2024 2189 2173 2223 Victorius,

1216 2231 1298 2282 puum
1317 2229 1377 2249 ante
1388 2222 1452 2249 esset
1470 2232 1521 2249 ihs
1534 2232 1681 2251 cccxxxv.
1701 2225 1830 2252 Germani
1849 2226 1979 2251 tribulibus
1997 2234 2045 2261 pro
2061 2227 2173 2252 tribubus

1228 2267 1240 2284 e
1262 2265 1321 2285 unt.

1242 2267 1297 2329 gi3.
1317 2294 1409 2320 Fabam
1417 2294 1488 2320 inuam
1496 2295 1632 2330 futurum]
1654 2296 1694 2322 Ita
1705 2297 1794 2323 Rosius
1814 2306 1847 2323 ex
1869 2296 1960 2324 vitiosi
1979 2296 2104 2333 scriptura
2115 2298 2172 2324 Dc-

1213 2330 1323 2362 curtati,
1334 2330 1361 2356 in
1373 2331 1506 2366 quo,faba
1514 2334 1612 2357 minium
1623 2351 1631 2364 ,
1641 2332 1668 2357 8<
1680 2332 1739 2360 aliis
1751 2333 1883 2359 veteribus
1896 2353 1904 2362 ,
1921 2334 1945 2360 in
1958 2333 2050 2368 quibus
2063 2353 2071 2364 ‚
2084 2335 2172 2367 sabam

1214 2369 1310 2392 mimum
1322 2385 1330 2398 ,
1346 2366 1372 2392 in
1384 2366 1433 2393 illo
1456 2366 1614 2394 retrahenda
1633 2368 1724 2395 littera
1742 2370 1757 2395 εἰ
1777 2370 1861 2405 capite
1880 2369 2011 2405 sequentis
2021 2369 2051 2395 ad
2071 2369 2169 2395 calcem

1211 2403 1329 2438 prioris3
1348 2402 1375 2428 in
1395 2403 1444 2429 hoc
1461 2403 1526 2429 vero
1545 2402 1705 2431 detrahenda
1722 2405 1758 2432 est
1770 2405 1866 2432 'littera
1884 2405 2011 2441 capitalis.
2031 2405 2169 2431 Victori-:s

1213 2437 1277 2474 quid
1287 2439 1330 2465 hic
1338 2438 1450 2466 statuere
1459 2438 1554 2467 debeat
1564 2439 1644 2467 nescit
1657 2460 1665 2472 ‚
1683 2441 1773 2477 aitque
1783 2440 1970 2476 manuscriptos
1990 2441 2112 2467 meliores
2122 2441 2170 2467 ha-

1212 2473 1275 2501 bere
1286 2476 1350 2509 faba
1359 2478 1490 2502 mJ'm'mum.
1505 2476 1605 2511 Junius
1615 2486 1649 2502 ex
1661 2476 1763 2503 duobus
1774 2477 1831 2504 mss.
1848 2477 1972 2503 Palatinis
1984 2477 2050 2512 legit
2062 2496 2069 2509 ,
2082 2478 2170 2511 fabam

1211 2513 1343 2543 minimum,
1353 2510 1404 2542 &a
1425 2520 1503 2546 quem
1515 2511 1585 2538 vide.
1605 2513 1749 2539 Lambinus
1761 2513 1861 2540 mavult
1880 2522 1912 2539 ex
1925 2512 2001 2539 codd.
2013 2514 2126 2539 Memm.
2137 2513 2168 2539 Sc

1211 2546 1420 2581 Tornaessfabam
1429 2550 1523 2573 mimum
1532 2559 1539 2573 :
1557 2547 1712 2575 Passeratius
1724 2557 1756 2574 ex
1768 2548 1920 2582 coiijeftum
1933 2568 1940 2579 ‚
1951 2550 2051 2582 <Afrum
2061 2552 2166 2575 mimi-tm.

1209 2583 1347 2610 Manutius
1360 2584 1485 2616 ,fabulam
1493 2586 1616 2609 numinum
1630 2603 1637 2616 ,
1649 2584 1754 2620 reponit
1765 2594 1774 2616 3
1795 2585 1826 2611 P.
1837 2585 1980 2620 Magnulus
1991 2586 2018 2611 δε
2029 2586 2167 2617 Muretus,

1201 2620 1316 2652 fabulam
1324 2621 1419 2644 mimum
1427 2619 1602 2653 conjiciebant
1607 2640 1612 2645 .

1249 2661 1425 2695 142Qmflocci
1433 2655 1555 2697 {zi-eom]
1581 2661 1623 2687 Sic
1633 2660 1774 2688 Turnebus
1789 2671 1824 2688 ex
1842 2661 1994 2695 conjcfitura
2007 2681 2015 2694 ,
2033 2661 2065 2689 ad
2084 2671 2164 2699 quam

1207 2700 1330 2734 proxime
1340 2698 1462 2726 accedere
1471 2700 1508 2727 ait
1518 2699 1671 2741 scripturam
1683 2700 1810 2728 scidarnm
1822 2701 1923 2728 Bosius.
1944 2701 2092 2733 Vietorius,
2105 2702 2166 2729 Ma-

1208 2735 1310 2767 nutius,
1322 2734 1465 2762 Lambinus
1475 2745 1509 2762 ex
1521 2736 1577 2762 mss.
1588 2738 1615 2763 δε
1629 2737 1731 2764 ratione
1743 2739 1924 2772 ‚floccifaHeon
1934 2737 2101 2764 retinendum
2114 2737 2165 2764 else

1206 2775 1381 2802 contendunt.
1400 2776 1499 2811 Junius
1510 2777 1546 2803 ait
1557 2776 1604 2804 ms.
1623 2778 1753 2814 optimum
1764 2778 1851 2805 Palat.
1870 2778 1965 2806 habere
1977 2781 2046 2813 flvcci
2057 2774 2164 2811 φειῆσν

1206 2815 1277 2851 quod
1288 2815 1378 2842 laudat
1390 2834 1398 2847 ,
1417 2815 1498 2852 idque
1507 2817 1626 2844 Turneb.
1637 2817 1657 2843 l.
1667 2825 1696 2853 9.
1707 2817 1820 2845 Advers.
1832 2827 1888 2854 cap.
1901 2827 1924 2845 1.
1943 2818 2077 2854 agnovisse
2087 2818 2163 2845 vidc-

1206 2863 1260 2883 tur.
1282 2857 1363 2892 vulgo
1374 2856 1474 2892 legitur
1485 2854 1645 2889 ἐλαφκτὲον.

1243 2903 1286 2930 ¹5.
1305 2898 1435 2932 Luculla]
1456 2897 1499 2925 Est
1510 2898 1578 2924 Bosii
1597 2908 1630 2926 ex
1642 2899 1753 2926 Decurt.
1765 2899 1838 2935 vulg.
1848 2900 1973 2932 Lucullus,
1984 2898 2056 2936 quod
2067 2899 2158 2927 laida:

1196 2933 1310 2968 Junius.

1245 2970 1288 2996 16.
1309 2969 1527 3003 Ntcsatisfiiebam
1536 2971 1596 3004 quid
1606 2970 1712 3006 darem]
1735 2970 1799 2997 Urs.
1810 2970 1857 2998 ml'.
1870 2981 1913 3005 qno
1921 2971 2014 2998 darem.

1249 3012 1290 3037 ¹7·
1310 3007 1386 3031 Vdetc
1395 3006 1544 3040 venditam]
1566 3007 1607 3033 lta
1622 3007 1727 3043 reponit
1736 3007 1825 3034 Bosius
1844 3009 1938 3044 partim
1951 3017 1983 3035 ex
1995 3005 2160 3042 comestura,

1204 3041 1300 3102 partim
1311 3040 1435 3077 sequutus
1446 3041 1502 3068 mss.
1514 3041 1656 3070 ieetionem
1669 3063 1677 3076 ‚
1696 3053 1773 3080 quain
1785 3043 1902 3071 Tornaes.
1914 3045 1941 3071 &
1955 3045 2064 3071 Hurait.
2077 3044 2157 3070 habn-

1222 3083 1268 3103 ant
1280 3095 1289 3108 ‚
1306 3079 1364 3102 vale
1373 3084 1395 3102 te
1402 3078 1539 3104 venditavi.
1558 3079 1669 3106 Decurt.
1680 3081 1729 3106 vile
1745 3087 1768 3105 te
1784 3081 1923 3106 venditari.
1943 3080 2059 3107 Cruscil.
2072 3082 2128 3106 vale
2138 3088 2158 3103 -ἐ

1203 3113 1338 3139 venditari.
1353 3113 1454 3149 Junins
1472 3123 1504 3140 ex
1518 3113 1576 3141 mss‘.
1595 3115 1681 3142 Palat.
1699 3118 1755 3142 ‘vale
1765 3123 1786 3142 te
1795 3117 1923 3143 vindica-ri
1935 3135 1942 3147 ‚
1962 3117 1991 3142 Sc
2007 3115 2082 3142 addit
2101 3114 2158 3141 ces—

1202 3148 1262 3174 dem
1283 3147 1340 3176 mss‘.
1358 3149 1448 3186 paullo
1464 3150 1522 3188 post
1531 3149 1626 3178 habere
1637 3170 1646 3184 ,
1662 3154 1751 3178 lterum
1768 3155 1837 3179 reale.
1857 3152 1938 3188 vulgo
1952 3170 1960 3185 ‚
1979 3159 2001 3178 :e
2017 3152 2090 3177 valde
2098 3154 2159 3176 ’.ςκ-

1205 3185 1295 3212 dica-ai.

1566 3221 1678 3250 Fffff
1693 3231 1711 3251 2
2068 3223 2164 3257 hctus
