2260 3322
125 48 298 122 22“
555 59 636 117 nt
711 56 1041 115 TULL11

128 164 288 193 numerat
302 178 310 193 ,
333 154 374 191 ab
388 155 432 190 U.
445 153 488 190 Cr
499 163 652 189 nxxxii.
680 149 817 187 deceffit
837 159 929 184 anno
942 157 1091 185 nxtvii-

127 205 238 241 Rene
252 204 357 251 igitur
370 202 681 250 PaullusJuriscon.
697 200 731 235 in
747 195 991 235 L.Anniculus·
1005 194 1092 232 D.de

1121 54 1631 115 Cicnssouis

1190 177 1285 212 An'm
1297 174 1385 212 urbis
1400 166 1789 213 DCXL11X.Cicerom{5⁵11.
1801 174 1904 213 Coss.
1911 176 2057 228 fimum,

128 254 223 290 verb.
239 253 347 301 signif.
373 255 463 288 Ante
476 251 568 286 diem
579 249 756 284 decimum
770 244 1004 282 Kalendarum
1016 243 1091 294 post
1141 247 1174 282 P.
1186 247 1217 282 R
1230 248 1264 283 U
1275 248 1307 284 T
1320 248 1334 284 1
1346 249 1399 286 LI
1412 252 1444 285 U
1456 251 1476 285 S
1503 250 1535 286 R
1549 251 1581 285 U
1594 250 1618 284 F
1629 247 1693 283 US
1705 273 1714 289 ‚
1728 248 1809 285 CN.
1830 252 1867 286 M
1877 251 1908 286 A
1919 253 1948 288 L
1958 254 2011 290 LI
2023 254 2099 292 US.

132 303 224 338 diem
235 302 411 337 decimum
432 300 807 338 Kalendai·iim,neiiti·o
817 293 931 342 inquit
944 294 1096 330 sermone

129 351 292 393 undecim
310 350 381 385 dies
404 347 648 396 significantur·
676 345 729 380 Sic
743 342 837 378 enim
850 342 1035 389 legendum
1046 354 1089 378 ex

131 396 308 435 Pandcetis
334 398 537 433 Florentinis
552 420 562 434 ‚
576 407 646 430 iioii
661 419 669 433 ‚
689 402 839 440 utroque
851 391 1006 427 sermone
1020 404 1027 426 ε
1052 402 1091 427 ut

131 460 309 497 perperam
328 447 475 482 Alciatus
489 470 497 484 ‚
512 444 653 479 ssudaeus
666 467 675 481 ‚
698 440 795 476 Valla
808 442 842 476 &
854 439 1027 476 Corradus
1041 439 1090 475 le-

129 509 267 545 gerunt·
301 495 403 544 Apud
424 493 643 529 Plutarchum
653 502 811 537 aomnem
836 488 1088 524 dubitationem

130 546 221 582 tollit
241 546 276 580 id
294 544 386 592 quod
400 544 529 591 sequitu
537 554 551 576 r
564 554 571 575 :
596 536 633 574 οἶν
647 537 776 587 ᾑναιῗοὶ
790 534 918 585 αἰρχονἾες
932 533 1089 585 Δᾶχῡνπᾳ,

129 596 162 643 ἐξ,
174 594 273 636 θύεσιν
286 588 374 641 ίπὲξ
388 587 419 630 g?
431 589 597 637 hyemis&
609 612 619 626 ‚
632 587 666 623 id
678 586 725 622 est
735 612 744 627 ‚
758 599 828 636 quo
842 586 897 622 die
909 598 1002 622 nunc
1015 600 1088 622 ma-

128 643 286 691 gistratus
309 655 368 689 pro
382 640 537 687 Principe
557 636 688 673 faciunt
699 660 708 674 ‚
732 637 766 672 &
779 646 862 672 vota
874 647 1087 683 nuncupant.

129 692 172 727 de
192 705 261 739 quo
283 692 336 726 die
358 687 462 736 Cajus
487 700 521 723 in
536 689 574 723 L.
589 686 622 721 Si
636 685 792 721 calvitur.
830 684 924 720 D.de
939 684 1031 721 verb.
1044 683 1087 719 fi-

128 741 212 787 guis.
242 739 317 775 Post
334 736 501 775 Kalendas
516 734 691 785 Januaiias
712 733 768 770 die
786 735 888 769 tertio
909 746 972 780 pro
985 734 1088 769 salute

128 788 292 836 Principis
314 799 396 824 vota
416 785 652 834 suscipiuntur-
680 783 738 818 ubi
760 783 903 818 tertium
922 782 1015 817 diem
1030 783 1087 830 Ja-

127 837 237 874 nuarii
261 834 526 884 intelligendum
550 833 615 869 effe
638 833 710 868 haec
734 831 837 867 verba
848 831 1039 879 Capitolini
1053 831 1087 865 in

126 885 301 921 Pertinace
313 883 499 919 ostendunt
514 895 520 917 τ
546 881 704 929 Denique
718 892 795 916 ante
807 890 950 916 tertium
964 881 1087 915 Nona-

126 947 208 971 rum
230 934 344 974 diem,
370 932 469 967 Votis
491 930 565 978 ipsis
581 957 588 971 ‚
614 929 737 966 milites
761 931 961 965 Maternum
976 929 1087 964 Lasci-

126 984 228 1020 vium
241 1007 250 1021 ‚
264 984 453 1019 senatorem
468 980 633 1017 nobilem,
647 978 819 1014 ducerem
834 977 951 1013 Castra
965 978 1086 1013 volue-

125 1043 220 1068 runt.
247 1031 346 1067 Votis
360 1030 447 1079 ipsis,
460 1030 493 1064 id
507 1027 554 1065 est
567 1053 575 1067 ‚
591 1028 663 1076 ipso
677 1038 843 1063 votorum
855 1026 921 1067 die,
934 1039 1085 1073 quomo-

125 1080 172 1116 do
186 1080 273 1116 ludis
293 1079 535 1127 gladiatoribus
550 1102 558 1116 ‚
580 1080 614 1114 ὃς
628 1076 746 1112 similia
758 1102 766 1115 ‚
789 1076 807 1112 a
822 1075 950 1111 Latinis
962 1075 1087 1110 dicun-

125 1141 194 1166 tur.
221 1132 272 1165 De
288 1129 406 1165 iisdem
428 1128 516 1163 votis
535 1126 730 1175 Spartianus
752 1125 789 1160 in
803 1125 1000 1160 Hadriano:
1027 1126 1086 1160 In-

124 1179 344 1226 gravescente
373 1176 570 1214 valetudine
602 1188 662 1222 per
687 1174 864 1210 sommum
889 1173 988 1221 periit
1010 1172 1085 1220 ipsis

126 1227 195 1263 Kal
216 1227 395 1275 Jauuariis.
433 1230 549 1273 Qare
562 1224 601 1260 ab
615 1223 791 1259 Hadriano
807 1233 973 1258 votorum
992 1221 1087 1257 causa

123 1275 173 1311 est
185 1276 293 1323 lugeri
308 1275 441 1311 vetitus.
469 1277 503 1309 ἃ.
518 1272 683 1320 Vopiscus
699 1272 734 1307 in
750 1272 873 1306 Tacito
886 1295 895 1308 ‚
910 1270 1084 1306 Divorum

124 1325 296 1372 templum
320 1322 392 1359 fieri
412 1322 530 1371 jussit,
553 1322 588 1356 iii
603 1334 674 1368 quo
694 1319 798 1356 effent
820 1319 935 1355 statuae
958 1318 1085 1367 princi-

124 1385 210 1419 pum
222 1373 400 1408 bonorum
414 1398 423 1413 ‚
436 1372 482 1406 ita
494 1397 503 1411 ‚
522 1381 561 1405 ut
575 1369 693 1405 iisdem
707 1368 883 1404 Natalibus
896 1367 960 1403 suis
972 1392 981 1406 ‚
994 1367 1085 1403 Pari-

122 1421 212 1457 libus
225 1445 234 1460 ,
259 1419 618 1468 Kalendisjanuariis,
641 1421 675 1454 ὃς
692 1417 790 1454 Votis
802 1416 964 1453 libamina
976 1429 1085 1464 pone-

124 1481 258 1508 rentur.

177 1521 289 1555 Mater
301 1518 480 1554 Ciceronis
494 1543 503 1558 ,
517 1529 593 1566 quae
606 1516 728 1565 ipsum,
741 1526 779 1552 ut
792 1515 990 1552 Plutarchus
1002 1514 1081 1550 scri-

123 1567 175 1603 bit
189 1594 196 1607 ‚
208 1567 277 1603 {ine
291 1567 362 1603 ullo
376 1567 498 1603 dolore
511 1566 639 1613 peperit
653 1592 660 1606 ‚
674 1565 738 1601 fuit
751 1565 874 1601 Helvia
885 1591 894 1606 ,
907 1574 947 1600 ut
957 1563 997 1600 ab
1011 1566 1083 1599 Eu-

124 1616 216 1654 sebio
231 1619 264 1653 &
284 1616 401 1652 Paullo
414 1615 570 1651 Diacono
591 1614 626 1650 in
647 1614 887 1662 supplementis
901 1612 1082 1661 Eutropia-

123 1665 176 1700 nis
196 1664 287 1701 reRe
313 1664 535 1700 nominatur:
557 1676 638 1699 nam
657 1663 745 1711 apud
758 1663 981 1699 Plutarchum
1001 1662 1082 1697 O’A-

124 1710 202 1747 C’i'ow
227 1713 389 1749 mendose
412 1712 460 1749 est
486 1726 549 1760 pro
574 1707 710 1747 E'nss'iow
734 1735 743 1750 ‚
774 1711 870 1760 quod
892 1724 1022 1747 nomen
1046 1710 1082 1747 in

123 1761 276 1809 ejusdem
290 1761 547 1810 Qaestionibus
561 1760 730 1796 Romanis
747 1760 927 1796 emendate
948 1759 1081 1807 legitur·

120 1823 192 1858 quo
211 1810 254 1845 de
274 1811 310 1845 in
331 1810 624 1846 Annotatiouibus
646 1809 682 1844 in
708 1809 822 1844 Orosii
846 1809 920 1844 libr.
940 1821 1010 1856 cap.
1029 1821 1080 1850 15.

120 1858 252 1894 Habuit
265 1870 373 1894 mater
385 1859 564 1895 Ciceronis
578 1859 730 1894 sororem
745 1884 752 1897 ‚
779 1870 856 1906 quae
879 1858 920 1892 C.
932 1857 1081 1899 Aculeo-

122 1907 159 1942 ni
172 1908 277 1955 equiti
302 1907 492 1955 R.nup{it:
516 1920 620 1955 quem
643 1907 831 1942 L.Crafftis
854 1906 973 1942 dilexit
985 1919 1027 1943 ex
1041 1919 1081 1941 o-

121 1955 261 1991 mnibus
275 1956 463 2003 plurimum
476 1980 486 1993 ‚
511 1966 549 1991 ut
562 1955 608 1990 est
620 1955 707 1990 libro
724 1968 752 1989 2-
771 1955 813 1989 de
828 1956 976 1990 Oratore
990 1981 999 1995 ‚
1023 1954 1082 1990 ubi

121 2004 336 2040 Aculeonem
362 2003 497 2038 Crassus
520 2002 609 2049 apud
632 2005 679 2038 M.
705 2005 910 2050 Perpernam
924 2002 1082 2051 judicem

121 2064 244 2091 contra
265 2052 507 2087 Gratidianum
527 2050 711 2084 defendisse
725 2050 851 2085 dicitur
865 2077 872 2085 ,
900 2052 942 2082 de
956 2051 1080 2082 eodeni

121 2100 188 2148 ipse
208 2099 344 2135 Crassus
367 2099 426 2135 lib.
446 2110 474 2132 1·
512 2099 643 2132 Nonne
658 2122 666 2136 ‚
690 2095 803 2143 inquit
817 2119 826 2133 ‚
849 2094 970 2130 videtis
981 2093 1080 2142 equi-

120 2161 193 2185 tem
207 2150 251 2183 R.
265 2148 446 2183 hominem
459 2144 650 2181 acutissimo
664 2144 825 2179 omnium
838 2143 980 2190 ingenio
995 2168 1003 2183 ,
1024 2141 1080 2177 sed

121 2197 269 2233 minime
295 2196 411 2231 ceteris
433 2195 561 2231 artibus
578 2193 754 2229 cruditum
767 2217 776 2231 ‚
797 2193 839 2230 C.
855 2191 1080 2231 Aculeonem,

120 2246 181 2293 qui
205 2257 345 2281 mecum
370 2243 456 2279 vivit
470 2269 478 2283 ,
502 2243 699 2290 semperque
714 2241 801 2278 vixit
813 2266 823 2282 ,
842 2240 888 2276 ita
899 2238 1080 2287 tenerejus

122 2294 245 2332 civile,
269 2294 342 2331 uti,
363 2305 447 2328 cum
471 2292 512 2327 ab
536 2292 603 2326 hoc
626 2289 805 2326 discesseris
820 2315 830 2332 ,
852 2301 957 2325 nemo
970 2288 1012 2324 de
1029 2288 1079 2326 iis,

118 2344 183 2392 qui
197 2341 383 2389 peritissimi
397 2341 715 2388 {iintfflnteponatur
725 2343 735 2375 ?
745 2337 858 2385 Hujus
871 2337 976 2385 igitur
987 2339 1080 2372 Acu-

119 2391 231 2427 leonis
253 2390 314 2426 filii
335 2389 514 2425 Ciceronis
536 2388 733 2424 consobrini
752 2387 895 2423 fuerunt
908 2412 917 2427 ‚
940 2385 1080 2434 quibus-

122 2451 206 2475 cum
219 2439 297 2474 sein
311 2438 455 2486 pueritia
465 2437 565 2472 bonis
586 2436 768 2483 disciplinis
790 2447 931 2483 operam
943 2433 1078 2474 dedisse,

126 2489 192 2534 ipse
202 2487 343 2523 testatur
354 2486 454 2521 initio
468 2485 625 2521 libna-,de
638 2487 736 2520 Orat.
765 2488 816 2521 Ex
830 2484 880 2519 his
893 2483 959 2518 fuit
974 2482 1080 2518 C.Vi-

121 2536 236 2572 sellius
250 2534 360 2571 Va‘rro
373 2558 383 2572 ‚
401 2534 455 2569 vir
466 2534 589 2569 donus
605 2539 639 2569 in
652 2533 769 2582 primis
786 2531 960 2580 :quijuris
972 2530 1081 2567 civilis

122 2588 142 2620 :i
163 2596 257 2632 patre
275 2583 453 2620 Aculeone
474 2582 632 2618 traditam
654 2582 767 2618 tenuit
788 2580 1000 2629 disciplinam
1014 2604 1024 2619 ,
1046 2580 1081 2614 in

123 2635 242 2669 Bruto.
279 2634 331 2668 De
352 2631 475 2667 eodem
499 2631 535 2666 in
562 2634 659 2667 Orat.
695 2633 748 2666 De
769 2629 956 2678 provinciis
981 2629 1084 2663 Cos.

122 2684 320 2731 Antequam
343 2681 385 2716 ad
407 2681 605 2728 sequentem
627 2692 760 2715 aunum
783 2678 916 2715 transeo
930 2704 939 2719 ,
959 2677 1081 2713 admo-

125 2730 216 2765 nebo
229 2729 457 2766 adolescentes
478 2727 642 2764 studiosos
655 2752 664 2767 ‚
685 2729 736 2763 his
752 2728 949 2763 consulibus
962 2737 1082 2762 natum

121 2778 189 2814 esse
212 2778 279 2813 Cn.
301 2777 506 2825 Pompejum
528 2776 635 2825 pridie
660 2778 736 2812 Kal.
762 2776 924 2813 Ofilobris
945 2801 954 2817 ‚
986 2774 1081 2824 quod

121 2826 275 2862 Velleius
289 2826 363 2862 libr.
378 2839 407 2861 2.
421 2825 592 2862 &Plinius
605 2825 662 2861 lib.
680 2837 730 2870 37.
742 2837 812 2872 cap.
827 2837 856 2860 2.
869 2824 988 2860 diserte
999 2823 1080 2859 scri-

124 2873 214 2910 bunt
234 2888 241 2910 :
265 2874 365 2922 cujus
388 2875 436 2910 rei
460 2873 699 2910 observatione
719 2873 880 2909 facillime
901 2871 1081 2921 dijudicari

122 2923 233 2971 potest
256 2947 266 2961 ‚
291 2934 378 2971 quot
402 2935 511 2958 annos
536 2934 634 2959 natus
655 2922 837 2970 Pompejus
860 2934 911 2958 res
935 2921 1082 2969 singulas

123 2970 259 3019 gesserit
271 2997 280 3011 ‚
293 2971 486 3007 honoresve
497 2971 697 3008 consecutus
711 2971 757 3007 sit.
783 2970 819 3006 id
830 2970 923 3019 quod
935 2981 1007 3007 tam
1020 2982 1080 3007 va-

123 3019 174 3073 rie
185 3021 226 3074 ab
237 3020 434 3076 auitoribus
447 3020 609 3069 scriptum
622 3019 670 3058 est
680 3045 691 3064 ,
712 3031 752 3059 ut
764 3018 876 3069 major
888 3019 1081 3070 discrepan-

123 3078 168 3106 ἰω
181 3079 241 3106 'lix
250 3079 458 3106 inveniatur.

1239 329 1274 364 Ic
1287 328 1334 365 est
1356 331 1389 366 Ρ.
1405 330 1556 367 Rutilius
1574 329 1709 365 Stoicus
1721 353 1730 367 ,
1752 330 1862 365 homo
1874 330 2100 374 doffiffimus,

1154 423 1157 428 Ι
1237 379 1270 412 &
1293 379 1431 415 Panaetii
1453 380 1611 416 auditor,
1635 378 1677 413 de
1689 378 1898 426 quoCicero
1919 380 1955 415 in
1979 382 2098 424 Bruto,

1140 423 1195 460 lib.
1214 437 1241 468 3.
1254 425 1296 462 de
1310 426 1442 464 Officiis
1458 454 1467 468 ,
1489 431 1522 464 ὃς
1536 440 1597 463 nos
1610 427 1763 463 inferius.
1788 427 1947 464 Alterum
1961 424 2097 472 Consu-

1137 472 1206 508 lem
1218 474 1285 527 Cn.
1300 476 1459 512 Minium
1474 489 1564 512 voco
1576 503 1584 517 ‚
1596 475 1762 524 quoniam
1777 475 1821 511 fic
1833 489 1975 525 quoque
1985 479 2098 526 appel-

1137 521 1272 576 latur-in
1286 524 1429 573 antiquo
1442 538 1614 562 marmore
1628 525 1774 573 Neapoli
1789 539 1796 561 :
1818 525 1911 561 unde
1926 527 2098 575 Georgius

1139 571 1310 626 FabriCius
1332 574 1445 621 legem
1470 573 1714 611 aedificantium
1736 573 1908 623 descripsit
1924 598 1932 613 ,
1960 575 2002 612 de
2024 590 2097 625 quo

1137 620 1215 673 Cic.¹
1227 633 1289 674 pro
1304 622 1440 658 Plancio
1454 649 1463 664 ‚
1485 623 1632 672 populus
1651 625 1693 658 R.
1717 623 1901 671 Qattilo
1913 623 1949 660 in
1964 625 2098 662 summa

1137 668 1264 723 familia
1277 681 1357 707 nato
1368 698 1377 713 ,
1398 672 1639 720 sapientissimo
1653 670 1903 708 &sanctissimo
1917 672 1994 708 viro
2008 687 2094 720 prae-

1137 717 1336 772 posuit-Cn.
1351 721 1508 758 Mallium
1529 735 1599 757 non
1614 721 1725 757 solum
1738 721 1950 768 ignobilem,
1972 734 2095 759 verum

1138 770 1207 801 line
1231 779 1358 805 virtute
1371 794 1381 808 ‚
1406 769 1476 805 siue
1499 770 1639 817 ingenio
1654 794 1663 809 ‚
1686 772 1755 806 vita
1770 770 1873 806 etiam
1885 780 2096 819 contempta.

1139 814 1234 851 Idem
1249 817 1362 853 scribit
1382 831 1444 866 pro
1458 821 1617 856 Murena.
1645 818 1710 854 Sed
1723 818 1812 865 apud
1823 818 2003 854 historicos
2015 845 2024 861 ,
2036 821 2095 869 qui

1137 864 1230 899 hunc
1253 866 1429 918 consulem
1452 867 1588 902 vietum
1609 868 1627 903 a
1650 867 1800 902 Cimbris
1823 867 1998 906 scribunt,
2020 882 2095 904 ma—

1135 924 1202 959 gna
1227 926 1368 949 varietas
1389 915 1426 950 in
1450 916 1594 951 nomine
1618 918 1651 952 ὃς
1670 916 1884 964 praenomine
1907 917 2098 954 invenitur,

1134 961 1176 996 de
1198 975 1266 1016 qua
1288 963 1449 1010 Sigonius
1471 964 1508 1000 in
1533 964 1642 1001 Fastis.
1679 968 1757 1000 Hoc
1780 978 1873 1001 anno
1894 966 1937 1007 Q.
1949 966 2098 1002 Servilio

1136 1010 1292 1065 Caepioni
1314 1013 1508 1059 proconsuli
1532 1013 1719 1063 imperium
1740 1014 1921 1062 rogatione
1943 1015 1985 1050 C.
1999 1017 2095 1051 Nor-

1136 1058 1215 1113 bani
1229 1060 1378 1098 Tribuni
1392 1062 1436 1110 pl.
1455 1061 1659 1110 abrogatum
1672 1062 1720 1099 est
1733 1089 1741 1104 ,
1765 1076 1832 1111 qua
1845 1063 1886 1098 de
1898 1063 1994 1099 caufii
2008 1063 2095 1099 sedi-

1133 1119 1182 1143 tio
1196 1123 1231 1144 in
1252 1111 1337 1146 urbe
1357 1111 1503 1148 excitata
1522 1112 1598 1148 fuit.
1624 1112 1666 1147 de
1678 1125 1746 1158 qua
1759 1112 1885 1147 Cicero
1906 1112 1964 1147 lib.
1985 1112 2028 1148 de
2042 1115 2096 1148 Ο-

1133 1168 1191 1193 rat.
1205 1158 1297 1194 unde
1318 1161 1356 1195 L.
1371 1160 1568 1197 Cottam'&
1585 1160 1786 1197 T.Didium
1808 1160 1966 1196 Norbani
1987 1161 2095 1197 colle-

1132 1218 1189 1258 gas
1203 1206 1299 1242 fuisse
1312 1232 1320 1247 ‚
1345 1209 1597 1255 cognoscimus.
1633 1207 1699 1243 Sed
1713 1209 1832 1255 Caepio
1843 1208 2023 1244 damnatus
2034 1210 2095 1248 est,

1132 1255 1271 1308 ejusque
1282 1256 1374 1292 bona
1385 1257 1556 1303 publicata
1568 1256 1657 1292 sunt.
1670 1256 1792 1292 Livius
1803 1256 1905 1292 libr.6
1913 1259 1976 1301 3.&
1988 1259 2096 1293 Asco-

1133 1316 1208 1339 nius
1220 1317 1257 1339 in
1272 1305 1518 1341 Cornelianam
1531 1329 1542 1345 ‚
1565 1305 1623 1341 ubi
1636 1305 1801 1341 mendose
1820 1306 2022 1353 impressum
2034 1306 2098 1348 est,

1134 1353 1277 1388 Tulei-at
1299 1364 1414 1389 autem
1438 1367 1514 1390 eam
1538 1354 1690 1391 maxime
1708 1378 1718 1391 ‚
1745 1364 1886 1402 propter
1910 1353 2094 1390 simultates

1131 1413 1214 1454 cum
1226 1402 1437 1450 QCaecilio.
1455 1403 1504 1438 est
1516 1403 1610 1438 enim
1623 1403 1835 1451 legendum,
1857 1415 1941 1440 cum
1959 1403 2095 1462 Q&-

1131 1449 1216 1486 vilio
1229 1474 1239 1489 ‚
1253 1451 1310 1487 vel
1320 1463 1402 1488 curn
1413 1452 1646 1501 Q-Caepione.

1166 1553 1264 1588 Anno
1275 1549 1363 1587 urbia
1373 1562 1533 1588 ncxmx.
1546 1553 1703 1590 Ciceronis
1720 1564 1730 1587 i
1744 1563 1755 1587 r
1767 1563 1794 1587 1·
1806 1550 1910 1587 Coss.
1911 1549 2059 1600 filerunt,

1236 1625 1277 1660 C·
1303 1626 1527 1664 MARIUS
1564 1627 1631 1667 11,
1669 1626 1710 1661 C.
1737 1625 1989 1662 FLAVIUS

1481 1675 1743 1714 FIMBRIA.

1135 1763 1214 1840 C
1258 1759 1389 1795 Marius
1405 1758 1530 1795 iterum
1545 1758 1678 1795 Consul
1701 1754 2025 1805 KalendisJanuarii
2046 1754 2091 1791 de

1223 1811 1230 1819 '
1243 1808 1416 1856 jugurtha
1426 1807 1656 1856 triumphavit
1668 1832 1677 1847 ‚
1688 1806 1813 1842 Plutar.
1828 1805 1863 1840 in
1879 1804 2003 1844 Mario,
2017 1804 2090 1839 Sal—

1130 1856 1249 1893 lustius
1270 1857 1306 1892 in
1325 1857 1554 1906 JugurthinO.
1603 1857 1644 1892 C.
1670 1855 1855 1890 Fimbriam
1879 1854 2004 1888 Cicero
2026 1864 2091 1900 pro

1129 1906 1267 1941 Plancio
1288 1905 1379 1942 inter
1394 1919 1451 1941 eos
1466 1915 1627 1941 numerat
1640 1928 1648 1943 ‚
1669 1904 1824 1951 quicum
1837 1901 1989 1937 Tribuni
2002 1901 2090 1947 pleb.

1128 1954 1193 1990 effe
1205 1967 1278 1989 non
1290 1954 1657 2002 potuiffent‚Confiiles
1671 1952 1749 1987 fae‘li
1762 1952 1849 1987 sunt.
1867 1953 1919 1985 De
1931 1948 2003 1995 ejus
2015 1949 2090 1983 elo-

1127 2003 1266 2050 quentia
1287 2003 1378 2039 idem
1399 2004 1433 2033 iu
1454 2004 1574 2032 Bruto-
1610 2001 1673 2031 113³
1684 1999 1881 2030 consulibus
1905 1996 1945 2029 C·
1958 1995 2091 2031 Caffius

1128 2053 1167 2080 L.
1181 2052 1215 2079 F.
1237 2045 1419 2091 Longinus
1433 2044 1613 2079 Tribunus
1625 2044 1713 2091 pleb.
1731 2043 1843 2091 plures
1865 2043 1954 2090 leges
1967 2043 2008 2078 ad
2020 2045 2090 2080 mi—

1129 2092 1304 2128 nuendam
1318 2092 1504 2128 nobilitatis
1517 2092 1706 2139 potentiam
1719 2091 1846 2129 tulit‚in
1861 2092 1984 2140 quibus
1998 2093 2088 2128 hanc

1126 2141 1242 2182 etiam,
1257 2152 1294 2176 ut
1305 2153 1410 2190 quem
1423 2141 1569 2188 populus
1583 2140 1886 2180 damnasset‚cuive
1899 2140 2087 2188 imperium

1127 2190 1314 2237 abrogasset
1327 2215 1336 2230 ,
1359 2189 1395 2224 in
1409 2192 1535 2225 Senatu
1547 2202 1591 2225 ne
1604 2190 1683 2225 effet
1695 2215 1703 2230 ‚
1719 2189 1884 2225 Asconius
1900 2189 1935 2224 in
1948 2190 2091 2226 Corne·

1126 2239 1262 2275 lianam·
1290 2240 1368 2274 Hoc
1382 2251 1473 2274 anno
1493 2239 1533 2276 C.
1547 2238 1674 2274 Lucius
1688 2238 1867 2275 Tribunus
1880 2237 2086 2274 militMari'i

1126 2287 1242 2323 sorore
1256 2298 1366 2327 natus,
1378 2287 1580 2335 pudicitiam
1593 2299 1675 2323 cum
1687 2287 1832 2335 eriperet
1845 2286 2084 2327 T1·eb0nio‚fi-

1127 2349 1168 2371 ve
1181 2336 1222 2371 C.
1236 2336 1347 2371 Plotio
1362 2336 1461 2372 militi
1479 2361 1487 2376 ‚
1509 2335 1710 2372 interfeSlus
1723 2336 1763 2371 ab
1785 2348 1827 2370 eo
1839 2335 1908 2373 est,
1930 2347 1987 2371 cui
2011 2336 2087 2372 vim

1126 2384 1296 2423 afferebat.
1321 2397 1425 2431 quem
1438 2398 1520 2421 cum
1542 2384 1672 2428 Marius
1691 2384 1812 2420 scelere
1831 2384 1983 2420 solutum
1996 2384 2090 2432 peri—

1126 2434 1205 2469 culo
1219 2433 1384 2469 liberasset
1396 2446 1433 2470 ac
1444 2432 1637 2470 coronasset
1649 2459 1658 2474 ,
1682 2446 1754 2468 non
1767 2446 1889 2481 parum
1901 2432 2087 2481 adjumen-

1126 2483 1150 2518 ti
1163 2495 1200 2518 ea
1220 2495 1271 2518 res
1291 2482 1339 2518 illi
1361 2483 1401 2518 ad
1413 2483 1555 2519 tertium
1569 2482 1801 2518 Consulatum
1810 2481 1935 2517 attulit.
1963 2482 2086 2517 annor

1127 2531 1326 2567 Plutarchus
1348 2531 1382 2567 in
1406 2531 1518 2568 Mario
1531 2557 1540 2572 ‚
1565 2532 1598 2567 &
1612 2530 1933 2579 Apophthegmatis.
1959 2530 2086 2565 Cicero

1126 2593 1190 2665 ppo
1213 2580 1367 2664 Milonel,
1394 2580 1549 2617 Valerius
1568 2578 1626 2615 lib.
1640 2581 1672 2616 6.
1684 2591 1758 2629 cap.
1777 2592 1811 2625 .¹·
1848 2578 1919 2628 Qi
1925 2578 2086 2616 atilianus

1140 2643 1149 2665 i
1177 2653 1184 2661 ·
1203 2641 1229 2673 3.
1241 2642 1309 2678 cap.
1322 2641 1345 2665 u
1361 2639 1384 2666 t·

1209 2732 1302 2763 Anno
1312 2728 1399 2764 urbis
1414 2739 1499 2764 net..
1513 2728 1668 2766 ciceronis
1681 2737 1734 2764 iv.
1746 2726 1852 2762 Coss.
1855 2725 2004 2774 fuerunt,

1173 2796 1213 2832 C.
1240 2797 1481 2834 MARIUS
1521 2799 1607 2833 ΙΙΙ.
1653 2798 1692 2831 L.
1721 2796 2039 2834 AURELIUS

1454 2845 1752 2883 OR'ESTES.

1133 2917 1339 3001 NIArius
1364 2918 1459 2954 hunc
1485 2916 1714 2954 Consulatum
1744 2915 1781 2951 in
1813 2923 1976 2969 apparatu
2001 2912 2084 2949 belli

1239 2967 1407 3004 Cimbrici
1429 2965 1538 3015 (quod
1560 2966 1684 3003 Cicero
1706 2963 1749 3000 de
1768 2963 1954 3013 provinciis
1976 2962 2085 2997 Coss-

1127 3017 1300 3052 Gallicum
1313 3026 1415 3052 vocat
1437 3018 1471 3053 &
1483 3015 1595 3052 Mario
1616 3024 1713 3052 extra
1732 3012 1890 3050 ordinem
1903 3011 2083 3047 decretum

1128 3066 1226 3104 fuiffe
1237 3065 1294 3112 ait)
1311 3064 1518 3108 consumsit,
1543 3075 1583 3103 ut
1601 3060 1715 3103 scribit
1728 3061 1878 3101 Velleius
1894 3060 1952 3101 lib·
1968 3071 1998 3096 2-
2011 3057 2082 3143 dldb'i

1989 3119 2010 3144 a
2058 3116 2086 3143 it

1635 3160 1716 3216 a...
1731 3174 1771 3202 ο
