2302 3353
47 319 90 346 10

59 1856 98 1883 11

589 159 682 192 DE

104 231 216 274 potest:
240 228 388 262 utceteri,
413 224 626 259 fidisertifint‚
648 222 760 265 aliquid
780 222 816 253 ab
834 224 891 252 hoc
912 223 1053 253 habeant:

108 276 158 305 hic
175 272 231 304 nifi
247 269 419 303 domesticis
436 269 465 298 se
483 267 655 297 instruxerit
672 266 766 304 copiis
778 284 786 297 ‚
809 263 929 293 aliunde
940 263 1061 293 dicendi

105 317 223 355 copiam
232 321 330 353 petere
349 320 413 340 non
433 307 529 349 poffit.
573 311 656 338 Tum
677 307 816 339 Catulus,
842 303 899 335 Etsi
911 324 919 337 ‚
943 306 1060 344 inquit,

105 357 221 387 Antoni
232 375 240 388 ,
261 351 392 382 minime
403 349 615 390 impediendus
626 347 668 378 est
678 347 916 387 interpellatione
929 345 983 375 iste
991 355 1060 374 cur-

104 399 152 429 sus
171 396 314 426 orationis
332 403 388 424 tuae
401 413 409 426 ,
429 393 539 432 patiere
558 400 657 420 tamen
674 390 811 428 mihique
828 387 971 429 ignosces.
994 389 1060 415 Non

101 439 176 468 enim
186 436 293 479 poffiim
304 456 311 469 ‚
339 435 410 476 quin
429 433 599 465 exclamem,
624 440 657 461 ut
673 433 713 461 ait
731 431 783 459 ille
800 431 833 459 in
853 431 1060 459 Trinummo:

101 483 142 511 ita
159 479 237 508 mihi
255 479 321 507 vim
340 477 464 506 oratoris
484 473 556 505 cum
575 474 744 513 exprimere
763 470 908 501 subtiliter
923 470 1004 499 visus
1016 479 1057 501 es,

103 530 170 551 tum
181 519 298 550 laudare
317 515 532 558 copiosissime:
555 514 636 556 quod
656 513 779 555 quidem
797 513 991 552 eloquentem
1011 510 1060 540 vel

104 561 220 602 optime
231 561 326 591 facere
336 567 471 600 oportet,
485 567 516 588 ut
525 558 731 598 eloquentiam
742 554 850 584 laudet*
875 553 964 583 debet
974 554 1060 582 enim

104 605 141 634 ad
167 613 233 633 eam
261 600 456 634 laudandam,
479 600 573 641 ipsam
592 598 676 628 illam
696 597 834 627 adhibete
853 615 863 628 ,
889 604 979 634 quam
999 594 1065 623 lau-

105 645 164 676 dat.
197 643 251 675 Sed
269 653 356 684 perge
375 641 482 683 porro:
504 641 560 671 tibi
578 642 661 670 enim
673 637 831 669 assentior,
855 635 987 666 vestrum
1007 633 1065 664 efi‘e

106 688 165 717 hoc
175 694 273 717 totum
286 705 294 719 ,
314 683 412 724 diserte*
422 683 526 716 dicere,
547 682 638 722 idque
649 679 739 720 siquis
760 680 794 707 in
812 678 868 707 alia
885 686 944 706 arte
960 675 1061 708 faciat,

109 738 180 759 eum
190 725 317 757 affumto
327 725 447 763 aliunde
458 727 502 755 uti
513 724 596 753 bono
603 742 615 755 f,
637 731 702 750 non
710 721 832 760 proprio
843 738 851 751 ‚
872 728 927 748 nec
937 719 1001 748 suo.
1026 720 1064 748 Et

106 767 224 800 Crassus
236 788 244 801 ‚
268 770 343 798 Nox
353 776 379 797 te
389 787 396 801 ‚
417 767 516 807 inquit
526 785 534 798 ‚
547 763 654 795 nobis,
667 763 783 792 Antoni
795 781 803 794 ,
815 760 984 799 expolivit,
1005 759 1063 788 ho-

110 813 288 850 minemque
306 808 443 839 reddidit.
469 816 540 836 nam
550 804 690 835 hesterno
710 803 848 833 sermone
858 803 948 831 unius
967 801 1063 839 cujus-

109 853 176 882 dam
187 853 265 893 operis
274 871 282 884 ,
301 860 334 880 ut
342 852 381 880 ait
390 847 525 880 Caecilius
533 866 541 880 ‚
556 846 688 886 remigem
695 844 821 885 aliquem
830 863 839 877 ‚
857 850 911 871 aut
920 842 1063 881 bajulum,

108 894 200 924 -nobis
209 901 357 923 oratorem
365 889 552 929 descripseras
562 908 571 921 ,
591 888 714 927 inopem
725 885 876 926 quendam
891 884 1063 914 humanita-

112 938 151 966 tis
162 955 170 969 ‚
184 939 194 954 ¹
215 943 299 974 atque
309 931 499 962 inurbanum.
523 932 607 960 Tum
616 929 769 958 Antonius
780 947 788 960 ‚
807 928 880 956 Heri
891 927 974 955 enim
987 945 995 959 ‚
1011 927 1060 954 in-

110 979 179 1017 quit
188 996 197 1009 ,
217 977 273 1005 hoc
285 974 361 1003 mihi
370 972 583 1012 proposueram
593 990 602 1004 ‚
622 979 655 1000 ut
665 990 674 1003 ,
695 968 715 998 fi
726 978 754 999 te
763 966 935 998 refelliss'em
947 988 955 1000 ,
976 967 1032 996 hos
1045 965 1061 995 a

109 1026 142 1048 te
151 1016 310 1055 discipulos
319 1015 495 1045 abducerem
507 1023 513 1042 :
524 1022 605 1042 nunc
613 1031 622 1045 ‚
634 1011 738 1041 Catulo
748 1009 886 1040 audiente
899 1029 907 1042 ‚
926 1009 960 1038 &
970 1008 1064 1038 Caesa—

112 1069 162 1090 re,
179 1058 284 1087 videor
294 1076 301 1089 ‚
323 1056 428 1086 debere
437 1062 568 1085 nontam
578 1063 708 1094 pugnare
718 1061 819 1082 tecum
830 1071 838 1085 ‚
858 1050 949 1091 quam
961 1070 970 1083 ‚
992 1048 1064 1090 quid

112 1100 173 1139 ipse
183 1099 308 1129 sentiam
320 1117 329 1131 ,
347 1097 456 1127 dicere.
479 1096 733 1136 Sequiturigitur‚
755 1095 899 1134 quoniam
916 1092 1006 1121 nobis
1024 1089 1067 1120 est

111 1142 179 1173 hic,
199 1139 234 1169 de
245 1149 306 1180 quo
324 1139 498 1179 loquimur,
520 1140 552 1167 in
571 1136 640 1166 foro
652 1156 660 1169 ,
682 1145 767 1176 atque
785 1137 818 1164 in
836 1134 933 1164 oculis
950 1134 1066 1163 civium

113 1180 360 1214 constituendus,
380 1188 413 1210 ut
423 1179 597 1212 videamus,
617 1177 690 1219 quid
700 1180 727 1207 ei
738 1178 851 1218 negotii
860 1175 985 1208 demus,
1004 1176 1068 1203 cui—

114 1234 174 1265 que
183 1233 254 1253 eum
272 1222 379 1251 muneri
397 1222 528 1251 velimus
546 1218 603 1250 effe
623 1217 821 1260 praepofitum.
853 1220 935 1247 Nam
954 1214 1068 1246 Crass'us

115 1267 200 1298 heri,
212 1274 282 1295 cum
292 1274 346 1294 vos
357 1263 459 1294 Catule
468 1283 477 1297 ‚
489 1262 522 1293 δε
533 1262 641 1295 Caesar,
653 1271 717 1291 non
726 1259 860 1291 adeffetis
870 1279 879 1294 ‚
890 1258 992 1298 posuit
1002 1257 1068 1287 bre-

113 1309 194 1337 viter
202 1309 235 1337 in
251 1308 320 1337 artis
330 1305 539 1336 distributione
554 1304 634 1335 idem
644 1323 653 1338 ‚
672 1303 754 1346 quod
766 1304 861 1334 Graeci
869 1301 1003 1343 plerique
1013 1309 1069 1339 po-

115 1349 239 1379 suerunt
251 1359 256 1377 z
267 1358 363 1389 neque
373 1347 441 1378 sane
452 1348 524 1388 quid
534 1349 594 1387 ipse
605 1347 724 1378 sentiret
733 1367 741 1380 ‚
764 1346 811 1376 sed
821 1344 893 1386 quid
904 1341 1011 1374 abillis
1022 1341 1069 1371 di-

110 1399 229 1437 ceretur
238 1410 247 1424 ‚
260 1389 390 1419 ostendit
407 1400 412 1418 :
435 1389 495 1419 duo
504 1392 601 1429 prima
609 1399 715 1430 genera
723 1387 925 1429 quaestionum
937 1384 994 1416 effe
1005 1405 1013 1419 ,
1033 1386 1067 1414 in

109 1431 224 1473 quibus
234 1432 405 1471 eloquentia
420 1432 580 1461 versaretur
599 1442 605 1460 2
627 1441 722 1461 unum
733 1428 891 1460 infinitum
908 1448 917 1462 ‚
940 1428 1066 1458 alterum

112 1481 238 1520 certum.
261 1472 412 1511 Infinitum
431 1474 508 1502 mihi
525 1473 680 1503 videbatur
698 1472 728 1502 id
747 1472 862 1505 dicere,
882 1472 915 1500 'in
934 1480 995 1510 quo
1013 1469 1065 1498 ali-

113 1513 188 1556 quid
198 1516 360 1555 generatim
371 1518 547 1554 quaereretur
556 1535 564 1548 ,
583 1516 640 1544 hoc
650 1513 745 1544 modo
757 1525 762 1542 z
775 1511 986 1553 Expetendane
997 1509 1068 1540 effet

112 1557 285 1597 eloquentia
305 1566 310 1584 ε
330 1555 529 1595 expetendi-ne
538 1557 678 1586 honores.
701 1558 815 1585 certum
823 1563 924 1585 autern
936 1573 944 1587 ,
963 1555 1067 1593 inquo

111 1597 190 1638 quid
200 1599 232 1627 in
241 1597 373 1637 personis
392 1617 401 1630 ‚
421 1597 454 1627 δε
470 1599 505 1627 in
521 1597 682 1628 constituta
697 1607 728 1627 re
740 1597 774 1627 &
785 1595 907 1627 definita
923 1604 1068 1635 quaerere-

117 1648 167 1686 tur
185 1649 191 1667 :
209 1638 379 1686 cujusmodi
389 1639 457 1669 sunt
465 1649 530 1679 quae
541 1641 574 1669 in
583 1639 651 1669 foro
663 1660 671 1672 ‚
691 1648 776 1679 atque
786 1640 820 1668 in
829 1639 944 1668 civium
965 1634 1066 1669 causis,

117 1680 437 1728 disceptationibusque
446 1681 606 1711 versantur.
631 1684 672 1711 Ea
690 1682 767 1710 mihi
785 1679 926 1710 videntur
936 1686 986 1708 aut
1002 1682 1016 1697 ²
1034 1679 1067 1707 in

116 1722 171 1752 lite
179 1721 343 1769 ordinanda
353 1741 361 1756 ‚
383 1731 432 1752 aut
442 1724 475 1752 in
481 1721 608 1752 confilio
617 1723 717 1753 dando
728 1721 784 1752 effe
793 1720 892 1761 posita.
910 1731 980 1750 nam
990 1718 1067 1749 illud

117 1771 241 1810 tertium
252 1783 262 1796 ,
280 1763 361 1804 quod
373 1763 405 1793 ὃς
415 1763 431 1794 ὲ
441 1763 539 1794 Crafl'o
556 1764 669 1794 ta8mm
688 1763 730 1794 est
741 1784 749 1797 ‚
771 1764 804 1793 ὃς
814 1783 823 1797 ,
842 1771 875 1793 ut
884 1762 975 1792 audio
986 1781 995 1794 ,
1018 1761 1069 1790 ille

116 1805 179 1852 ipse
189 1804 360 1835 Aristoteles
377 1825 386 1838 ,
406 1807 458 1845 qui
477 1807 541 1836 haec
558 1806 693 1836 maxime
713 1804 871 1835 illustravit
886 1824 895 1838 ‚
920 1803 1068 1842 adjunxit,

117 1855 208 1877 etiam
218 1845 238 1875 fi
248 1856 323 1886 opus
333 1846 384 1880 est,
397 1855 496 1877 tamen
508 1850 609 1877 minus
620 1847 662 1877 est
671 1845 875 1877 necessarium.
899 1844 1069 1887 Qidnam?

118 1889 219 1934 inquit
227 1888 347 1917 Catulus
359 1909 369 1921 ,
389 1898 427 1918 an
435 1889 607 1918 laudationes
619 1893 629 1918 3
649 1889 679 1919 id
690 1891 773 1918 enim
783 1888 873 1918 video
891 1889 966 1927 poni
975 1896 1069 1928 genus

118 1938 252 1960 tertium.
271 1932 325 1961 Ita,
338 1931 436 1969 inquit
444 1933 596 1960 Antonius
608 1950 616 1964 ‚
629 1931 704 1960 &in
713 1941 750 1960 eo
760 1930 883 1970 quidem
892 1938 998 1970 genere
1008 1929 1069 1957 scio

123 1971 158 2000 δί
167 1980 236 2017 me?
248 1970 281 1999 δί
291 1972 410 1999 omneis
420 1990 428 2003 ‚
440 1973 492 2011 qui
502 1970 660 2005 affuerunt,
671 1971 830 2001 deletitatos
840 1969 898 2000 effe
905 1971 1070 1999 vehemen-

123 2020 269 2059 techum
280 2010 331 2056 abs
341 2019 370 2040 te
379 2010 422 2040 est
430 2013 544 2051 Popilia
555 2033 563 2046 ,
583 2021 677 2042 mater
684 2012 777 2042 vestra
785 2031 794 2045 ‚
811 2011 924 2041 laudata
935 2022 940 2039 :
951 2012 999 2040 cui
1009 2011 1071 2049 pri-

123 2062 214 2082 mum
234 2056 344 2080 musneri
362 2053 443 2082 hunc
459 2054 610 2083 honorem
622 2055 654 2083 in
672 2052 772 2083 nostra
787 2054 905 2082 civitate
923 2051 1070 2081 tributum

120 2103 195 2134 puto
209 2104 213 2122 :
226 2093 274 2123 sed
286 2103 350 2123 non
359 2096 463 2124 omnia
473 2114 481 2128 ‚
491 2105 687 2135 quaecumque
697 2095 861 2135 loquimur,
877 2094 955 2122 mihi
964 2092 1071 2123 viden-

118 2144 169 2165 tur
185 2134 220 2164 ad
230 2143 322 2164 m'tem
333 2155 342 2168 ²
362 2135 396 2164 &
405 2135 439 2164 ad
450 2145 589 2176 praecepta
603 2136 660 2166 effe
670 2135 842 2166 revocanda.
867 2138 913 2164 Ex
923 2136 969 2164 his
986 2136 1070 2163 enim

108 2176 257 2206 ‘fontibus
266 2195 275 2210 ,
294 2176 374 2206 unde
383 2179 487 2207 omnia
497 2177 598 2207 ornate
611 2177 731 2208 dicendi
741 2184 883 2217 praecepta
894 2177 1066 2208 sumuntur,

121 2218 225 2248 licebit
233 2219 322 2247 etiarn
333 2217 536 2248 laudationem
548 2229 651 2249 ornare
665 2239 673 2252 ,
694 2228 791 2259 neque
800 2218 852 2247 illa
861 2218 1010 2247 elementa
1019 2216 1071 2246 de-

122 2258 243 2307 fiderare
255 2279 262 2293 ‚
283 2269 349 2299 quae
358 2267 391 2289 ut
408 2269 501 2290 nemo
511 2260 619 2293 tradat,
641 2262 707 2301 quis
717 2260 759 2290 est
772 2280 779 2292 ,
797 2260 850 2300 qui
860 2259 968 2288 nesciat
979 2278 987 2292 ,
1006 2267 1072 2298 quae

118 2300 176 2333 sint
184 2311 219 2348 ‚m
228 2302 353 2348 homine
363 2300 508 2332 laudanda
518 2300 638 2342 ?pofitis
649 2304 732 2332 enim
743 2303 779 2331 iis
790 2301 876 2330 rebus
888 2321 896 2334 ‚
909 2309 979 2340 quas
991 2300 1073 2329 Cras—

120 2343 170 2372 sus
182 2352 213 2389 in
231 2342 313 2389 illius
329 2344 473 2372 orationis
484 2344 541 2373 suae
552 2363 561 2377 ‚
575 2354 665 2384 quam
684 2352 787 2374 contra
802 2342 950 2382 collegam
969 2341 1075 2371 censor

120 2384 227 2414 habuit
241 2385 390 2431 principio
408 2384 486 2414 dixit
495 2405 503 2418 ‚
528 2388 615 2426 QAE
635 2395 775 2415 Nixi-unii
786 2404 794 2417 ,
817 2393 867 2414 aut
884 2384 1004 2413 fortuna
1022 2382 1074 2412 da—

125 2435 227 2472 rentur
236 2425 412 2455 hominibus
423 2446 431 2459 ‚
452 2428 485 2456 in
495 2428 532 2456 iis
542 2427 629 2457 rebus
640 2428 667 2457 se
677 2428 760 2456 vinci
778 2425 860 2464 poffe
870 2427 975 2456 animo
986 2434 1072 2464 aequo

122 2476 184 2514 pati
205 2477 220 2514 :⁴
229 2477 295 2514 quae
305 2465 359 2506 ipsi
376 2465 429 2497 fibi
440 2468 582 2498 homines
591 2479 688 2508 parare
698 2465 816 2508 possent
826 2488 835 2501 ‚
854 2469 888 2497 in
897 2469 936 2497 iis
946 2466 1033 2496 rebus
1043 2466 1072 2495 se

121 2517 183 2549 pati
193 2518 274 2538 vinci
285 2528 293 2542 ,
305 2518 367 2538 non
375 2507 457 2548 posse
477 2519 482 2538 :
504 2512 555 2550 qui
566 2510 696 2540 laudabit
704 2511 876 2550 quempiam
887 2529 896 2542 ‚
915 2508 1072 2549 intelliget,

123 2550 301 2597 exponenda
309 2548 362 2579 fibi
372 2548 430 2579 effe
437 2550 560 2589 fortuna
570 2549 648 2580 bona.
669 2554 712 2582 Ea
720 2552 788 2581 sunt
801 2571 809 2585 2
831 2552 946 2591 generis
958 2570 965 2583 ‚
985 2559 1075 2589 pecu-

122 2601 181 2621 niae
189 2611 198 2625 ,
209 2600 446 2638 propinquorum
457 2612 466 2624 ,
475 2593 643 2624 amicorum
654 2613 662 2626 ,
673 2602 767 2632 opum
778 2613 785 2626 ‚
806 2591 984 2622 valetudinis
994 2611 1002 2624 ‚
1012 2590 1076 2621 for-

122 2643 181 2663 mae
191 2653 199 2666 ‚
210 2642 323 2680 virium
334 2652 342 2666 ,
353 2635 467 2673 ingenii
477 2653 486 2667 ‚
504 2642 726 2675 ceterarumque
736 2644 836 2664 rerum
846 2653 855 2666 ‚
875 2643 940 2674 quae
950 2633 1018 2662 sunt
1027 2641 1077 2662 aut

124 2684 255 2722 corporis
267 2694 275 2708 ,
286 2683 336 2704 aut
344 2683 488 2704 extraneae
501 2685 506 2704 :
518 2673 538 2704 fi
548 2675 683 2705 habuerit
694 2696 702 2709 ,
720 2675 797 2705 bene
807 2677 853 2705 his
863 2676 951 2704 usum
963 2685 968 2703 :
980 2672 1000 2703 fi
1011 2683 1075 2703 non

123 2715 268 2763 habuerit,
285 2719 297 2743 3
309 2715 582 2755 sapientercaruifle
595 2727 600 2745 z
612 2716 632 2746 fi
641 2717 773 2747 amiserit
782 2738 791 2750 ‚
803 2715 954 2746 moderate
964 2714 1073 2745 tuliffe.

124 2757 245 2804 Deinde
261 2756 334 2804 quid
353 2757 497 2797 sapienter
505 2760 529 2787 is
542 2778 550 2791 ,
571 2768 663 2799 quem
674 2758 772 2788 laudet
781 2779 789 2792 ‚
811 2758 883 2799 quid
903 2757 1073 2790 liberaliter,

124 2798 199 2848 quid
208 2798 323 2845 fortiter
332 2818 341 2831 ‚
351 2798 424 2838 quid
431 2799 442 2838 j
448 2798 509 2829 ust‘e
521 2819 530 2833 ,
540 2799 613 2839 quid
626 2799 786 2841 magnifice
797 2820 805 2833 ‚
826 2799 898 2840 quid
909 2798 957 2838 pie
969 2818 976 2832 ‚
1001 2798 1073 2839 quid

124 2850 202 2880 grate
215 2860 223 2874 ‚
242 2839 316 2880 quid
332 2841 503 2870 humaniter
516 2860 524 2873 ,
545 2841 618 2881 quid
629 2841 757 2882 denique
768 2851 838 2871 curn
856 2841 954 2882 aliqua
962 2842 1072 2869 virtute

123 2890 173 2913 aut
180 2880 282 2912 fecerit
290 2901 298 2915 ‚
311 2890 360 2911 aut
368 2881 477 2912 tulerit.
502 2884 575 2913 Haec
584 2902 592 2916 ‚
605 2883 638 2914 &
648 2893 714 2925 quae
725 2881 781 2913 sint
790 2884 854 2923 ejus
863 2883 989 2924 generis,
1000 2880 1073 2912 faci-

762 145 1200 191 OnAronss

1334 38 1358 53 l

1281 144 1321 189 L
1356 156 1374 187 1
1410 155 1447 187 B.
1487 138 1555 184 11„
2003 133 2062 196 89

1105 222 1133 253 le
1144 222 1259 252 videbit
1267 242 1275 257 ‚
1296 224 1347 262 qui
1358 221 1441 250 volet
1449 217 1564 249 laudare
1574 214 1747 258 quempiam
1761 223 1766 242 ε
1780 212 1812 243 ὃς
1823 212 1874 253 qui
1883 211 2061 251 vituperare»

1106 266 1259 293 contraria.
1282 266 1341 293 Cui·
1358 263 1448 303 igitur
1467 260 1582 290 dubitas
1594 279 1602 291 ,
1625 258 1724 297 inquit
1742 256 1861 285 Catulus
1874 274 1881 287 ,
1897 253 1989 283 facere
2000 254 2060 282 hoc

1085 309 1086 323 ¹
1107 306 1228 333 tertium
1239 315 1343 345 genus,
1355 305 1500 344 quoniam
1511 299 1587 331 inest
1598 302 1630 328 in
1639 301 1754 329 ratione
1763 299 1875 326 rerum?
1886 305 1950 324 non
1961 296 2058 327 enim,

1109 343 1130 373 si
1148 344 1190 374 cst
1207 344 1324 374 facilius
1334 365 1342 378 ,
1366 356 1403 374 eo
1421 345 1457 374 de
1474 352 1602 373 nurnero
1621 349 1740 381 quoque
1759 338 1802 368 est
1820 335 2054 375 excerpendum.

1109 387 1186 425 Qia
1196 387 1269 415 noio
1280 406 1287 418 ‚
1311 388 1408 425 inquit
1418 405 1426 419 ‚
1447 387 1551 414 omnia
1562 403 1569 416 ‚
1591 393 1654 423 quae
1667 381 1776 411 cadunt
1784 378 1943 420 aliquando
1952 379 1985 407 in
1995 387 2062 406 ora-

1108 435 1203 455 torem
1215 446 1222 459 ,
1234 437 1370 466 quamvis
1382 429 1487 466 exigua
1497 425 1552 454 sint
1562 445 1569 458 ‚
1582 435 1615 454 ea
1625 422 1661 453 fic
1671 422 1800 455 tractare,
1814 419 1891 462 quafi
1903 419 1981 448 nihil
1991 418 2060 458 pos-

1106 465 1141 497 fit
1150 467 1208 496 dici
1220 466 1279 496 sine
1290 477 1439 506 praeceptis
1452 468 1518 496 suis.
1543 469 1623 495 Nam
1635 465 1667 495 &
1677 462 1863 499 testimonium
1874 462 1945 500 saepe
1955 460 2060 490 dicen-

1107 508 1183 553 dum
1202 507 1244 538 est
1255 528 1263 541 ‚
1281 519 1313 538 ac
1323 517 1555 547 nonnumquam
1566 509 1654 536 etiam
1665 503 1824 536 accuratius
1837 524 1845 537 ,
1866 513 1899 533 ut
1916 503 1994 531 mihi
2005 511 2059 531 ne-

1107 549 1181 580 cesse
1191 549 1248 579 fuit
1258 551 1290 578 in
1301 552 1367 578 Sex.
1391 550 1511 578 Titium
1525 569 1532 580 ,
1548 548 1718 577 seditiosum
1729 549 1828 576 civem
1840 566 1848 579 ,
1861 546 1893 575 &
1903 543 2060 574 turbulen-

1108 601 1173 621 tum
1196 602 1201 619 z
1220 591 1368 630 explicavi
1380 591 1412 618 in
1422 599 1458 618 eo
1469 588 1645 618 testimonio
1656 588 1784 618 dicendo
1796 608 1804 621 ‚
1825 588 1930 617 omnia
1939 583 2060 615 consilia

1106 633 1277 663 consulatus
1289 633 1368 664 mei,
1388 630 1498 671 quibus
1517 630 1562 658 illi
1583 630 1705 659 tribuno
1723 629 1818 669 plebis
1837 638 1891 668 pro
1909 626 2061 666 republica

1110 673 1278 704 restitissem
1289 693 1297 707 ,
1317 682 1439 713 quaeque
1457 671 1493 701 ab
1502 681 1537 700 eo
1550 680 1650 700 contra
1668 671 1885 710 rempublicam
1896 668 1971 699 faeta
1981 667 2058 698 arbi—

1107 725 1206 748 trarer,
1220 715 1356 755 exposui.
1376 714 1428 743 diu
1437 721 1568 742 retentus
1579 712 1644 740 sum
1655 731 1662 744 ‚
1675 714 1768 741 muita
1777 712 1876 741 audivi
1889 732 1896 744 ‚
1911 710 2006 739 multa
2014 719 2062 739 re-

1111 757 1227 797 spondi.
1251 760 1337 787 Num
1348 757 1437 796 igitur
1446 755 1539 794 placet
1550 773 1558 786 ,
1579 752 1651 781 curn
1661 752 1696 781 de
1715 753 1886 792 eloquentia
1896 752 2059 792 praecipias,

1105 798 1218 839 aliquid
1229 800 1319 828 etiam
1331 798 1366 827 de
1377 796 1557 827 testimoniis
1569 793 1703 823 dicendis
1713 814 1721 825 ,
1731 793 1809 833 quasi
1822 796 1853 823 iri
1865 803 1923 824 arte
1934 793 2060 823 tradere?

1109 841 1198 870 Nihil
1209 839 1275 869 sane
1288 859 1296 872 ‚
1318 840 1418 879 inquit
1427 833 1676 869 Catulus‚necesse
1686 833 1737 865 est.
1762 835 1842 875 Qid
1853 834 1872 863 si
1883 834 1974 874 gquod
1984 834 2057 873 saepe

1108 883 1236 912 summis
1245 882 1318 911 viris
1329 879 1446 920 accidit)
1458 877 1597 908 mandata
1606 875 1661 906 sint
1671 875 1848 915 exponenda
1860 896 1867 908 ‚
1877 885 1925 905 aut
1935 877 1966 905 in
1978 876 2059 905 sena-

1109 932 1142 954 tu
1153 923 1189 953 ab
1203 925 1379 962 imperatore
1392 942 1400 955 ‚
1420 920 1512 951 autad
1524 922 1734 959 imperatorem
1745 937 1753 950 ‚
1774 926 1822 946 aut
1831 917 1867 946 ad
1877 927 1973 958 regern
1985 937 1993 949 ,
2012 927 2062 948 aiii:

1108 965 1255 1005 populum
1266 964 1397 1004 aliquem
1408 962 1424 992 a
1434 963 1533 992 senatu
1552 963 1563 989 ?
1582 970 1660 990 num
1670 960 1739 999 quia
1752 968 1858 999 genere
1874 960 2017 987 orationis
2028 961 2062 988 iii

1108 1006 1284 1045 hujusmodi
1303 1004 1393 1035 causis
1412 1004 1588 1034 accuratiore
1605 1001 1649 1031 est
1665 1000 1812 1031 utendum
1834 1020 1842 1032 ,
1870 998 1980 1028 idcirco
2000 1009 2064 1038 pars

1109 1050 1202 1078 etiam
1214 1048 1277 1077 haec
1286 1047 1436 1077 causarum
1447 1043 1631 1075 numeranda
1640 1042 1776 1074 videtur,
1796 1050 1846 1071 aut
1854 1042 1980 1080 propriis
1989 1050 2062 1079 prae-

1109 1092 1203 1130 ceptis
1214 1088 1385 1118 instruenda
1396 1086 1547 1117 ?Minime
1559 1085 1642 1118 vero,
1654 1086 1754 1124 inquit
1763 1084 1892 1113 Catulus.
1904 1092 1967 1111 non
1978 1084 2064 1111 enim

1111 1132 1205 1162 deerit
1221 1131 1342 1160 homini
1353 1130 1462 1160 diserto
1472 1130 1506 1158 in
1519 1126 1669 1167 ejusmodi
1681 1125 1767 1155 rebus
1777 1124 1897 1154 facultas
1907 1143 1915 1156 ,
1934 1133 1971 1152 ex
1985 1133 2065 1153 cete-

1111 1175 1149 1203 ris
1170 1172 1256 1202 rebus
1266 1192 1274 1205 ,
1296 1172 1329 1202 &
1349 1169 1438 1201 causis
1457 1178 1630 1210 comparata.
1663 1170 1740 1207 Ergo
1760 1168 1833 1196 item
1856 1186 1864 1197 ,
1885 1166 1984 1205 inquit
2001 1165 2065 1197 illa,

1111 1225 1176 1256 quae
1186 1215 1258 1254 saepe
1269 1212 1376 1244 diserte
1385 1211 1496 1253 agenda
1506 1212 1583 1244 sunt,
1598 1211 1630 1240 &
1640 1219 1704 1249 quae
1715 1218 1769 1250 ego
1779 1207 1878 1247 paullo
1888 1207 1967 1239 ante,
1979 1204 2065 1243 (cum

1111 1257 1316 1297 eloquentiam
1338 1254 1501 1293 laudarem)
1519 1253 1584 1283 dixi
1603 1253 1726 1281 oratoris
1742 1248 1801 1279 effe
1811 1269 1819 1282 ‚
1842 1258 1936 1289 neque
1956 1247 2068 1278 habent

1111 1299 1199 1329 suum
1218 1298 1320 1327 Iocum
1340 1296 1438 1326 ullum
1457 1297 1491 1325 in
1509 1293 1654 1324 divisione
1671 1292 1799 1332 partium
1810 1311 1818 1324 ,
1833 1300 1930 1330 neque
1948 1298 2065 1320 certum.

1110 1347 1325 1381 praeceptorum
1342 1347 1435 1379 genus
1447 1357 1455 1370 ‚
1477 1337 1510 1366 &
1528 1334 1638 1377 agenda
1655 1334 1724 1364 sunt
1740 1343 1805 1362 non
1821 1330 1924 1361 minus
1941 1330 2063 1364 diserte,

1110 1383 1201 1425 quam
1214 1391 1279 1424 quae
1289 1382 1322 1410 in
1331 1380 1383 1409 lite
1393 1379 1552 1411 dicuntur,
1565 1377 1732 1417 objurgatio
1744 1394 1752 1408 ,
1765 1374 1943 1405 cohortatio,
1955 1373 2065 1402 conso-

1110 1427 1181 1456 latio
1203 1435 1208 1454 τ
1228 1432 1358 1465 quorum
1369 1421 1448 1451 nihil
1457 1419 1518 1453 est,
1537 1418 1619 1460 quod
1630 1428 1694 1448 non
1715 1417 1831 1446 summa
1840 1414 1959 1445 dicendi
1976 1423 2064 1443 orna-

1113 1475 1214 1497 menta
1223 1465 1374 1496 desideret:
1387 1463 1434 1494 sed
1445 1472 1483 1493 ex
1493 1459 1618 1492 artificio
1631 1469 1675 1489 res
1685 1458 1746 1488 istae
1756 1465 1898 1498 praecepta
1909 1465 1973 1485 non
1982 1465 2065 1496 quaeu

1111 1518 1190 1540 runt.
1214 1508 1303 1539 Plane
1316 1528 1324 1541 ,
1337 1508 1436 1547 inquit
1446 1526 1454 1539 ‚
1465 1503 1586 1535 Catulus
1598 1522 1606 1536 ‚
1617 1499 1766 1531 affentior.
1789 1502 1852 1538 Age
1861 1496 1933 1527 vero
1945 1517 1954 1530 ‚
1967 1498 2067 1537 inquii:

1112 1552 1264 1582 Antonius
1282 1570 1291 1583 ‚
1310 1549 1404 1590 qualis
1415 1548 1538 1577 oratoris
1548 1565 1556 1579 ‚
1578 1545 1610 1575 δε
1620 1543 1722 1584 quanti
1741 1542 1878 1571 hominis
1887 1541 1920 1569 in
1930 1538 2062 1568 dicendo·

1111 1603 1193 1633 putas
1211 1590 1268 1621 efl'e
1278 1591 1433 1621 historiam
1452 1588 1576 1619 scribere
1593 1589 1604 1615 ?
1622 1590 1639 1612 4
1654 1586 1684 1615 Si
1694 1604 1704 1618 ,
1722 1592 1754 1613 ut
1764 1583 1859 1612 Graeci
1877 1581 2065 1620 scripserunt„

1113 1635 1225 1666 summi
1236 1654 1244 1667 ‚
1256 1634 1356 1674 inquit
1366 1631 1486 1661 Catulus
1501 1641 1506 1658 :
1517 1628 1538 1659 fi
1548 1649 1556 1662 ,
1573 1636 1606 1658 ut
1615 1626 1709 1657 nostri
1720 1646 1728 1659 ‚
1741 1625 1818 1655 nihil
1829 1633 1903 1662 opus
1913 1622 1955 1652 est
1965 1630 2065 1652 orato-

1112 1688 1153 1707 re.
1166 1677 1232 1707 satis
1242 1674 1284 1705 est
1293 1684 1358 1704 non
1367 1672 1424 1703 effe
1435 1672 1602 1702 mendacem.
1632 1670 1723 1709 Atqui
1733 1687 1740 1701 ,
1753 1677 1790 1696 ne
1800 1665 1917 1695 nostros
1925 1672 2065 1694 contem-

1112 1729 1175 1752 nas,
1187 1718 1285 1757 inquit
1295 1717 1448 1746 Antonius
1457 1734 1465 1747 ‚
1479 1715 1573 1743 Graeci
1582 1720 1702 1752 quoque
1712 1708 1749 1739 fic
1759 1706 1847 1738 initio
1860 1707 2066 1746 scriptitarunt.

1112 1769 1145 1791 ut
1154 1759 1255 1790 noster
1264 1761 1336 1788 Cato
1348 1778 1356 1792 ‚
1376 1766 1408 1787 ut
1418 1755 1517 1787 Pi&or
1528 1775 1535 1789 ‚
1548 1764 1580 1785 ut
1587 1753 1666 1784 Piso.
1689 1755 1758 1782 Erat
1766 1751 1848 1780 enim
1860 1748 1981 1778 historia
1987 1745 2066 1776 nihil

1112 1802 1194 1832 aliud
1203 1822 1212 1835 ‚
1234 1798 1289 1830 nifi
1305 1799 1461 1831 annalium
1472 1795 1625 1828 confectio
1647 1805 1652 1823 τ
1670 1795 1716 1833 cuj
1721 1803 1755 1823 us
1769 1793 1810 1822 rei
1822 1812 1829 1824 ‚
1852 1791 2068 1829 memoriaeque

1112 1843 1238 1884 publicae
1246 1841 1411 1872 retinendae
1420 1840 1503 1870 causa
1512 1860 1520 1872 ‚
1539 1838 1575 1868 ab
1584 1839 1675 1867 initio
1685 1844 1784 1865 rerum
1795 1836 2005 1863 Romanarum
2017 1831 2068 1860 us-

1113 1896 1170 1927 que
1180 1885 1215 1915 ad
1226 1889 1255 1916 P.
1267 1885 1407 1913 Mucium
1419 1902 1427 1915 ‚
1439 1879 1616 1922 pontificem
1626 1879 1809 1907 maximum,
1823 1884 1867 1904 res
1877 1874 1996 1903 omneis
2006 1871 2066 1902 fin-

1113 1927 1253 1970 gulorum
1274 1934 1425 1955 annorum
1447 1921 1604 1952 mandabat
1624 1920 1717 1949 literis
1738 1915 1877 1957 pontifex
1900 1916 2067 1946 maximus,

1115 1967 1310 2007 efferebatque
1321 1968 1353 1996 in
1362 1965 1463 1995 album
1473 1984 1482 1997 ,
1494 1964 1527 1992 Sc
1534 1960 1719 2002 proponebat
1727 1958 1856 1988 tabulam
1867 1956 1952 1986 domi
1963 1976 1971 1989 ‚
1983 1964 2068 1994 pote-

1115 2010 1170 2040 stas
1182 2018 1214 2039 ut
1222 2008 1294 2039 esset
1301 2007 1416 2046 populo
1425 2003 1624 2045 cognoscendi
1638 2023 1646 2034 ,
1667 2003 1689 2030 ii
1707 2002 1759 2040 qui
1769 2000 1858 2028 etiam
1868 2007 1949 2027 nunc
1957 2000 2069 2025 iAnna-

1115 2051 1151 2080 les
1170 2050 1292 2079 maximi
1311 2049 1519 2078 nominantur.
1560 2047 1646 2074 Hanc
1667 2039 1896 2071 similitudinem
1917 2037 2067 2068 scribendi

1117 2093 1208 2122 multi
1226 2092 1317 2122 secuti
1336 2090 1404 2119 sunt
1412 2108 1419 2122 ,
1439 2090 1491 2128 qui
1502 2086 1562 2116 fine
1580 2085 1650 2115 ullis
1669 2083 1854 2113 ornamentis
1865 2089 2067 2110 monumenta

1117 2133 1218 2164 solum
1230 2141 1401 2171 temporum
1414 2150 1421 2163 ,
1434 2131 1598 2158 hominurn
1610 2147 1619 2160 ‚
1630 2127 1766 2155 locorum
1780 2144 1786 2156 ,
1804 2122 2010 2165 gestarumque
2021 2131 2070 2150 re-

1117 2185 1185 2204 rum
1204 2175 1398 2214 reliquerunt.
1421 2174 1522 2211 Itaque
1542 2169 1636 2210 qualis
1655 2165 1731 2206 apud
1743 2168 1862 2195 Graecos
1875 2162 2067 2202 Pherecydes,

1118 2217 1293 2246 Hellanicus
1305 2234 1312 2247 ‚
1334 2212 1464 2243 Acusilas
1482 2211 1539 2241 suit
1549 2231 1557 2244 ,
1579 2210 1687 2250 aliique
1705 2206 1845 2248 permulti
1858 2218 1866 2240 3
1884 2205 1949 2235 talis
1968 2203 2069 2234 noster

1119 2261 1191 2288 Cato
1204 2278 1211 2290 ,
1225 2258 1257 2287 ὃς
1267 2255 1367 2287 Pistor
1377 2275 1385 2288 ‚
1403 2255 1435 2284 δε
1447 2253 1515 2284 Piso
1526 2273 1534 2286 ,
1554 2254 1606 2293 qui
1616 2261 1712 2291 neque
1722 2256 1825 2279 tenent
1834 2268 1843 2281 ,
1863 2247 1970 2288 quibus
1980 2245 2070 2276 rebus

1118 2308 1239 2329 ornatur
1259 2299 1354 2328 oratio
1373 2294 1481 2334 (modo
1499 2296 1584 2324 enim
1601 2294 1660 2323 huc
1679 2290 1732 2321 ista
1751 2291 1818 2320 sunt
1835 2288 2002 2328 importata)
2022 2287 2068 2320 &‚

1118 2341 1192 2371 dum
1202 2339 1384 2380 intelligatur
1394 2359 1402 2372 ‚
1421 2336 1494 2378 quid
1505 2336 1621 2368 dicant,
1641 2343 1732 2364 unam
1744 2331 1863 2362 dicendi
1883 2330 2002 2360 laudem
2011 2338 2070 2368 pii-

1117 2392 1179 2413 tant
1188 2380 1246 2412 ess'e
1257 2402 1265 2414 ‚
1287 2379 1464 2409 brevitatem.
1488 2377 1658 2408 Paullulum
1684 2375 1711 2404 se
1722 2375 1834 2406 erexit,
1856 2370 2011 2401 &addidit
2020 2370 2070 2399 hi-

1119 2424 1216 2454 storiae
1225 2423 1371 2462 majorem
1384 2422 1489 2451 sonum
1501 2420 1583 2449 vocis
1595 2420 1642 2448 vir
1650 2418 1794 2457 optimu5‚
1806 2411 1892 2443 Crassi
1901 2411 2068 2444 familiaris,

1119 2467 1274 2506 Antipater
1285 2474 1290 2492 :
1301 2464 1390 2493 ceteri
1400 2472 1462 2492 non
1474 2469 1664 2491 exornatores
1674 2467 1782 2489 rerum,
1794 2455 1841 2485 sed
1853 2451 2067 2484 tantummodo

1120 2516 1281 2538 narratores
1298 2504 1430 2534 fuerunt.
1464 2502 1515 2532 Est
1526 2522 1534 2534 ‚
1547 2503 1646 2541 inquit
1656 2498 1792 2530 Catulus,
1809 2505 1840 2526 ut
1851 2496 1924 2525 dicis
1936 2507 1941 2523 1
1952 2494 2001 2524 sed
2012 2493 2066 2524 iste

1120 2550 1180 2589 ipse
1191 2548 1303 2579 Coelius
1323 2556 1419 2586 neque
1438 2543 1577 2574 distinxit
1594 2540 1750 2571 historiam
1764 2540 1900 2568 varietate
1916 2537 2065 2568 locorum,

1120 2601 1218 2631 neque
1227 2589 1389 2619 verborum
1399 2587 1595 2616 collocatione
1607 2595 1615 2616 3
1635 2583 1667 2611 &
1677 2579 1769 2611 austu
1779 2580 1922 2609 orationis
1932 2579 1992 2608 leni
2005 2597 2014 2611 ‚
2034 2578 2068 2607 δε

1120 2631 1258 2673 aequabili
1268 2629 1429 2670 perpoliVit
1438 2626 1512 2657 illud
1522 2634 1614 2664 opus:
1634 2622 1682 2653 sed
1693 2631 1724 2652 ut
1734 2623 1830 2652 homo
1840 2630 1937 2660 neque
1948 2618 2067 2653 dodius,

1120 2684 1217 2714 neque
1236 2670 1372 2701 maxime
1382 2678 1466 2709 aptus
1476 2667 1511 2697 ad
1521 2665 1684 2696 dicendum
1695 2684 1703 2697 ‚
1725 2662 1795 2693 sicut
1807 2665 1905 2702 potuit
1917 2682 1925 2696 ‚
1943 2661 2069 2691 dolavit:

1119 2718 1193 2746 vicit
1203 2723 1304 2745 tamen
1316 2732 1324 2745 ‚
1336 2720 1368 2740 ut
1377 2711 1450 2740 dicis
1462 2730 1469 2741 ,
1483 2709 1656 2748 superiores.
1678 2705 1811 2734 Minime
1823 2706 1937 2733 mirum
1949 2723 1957 2736 ‚
1969 2703 2070 2742 inquit

1120 2758 1271 2786 Antonius
1282 2774 1289 2787 ‚
1310 2752 1329 2782 fi
1341 2752 1393 2782 ista
1403 2761 1447 2781 res
1465 2750 1560 2780 adhuc
1569 2747 1667 2778 nostra
1677 2748 1777 2788 lingua
1794 2745 1934 2775 illustrata
1943 2754 2005 2774 non
2017 2742 2069 2772 est.

1121 2801 1224 2828 Nemo
1235 2798 1319 2826 enim
1334 2793 1431 2823 studet
1439 2792 1616 2832 eloquentiae
1626 2788 1798 2818 nostrorum
1810 2789 1972 2816 hominum
1985 2805 1994 2819 ,
2014 2783 2071 2815 nisi

1121 2842 1197 2869 utin
1205 2835 1307 2870 causis,
1317 2845 1403 2876 atque
1413 2837 1445 2863 in
1453 2833 1520 2862 foro
1530 2833 1643 2862 eluceat
1657 2841 1662 2859 :
1677 2829 1753 2869 apud
1764 2831 1884 2859 Graecos
1893 2837 1993 2858 autem
2004 2827 2072 2856 elo-

1121 2878 1454 2923 quentissimihomines
1465 2895 1473 2910 ‚
1493 2875 1602 2905 remoti
1611 2874 1627 2903 a
1636 2871 1726 2903 causis
1744 2869 1909 2901 forensibus
1922 2890 1930 2903 .
1950 2868 2023 2900 curn
2032 2866 2069 2897 ad

1964 2917 2073 2940 ceteras

118 2966 2074 2987 &W

163 3013 187 3045 ι’.
206 3011 296 3041 edtque
303 3007 474 3041 inurbanum]
497 3008 539 3034 Sic
549 3008 617 3035 Pau.
626 3007 809 3045 septem‚Pith.
821 3009 849 3033 Sc
860 3008 982 3034 Memmii
993 3007 1076 3033 charri

125 3048 153 3080 at
163 3041 273 3069 eiusdem
286 3044 396 3070 membr.
407 3045 472 3070 item
485 3044 541 3069 Pal.
552 3054 592 3080 pr.
603 3044 699 3071 habent
710 3044 776 3070 'illud
788 3044 1021 3070 Lambinianorum
1033 3053 1077 3068 co-

128 3076 185 3115 dicu
191 3085 215 3102 ni
227 3096 234 3109 ‚
245 3080 361 3119 urbanum
371 3098 379 3112 ‚
397 3078 467 3115 quod
477 3079 603 3107 ultimum
615 3081 711 3106 retinet
721 3080 882 3106 Gulielmius
895 3099 903 3110 ‚
918 3078 1077 3114 adducitque

127 3110 196 3137 illud
205 3113 327 3155 Varronis
337 3114 383 3140 lib.
397 3124 420 3141 1.
431 3115 464 3141 de
475 3124 502 3141 re
514 3116 576 3142 rust.
587 3125 642 3152 cap.
654 3125 681 3142 2.
700 3115 715 3141 ἃ
727 3117 857 3141 νεαηιὶίιιις
866 3117 974 3140 urbanis.

164 3155 193 3173 2.
210 3150 239 3175 ln
254 3150 295 3176 lite
310 3151 470 3188 ordinanda]
481 3153 524 3180 Ita
533 3151 601 3180 Pau.
609 3159 704 3188 praeter
714 3152 794 3188 prim.
804 3152 832 3179 δε
842 3150 916 3180 Pith.
926 3151 953 3177 δε
964 3150 1078 3178 Memm-

1121 3005 1232 3031 membr.
1243 3003 1287 3039 qui
1299 3002 1416 3028 amand-³.
1436 3000 1596 3026 Gulielmius
1606 2997 1761 3025 emendabat
1770 2997 1871 3022 oranda.

1094 3020 1100 3061 l
1159 3050 1184 3073 ζ,
1204 3044 1325 3072 Sapienter·
1335 3036 1457 3069 anrufle]
1478 3035 1622 3062 Lambinus
1633 3033 1739 3070 quidem
1749 3036 1866 3066 patienter
1877 3051 1885 3064 ,
1903 3029 1945 3057 scd
1956 3027 2073 3056 nolenti-

1098 3062 1101 3096 l
1122 3073 1167 3102 bus
1181 3076 1236 3101 mss‘.
1248 3084 1331 3108 iicquc
1344 3072 1481 3099 iieccssiirio
1494 3091 1501 3103 ,
1511 3071 1640 3107 quidquid
1650 3069 1730 3095 dicat.

1099 3097 1101 3124 Ι
1157 3119 1184 3143 4.
1204 3116 1228 3136 St
1239 3118 1263 3135 iit
1275 3112 1346 3135 Grsci
1358 3128 1365 3140 ‚
1374 3109 1441 3143 &it-L]
1463 3108 1506 3134 Est
1525 3110 1539 3133 u
1553 3107 1618 3133 Pali.
1631 3107 1722 3132 nostris
1732 3102 1918 3141 posterioribus
1930 3121 1938 3134 ‚
1956 3099 2073 3128 admifit·

1099 3127 1104 3183 l
1122 3148 1248 3184 querite-ni
1259 3144 1405 3174 Vietonus.
1425 3153 1484 3173 nam
1495 3144 1608 3180 priores,
1618 3142 1794 3175 Sicut,;1,=c.ut
1805 3139 1920 3174 vulgata.

1579 3180 1610 3205 M
1962 3181 1985 3201 x.
1996 3173 2076 3198 cantic

2084 834 2128 868 iz'

2090 2502 2130 2536 13
