2337 3400
155 141 249 189 572
561 118 1059 170 M.Tut.r,11

160 209 209 240 sed
232 213 240 229 ¹
252 216 284 240 ut
293 207 425 238 amicum
437 202 540 235 officio
553 212 656 244 parum
667 200 808 232 fanetum
821 221 830 235 ,
852 199 934 241 quod
949 195 1122 243 propenfior

164 253 196 281 in
207 253 261 280 Cn.
272 249 408 287 Pompeii
418 247 583 276 amicitiam
597 242 716 277 fuisset,
738 243 829 284 quam
848 246 879 278 in
899 251 992 271 tuam.
1017 249 1065 269 cui
1077 248 1121 269 ta-

166 301 237 322 men
248 289 299 330 ipsi
310 292 369 329 regi
381 290 500 317 veniam
513 295 540 317 te
549 287 687 316 daturum
698 283 786 314 fuiffe
796 284 914 314 dicebas
925 303 933 317 ,
954 281 974 311 si
984 291 1054 312 cum
1069 290 1121 310 au-

165 334 239 363 xilia
250 331 395 370 Pompeio
407 348 415 363 ,
430 329 478 358 vel
489 327 508 357 si
520 331 609 358 etiam
621 326 719 357 filium
731 324 853 356 misiss'et
864 345 872 358 ,
890 325 949 364 ipse
960 332 1061 362 tamen
1072 333 1122 351 ex-

166 374 305 409 cusatione
320 372 404 400 acatis
423 370 491 400 usus
501 368 582 399 ess'ct.
604 371 706 409 Itaque
715 378 784 398 cum
797 369 940 397 maximis
950 375 1019 396 eum
1032 364 1121 394 rebus

166 416 302 444 liberares
314 433 322 446 ‚
337 421 508 453 perparvam
521 413 660 442 amiciti-a:
671 411 789 449 culpam
803 408 999 448 relinquebas.
1022 409 1122 446 Itaque
1141 409 1143 415 ⁴

167 466 230 486 non
242 454 339 485 solum
353 458 382 483 in
393 464 463 483 eum
476 463 538 483 non
549 451 782 482 animadvertisti
794 471 801 484 ‚
822 450 872 480 scd
885 452 971 480 omni
988 457 1070 478 metu
1082 450 1120 476 li—
1141 465 1143 471 «

166 496 305 528 beravisti
324 516 332 530 ,
362 496 510 535 hospitem
529 493 676 535 agnovisti
695 513 702 527 ‚
727 503 826 534 regem
845 490 1002 532 reliquisti.
1026 499 1122 530 neque

166 541 251 568 enim
263 539 313 569 illc
324 537 395 567 0320
406 540 448 567 tui
458 535 624 577 progress'us
635 556 643 569 ,
660 535 707 565 sed
718 545 802 564 errore
811 543 948 564 commum
960 530 1116 576 lapsusest.

166 583 195 611 Is
206 590 257 610 rex
269 600 276 612 ‚
298 590 389 620 quem
402 579 517 608 senatus
527 580 583 608 hoc
594 580 721 608 nomine
732 578 805 616 saspe
817 573 1122 606 lionorihccntissimis

167 622 292 652 deci-stis
301 619 516 660 appellavisset,
534 622 645 660 quique
656 619 742 649 illum
756 618 893 648 ordinem
906 618 942 646 ab
953 615 1124 646 adulescen-

167 666 205 694 tia
218 662 422 704 gravillimum
434 682 441 695 ‚
461 660 733 701 sanctiffimumque
745 658 878 690 duxisset
888 680 895 693 ‚
915 659 1020 688 iisdem
1036 657 1122 686 rebus

168 705 209 735 eli
221 705 406 745 perturbatus
418 725 425 738 ‚
448 705 542 735 homo
554 703 737 743 longinquus
749 723 756 735 ,
771 702 803 732 δε
813 702 998 741 alienigena,
1015 698 1124 740 quibus
1142 711 1143 718 1

129 754 152 785 4
171 758 225 777 nos
245 750 275 777 in
297 746 396 776 media
409 756 467 786 rep.
479 747 540 776 nati
552 765 560 778 ,
583 745 756 784 semperque
766 743 880 774 versati.
925 742 1000 772 Cum
1015 740 1127 770 audiret

169 790 284 820 senatus
296 788 512 818 consentientis
525 786 697 816 auetoritatc
710 795 790 815 arma
807 785 916 814 sumta:
936 782 1120 813 consulibus,

168 831 344 871 praetoribus
356 850 364 863 ,
387 829 515 859 tribunis
531 829 609 868 pleb.
624 830 710 858 novis
728 826 957 866 imperatoribus
969 834 1061 863 remp.
1075 823 1125 868 de-

169 872 352 902 tendendam
363 871 459 902 datam
473 882 478 900 :
498 870 672 900 movebatur
682 870 786 898 animo
797 888 804 901 ,
819 868 851 897 &
862 869 907 896 vir
917 868 986 896 huic
997 873 1125 904 imperio

168 912 365 944 amicissimus
376 933 384 946 ‚
404 912 441 942 de
457 913 544 942 salute
557 912 660 952 populi
671 914 764 940 Rom.
776 909 987 939 extimescebat
999 927 1006 941 ,
1027 910 1057 936 in
1070 915 1127 945 qua

169 957 260 985 ctiam
267 955 351 995 suam
361 954 498 993 inclusam
509 951 564 982 effe
576 953 702 982 videbat.
728 955 761 981 in
772 952 892 981 summo
902 959 1002 980 tamen
1016 950 1124 978 timore

169 996 386 1038 quiescendum
410 995 462 1025 sini
483 993 539 1023 effe
559 994 759 1023 arbitrabatur.
785 992 919 1022 maxime
930 991 1003 1021 vero
1013 999 1125 1030 pertur—

172 1039 257 1070 batus
267 1037 319 1071 est,
333 1047 365 1067 ut
375 1037 501 1069 audivit,
513 1036 650 1065 consules
662 1045 699 1065 ex
710 1034 792 1064 Italia
802 1032 964 1075 profugisse
976 1043 981 1061 z
993 1031 1128 1062 omneis-

170 1090 228 1121 que
237 1080 406 1110 consulares
421 1077 469 1117 (sic
479 1080 562 1107 enim
574 1076 920 1116 nuntiabam->cuneatim
933 1076 1127 1106 senatum,t0-

171 1122 350 1153 tamItaliam
363 1118 420 1149 esse
433 1117 678 1149 effusam-talibus
691 1120 773 1147 enim
786 1117 947 1151 nuntiis,&
958 1114 1129 1145 rumoribus

169 1164 284 1204 patebat
294 1162 328 1192 ad
340 1163 493 1191 Orientem
505 1162 553 1190 via
565 1180 572 1193 ‚
593 1170 647 1190 nec
658 1160 712 1189 ulli
724 1161 785 1189 veri
797 1158 1056 1199 subsequebantur.
1081 1157 1129 1184 ni-

171 1206 217 1235 hil
228 1206 279 1234 ille
290 1204 325 1233 de
336 1202 565 1233 conditionibus
578 1204 635 1232 tuis
645 1222 652 1236 ‚
664 1201 741 1231 nihil
751 1201 787 1231 de
797 1200 895 1231 studio
905 1198 1083 1230 concordias,
1096 1196 1128 1226 &

170 1249 268 1288 pacis,
288 1246 366 1275 nihil
378 1245 414 1275 de
428 1245 648 1284 conspiratione
657 1243 794 1273 audiebat
804 1251 952 1272 certorum
965 1241 1127 1269 hominum

172 1298 276 1319 contra
285 1288 460 1329 dignitatem
474 1296 565 1316 tuam.
588 1296 653 1326 quae
666 1295 734 1314 cum
747 1287 784 1314 ita
795 1282 887 1314 essent
897 1303 905 1317 ‚
925 1291 1028 1313 tamen
1038 1281 1128 1320 usque

173 1329 212 1361 eo
224 1330 251 1360 se
261 1331 377 1362 tenuit,
393 1328 491 1370 quoad
503 1328 519 1357 a
531 1331 584 1357 Cn.
597 1328 742 1367 Pompejo
753 1326 787 1356 ad
799 1336 870 1355 eum
883 1326 968 1365 legati
981 1344 989 1357 ‚
1008 1324 1130 1353 litterae-

174 1381 232 1413 que
242 1379 399 1402 venerunt.
430 1370 553 1410 Ignosce
565 1389 573 1401 ,
589 1370 706 1410 ignosce
718 1388 725 1402 ‚
739 1368 831 1398 Caesar
842 1388 850 1400 ,
862 1365 882 1397 si
893 1368 955 1406 ejus
966 1367 1023 1396 viri
1033 1362 1130 1393 anasto—

173 1414 260 1443 ritati
274 1422 325 1443 rex
336 1414 496 1451 Deiotarus
512 1409 591 1441 ceffit
601 1431 609 1443 ‚
629 1420 718 1451 quem
730 1419 786 1440 nos
797 1418 906 1439 omnes
916 1407 1131 1438 securisumus:

173 1457 207 1486 in
247 1465 317 1484 uem
336 1453 406 1484 cum
422 1454 483 1487 dii,
505 1462 591 1494 atque
603 1454 744 1482 homines
754 1453 859 1481 omnia
870 1458 1047 1481 ornamenta
1056 1457 1131 1478 con—

174 1507 209 1538 ge
234 1495 338 1529 issent,
350 1505 415 1525 tum
428 1505 457 1525 tu
469 1495 529 1535 ipse
539 1497 669 1534 plurima
679 1514 686 1527 ,
699 1494 732 1523 &
742 1495 886 1523 maxima.
909 1501 1007 1532 neque
1017 1491 1100 1520 enim
1112 1487 1132 1519 si

174 1548 234 1568 tuae
246 1548 291 1568 res
304 1537 390 1579 gestae
405 1546 576 1567 caeterorum
589 1536 727 1566 laudibus
739 1535 949 1565 obscuritatem
959 1532 1130 1564 attulerunt,

173 1578 289 1611 idcirco
309 1582 363 1610 Cn.
374 1580 511 1618 Pompeji
533 1579 713 1608 memoriam
727 1575 893 1607 amisimus.
917 1583 1064 1616 quantum
1076 1582 1132 1602 no-

177 1632 251 1652 men
262 1622 324 1662 ejus
335 1620 425 1651 fuerit
434 1641 442 1654 ,
457 1629 574 1661 quantae
584 1629 654 1660 opes
667 1640 675 1653 ‚
695 1627 801 1660 quanta
811 1620 844 1648 in
853 1620 941 1647 omni
951 1625 1059 1658 genere
1070 1614 1134 1644 bel—

175 1664 276 1694 lorum
288 1664 400 1704 gloria,
417 1664 520 1703 quanti
532 1663 662 1691 honores
672 1661 777 1701 populi
786 1663 880 1691 Rom.
891 1660 994 1700 quanti
1003 1658 1132 1703 senatus,

175 1707 281 1747 quanti
291 1706 345 1738 tui,
356 1706 424 1746 quis
434 1708 550 1744 ignorat
560 1705 570 1732 ?
580 1711 662 1733 tanto
672 1703 724 1733 ille
734 1703 897 1742 superiores
908 1702 1018 1731 vicerat
1027 1699 1133 1740 gloria,

177 1756 291 1788 quanto
309 1756 341 1777 tu
360 1747 505 1776 omnibus
523 1744 695 1785 praestitisti.
718 1747 819 1784 Itaque
832 1743 1034 1782 Cn.·1¹ompeii
1046 1740 1132 1773 bella,

177 1787 339 1822 vi&oi-ias.
358 1787 526 1827 triumphos
538 1807 546 1821 ‚
569 1787 740 1817 consulatus
759 1786 938 1816 admirantes
957 1782 1134 1813 numeraba-

125 1838 162 1870 *5
179 1841 248 1861 mus
261 1841 265 1859 :
287 1839 352 1861 tuos
365 1838 540 1859 enumerare
553 1838 616 1858 non
631 1827 799 1868 poss'umus.
844 1827 890 1857 Ad
902 1836 971 1856 eum
985 1827 1073 1867 igitur
1083 1833 1135 1853 rex

177 1873 341 1909 Deiotarus
351 1872 436 1901 venit
444 1891 453 1904 ,
471 1871 528 1900 hoc
537 1871 648 1900 misero
658 1890 666 1903 ,
682 1869 822 1910 fatalique
832 1869 913 1898 bello
924 1888 932 1902 ,
949 1876 1041 1908 quem
1052 1875 1136 1896 antea

178 1913 281 1952 iustis,
302 1913 519 1953 hostilibusque
537 1912 624 1942 bellis
638 1912 807 1950 adjuverat,
828 1919 975 1951 quo-cum
995 1916 1054 1938 erat
1072 1917 1134 1937 non

178 1957 312 1996 hospitio
323 1955 421 1985 solum
432 1974 440 1988 ,
454 1953 562 1985 verum
574 1952 876 1992 etianifamiliaritare
885 1950 1066 1991 conjunEius
1078 1960 1083 1977 :
1103 1949 1136 1978 &

177 1997 321 2028 venitvel
330 2005 466 2038 rogatus,
483 2005 515 2025 ut
525 1997 638 2033 amicus
652 2006 656 2024 ;
677 1993 879 2024 velarceffitus
890 2014 898 2028 ,
915 1993 1068 2023 ursocius:
1088 1991 1135 2020 vel

179 2048 320 2070 evocatus
330 2059 338 2072 ‚
350 2048 382 2068 ut
393 2041 429 2072 is,
443 2040 495 2079 qui
506 2038 617 2068 senatui
627 2035 725 2077 parere
736 2034 885 2066 didicisset
897 2046 902 2064 2
921 2032 1074 2075 postremo
1086 2042 1131 2062 vex

179 2083 246 2115 nit,
264 2081 340 2111 utad
350 2080 517 2122 fugientem
529 2100 537 2112 ‚
558 2089 621 2109 non
634 2088 665 2109 ut
675 2078 709 2109 ad
720 2078 930 2118 insequentem
940 2097 949 2110 ,
972 2076 1003 2106 id
1017 2075 1059 2105 est
1070 2096 1078 2108 ‚
1100 2074 1133 2104 ad

179 2124 324 2164 periculi,
346 2132 410 2152 non
423 2122 456 2152 ad
473 2120 608 2151 vffloriae
622 2121 805 2151 societatem.
829 2122 928 2159 Itaque
941 2139 949 2152 ,
970 2118 1136 2148 Pharsalico

180 2165 290 2205 prcelio
299 2163 378 2195 saeco
391 2183 398 2197 ‚
420 2163 436 2194 {1
446 2164 593 2203 Pompejo
603 2161 730 2192 disccffit
743 2172 746 2189 ς
761 2162 834 2200 spem
847 2160 992 2199 infinitam
1001 2159 1136 2199 persequi

181 2207 292 2236 noluit.
314 2206 361 2235 vel
373 2203 474 2234 officii,
485 2225 494 2238 ‚
508 2204 526 2234 fi
539 2204 611 2249 quid
622 2204 777 2234 debueratz
793 2203 840 2234 vel
850 2205 939 2232 errori
951 2221 959 2235 ,
971 2201 990 2231 si
1000 2200 1072 2242 quid
1084 2210 1135 2229 ne-

181 2248 302 2280 scierat,
323 2245 504 2276 stusfaCtum
515 2245 571 2275 esse
582 2246 686 2275 duxit:
705 2245 836 2275 domum
847 2244 874 2274 se
884 2244 1030 2274 contulit:
1048 2251 1135 2282 teque

180 2288 420 2319 Alexandrinum
432 2288 546 2317 bellum
559 2295 689 2329 gerente,
702 2286 879 2316 utilitatibus
890 2295 948 2314 tuis
956 2287 1064 2324 paruit.
1080 2284 1135 2312 Ille

182 2332 350 2361 exercitum
362 2331 555 2360 Cn.D0mitii
567 2348 574 2361 ,
587 2326 760 2368 amplissimi
772 2329 847 2361 viri,
859 2327 918 2356 suis
927 2326 1013 2356 tectis
1022 2345 1030 2359 ‚
1043 2326 1075 2354 &
1085 2334 1136 2354 co—

182 2374 241 2413 piis
253 2371 438 2402 sustentavit:
458 2371 509 2400 ille
521 2371 670 2409 Ephesum
682 2368 716 2399 ad
729 2378 797 2398 eum
809 2388 817 2401 ‚
837 2377 927 2408 quem
939 2376 970 2396 tu
983 2376 1020 2396 ex
1031 2368 1089 2395 tuis
1102 2364 1135 2394 fi-

184 2413 366 2446 delissimum
378 2434 386 2446 ‚
409 2412 440 2442 δε
454 2410 691 2452 probatissimum
711 2410 856 2440 omnibus
876 2406 1009 2448 delegisti
1021 2428 1028 2439 ‚
1049 2417 1136 2446 pecu-

185 2458 267 2486 niam
278 2454 372 2485 misit:
391 2454 561 2484 iliciteium
575 2473 583 2486 ‚
603 2454 654 2482 ille
671 2451 757 2482 tertio
772 2448 1040 2487 auc'r'ionibusfizc'lu
1050 2458 1137 2488 pecu-

185 2501 266 2527 niam
278 2496 359 2527 dedit
368 2517 376 2530 ‚
393 2506 451 2537 qua
459 2495 493 2525 ad
506 2495 618 2525 bellum
631 2496 764 2523 utereris:
785 2493 835 2522 illc
847 2501 952 2532 coipus
965 2491 1049 2521 suum
1061 2491 1138 2530 peri-

184 2540 254 2569 culo
273 2539 384 2578 objecit
401 2557 410 2571 ‚
441 2546 600 2576 tecumque
619 2538 652 2565 in
669 2537 730 2565 acic
747 2543 851 2564 contra
869 2535 1046 2564 Pharnacem
1070 2531 1138 2566 fuit,

188 2589 332 2621 tuumque
343 2579 460 2610 hostem
473 2577 528 2608 esse
539 2580 627 2608 duxit
637 2577 731 2607 suum.
747 2579 821 2618 Qae
830 2575 955 2616 quidem
965 2574 981 2604 a
993 2584 1019 2603 tc
1029 2576 1061 2604 in
1072 2584 1135 2603 earn

185 2631 297 2662 partem
308 2631 423 2661 accepta
434 2621 499 2650 sunt
508 2640 516 2654 ‚
529 2619 669 2652 CCaesar,
683 2627 714 2648 ut
723 2628 794 2648 eum
805 2615 986 2657 ampliffimo
996 2617 1072 2656 regis
1084 2617 1139 2644 ho—

186 2673 260 2692 nore
271 2683 280 2695 ,
293 2663 324 2692 &
335 2665 460 2692 'nomine
471 2660 611 2692 affeceris.
626 2663 654 2690 Is
666 2663 755 2701 igitur
768 2669 830 2690 non
841 2657 935 2688 modo
946 2658 961 2688 a
971 2667 999 2688 te
1008 2658 1140 2697 periculo

187 2704 326 2734 liberatus
337 2724 345 2737 ,
365 2704 412 2734 sed
423 2706 512 2733 etiam
525 2705 640 2733 honore
651 2699 836 2742 ampliss‘imo
848 2709 969 2731 ornatus
980 2720 988 2732 ‚
1008 2701 1140 2739 arguitur

188 2746 273 2775 domi
284 2756 311 2775 te
323 2747 378 2775 suae
390 2745 538 2783 interficere
548 2742 683 2774 voluisse.
706 2743 789 2784 quod
798 2751 829 2772 tu
841 2762 849 2776 ,
861 2741 916 2771 nisi
927 2751 996 2772 curn
1008 2739 1139 2771 furiosis·

187 2785 295 2817 simum
313 2787 428 2827 judicas
446 2807 455 2820 ,
479 2787 615 2827 suspicari
633 2784 773 2827 profesto
792 2794 857 2815 non
875 2793 971 2824 potes.
994 2785 1037 2813 Ut
1055 2785 1139 2813 enim

1139 117 1684 168 Cicanouis

1162 203 1299 231 omittam
1313 221 1319 235 ,
1341 201 1426 240 cujus
1436 205 1507 232 muti
1521 204 1635 234 sceleris
1642 203 1733 234 fuerit
1744 223 1752 238 ‚
1773 202 1803 233 in
1815 199 1975 243 conspestu
1985 193 2117 233 deoruin‘·

1161 252 1314 282 penatium
1338 252 1440 272 necue
1458 244 1606 284 hospitem
1624 255 1630 274 ε
1660 247 1744 286 cujus
1763 254 1849 276 tanta:
1867 244 2112 285 importunitatis:

1162 287 1303 315 omnium
1315 293 1451 325 gentium
1463 304 1472 318 ,
1487 295 1572 326 atque
1582 289 1684 317 omnis
1695 289 1849 317 memoriae
1860 285 2052 317 clarissimum
2064 284 2112 313 lu-

1165 337 1235 356 men
1247 326 1451 366 exstinguere:
1469 327 1554 363 cujus
1572 335 1659 358 tantae
1675 329 1836 359 ferocitatis
1849 348 1858 362 ,
1873 327 2021 358 viCtorem
2032 325 2116 357 orbis

1163 378 1303 398 terrarum
1316 377 1377 397 non
1387 368 1561 407 extimefi·ere
1570 379 1580 396 :
1598 371 1682 409 cujus
1693 381 1752 401 tarn
1763 372 1921 400 inhumani
1933 390 1942 402 ‚
1964 366 2115 408 &ingrati

1163 412 1277 443 animi,
1290 410 1374 449 aquo
1384 419 1435 438 rex
1445 411 1605 450 appellatus
1615 410 1684 441 effct
1694 431 1702 445 ‚
1714 413 1748 442 in
1757 422 1826 442 eum
1838 431 1846 445 ‚
1858 420 2017 452 tyrannum
2030 413 2116 441 inve-

1164 454 1237 481 niri:
1259 461 1288 481 ut
1299 453 1360 481 haec
1369 453 1528 484 omittam,
1542 452 1627 491 cujus
1636 455 1708 483 tanti
1724 454 1833 483 furoris
1843 453 1901 486 fuir
1911 473 1919 486 ,
1939 454 2059 483 omneis
2069 461 2118 482 re·

1142 532 1143 539 ἵ
1161 503 1211 533 ges
1223 513 1230 527 ,
1244 502 1375 534 quorum
1386 493 1476 522 multi
1486 502 1567 523 erant
1578 491 1713 528 finitimi,
1725 498 1844 525 omneis
1854 495 1964 524 liberos
1973 494 2115 534 populos,

1163 545 1283 565 omneis
1301 535 1396 564 socios
1417 553 1426 568 ,
1454 536 1574 565 omneis
1592 537 1759 575 provincias
1778 555 1787 570 ,
1811 538 1915 566 omnia
1934 535 2063 576 denique
2081 546 2119 565 0-

1165 579 1285 606 mnium
1297 587 1378 606 arma
1388 585 1490 606 contra
1501 577 1529 606 se
1541 586 1637 606 unum
1650 578 1794 606 excitare?
1811 588 1942 617 quonam
1957 578 2008 607 ille
2023 578 2120 608 modo

1162 628 1231 648 cum
1244 628 1336 659 regno
1348 638 1356 651 ,
1367 627 1437 648 cum
1449 618 1544 648 domo
1555 638 1562 651 ‚
1574 628 1643 648 cum
1654 619 1782 659 conjuge.
1792 638 1800 651 ,
1817 629 1886 648 cum
1896 617 2041 649 cariffimo
2053 618 2120 650 filio

1164 660 1319 690 distractus
1329 658 1399 689 esset
1407 680 1415 693 ,
1427 669 1510 689 tanto
1522 660 1628 690 scelere
1639 669 1701 689 non
1713 659 1806 689 modo
1817 660 1960 699 persa-lto,
1972 661 2018 691 sed
2029 663 2119 692 etiam

1164 704 1315 743 cogitato?
1359 705 1414 734 At,
1430 701 1517 732 credo
1529 722 1538 735 ‚
1552 702 1616 731 haec
1627 702 1722 731 homo
1733 702 1920 732 inconsultus
1930 722 1938 735 ,
1953 703 1986 732 &
1996 711 2120 733 temera·
2137 702 2160 735 6

1166 745 1229 774 rius
1241 755 1291 773 non
1303 742 1425 772 videbat.
1448 745 1524 784 Qis
1534 741 1742 773 consideratior
1752 743 1808 772 illo
1818 745 1829 772 ?
1839 746 1906 784 quis
1916 742 2021 773 tefflor
2032 747 2042 773 ?
2053 746 2124 785 quis

1164 786 1352 824 prudentior?
1362 795 1543 825 quamquam
1556 785 1690 815 hocloco
1701 786 1882 824 Dejotarum
1894 795 1957 814 non
1967 795 2027 815 tam
2038 788 2123 827 inge-

1164 827 1264 860 nim&
1277 827 1537 867 pi·udentia‚quam
1548 825 1654 860 fidc‚&
1663 827 1809 868 religione
1817 828 1886 857 vitae
1898 826 2125 857 defendendum

1165 878 1251 908 puto.
1275 871 1356 899 Nota
1366 869 1420 898 tibi
1430 869 1488 902 est,
1501 871 1533 898 C.
1545 869 1639 898 caesar
1648 888 1656 902 ‚
1667 869 1805 899 hominis
1818 868 1947 908 probitas
1958 888 1966 901 ,
1979 872 2045 898 noti
2054 877 2126 898 mo-

1166 920 1212 940 res
1222 930 1230 944 ‚
1251 919 1323 940 nota
1335 909 1509 940 constantia.
1533 912 1589 940 Cui
1601 919 1690 949 porro
1700 930 1708 944 ,
1728 911 1780 950 qui
1798 908 1893 939 modo
1911 910 2016 950 populi
2025 912 2120 940 Rom.

1166 962 1282 982 nomen
1293 952 1406 982 audiV1t
1416 972 1424 985 ,
1437 952 1573 991 chotari
1585 953 1735 992 integritas
1747 972 1756 985 ,
1766 953 1891 991 gravitas
1902 972 1910 985 ,
1924 954 2018 982 virtus
2027 971 2035 984 ‚
2049 950 2123 981 fides

1166 1004 1230 1023 non
1239 993 1337 1024 audita
1346 992 1410 1023 est?
1431 993 1520 1035 Qod
1536 995 1626 1034 igitur
1637 994 1753 1023 facinus
1766 1003 1821 1023 nec
1839 995 1872 1022 in
1889 994 2049 1023 hominem
2061 995 2130 1034 im-¹

1167 1035 1346 1075 prudentem
1360 1034 1461 1065 cadere
1475 1034 1570 1074 poss'et
1581 1055 1589 1068 ,
1609 1043 1727 1075 propter
1736 1044 1853 1065 metum
1864 1036 2015 1075 praesentis
2025 1035 2124 1069 exitii,
2140 1048 2141 1051 ¹

1169 1086 1225 1105 nec
1240 1078 1270 1105 in
1286 1076 1489 1106 facinorosum
1500 1096 1508 1110 ‚
1528 1075 1582 1106 nisi
1592 1075 1752 1107 effetidem
1763 1075 1981 1107 amentiffimus
1992 1097 2001 1110 ‚
2022 1077 2053 1107 id
2067 1086 2123 1106 vos

1170 1118 1201 1146 δε
1211 1117 1295 1147 avito
1305 1118 1471 1156 optimo,&
1482 1118 1518 1147 ab
1528 1118 1654 1147 homine
1665 1117 1795 1147 minime
1806 1117 1896 1147 stulto
1905 1121 2068 1159 cogitatum
2079 1118 2128 1148 es-

1168 1159 1195 1188 se
1205 1157 1387 1199 confingitis.
1412 1162 1451 1188 At
1460 1158 1551 1198 quim
1560 1168 1622 1188 non
1634 1157 1728 1188 modo
1740 1168 1804 1188 non
1813 1159 2012 1192 credibiliter,
2026 1160 2073 1189 sed
2086 1169 2124 1189 ne

1162 1198 1306 1240 suspiciose
1322 1199 1458 1240 quidem.
1483 1203 1497 1219 ²
1507 1202 1584 1229 Cum
1596 1219 1604 1233 ,
1624 1202 1740 1240 inquit,
1762 1202 1795 1229 in
1809 1198 1962 1229 castellum
1975 1202 2125 1230 Luceium

1166 1239 1294 1271 venifl‘es
1305 1261 1312 1274 ,
1328 1243 1360 1271 oc
1370 1241 1500 1271 domum
1511 1243 1588 1282 regis
1598 1261 1606 1276 ‚
1621 1242 1747 1281 hospitis
1757 1243 1800 1271 tui
1811 1261 1820 1274 ‚
1831 1241 2019 1271 devertifies:
2038 1242 2124 1272 locus
2156 1255 2162 1260 -

1168 1292 1228 1314 erat
1237 1283 1360 1324 quidam
1371 1304 1380 1317 ‚
1395 1285 1427 1313 in
1437 1293 1499 1324 quo
1511 1293 1593 1313 erant
1601 1293 1633 1313 ea
1642 1281 1805 1322 composita
1813 1303 1822 1316 ‚
1834 1283 1942 1323 quibus
1953 1293 2006 1314 rex
2015 1291 2044 1314 te
2055 1293 2124 1313 mu-

1169 1335 1270 1355 nerare
1279 1324 1470 1355 constituerat
1480 1346 1488 1359 ‚
1511 1325 1570 1355 huc
1587 1333 1615 1355 te
1633 1325 1649 1354 ἓ
1664 1325 1772 1354 balneo
1783 1345 1791 1359 ,
1810 1324 1993 1365 priusquam
2003 1335 2126 1356 accum-

1172 1367 1254 1397 beres
1264 1386 1273 1401 ,
1285 1366 1394 1397 ducere
1404 1367 1532 1397 volebat.
1556 1366 1599 1396 ibi
1609 1368 1693 1396 enim
1705 1376 1786 1396 erant
1796 1369 1899 1396 armati
1911 1386 1918 1399 ,
1930 1368 1982 1407 qui
1993 1376 2020 1397 te
2029 1369 2125 1397 inter-

1170 1407 1291 1439 ficerent
1304 1429 1312 1442 ,
1333 1411 1366 1439 in
1383 1418 1420 1438 eo
1437 1409 1500 1448 ipso
1516 1408 1585 1439 loco
1596 1409 1743 1438 collocati.
1767 1411 1813 1438 En
1824 1410 1939 1438 crimen
1952 1428 1960 1441 ,
1980 1419 2018 1439 en
2027 1410 2123 1442 causa-‚¹

1169 1461 1221 1481 cur
1238 1460 1338 1492 regem
1351 1450 1497 1492 fugitivus
1508 1469 1517 1484 ‚
1536 1450 1700 1480 dominum
1721 1450 1820 1480 servus
1837 1450 1958 1480 accuset,
1985 1453 2048 1492 Ego
2059 1460 2126 1481 me-

1172 1493 1290 1522 hercule
1300 1513 1308 1526 ,
1321 1495 1352 1522 C.
1364 1492 1457 1522 Caesai·
1466 1512 1474 1526 ,
1496 1492 1586 1522 initio
1597 1512 1605 1525 ‚
1624 1492 1695 1521 cum
1707 1490 1748 1521 est
1757 1491 1791 1521 ad
1803 1501 1851 1521 me
1861 1490 1914 1521 'ista
1925 1493 2006 1522 causa
2015 1493 2124 1526 delata,

1170 1533 1353 1574 Phidippum
1371 1534 1524 1564 medicum
1540 1554 1549 1566 ,
1573 1534 1690 1563 servum
1708 1543 1737 1562 re
1760 1535 1824 1562 ium
1836 1553 1845 1566 ‚
1863 1535 1915 1573 qui
1933 1543 2002 1563 cum
2023 1535 2126 1575 legatis

1171 1574 1275 1606 miss'us
1286 1574 1357 1606 esset
1366 1595 1374 1609 ‚
1390 1579 1401 1602 3
1412 1575 1447 1605 ab
1459 1574 1513 1605 isto
1522 1575 1709 1605 adolescente
1719 1544 1776 1604 efi'e
1785 1583 1957 1614 corruptum
1969 1587 1978 1609 3
1989 1579 2007 1602 4
2015 1577 2067 1606 hac
2077 1577 2124 1606 su-

1170 1618 1304 1658 spicione
1313 1617 1377 1648 sum
1387 1615 1535 1657 percuss'us
1546 1617 1713 1647 :medicum
1724 1617 1855 1646 indicem
1866 1616 2054 1648 subornabit:
2066 1616 2126 1648 fin-

1171 1669 1218 1700 get
1229 1659 1368 1690 'videlicet
1377 1659 1499 1700 aliquod
1513 1660 1613 1688 crimen
1625 1659 1732 1687 veneni.
1755 1656 1805 1688 etfi
1815 1658 1831 1688 ἐι
1840 1660 1959 1688 veritate
1969 1659 2071 1700 longe,
2084 1668 2127 1690 ta-

1174 1712 1245 1731 men
1264 1702 1279 1731 ὲ
1297 1700 1514 1731 consuetudine
1523 1700 1704 1730 criminandi
1715 1710 1776 1730 non
1788 1700 1919 1729 multum
1931 1711 1974 1730 res
1985 1701 2129 1731 abhorre-

1174 1743 1230 1773 bat.
1255 1743 1336 1784 Qid
1347 1744 1386 1772 ait
1399 1743 1553 1782 medicus?
1568 1743 1645 1772 nihil
1656 1742 1692 1772 de
1700 1752 1830 1772 veneno.
1853 1744 1892 1770 At
1901 1742 1930 1771 id
1944 1741 2006 1771 fieri
2016 1745 2127 1782 potuit:

1174 1783 1274 1825 primo
1284 1782 1432 1814 occultius
1443 1786 1475 1813 in
1484 1786 1610 1824 potione
1620 1804 1629 1817 ‚
1644 1784 1692 1813 vel
1703 1786 1735 1813 in
1745 1784 1830 1813 cibo:
1849 1783 1959 1813 deinde
1970 1793 2060 1814 etiam
2071 1785 2130 1814 im-

1169 1827 1288 1868 punitus
1300 1825 1350 1859 fit,
1361 1826 1440 1866 quod
1452 1846 1460 1858 ‚
1472 1828 1543 1855 crim
1556 1825 1598 1856 est
1609 1825 1719 1855 radium
1731 1846 1740 1859 ‚
1752 1826 1850 1866 negari
1860 1824 1966 1864 potest.
1989 1828 2018 1855 Si
2027 1826 2128 1866 palam

1174 1879 1200 1898 te
1210 1866 1423 1897 interemisset:
1444 1870 1587 1899 omnium
1607 1870 1638 1896 in
1657 1868 1684 1897 se
1701 1869 1840 1908 gentium
1856 1876 1919 1896 non
1934 1867 2034 1897 solum
2044 1867 2128 1902 odia,

1175 1910 1223 1940 sed
1235 1912 1322 1939 etiam
1335 1920 1414 1940 arma
1423 1907 1627 1939 convertiss'tt:
1640 1907 1660 1938 si
1670 1919 1791 1938 veneno
1803 1908 1992 1949 :Jovisillius
2002 1909 2128 1950 quidem

1176 1952 1331 1992 hospitalis
1339 1961 1454 1981 numen
1465 1961 1632 1991 numquam
1641 1952 1734 1980 celare
1744 1948 1883 1990 potuiffi’t
1891 1970 1901 1983 ‚
1915 1951 2054 1981 homines
2064 1951 2130 1982 for-

1176 1992 1244 2023 tass‘e
1257 1991 1415 2023 celavisset.
1438 1993 1528 2034 Qod
1539 1993 1670 2034 igitur&
1681 1993 1826 2022 occultius
1835 1994 1935 2022 conari
1947 2012 1955 2026 ,
1971 1992 2004 2023 &
2013 1991 2130 2024 efficere

1177 2035 1291 2066 cautius
1300 2036 1416 2075 potuit:
1430 2034 1461 2064 id
1472 2035 1545 2069 tibi,
1560 2035 1591 2064 ὅτ.
1602 2033 1720 2064 medico
1730 2033 1840 2064 callido
1850 2054 1860 2067 ‚
1872 2034 1905 2064 &
1916 2034 2001 2064 servo
2010 2054 2019 2068 ,
2033 2044 2065 2064 ut
2072 2044 2130 2075 pu-

1179 2077 1273 2110 tabat,
1291 2077 1394 2110 fideli,
1407 2086 1470 2106 non
1481 2076 1622 2106 credidit:
1642 2076 1677 2105 de
1688 2078 1780 2106 armis
1791 2095 1799 2109 ‚
1813 2075 1848 2106 de
1859 2075 1937 2105 ferro
1947 2095 1957 2109 ,
1968 2075 2004 2106 de
2013 2075 2130 2106 insidiis

1177 2119 1272 2149 celare
1285 2127 1312 2149 te
1325 2118 1444 2148 noluit?
1466 2121 1506 2148 At
1514 2118 1604 2158 quam
1614 2117 1720 2147 festive
1731 2117 1848 2147 crimen
1859 2118 2049 2148 contexitur?
2062 2120 2131 2148 Tua

1176 2171 1204 2191 te
1216 2181 1224 2194 ‚
1236 2162 1335 2201 inquit
1345 2180 1353 2194 ‚
1369 2160 1471 2190 eadem
1485 2179 1493 2193 ‚
1507 2170 1572 2200 quae
1582 2160 1697 2199 semper
1707 2160 1842 2198 ‚fortuna
1853 2159 1985 2189 servavit.
2007 2168 2131 2200 negavi-

1179 2202 1215 2232 sti
1228 2212 1291 2232 tum
1304 2212 1330 2232 te
1341 2203 1485 2242 inspicere
1493 2202 1581 2232 velle.
1626 2201 1705 2242 Qid
1716 2200 1835 2241 postea?
1852 2210 1889 2229 an
1899 2200 2058 2238 Dejotarus
2069 2220 2077 2234 ‚
2099 2210 2130 2230 re
2147 2207 2166 2240 7

1176 2246 1231 2274 illo
1252 2253 1387 2284 tempore
1405 2253 1469 2273 non
1486 2242 1615 2283 perfe&a
1625 2262 1634 2276 ,
1653 2251 1800 2272 continuo
1818 2240 1931 2270 dimisit
1948 2243 2128 2271 exercitum?

1179 2287 1282 2315 nullus
1291 2294 1351 2315 erat
1359 2286 1434 2315 alius
1445 2284 1604 2314 insidiandi
1612 2284 1715 2313 locus?
1737 2285 1777 2312 At
1786 2282 1893 2311 eodem
1904 2291 1932 2311 te
1941 2301 1950 2316 ,
1960 2281 2029 2312 cum
2041 2293 2130 2313 cena-

1177 2326 1265 2356 viss'es
1274 2346 1282 2360 ,
1294 2326 1460 2355 rediturum
1470 2325 1584 2355 dixeras
1595 2335 1600 2352 :
1611 2326 1709 2364 itaque
1717 2322 1812 2353 fecisti
1823 2333 1829 2352 1
1841 2323 1944 2353 horam
1957 2334 2047 2354 unam
2059 2344 2067 2358 ,
2080 2333 2131 2356 aut

1179 2367 1250 2397 duas
1265 2366 1373 2396 eodem
1391 2367 1459 2395 loco
1477 2374 1604 2395 armatos
1617 2374 1679 2404 ,lut
1690 2365 1828 2394 collocati
1843 2364 1964 2395 fuerunt
1974 2385 1983 2399 ,
2003 2368 2131 2396 retinere

1180 2417 1323 2449 magnum
1334 2407 1413 2436 fuit?
1431 2417 1502 2436 cum
1513 2408 1544 2436 in
1555 2408 1700 2436 convivio
1710 2408 1855 2440 comiter,
1875 2407 2046 2445 &jucunde
2058 2407 2134 2438 fuis-

1178 2450 1220 2479 ses
1232 2469 1239 2482 ,
1253 2458 1317 2478 tum
1326 2449 1399 2479 illuc
1408 2448 1489 2478 ivisti
1499 2468 1509 2480 ‚
1518 2457 1551 2478 ut
1560 2448 1684 2478 dixeras.
1707 2458 1768 2489 quo
1778 2450 1809 2477 in
1823 2448 1891 2478 loco
1899 2451 2078 2489 Dej0tarum
2090 2460 2136 2480 ta-
2166 2445 2169 2448 ⁴

1180 2492 1239 2520 lem
1250 2500 1315 2529 erga
1329 2499 1356 2520 te
1369 2489 1538 2531 cognovisti
1550 2509 1557 2523 ‚
1577 2490 1671 2530 qualis
1681 2500 1733 2519 rex
1744 2490 1857 2520 Attalus
1868 2492 1900 2520 in
1912 2493 1942 2520 P.
1953 2490 2132 2522 Africanum

1178 2532 1235 2562 suit
1246 2542 1250 2560 z
1262 2534 1311 2563 cui
1323 2530 1593 2572 magnificemffma
1602 2531 1685 2565 dona,
1696 2540 1728 2561 ut
1737 2532 1878 2571 scriptum
1889 2532 2028 2574 legimus,
2041 2533 2134 2574 usque

1179 2574 1213 2604 ad
1227 2576 1423 2603 Numantiam
1436 2571 1514 2603 misit
1529 2583 1566 2603 ex
1577 2572 1657 2603 Asia:
1677 2583 1742 2613 qua:
1754 2575 1909 2603 Arricanus
1921 2594 1929 2607 ,
1949 2574 2133 2614 insped'tante

1180 2617 1312 2646 exercitu
1324 2635 1332 2648 ‚
1352 2617 1472 2654 accepit.
1497 2614 1587 2655 Qod
1604 2613 1674 2644 cum
1693 2615 1820 2654 praescns
1830 2616 1989 2653 Dejotarus
2003 2618 2085 2658 regio
2099 2616 2134 2646 &

1179 2659 1283 2687 animo
1292 2677 1300 2690 ‚
1314 2657 1346 2686 &
1356 2666 1440 2686 more
1449 2655 1563 2686 fecisset
1572 2676 1580 2689 ‚
1593 2665 1624 2686 tu
1634 2657 1666 2687 in
1675 2656 1848 2686 cubiculum
1860 2656 2020 2687 disccffisti.
2041 2657 2136 2687 Obse-

1179 2709 1230 2730 cro
1240 2719 1248 2732 ‚
1264 2699 1355 2728 Caesar
1366 2719 1375 2731 ,
1387 2707 1485 2738 repete
1495 2700 1639 2738 temporis
1650 2698 1731 2727 illius
1744 2700 1938 2728 memoriam:
1953 2697 2133 2738 poneillum

1181 2750 1248 2771 ante
1262 2741 1367 2770 oculos
1380 2739 1481 2770 diem:
1500 2741 1600 2770 vultus
1612 2740 1774 2769 hominum
1786 2749 1814 2769 te
1823 2742 2007 2769 intuentium
2019 2759 2028 2773 ‚
2047 2748 2135 2780 atque

1182 2783 1394 2814 admirantium
1408 2802 1417 2816 ,
1437 2781 1601 2812 recordare.
1623 2791 1699 2811 num
1713 2791 1778 2822 quae
1794 2780 1975 2820 trepidatio?
1992 2790 2068 2811 num
2082 2783 2137 2821 qui

2020 2823 2138 2852 tumul-

231 2921 254 2937 1.
275 2913 303 2936 Ut
315 2914 415 2937 amicum
433 2914 496 2944 officia
513 2920 599 2945 sarum
612 2912 748 2946 sunniam]
771 2911 860 2946 Vulgi)
882 2913 952 2936 amici
963 2922 969 2935 :
988 2909 1029 2936 sed
1051 2918 1142 2936 conti-a

191 2947 248 2974 mss.
260 2949 359 2974 nostros
372 2948 492 2974 meliores
506 2968 513 2980 ,
535 2949 559 2974 in
572 2949 665 2984 quibus
676 2949 754 2974 etiam
767 2948 853 2983 postea
863 2955 919 2973 crat
931 2956 981 2971 cnm
994 2966 1001 2977 ‚
1021 2956 1071 2973 non
1083 2954 1142 2972 rum.

189 2984 223 3010 de
234 2993 287 3019 quo
297 2983 416 3009 viden-,ir
427 2985 504 3009 etiam
518 2985 637 3009 Muretus
649 2984 686 3010 lib
710 2994 744 3010 ii.
757 2986 771 3009 N*
779 2993 817 3009 ar.
829 2982 892 3009 leti.
903 2992 958 3018 cap.
974 2983 1015 3009 16.

227 3028 255 3045 2,
274 3020 332 3044 cam
343 3038 350 3051 ‚
361 3022 437 3051 inquit
450 3039 456 3051 ‚
469 3023 493 3044 in
505 3022 615 3047 casirllum
626 3022 736 3053 Luc-jum
747 3019 873 3053 wulffes]
895 3020 1026 3045 Puteanus
1039 3018 1143 3044 monuit

190 3054 332 3091 legendum
343 3056 454 3086 vulttidlbs.
476 3065 532 3081 niun
545 3054 614 3089 quod
634 3065 695 3081 mox
717 3063 807 3082 narrat
817 3074 825 3085 ,
840 3055 928 3081 actum
941 3054 991 3081 fuit
1002 3063 1141 3090 autequam

190 3090 277 3118 (Jaestir
290 3091 415 3118 Luceium
429 3090 556 3118 veniiseu
579 3098 607 3116 ut
618 3091 701 3125 liquet
711 3101 743 3117 ex
755 3092 808 3117 alio
819 3091 893 3125 liujus
904 3091 1004 3127 pagina:
1021 3090 1097 3116 loco:
1118 3093 1143 3115 in

186 3129 310 3160 fastuum,
321 3126 418 3162 iuquit,
432 3127 491 3152 diem
501 3127 590 3158 Afrum
602 3135 609 3155 3
630 3134 656 3150 ur
666 3127 715 3151 cirm
725 3130 749 3152 in
760 3129 874 3153 castellum
883 3129 1099 3159 Lucejumventum
1110 3126 1143 3159 ‘s‘

185 3164 232 3197 lit,
243 3164 293 3196 &a
306 3162 432 3199 Sequitur
442 3172 506 3198 crgo
517 3161 544 3191 id
556 3161 645 3189 a-Stum
658 3161 732 3189 fuisse
742 3162 769 3192 1η
779 3162 859 3190 domo
869 3162 990 3197 chotari
1002 3171 1011 3195 5
1023 3161 1054 3191 ad
1066 3171 1144 3199 quam

1185 2909 1271 2937 cti-sir
1281 2910 1307 2935 in
1318 2908 1447 2938 Luceium
1459 2906 1622 2943 proficiscens
1631 2904 1792 2931 deverterat.

1225 2948 1291 2982 3.Ab
1299 2947 1341 2978 tsto
1350 2945 1487 2978 adulescente
1495 2945 1535 2976 effi·
1544 2941 1817 2976 corruptum.]l'ulg;1ta
1829 2939 1984 2976 interposuit
1994 2942 2140 2973 existimavi.

1186 2981 1228 3007 sed
1241 2982 1310 3008 vocis
1322 2989 1376 3014 ejus
1388 2979 1491 3006 nullum
1504 2978 1639 3010 vestigium
1651 2978 1676 3003 iu
1689 2976 1829 3011 l‘all.quod
1841 2978 1866 3001 δ’
1880 2977 2139 3010 iiotaritl'iitcan1185

1185 3017 1250 3044 item
1262 3018 1383 3044 Muretus
1393 3014 1573 3051 d.cap.i6.qui
1585 3020 1670 3039 tamen
1684 3013 1768 3038 minus
1780 3012 1845 3038 bene
1858 3012 1923 3038 illud
1934 3014 2069 3042 subornabit
2078 3022 2139 3039 inu-

1186 3061 1225 3080 tat
1236 3053 1419 3086 insubrium-vit.
1431 3051 1464 3076 sic
1474 3049 1581 3085 quidem
1592 3049 1672 3075 etiarn
1684 3048 1761 3083 script
1773 3061 1777 3073 ι
1792 3061 1807 3073 ii
1820 3049 1845 3073 ᾗ.)
1857 3048 1957 3083 aliquot
1970 3049 2062 3075 nostris
2075 3059 2082 3075 ι
2094 3047 2139 3075 sed

1186 3089 1213 3116 id
1226 3089 1306 3116 veteri
1317 3087 1363 3113 illa
1373 3085 1561 3112 conthetudiue
1572 3084 1698 3111 lI-r'ibeudi
1714 3103 1720 3115 ‚
1734 3084 1801 3110 idern
1813 3086 1847 3110 (¹st
1861 3094 1918 3110 <uin
1929 3084 2028 3119 priore.

1222 3131 1250 3157 4.
1269 3127 1321 3149 Hac
1331 3123 1458 3156 fitspicione
1467 3130 1503 3155 pei
1512 3122 1622 3156 cuffirms]
1645 3121 1684 3148 Rc
1698 3127 1760 3155 ‘ej-iri
1775 3119 1991 3152 leftiopcrcufficm
2002 3139 2010 3152 ‚
2021 3118 2063 3146 sed
2073 3119 2142 3147 alte.

1188 3170 1246 3189 nun
1258 3159 1341 3196 magis
1352 3158 1409 3186 heic
1419 3158 1556 3190 convenit,
1566 3157 1694 3193 restatque
1706 3158 1731 3183 iii
1741 3156 1872 3194 pictisque
1883 3156 1988 3184 nostris.
2105 3186 2148 3218 17¹·

2072 3198 2083 3218 1
2091 3208 2096 3216 -
2127 3195 2148 3217 Π
