2302 3353
598 147 690 179 DE

115 214 282 249 constituta.
304 215 368 255 Ego
377 211 449 244 vei-b
460 219 489 242 te
501 232 509 246 ,
521 208 626 244 Crasse,
637 209 708 241 cum
719 211 789 241 vitae
799 209 873 240 flore
884 231 892 244 ,
905 219 972 241 tum
982 221 1067 241 mor-

116 262 154 290 tis
170 258 389 299 opportunitate
401 275 409 288 ,
435 254 542 284 divino
562 251 689 284 consilio
708 253 741 282 &
757 260 859 291 ortum
872 273 880 286 ,
902 252 936 282 &
954 252 1070 282 exstin-

116 299 200 330 &um
211 296 268 329 esse
277 297 409 328 arbitror.
427 306 497 326 nam
509 295 564 325 tibi
571 302 621 324 aut
628 304 683 334 pro
693 296 802 324 virtute
812 295 918 327 animi,
930 293 1070 323 constan-

113 344 211 382 tiaque
222 348 269 370 tua
277 339 374 369 civilis
384 337 454 368 ferri
464 336 616 375 subeunda
625 336 683 366 fuit
691 335 849 365 crudelitas
860 356 869 370 ‚
880 343 938 368 aut,
953 333 1032 375 siqua
1043 343 1070 364 te

114 381 233 414 fortuna
242 380 277 411 ab
286 381 434 410 atrocitate
444 380 551 409 mortis
561 376 754 411 vindicasset,
773 377 877 407 eadem
897 375 955 406 esse
975 384 1004 406 te
1021 374 1071 404 fu—

114 433 223 454 nerum
230 425 330 463 patriae
341 421 536 462 spe&atorem
547 418 688 462 coe'gisset
699 429 703 448 :
723 428 820 459 neque
832 418 932 449 solam
944 417 1000 447 tibi
1009 419 1071 447 im-

113 464 277 506 proborum
301 463 474 493 dominatus
492 483 500 497 ‚
530 461 579 492 sed
604 463 695 491 etiam
714 470 833 501 propter
852 458 1010 490 admistam
1027 460 1071 488 ci-

71 513 98 545 4
115 509 200 538 vium
210 504 322 536 caedem
335 525 345 539 ,
365 503 496 534 bonorum
506 501 629 533 victoria
638 504 762 533 moerori
772 500 881 532 fuisset.
913 502 994 530 Mihi
1004 502 1072 541 qui-

115 548 197 581 dem,
209 549 322 587 Qinte
330 546 429 579 frater,
440 547 473 577 ὃς
484 555 592 576 eorum
602 546 695 579 casus,
704 544 740 575 de
751 543 860 585 quibus
869 542 938 574 ante
949 542 1025 575 dixi,
1038 542 1071 572 δε

113 601 148 621 ea
157 610 166 624 ‚
186 599 250 630 quae
261 587 433 628 nosmetipsi
443 588 483 618 ob
494 597 630 618 amorem
639 589 672 617 in
683 586 900 625 rempublicam
909 583 1072 615 incredibi-

114 633 188 665 lem,
201 631 233 661 &
243 629 418 671 singularem
427 630 616 670 pertulimu5‚
627 639 659 659 ac
668 625 822 660 sensimus,
832 627 994 668 cogitanti,
1007 625 1072 655 sen-

115 675 207 705 tentia
223 673 297 712 saepe
316 681 364 702 tua
374 692 382 705 ,
404 682 472 703 vera
481 691 490 705 ,
509 681 542 701 ac
550 671 664 710 sapiens
673 668 768 699 videri
779 669 855 698 solet
864 688 872 702 ,
891 669 943 708 qui
953 675 1072 708 propter

115 723 161 746 tot
170 735 177 749 ‚
190 724 285 745 tantos
296 733 305 747 ‚
326 723 445 754 tamque
455 713 630 754 praecipiteis
638 711 720 741 casus
730 707 958 740 clarissimorum
970 710 1072 738 homi-

115 767 203 790 num,
213 766 298 797 atque
310 758 498 796 optimorum
507 756 655 785 virorum,
667 762 716 782 me
726 752 843 791 semper
852 752 888 782 ab
898 752 987 781 omni
996 760 1072 780 coii-

115 800 253 829 tentione
263 817 272 831 ‚
292 808 323 828 ac
333 797 526 828 dimicatione
537 793 690 825 revocasti.
715 793 771 824 Sed
782 795 927 834 quoniam
939 793 1002 822 haec
1008 793 1071 831 jam

116 850 214 881 neque
224 841 256 869 in
266 841 382 879 integro
390 837 480 868 nobis
489 835 610 877 possunt
618 834 674 865 esi'e
685 855 693 870 ‚
716 835 750 865 δε
764 835 873 875 summi
891 834 1007 864 labores
1016 843 1072 863 no-

117 881 179 916 stri,
192 891 297 922 magna
306 879 488 920 compensati
498 878 592 920 gloria
601 897 610 911 ‚
622 879 798 918 mitigantur
809 898 816 912 ‚
829 886 985 918 pergamus
995 875 1030 905 ad
1040 885 1073 905 ea

118 925 229 956 solatia,
240 933 304 964 quae
315 931 379 951 non
391 919 486 951 modo
497 919 602 950 sedatis
612 918 761 949 molestiis
767 919 910 959 jucunda,
922 917 971 948 sed
981 919 1071 947 etiam

115 965 297 996 haerentibus
307 983 315 996 ‚
337 963 469 993 salutaria
488 962 578 992 nobis
596 959 654 991 esse
671 959 794 1001 possunt
805 971 810 990 :
842 961 1072 1000 sermonemque

116 1009 152 1037 L.
165 1004 250 1036 Craffi
268 1004 320 1035 reli
345 1014 438 1037 uum,
457 1014 489 1036 ac
526 1002 591 1034 aene
621 1001 787 1033 ostremum
798 1003 956 1032 memoriae
988 1000 1073 1031 roda-
1093 1015 1095 1029 ι

323 1014 342 1045 q
506 1013 524 1043 Ρ
600 1013 619 1043 p
966 1011 984 1042 Ρ
1093 1034 1095 1059 Ῐ
1114 1054 1169 1086 ego
1189 1043 1324 1074 hesterna
1340 1043 1389 1073 die
1408 1043 1495 1077 dixi5
1519 1044 1675 1084 &aliquot
1685 1043 1758 1073 locis
1768 1044 2005 1074 antemeridiano
2017 1045 2077 1074 ser-

116 1057 201 1078 mus:
220 1055 305 1087 atque
315 1048 353 1080 ei,
364 1044 414 1076 etsi
424 1055 611 1087 nequaquam
619 1054 722 1085 parem
732 1045 815 1075 illius
824 1045 949 1086 ingenio
958 1064 966 1078 2
980 1051 1008 1073 at
1018 1052 1071 1083 pro

114 1088 216 1120 nostro
234 1097 334 1118 tamen
344 1087 442 1118 studio
451 1090 591 1119 meritam
600 1088 722 1128 gratiam
734 1107 742 1120 ‚
763 1086 954 1127 debitamque
966 1084 1073 1115 refera-

115 1140 193 1162 mus.
217 1133 324 1171 Neque
334 1130 418 1160 enim
427 1130 581 1171 quisquam
591 1127 741 1162 nostrum,
751 1126 824 1159 cum
834 1128 928 1158 libros
938 1128 1071 1158 Platonis

87 1194 93 1201 ,
115 1172 291 1203 mirabiliter
308 1172 430 1212 scriptos
440 1174 512 1213 legit
521 1192 529 1205 ‚
549 1173 582 1201 in
590 1171 701 1212 quibus
713 1171 857 1206 omnibus
867 1169 928 1200 fere
940 1172 1072 1200 Socrates

113 1215 295 1254 exprimitur
306 1225 315 1248 3
339 1224 403 1244 non
413 1235 421 1247 ‚
442 1223 624 1255 quamquam
645 1213 697 1242 illa
714 1213 818 1253 scripta
836 1213 903 1242 sunt
912 1211 1071 1243 divinitus,

116 1265 217 1287 tamen
228 1255 285 1290 mai
290 1266 323 1285 us
334 1255 476 1296 quiddam
487 1255 524 1285 de
534 1256 599 1288 illo,
611 1254 648 1285 de
658 1265 719 1295 quo
729 1255 833 1295 scripta
844 1254 912 1285 sunt
922 1274 930 1287 ,
946 1253 963 1283 s
960 1253 1072 1292 uspica-

115 1306 162 1328 tur
174 1309 179 1327 :
201 1297 281 1338 quod
292 1299 367 1328 item
377 1307 435 1327 nos
443 1297 629 1337 postulamus
640 1306 704 1326 non
715 1296 730 1326 a
741 1305 768 1326 te
778 1296 901 1337 quidem
914 1316 922 1329 ‚
944 1296 996 1335 qui
1015 1304 1073 1324 no-

88 1350 95 1357 ¹
116 1339 165 1371 bis
176 1339 292 1370 summa
301 1341 405 1369 omnia
414 1339 519 1369 tribuis
531 1360 539 1372 ‚
559 1338 607 1368 sed
619 1337 635 1368 a
644 1340 748 1368 ceteris
758 1359 766 1372 ‚
787 1339 838 1379 qui
849 1338 914 1368 haec
924 1339 955 1367 in
966 1345 1073 1366 manus

118 1381 238 1412 sument
247 1401 256 1415 ‚
269 1389 302 1411 ut
311 1381 407 1421 majus
417 1381 488 1422 quid
512 1391 561 1425 ²2³¹
572 1380 608 1410 de
620 1382 655 1410 L.
666 1378 765 1410 Crasso
776 1401 784 1413 ,
796 1380 887 1421 quiim
898 1386 1045 1420 quantum
1057 1376 1072 1407 a

120 1423 209 1453 nobis
217 1425 413 1462 exprimetur,
425 1423 502 1463 suspi
538 1431 617 1453 ntur.
638 1424 706 1452 Nos
719 1424 803 1452 enim
814 1424 865 1463 qui
875 1419 928 1462 ipsi
939 1421 1072 1451 sermoni

116 1475 180 1496 non
189 1462 422 1495 interfuissemus
433 1485 442 1499 ,
471 1465 505 1495 &
523 1464 632 1505 quibus
651 1464 739 1504 Cajus
756 1467 842 1494 Cotta
855 1460 1072 1494 tantummodo

117 1507 200 1537 locos
210 1527 218 1541 ,
238 1517 270 1538 ac
279 1506 437 1537 sententias
447 1507 536 1546 hujus
546 1506 755 1546 disputationis
766 1503 944 1539 tradidisset,
965 1514 1028 1546 quo
1041 1505 1073 1533 in

115 1559 222 1591 genere
240 1550 384 1578 orationis
402 1557 562 1589 utrumque
581 1557 729 1578 oratorem
750 1557 986 1590 cognoveramus
998 1567 1007 1580 ,
1028 1545 1073 1575 id-

116 1591 216 1631 ipsum
225 1590 326 1621 sumus
338 1592 369 1620 in
379 1601 485 1621 eorum
495 1591 633 1620 sermone
648 1590 821 1620 adumbrare
838 1591 948 1620 conati.
981 1587 1072 1630 Qod

121 1632 211 1673 siquis
221 1633 275 1662 erit
287 1652 295 1665 ‚
306 1633 359 1672 qui
367 1632 474 1662 diuisus
486 1634 632 1672 opinione
641 1633 742 1674 vulgi,
753 1641 802 1662 aut
813 1633 984 1662 Antonium
992 1631 1073 1670 jeju-

115 1676 250 1712 niorem,
259 1683 308 1704 aut
318 1672 450 1704 Crassum
460 1673 547 1705 fuisse
556 1675 726 1714 pleniorem
738 1683 830 1714 putet3
841 1683 931 1714 quam
940 1682 1073 1714 quomo—

118 1716 160 1747 do
167 1715 183 1746 a
191 1716 280 1746 nobis
289 1725 409 1757 uterque
418 1715 562 1746 induistus
571 1715 615 1746 est
627 1726 632 1744 :
656 1718 681 1746 is
691 1718 747 1746 erit
756 1726 794 1746 ex
804 1718 840 1748 iis
851 1735 858 1749 ‚
883 1717 934 1756 qui
945 1723 992 1744 aut
1002 1713 1071 1744 illos

118 1768 184 1788 non
193 1756 318 1788 audierit
326 1777 335 1791 ‚
347 1767 395 1788 aut
400 1758 532 1798 judicare
543 1769 607 1788 non
615 1756 710 1798 possit.
733 1761 815 1789 Nam
826 1756 884 1787 fuit
893 1766 1015 1797 uterque
1026 1754 1070 1794 (ut

118 1800 244 1840 exposui
253 1800 348 1841 antea)
356 1798 429 1830 cum
439 1799 548 1834 studio,
559 1809 644 1841 atque
655 1802 793 1842 ingenio,
804 1800 837 1830 &
846 1798 1069 1839 dostrina,prae-

119 1840 197 1872 stans
215 1840 362 1871 omnibus
372 1861 382 1875 ‚
399 1850 465 1872 turn
475 1844 508 1872 in
518 1843 571 1872 suo
580 1852 687 1884 genere
697 1841 846 1882 perfe&us
858 1862 866 1877 ,
888 1850 966 1872 utne
991 1851 1026 1870 ue
1039 1841 1071 1869 in

119 1885 257 1914 Antonio
267 1881 433 1914 deefl'ethic
441 1893 561 1914 ornatus
573 1886 717 1914 orationis
727 1904 737 1918 ‚
758 1894 854 1925 neque
873 1886 906 1914 in
917 1886 971 1914 Cra
985 1881 1072 1912 sore·

121 1924 276 1955 dundaret.
315 1927 358 1954 Ut
375 1927 464 1966 igitur
478 1934 544 1955 ante
554 1925 714 1956 meridiem
726 1925 937 1959 discesserunt,
956 1924 1073 1964 paullu-

120 1966 245 2006 lumque
264 1967 436 2006 requierunt
445 1985 454 2000 ‚
481 1968 515 1996 in
523 1968 630 2006 primis
641 1968 698 1997 hoc
716 1966 732 1997 a
743 1968 770 1997 se
781 1970 865 1997 Cotta
884 1965 1074 1997 animadver-

119 2008 186 2038 sum
197 2005 254 2036 esse
266 2006 396 2040 dicebat,
414 2017 506 2037 omne
515 2008 592 2038 illud
602 2017 720 2047 teinpus
728 2008 931 2038 meridianum
940 2005 1073 2037 Crassum

118 2050 153 2079 in
162 2050 302 2078 acerrima
312 2068 320 2081 ,
340 2057 426 2089 atque
437 2048 625 2079 attentissima
634 2051 816 2091 cogitatione
833 2047 960 2090 posuisse
970 2068 978 2082 ,
1000 2048 1073 2078 sese—

118 2100 188 2132 que,
200 2091 250 2130 qui
261 2090 379 2120 vultum
390 2091 464 2129 ejus,
475 2089 548 2120 cum
558 2093 585 2121 ei
595 2091 757 2121 dicendum
769 2089 839 2122 esset
851 2112 859 2125 ,
872 2091 1073 2131 obtutumque

116 2132 276 2163 oculorum
286 2133 319 2162 in
328 2132 487 2173 cogitando
495 2132 587 2172 probe
602 2130 798 2174 nosset,atque
808 2134 842 2164 in
853 2134 996 2163 maximis
1005 2141 1074 2162 cau-

117 2172 155 2204 fis
165 2172 239 2214 saepe
251 2171 370 2203 vidisset
379 2193 387 2207 ‚
400 2183 466 2204 tum
478 2174 576 2204 dedita
584 2184 673 2214 opera
683 2194 691 2208 ‚
706 2175 927 2215 quiescentibus
936 2173 1001 2203 aliis
1011 2193 1020 2207 ,
1041 2174 1074 2202 in

117 2225 184 2246 eam
194 2215 356 2245 exhedram
365 2213 492 2245 venisset
499 2235 508 2249 ,
529 2217 562 2245 in
571 2226 628 2256 qua
638 2215 752 2246 Crassus
761 2215 874 2246 leetuio
883 2213 978 2256 posito
990 2224 1074 2244 recu-

117 2255 225 2288 buiss'et
236 2277 245 2290 .
266 2267 359 2298 quum
383 2267 419 2287 ue
428 2267 499 2288 eum
508 2259 542 2288 in
559 2259 738 2299 cogitatione
747 2257 883 2288 defixum
896 2256 954 2288 esse
973 2254 1075 2288 sensis-

118 2299 173 2333 set,
182 2297 280 2329 statim
290 2309 353 2329 rece
379 2297 441 2333 isse,
451 2308 537 2340 atque
546 2302 581 2330 in
591 2310 628 2330 eo
638 2298 756 2330 silentio
765 2300 837 2330 duas
847 2301 932 2330 horas
941 2298 1003 2329 fere
1015 2296 1073 2328 esse

119 2340 299 2371 consumtas.
331 2341 452 2371 Deinde
468 2351 563 2382 quum
574 2352 682 2372 omnes
694 2362 702 2376 ,
722 2342 867 2372 inclinato
874 2343 938 2382 jam
949 2343 981 2370 in
991 2339 1072 2380 post-

118 2381 321 2412 meridianum
330 2391 448 2422 tempus
459 2383 507 2414 die
518 2404 526 2417 ‚
546 2382 695 2414 venissent
702 2383 738 2414 ad
748 2382 882 2414 Crassum
894 2403 902 2417 ‚
924 2383 1006 2424 Qd
1016 2381 1070 2415 est,

121 2422 216 2454 Crasse
226 2443 235 2458 ,
246 2425 448 2465 inquitJulius
460 2445 468 2459 ,
480 2425 598 2456 imusne
609 2424 739 2456 sessum?
756 2424 806 2455 etsi
815 2425 1010 2456 admonitum
1020 2434 1072 2454 ve—

116 2467 223 2504 nimus
232 2474 270 2500 te,
282 2475 345 2496 non
355 2465 533 2507 flagitatum.
557 2470 643 2498 Tum
653 2465 778 2501 Crassus,
790 2477 828 2497 an
838 2478 888 2497 me
899 2475 959 2497 tam
969 2469 1072 2507 impu·

119 2507 241 2538 dentem
251 2506 308 2537 esse
315 2507 506 2544 existimatis,
517 2517 549 2540 ut
557 2509 643 2540 vobis
654 2511 711 2540 hoc
720 2510 883 2551 praesertim
894 2519 1006 2539 munus
1014 2518 1070 2550 pu-

113 2557 180 2586 ‚tem
190 2548 301 2580 diutius
310 2548 392 2589 posse
402 2550 509 2583 debere
522 2553 532 2581 ?
550 2554 683 2592 Quam
694 2553 784 2592 igitur
793 2572 802 2585 2,
825 2553 924 2592 inquit
933 2551 984 2580 ille
995 2570 1003 2584 ‚
1025 2550 1071 2579 lo-

118 2601 169 2621 cus
180 2593 192 2620 ?
209 2601 246 2621 ari
256 2592 288 2622 in
298 2591 398 2623 media
405 2591 475 2623 silva
484 2593 598 2633 placet?
618 2593 669 2624 Est
679 2595 762 2623 enim
774 2595 798 2623 is
809 2592 945 2623 maxime
956 2592 988 2622 δε
1000 2601 1071 2635 opa—

117 2642 180 2666 cus,
193 2632 225 2663 &
234 2631 368 2674 frigidus.
390 2634 478 2668 Sane,
491 2637 590 2676 inquit
599 2633 721 2665 Crassus.
739 2635 853 2665 etenim
864 2634 906 2665 est
915 2635 948 2665 in
957 2644 993 2664 eo
1002 2634 1070 2663 loco

119 2674 197 2705 sedes
205 2675 276 2705 huic
284 2674 387 2707 nostro
396 2686 460 2706 non
469 2678 671 2716 inopportuna
682 2677 823 2706 sermoni.
854 2674 934 2707 cum
944 2676 1071 2717 placuis-

118 2716 161 2746 set
170 2715 251 2759 idem
259 2718 363 2746 ceteris
371 2737 382 2753 ,
410 2719 443 2748 in
453 2716 556 2748 silvam
566 2720 687 2748 venitur
697 2738 705 2752 ‚
728 2718 760 2748 &
770 2718 812 2748 ibi
822 2728 930 2759 magna
938 2727 1009 2748 cum
1018 2727 1070 2747 au—

119 2756 221 2791 diendi
230 2757 448 2798 exspectatione
456 2758 628 2790 confiditur.
648 2762 733 2791 Tum
744 2758 869 2793 Crassus,
879 2762 956 2791 Cum
967 2758 1070 2790 aueto-

117 2799 186 2830 ritas
195 2818 204 2833 ‚
223 2808 307 2840 atque
317 2802 448 2832 amicitia
456 2801 549 2832 vestra
558 2822 567 2836 ‚
587 2810 652 2832 tum
663 2803 793 2834 Antonii
808 2801 932 2832 facilitas
948 2802 1068 2841 eripuit,

120 2841 217 2884 inquit
227 2861 235 2875 ‚
255 2841 334 2871 mihi
354 2843 386 2872 in
404 2845 520 2886 optima
538 2853 606 2874 mea
621 2844 704 2876 causa
721 2843 888 2874 libertatem
899 2842 1051 2874 recusandi
1066 2853 1070 2871 :

119 2891 299 2924 quamquam
317 2884 350 2913 in
367 2885 519 2925 partienda
535 2885 735 2925 disputatione
746 2885 846 2915 nostra
855 2906 863 2919 ,
887 2884 959 2916 cum
971 2883 1024 2914 fibi
1035 2884 1072 2914 de

111 2926 166 2970 jis,
177 2933 242 2964 quae
252 2924 311 2954 dici
320 2925 356 2955 ab
366 2935 478 2957 oratore
489 2936 639 2968 oporteret
649 2948 658 2961 ‚
668 2928 816 2961 sumeret,
828 2928 905 2957 mihi
916 2935 1016 2957 autern
1027 2936 1073 2956 re-

105 2964 266 3009 '‘ylinqueret
276 2985 284 2999 ‚
293 2975 325 2996 ut
334 2967 514 3007 explicarem
526 2989 535 3003 ‚
545 2969 805 3009 quemadmodum
815 2969 868 2998 illa
875 2971 974 2999 ornari
983 2978 1072 3008 opor-

106 3013 194 3042 jteret
203 3017 211 3053 J
229 3017 263 3037 ea
272 3005 380 3042 divisit,
391 3019 456 3050 quae
465 3010 598 3050 sejunCta
607 3009 663 3041 esse
673 3021 736 3040 non
745 3009 876 3051 possunt.
908 3013 989 3040 Nam
999 3009 1070 3040 cum

121 3055 224 3078 omnis
232 3057 270 3078 ex
281 3059 310 3079 re
320 3069 329 3083 2
349 3058 437 3091 atque
445 3051 543 3083 verbis
552 3051 668 3083 constet
677 3055 772 3083 oratio
784 3063 789 3082 :
810 3062 908 3094 neque
926 3051 1012 3083 verba
1029 3052 1073 3082 se—

162 3163 184 3181 ¹·
205 3157 352 3194 Qamvmm
359 3163 517 3205 omuibmpar
526 3181 535 3197 ,
545 3163 613 3200 driu]
623 3163 770 3192 Lambinus
782 3181 790 3196 ‚
800 3173 926 3200 quamque.
945 3162 988 3192 sed
1000 3162 1149 3199 beiie,quod
1160 3162 1212 3200 ipse
1224 3163 1323 3192 fatetur
1333 3161 1435 3192 fastum
1446 3163 1462 3192 ὰ
1473 3161 1582 3191 selibris
1593 3163 1714 3191 omnibus
1725 3161 1939 3192 reclamantibus.

770 133 1210 184 Ona-roma

1275 134 1330 180 L
1364 150 1382 181 1
1416 146 1458 179 Β.
1505 130 1603 178 ΙΙΙ.
1983 145 2065 193 113

1112 212 1183 243 dem
1193 212 1300 243 habere
1310 211 1441 253 possunt,
1453 209 1474 242 si
1483 221 1548 242 rem
1557 207 1744 248 subtraxerIs‚
1756 217 1853 250 neque
1864 217 1909 239 res
1920 207 2038 243 lumen,
2052 208 2072 239 fi

1112 254 1201 284 vei-ba
1213 255 1389 284 semoveris.
1422 256 1466 285 Ac
1477 254 1553 284 mihi
1563 251 1688 294 quidem
1699 260 1811 281 veteres
1822 251 1868 281 illi
1878 254 1974 291 majus
1984 252 2073 292 quid-

1113 295 1181 325 dam
1198 298 1304 326 animo
1323 296 1476 336 complexi
1488 316 1497 329 ‚
1515 296 1614 325 multo
1623 293 1689 334 plus
1699 294 1789 324 etiam
1800 292 1906 323 vidisse
1917 294 2072 333 videntur-2

1112 336 1203 376 quiim
1214 346 1361 377 quantum
1371 337 1543 367 nostrorum
1555 337 1750 377 ingeniorum
1760 336 1836 366 acies
1846 337 1956 365 intueri
1967 334 2073 375 potest:

1113 378 1165 417 qui
1174 379 1278 408 omnia
1288 379 1351 408 haec
1361 399 1369 411 ‚
1382 376 1538 420 quaeficprii
1549 377 1684 418 &fiabrer
1695 399 1703 411 ,
1720 387 1817 407 unum
1825 375 1884 407 esse
1897 397 1905 411 ‚
1918 377 1950 407 &
1962 387 2020 407 una
2028 379 2072 410 vi,

1113 427 1198 458 atque
1226 428 1284 449 una
1310 419 1504 451 consensione
1533 430 1644 450 naturae
1663 418 1824 450 constri&a
1843 417 1902 449 esse
1921 419 2075 449 dixerunt.

1114 462 1271 490 NULLUM
1293 470 1350 490 Est<
1366 463 1449 490 enim
1461 472 1553 501 genus
1563 472 1662 491 rerum
1672 482 1679 494 ,
1699 460 1781 502 quod
1791 470 1841 491 aut
1849 461 1988 492 avulsum
2000 460 2016 490 a
2025 471 2073 491 ce-

1113 502 1183 531 teris
1193 510 1246 540 pei·
1254 501 1383 541 seipsum
1395 502 1526 533 constare
1537 523 1545 536 ‚
1565 512 1614 533 aut
1623 513 1683 544 quo
1691 511 1785 533 cetera
1796 523 1804 536 ,
1824 501 1845 532 si
1854 512 1970 533 careant
1980 523 1987 536 ‚
2007 504 2073 532 vim

1113 543 1195 573 suam
1208 562 1215 575 ‚
1235 551 1321 582 atque
1331 544 1526 573 aeternitatem
1537 545 1708 574 conservare
1719 543 1840 585 possint.
1870 544 1926 575 Sed
1937 546 1999 574 haec
2010 554 2073 574 ma-
2091 544 2115 579 6

1110 585 1160 624 jor
1170 582 1228 614 esse
1239 586 1312 614 ratio
1323 584 1440 614 videtur
1450 605 1458 617 ,
1481 586 1571 625 quarn
1583 594 1614 615 ut
1623 586 1788 616 hominum
1798 585 1886 626 possit
1903 587 1988 617 sensu
1999 607 2007 620 ,
2026 595 2077 616 aut

1114 627 1293 667 cogitatione
1303 626 1529 666 comprehendi.
1552 626 1595 656 est
1605 630 1694 658 etiam
1714 629 1765 658 illa
1783 628 1914 658 Platonis
1932 638 2001 658 vera
2011 648 2019 661 ,
2041 628 2076 658 &

1115 668 1171 698 tibi
1184 688 1192 700 ,
1209 667 1311 698 Catule
1323 688 1331 701 ‚
1351 667 1429 698 certe
1440 678 1504 698 non
1515 668 1647 699 inaudita
1656 679 1718 699 vox
1729 690 1737 702 ‚
1758 672 1893 700 Omnem
1903 669 2075 700 do&rinam

1114 710 1221 739 harum
1232 711 1429 750 ingenuarum
1444 730 1452 743 ‚
1474 710 1506 739 δε
1516 711 1717 739 humanarum
1727 714 1834 741 artium
1846 733 1854 745 ‚
1868 722 1931 742 uno
1941 712 2074 753 quodam

1109 751 1249 791 fhcieraru
1268 751 1392 782 vinculo
1411 752 1561 782 contineri
1572 771 1581 784 ,
1606 750 1658 780 ubi
1671 754 1752 781 enim
1764 753 1913 793 perspezsta
1922 756 1967 783 vis
1977 753 2020 784 est
2030 764 2077 783 rzi-

1115 794 1207 823 tionis
1216 794 1280 832 ejus
1292 814 1299 826 ,
1321 803 1378 833 qua
1388 793 1480 823 causae
1490 802 1590 823 rerum
1602 812 1610 826 ‚
1639 802 1724 833 atque
1735 803 1832 823 exitus
1841 796 2074 836 cognoscuntur,

1117 837 1213 865 mirus
1224 834 1349 875 quidam
1359 837 1502 865 omnium
1514 833 1591 876 quasi
1599 835 1760 864 consensus
1771 835 1988 870 doEtrinarum,
1999 847 2074 867 con-

1114 877 1276 917 centusque
1294 878 1447 916 reperitur.
1487 876 1543 906 Sed
1554 875 1574 905 si
1585 877 1641 906 hoc
1650 886 1770 917 quoque
1782 876 1964 907 videturesse
1974 880 2073 911 altius.

1114 918 1205 959 quam
1218 928 1249 948 ut
1259 918 1289 948 id
1303 928 1358 948 iios
1369 919 1457 948 humi
1468 917 1546 948 strati
1557 918 1700 957 suspicere
1710 916 1854 958 poffimus
1866 939 1873 951 ‚
1897 920 1973 949 illud
1995 920 2074 950 certt':

1115 969 1225 993 tamen,
1237 960 1320 1001 quod
1330 961 1464 1000 amplexi
1476 961 1587 993 sumus,
1599 959 1681 1000 quod
1691 958 1879 999 profitemur,
1888 961 1968 1001 quod
1981 962 2076 992 susee-

1114 1004 1215 1042 pimus
1226 1022 1233 1035 ,
1257 1000 1340 1032 noss'e
1350 1002 1383 1032 &
1395 1011 1493 1032 tenere
1504 1002 1659 1032 debemus.
1689 1005 1757 1031 Una
1766 1002 1808 1032 est
1818 1004 1901 1032 enim
1912 1023 1919 1035 ‚
1940 1003 2019 1043 quod
2041 1004 2075 1034 ἃ

1117 1096 1209 1115 mone
1220 1084 1395 1126 significavit
1406 1086 1758 1126 Antonius,eloquentia‚
1770 1086 1957 1127 quascunque
1967 1088 2000 1115 in
2011 1096 2076 1116 oras

1115 1127 1322 1168 disputationis
1333 1148 1341 1161 ‚
1364 1128 1537 1169 regionesve
1546 1127 1641 1157 delata
1651 1126 1703 1157 est.
1737 1129 1817 1158 Nam
1830 1126 1889 1157 five
1899 1128 1935 1158 de
1945 1128 2015 1158 coeli
2024 1138 2076 1158 na-

1115 1179 1177 1200 tura
1188 1170 1331 1210 loquitur,
1345 1168 1403 1199 sive
1413 1169 1449 1199 de
1461 1178 1553 1203 terrae,
1564 1168 1622 1199 sive
1633 1169 1668 1200 de
1680 1169 1841 1203 divinavi,
1854 1168 1912 1199 five
1921 1169 1956 1199 de
1968 1170 2077 1200 huma-

1114 1222 1151 1242 na
1159 1233 1167 1245 ,
1179 1210 1236 1242 five
1247 1221 1285 1241 ex
1296 1210 1437 1241 inferiore
1449 1211 1516 1241 loco
1527 1232 1534 1245 ‚
1556 1211 1614 1241 si-:e
1624 1221 1661 1240 ex
1671 1221 1757 1252 aequo
1769 1232 1776 1244 ‚
1797 1209 1855 1241 sive
1866 1222 1903 1242 ex
1915 1212 2076 1251 superiore,

1114 1252 1171 1284 sive
1182 1263 1215 1284 ut
1224 1253 1359 1293 impellat
1367 1253 1510 1283 homines
1521 1273 1529 1286 ‚
1552 1252 1609 1283 sive
1622 1262 1653 1283 ut
1665 1253 1767 1283 doceat
1777 1273 1785 1287 ‚
1807 1251 1866 1283 sive
1878 1262 1909 1284 ut
1920 1253 2074 1286 deterreat,

1114 1294 1172 1325 sive
1185 1305 1215 1325 ut
1224 1297 1353 1325 concitet
1364 1315 1372 1329 ‚
1394 1293 1451 1324 sive
1465 1304 1496 1325 ut
1505 1294 1635 1325 refleetat
1646 1315 1654 1328 ‚
1676 1293 1733 1324 sive
1746 1304 1778 1324 ut
1788 1295 1927 1325 incendat
1938 1317 1946 1328 ‚
1969 1293 2026 1325 sive
2042 1305 2075 1326 ut

1114 1338 1215 1370 leniat,
1230 1335 1286 1367 sive
1297 1337 1331 1367 ad
1340 1347 1460 1377 paucos,
1474 1335 1531 1368 sive
1542 1336 1576 1366 ad
1587 1337 1712 1370 multos,
1723 1335 1779 1366 sive
1789 1338 1868 1366 inter
1877 1337 2001 1370 alienos,
2015 1336 2076 1366 sive

1112 1390 1183 1410 curn
1194 1380 1263 1413 suis,
1276 1378 1334 1409 sive
1345 1379 1454 1413 secum,
1470 1380 1537 1407 rivas
1546 1378 1588 1408 est
1599 1378 1719 1409 didu&a
1729 1381 1822 1408 oratio
1835 1399 1842 1411 ,
1855 1378 2051 1417 nonfhnribm
2061 1391 2068 1405 .-

1114 1422 1158 1456 &‚
1170 1431 1350 1462 quocunque
1359 1421 1525 1462 ingreditur
1537 1441 1545 1454 ‚
1557 1420 1665 1450 eodem
1676 1420 1719 1450 est
1728 1419 1875 1450 instruetu
1886 1441 1894 1454 ,
1910 1430 2074 1461 ornatuque.

1113 1466 1264 1494 comitata.
1297 1463 1353 1493 Sed
1371 1465 1517 1503 quoniam
1537 1461 1659 1502 oppressi
1673 1463 1735 1502 jam
1754 1463 1820 1492 sum
1826 1473 1858 1491 us
1877 1463 2075 1502 opinionibus

1114 1516 1178 1536 non
1198 1504 1293 1535 modo
1310 1506 1393 1547 vulgi
1404 1525 1413 1537 ,
1436 1508 1637 1535 verumetiam
1648 1505 1814 1534 hominum
1826 1504 2074 1535 levitereruditO*

1114 1558 1193 1581 rum,
1205 1549 1267 1588 qui,
1279 1557 1344 1588 quae
1354 1546 1517 1586 complecti
1527 1555 1588 1576 tota
1597 1548 1760 1587 nequeunt,
1772 1547 1835 1576 haec
1844 1545 1961 1576 facilius
1971 1546 2073 1576 divul-

1114 1591 1140 1621 sa
1149 1610 1157 1623 ,
1170 1589 1203 1619 &
1214 1588 1293 1630 quasi
1303 1589 1445 1628 discerpta
1453 1587 1638 1618 contreEtiint
1651 1599 1656 1617 t
1677 1588 1770 1629 &qui
1782 1609 1789 1621 ‚
1810 1597 1949 1629 tanquam
1960 1588 1995 1618 ab
2007 1590 2073 1618 ani-

1115 1642 1168 1661 mo
1178 1629 1340 1671 corpus‚lic
1350 1630 1365 1661 a
1374 1631 1530 1661 sententiis
1538 1630 1627 1660 verba
1636 1631 1941 1673 sejungunt‚quorum
1954 1628 2013 1660 sine
2024 1632 2072 1660 in-

1113 1675 1203 1704 teritu
1224 1673 1288 1702 fieri
1305 1682 1447 1703 neutrum
1467 1672 1580 1713 potest,
1604 1682 1669 1702 non
1691 1673 1845 1712 suscipiam
1857 1674 1993 1702 oratione
2004 1682 2072 1704 mea

1113 1716 1190 1757 plus,
1200 1714 1292 1757 quam
1303 1715 1381 1747 mihi
1391 1716 1561 1754 imponitur
1572 1725 1577 1744 :
1589 1722 1704 1744 tantum
1715 1712 1886 1755 significabo
1897 1714 1991 1748 brevi,
2003 1716 2071 1744 Ne*

1113 1768 1182 1796 QE
1199 1761 1394 1788 VERBORUM
1413 1765 1553 1787 ornatum
1565 1757 1696 1786 inveniri
1706 1754 1787 1797 posse
1796 1767 1859 1786 non
1871 1758 1984 1796 partitis
1997 1777 2005 1788 ‚
2018 1766 2073 1786 ex-

1111 1798 1268 1841 pressisque
1279 1799 1444 1833 sententiis,
1458 1809 1553 1840 neque
1563 1797 1621 1828 esse
1632 1798 1726 1829 ullam
1739 1798 1914 1828 sententiam
1923 1797 2072 1828 illustrem

1113 1841 1172 1872 sine
1191 1842 1257 1872 luce
1269 1841 1441 1872 verborum.
1472 1840 1528 1871 Sed
1548 1842 1630 1882 prius
1648 1840 1738 1882 quam
1756 1840 1806 1870 illa
1814 1850 1907 1870 conor
1917 1842 2072 1882 attingere,

1112 1885 1222 1926 quibus
1231 1886 1401 1914 orationem
1411 1885 1528 1916 ornari,
1551 1891 1637 1924 atque
1647 1883 1813 1912 illuminari
1823 1891 1927 1922 putem
1940 1904 1947 1915 ‚
1959 1892 2071 1922 propo-

1113 1936 1184 1957 nam
1202 1926 1331 1956 breviter
1342 1945 1350 1959 ‚
1370 1924 1443 1966 quid
1460 1926 1585 1955 sentiam
1605 1924 1641 1954 de
1661 1924 1801 1954 universo
1818 1934 1926 1965 genere
1937 1923 2069 1954 dicendi.

1115 1971 1267 1998 NATURA
1285 1967 1367 1997 nulla
1377 1966 1419 1996 cst
1429 1966 1474 2005 (ut
1484 1967 1561 1995 mihi
1571 1966 1700 2005 videtur)
1710 1975 1776 2006 qua:
1785 1975 1847 1995 non
1858 1966 1962 1995 habeat
1971 1967 2003 1995 in
2016 1965 2068 1995 suo
2090 1975 2109 2008 7

1113 2043 1120 2050 ι
1134 2019 1220 2039 enere
1232 2018 1276 2038 res
1286 2008 1467 2048 complureis
1475 2006 1642 2038 dissimileis
1652 2009 1731 2037 inter
1740 2007 1768 2037 se
1777 2027 1785 2040 ‚
1807 2017 1872 2047 quac
1882 2016 1983 2037 tamen
1994 2017 2070 2037 con-

1113 2020 1205 2080 simili
1215 2049 1302 2080 laude
1312 2049 1483 2090 dignentur.
1506 2052 1587 2080 Nam
1599 2049 1631 2079 δε
1641 2049 1759 2078 auribus
1769 2049 1865 2079 multa
1873 2050 2070 2089 percipimus,

1112 2103 1178 2134 quae
1187 2090 1238 2122 etsi
1248 2101 1303 2121 nos
1314 2091 1439 2122 vocibus
1448 2090 1607 2124 delectant,
1617 2099 1718 2120 tamen
1728 2092 1768 2119 iti
1778 2091 1846 2120 sunt
1857 2092 1935 2120 varia
1944 2091 2028 2131 saepe‚
2039 2099 2074 2121 ut

1112 2134 1142 2164 id
1154 2154 1162 2167 ‚
1175 2133 1255 2175 quod
1265 2135 1444 2173 proximum
1455 2132 1554 2162 audias
1565 2153 1572 2165 .
1589 2130 1841 2172 jucundissimum
1852 2131 1909 2162 esse
1918 2132 2069 2162 videatur:

1113 2176 1145 2205 &
1156 2175 1252 2205 oculis
1260 2175 1444 2216 colliguntur
1451 2173 1538 2214 paene
1547 2173 1783 2204 innumerabiles
1793 2174 1961 2216 voluptates
1971 2194 1980 2208 ,
2006 2184 2074 2216 quae

1111 2227 1168 2247 nos
1188 2219 1229 2246 ita
1246 2218 1367 2256 capiunt
1379 2236 1387 2249 ,
1409 2225 1441 2246 ut
1460 2225 1556 2246 unum
1574 2216 1693 2246 sensum
1711 2214 1847 2246 dissimili
1863 2226 1972 2257 genere
1990 2215 2072 2246 dele-

1112 2258 1212 2292 &ent,
1235 2259 1268 2289 δε
1284 2258 1415 2299 reliquos
1426 2258 1525 2288 sensus
1533 2258 1702 2298 voluptates
1711 2257 1867 2288 oblee'tent
1874 2258 2001 2298 dispares
2011 2278 2019 2291 ‚
2040 2266 2074 2288 ut

1111 2299 1143 2330 sit
1154 2299 1278 2331 difficile
1283 2299 1435 2340 judicium
1447 2300 1620 2330 excellentis
1630 2299 1766 2330 maxime
1779 2299 1938 2329 suavitatis.
1963 2302 2001 2329 At
2012 2300 2072 2329 hoc

1109 2342 1192 2373 idem
1204 2363 1212 2376 ‚
1225 2342 1307 2383 quod
1317 2341 1402 2372 estin
1412 2344 1523 2372 naturis
1533 2352 1632 2372 rerum
1644 2362 1652 2375 ,
1665 2340 1816 2371 transferri
1825 2341 1923 2381 potest
1934 2343 2023 2371 etiam
2033 2340 2070 2371 ad

1110 2386 1208 2415 arteis.
1233 2387 1302 2414 Una
1315 2382 1449 2424 fingendi
1459 2383 1502 2414 est
1511 2393 1566 2417 ars,
1580 2385 1611 2413 in
1623 2394 1680 2425 qua
1688 2382 1858 2425 praestantes
1867 2382 1990 2412 fuerunt
1999 2385 2071 2422 My-

1110 2436 1155 2460 ro,
1166 2426 1349 2467 Polycletus,
1361 2424 1504 2467 Lysippus
1517 2436 1521 2454 :
1533 2427 1585 2468 qui
1595 2436 1702 2456 omnes
1711 2427 1790 2456 inter
1799 2425 1827 2454 se
1838 2423 1992 2454 dissimiles
2004 2423 2071 2454 fue-

1109 2476 1195 2499 runt:
1214 2467 1313 2498 sedita
1322 2476 1423 2498 tamen
1435 2487 1443 2501 ‚
1461 2476 1493 2498 ut
1501 2469 1659 2499 neminem
1670 2467 1714 2497 sui
1726 2467 1800 2496 velis
1810 2464 1868 2496 esse
1879 2464 2067 2496 dissimilem.

1111 2510 1179 2540 Una
1190 2508 1232 2539 est
1240 2519 1284 2540 ars
1294 2530 1303 2543 ‚
1314 2511 1447 2550 ratioque
1455 2508 1579 2550 pisturae
1589 2529 1599 2542 ,
1619 2507 1873 2548 diffun'illimiquc
1882 2516 1983 2538 tamen
1993 2509 2073 2538 inter

1110 2552 1138 2582 se
1157 2553 1271 2582 Zeuxis
1281 2572 1290 2585 ‚
1310 2552 1488 2591 Aglaophon
1498 2570 1506 2584 ,
1527 2550 1647 2590 Apelles
1660 2561 1665 2579 :
1686 2560 1724 2579 ne
1747 2560 1783 2579 ue
1792 2559 1900 2580 eorum
1910 2550 2071 2590 quisquam

1111 2592 1153 2624 est
1163 2614 1172 2628 ‚
1181 2596 1232 2624 cui
1243 2593 1407 2634 quidquam
1418 2594 1452 2622 in
1461 2600 1518 2631 arte
1529 2593 1576 2622 sua
1585 2590 1682 2622 deesse
1694 2560 1836 2622 videatur.
1865 2594 1902 2622 Et
1913 2612 1920 2625 ‚
1935 2590 1956 2621 si
1967 2592 2024 2621 hoc
2037 2593 2070 2621 in

1110 2636 1155 2665 his
1172 2634 1251 2676 quasi
1271 2643 1353 2663 raum
1371 2634 1481 2664 artibus
1501 2632 1543 2663 est
1562 2633 1734 2664 mirandum
1750 2654 1757 2666 ‚
1789 2634 1933 2664 &tamen
1943 2643 2047 2663 verum
2062 2644 2068 2662 z

1108 2686 1222 2718 quanto
1232 2676 1437 2707 admirabilius
1448 2678 1480 2705 in
1491 2677 1638 2709 oratione,
1650 2685 1736 2716 atque
1745 2677 1778 2704 in
1788 2676 1890 2715 lingua
1901 2678 1986 2716 ?quae
1996 2674 2070 2706 esim

1109 2722 1142 2749 in
1152 2718 1259 2750 iisdem
1271 2717 1595 2759 sententiis‚verbisque
1604 2717 1743 2750 versetur,
1749 2717 1881 2747 summas
1890 2717 1977 2747 habet
1988 2715 2071 2747 diffi-

1111 2760 1300 2791 militudines
1311 2780 1319 2793 ‚
1332 2769 1396 2789 non
1406 2758 1454 2792 fic,
1467 2768 1499 2788 ut
1508 2759 1559 2788 alii
1568 2758 1757 2799 vituperandi
1768 2757 1835 2792 sint,
1847 2759 1895 2789 sed
1907 2760 1980 2792 urii,
1993 2768 2072 2798 quos

1110 2801 1225 2833 constet
1234 2800 1292 2832 ess'e
1301 2801 1465 2831 laudandos
1481 2821 1488 2833 ‚
1512 2802 1545 2830 in
1557 2800 1664 2840 dispari
1675 2809 1776 2831 tamen
1787 2811 1894 2842 genere
1904 2800 2070 2830 laudentur.

1111 2848 1209 2884 Atque
1221 2843 1251 2874 id
1261 2841 1399 2884 primum
1411 2845 1443 2872 in
1453 2843 1549 2883 po'etis
1560 2844 1640 2872 cerni
1650 2843 1720 2873 licet
1730 2863 1737 2876 ‚
1760 2842 1867 2883 quibus
1878 2841 1920 2872 est
1930 2843 2071 2883 proxima

1113 2886 1239 2926 cognatjo
1249 2895 1319 2915 cum
1329 2885 1506 2916 oratoribus,
1519 2883 1610 2925 quam
1621 2883 1677 2914 sint
1685 2887 1763 2914 inter
1774 2884 1831 2914 sese
1842 2886 1969 2917 Ennius,
1981 2887 2072 2914 Pacu-

1114 2930 1191 2961 vius,
1204 2927 1369 2969 Acciusque
1378 2924 1551 2956 dissimiles:
1574 2925 1664 2967 quam
1675 2926 1750 2966 apud
1761 2928 1891 2960 Graxos,
1903 2926 2070 2965 AEscliylus‚

1114 2969 1277 3009 Sophocles
1287 2989 1295 3001 ,
1318 2967 1473 3006 Euripides
1486 2981 1502 3001 ς
1516 2971 1526 2986 ¹
1539 2978 1720 3011 quamquam
1740 2967 1885 2998 omnibus
1895 2988 1904 3000 ,
1927 2977 1976 3007 par
1985 2967 2070 3007 ptem}

1115 3012 1176 3041 laus
1187 3013 1219 3040 in
1231 3008 1366 3040 dissimili
1377 3009 1524 3039 scribendi
1534 3020 1641 3050 genere
1651 3010 1807 3040 tribuatur.
1831 3009 1980 3048 Adspicite
1991 3019 2073 3038 nunc

1114 3063 1166 3083 eos
1177 3054 1318 3082 homines
1328 3071 1336 3085 ‚
1356 3060 1441 3092 atque
1452 3052 1617 3081 intuemini
1630 3072 1637 3086 ‚
1660 3061 1791 3093 quorum
1801 3051 1837 3081 de
1846 3049 1982 3082 facultate
1994 3060 2073 3091 qua:-

1706 3098 1710 3103 “
1968 3100 2074 3125 Πιτιιιε,

1584 3199 1605 3226 Ρ
2009 3198 2086 3222 iiMr:
