2316 3395
237 146 298 177 22

227 224 294 244 rum
313 213 402 243 ctiam
423 208 515 250 magis
535 205 708 246 delinquere
720 223 727 237 ,
748 198 830 242 quod
841 198 856 228 a
867 196 972 226 multis
982 191 1121 233 exempla
1133 190 1181 221 su—

231 265 324 286 mant.
350 254 397 284 scd
409 253 444 282 tle
456 261 492 281 eo
503 270 511 283 ,
523 247 602 289 quod
613 245 712 286 postea
722 244 868 273 diximus,
880 238 948 268 ante
957 236 1125 267 videamus.
1151 233 1182 262 Si

231 296 428 329 concedere-m
440 314 447 327 ,
458 293 552 322 aliena
562 298 698 329 opoitere
707 285 849 316 assumere
860 279 999 318 exempla
1009 298 1016 312 ,
1029 279 1183 307 vincerem

231 342 320 370 unius
332 345 467 378 oportere
480 345 484 363 :
504 332 638 372 primum
651 350 658 362 ,
678 326 758 368 qued
770 332 872 354 contra
881 323 938 351 hoc
950 320 1032 350 nulla
1041 318 1124 349 staret
1133 326 1186 346 eo-

232 391 299 411 rum
313 388 397 409 ratio.
419 378 520 407 licei-et
531 376 614 403 enim
624 371 766 411 eligerent
777 386 784 400 ,
797 365 829 395 ὃ(
840 363 998 404 probarent
1006 359 1182 402 quemlibet,

232 425 285 464 qui
297 421 350 451 sibi
361 423 392 450 iii
405 419 523 449 omneis
534 424 578 444 res
590 412 784 452 suppeditaret
801 405 939 445 exempla
949 424 956 438 ‚
978 408 1028 434 vel
1045 403 1164 443 poetam
1175 419 1183 433 ,

231 465 278 494 vel
289 471 435 494 oratorem
449 480 457 493 ,
469 459 552 493 cuius
561 454 734 485 auetoritate
743 453 917 480 niterentur.
933 445 1052 476 Deinde
1063 441 1185 474 interest

233 517 264 536 m
274 508 334 543 {gni
354 513 418 537 eius
429 522 437 534 ,
458 503 508 542 qui
527 497 638 527 discere
656 495 723 525 vult
732 514 739 527 ‚
764 496 773 511 ¹
787 488 889 521 utrum
909 498 998 517 unum
1015 487 1108 516 omnia
1119 505 1128 518 ,
1148 493 1185 513 an

232 539 337 577 oni‘iiia
347 540 502 574 neminem
514 560 521 572 2
543 538 591 568 sed
601 537 681 568 aliud
691 537 785 568 alium
795 541 878 573 putet
887 531 1027 570 consequi
1038 527 1132 568 posse.
1156 527 1186 556 Si

231 592 314 619 enim
325 586 439 628 putabit
448 581 527 624 posse
538 582 643 610 omnia
651 588 742 619 penes
753 584 849 606 unum
860 571 1025 603 consistere:
1038 570 1097 610 ipse
1108 577 1185 609 quo-

231 641 289 671 que
307 630 342 659 ad
363 636 505 657 omnium
517 625 628 652 nitetur
635 621 814 651 facultatem.
837 615 881 646 sin
900 614 930 644 id
950 612 1114 652 desperabit
1124 630 1132 644 ,
1152 612 1185 638 in

230 674 330 713 paucis
341 671 368 700 se
381 667 540 699 exercebit.
561 662 628 704 ipsis
638 665 721 693 enim
734 666 893 691 contentus
905 658 970 685 erit.
994 665 1049 684 nec
1059 654 1184 684 mitum,

231 712 374 752 cumipse
384 717 546 750 praeceptor
554 706 623 736 artis
642 705 746 735 omnia
760 711 851 742 penes
862 708 957 728 unum
975 704 1101 735 reperire
1122 703 1184 723 non

230 756 370 796 potuerit.
395 753 499 782 Allatis
519 750 608 789 igitur
628 746 775 785 exemplis
787 744 802 773 a
814 745 925 772 Catone
934 760 942 773 ,
965 750 980 768 a
990 737 1129 767 Gracchis
1142 755 1150 767 ⁷
1170 734 1186 764 a

230 797 327 827 Laelio
337 816 345 829 ,
357 794 372 825 a
381 795 521 834 Scipione
533 811 541 823 ‚
555 789 647 819 Galba
656 809 664 822 ,
677 791 801 818 Porcina
811 805 819 818 ,
833 780 931 813 Crass'o
942 801 949 814 ,
962 781 1098 809 Antonio
1109 798 1116 810 ,
1138 786 1187 806 ce-

230 838 356 879 terisque
369 847 374 865 :
386 838 460 866 item
472 833 577 864 sumtis
588 831 652 860 aliis
662 830 677 860 a
687 830 783 869 poetis
794 847 802 860 ,
817 827 848 856 &
860 823 1051 854 historiarum
1062 820 1185 858 scripto-

230 881 311 910 ribus
324 900 332 913 ,
353 876 467 909 net-effe
486 877 542 905 crit
551 894 559 907 ,
581 883 652 902 eum
665 892 672 905 ,
696 872 746 911 qui
758 869 848 899 discet
857 887 865 901 ‚
887 865 923 895 ab
932 862 1076 894 omnibus
1087 869 1186 901 putare

230 923 335 952 omnia
345 941 353 954 ‚
365 920 400 950 ab
411 929 472 949 uno
483 926 573 958 pauca
583 917 635 944 vix
645 910 770 954 potuisse
783 911 871 941 sumi.
894 910 989 947 Qare
1001 903 1021 933 si
1033 906 1121 933 unius
1132 903 1186 931 ali-

229 965 315 1003 cujus
325 961 382 992 esse
392 960 521 991 similem
534 959 599 988 satis
610 958 682 985 habe
688 956 739 986 bit,
752 953 867 984 omnia,
879 959 943 990 qua:
955 956 1062 977 ornnes
1073 944 1184 974 habue-

229 1009 291 1036 rint
302 1025 310 1038 ,
322 1005 420 1035 solum
431 1003 536 1032 habere
547 1000 574 1028 se
584 997 666 1037 pofl‘e
676 994 803 1026 diffidet.
828 1002 896 1033 crgo
907 989 1013 1020 inutile
1025 986 1067 1017 est
1077 988 1103 1016 ei
1114 1006 1121 1019 ,
1134 985 1185 1025 qui

230 1048 342 1078 discere
353 1046 419 1076 vult
427 1065 435 1078 ,
447 1048 461 1063 ²
473 1054 523 1072 non
533 1048 633 1083 putare
644 1035 808 1077 uiiumpoffi’
817 1042 919 1063 omma.
945 1032 1038 1072 Igitur
1049 1038 1142 1058 nemo
1153 1029 1185 1055 in

230 1091 306 1119 hanc
316 1087 428 1117 incidet
438 1079 652 1126 opinionem,si
661 1080 697 1109 ab
708 1088 769 1108 uno
779 1075 918 1115 exempla
928 1069 1186 1102 sumsiffent.ntinc

229 1132 288 1161 hoc
300 1128 373 1171 signi
385 1127 517 1167 est7ipsos
527 1126 594 1155 artis
607 1124 761 1161 scriptores
774 1128 837 1148 noxi
847 1114 956 1157 putass'e
966 1122 1063 1143 unum
1072 1110 1186 1151 potuis—

231 1173 259 1203 se
271 1175 303 1202 in
315 1170 458 1201 omnib-us
469 1166 649 1199 elocutionis
659 1161 788 1203 partibus
800 1161 920 1190 enitere,
933 1156 1079 1196 quoniam
1091 1161 1186 1192 neque

230 1215 279 1245 sua
289 1213 586 1254 protulei·unt,neque
599 1207 688 1236 unius
698 1203 833 1241 aiicujus,
845 1208 895 1230 aut
905 1199 1034 1237 denique
1044 1195 1186 1225 duorum,

231 1256 280 1286 sed
291 1255 327 1285 ab
337 1253 481 1284 omnibus
507 1248 670 1281 oratoribus
690 1246 723 1276 Sc
740 1245 836 1284 poetis
854 1239 992 1279 exempla
1010 1237 1186 1267 sumserunt.

232 1296 352 1328 Deinde
362 1317 370 1330 ‚
386 1294 406 1324 si
417 1298 483 1336 quis
493 1293 566 1323 velit
576 1299 665 1320 artem
676 1284 879 1318 demonstrare
891 1303 899 1317 ‚
920 1280 999 1311 nihil
1008 1276 1143 1319 prodesse
1153 1276 1187 1306 ad

230 1338 408 1370 discendum
419 1357 427 1370 ‚
448 1345 512 1366 non
524 1332 605 1364 male
614 1340 710 1361 utatur
728 1330 786 1358 hoc
798 1327 974 1366 adjumento
985 1342 993 1355 ‚
1016 1319 1098 1361 quod
1118 1327 1188 1348 unm

232 1382 351 1411 omneis
363 1381 430 1410 artis
442 1378 548 1418 parteis
558 1374 700 1414 consequi
719 1379 812 1400 nemo
829 1367 967 1408 potuerit.
990 1362 1080 1404 Qod
1100 1363 1190 1402 igitur

228 1423 240 1463 j
246 1431 313 1453 uvat
321 1431 427 1452 eorum
446 1421 593 1450 rationem
605 1436 613 1449 ,
634 1416 687 1456 qui
698 1410 829 1443 omnino
841 1407 1014 1448 improbent
1025 1413 1117 1434 artem
1128 1423 1137 1436 ,
1158 1402 1188 1432 id

233 1474 297 1495 non
307 1463 468 1493 ridiculum
481 1460 532 1493 est,
545 1460 642 1499 ipsum
654 1457 824 1495 scriptorem
836 1454 905 1481 artis
916 1447 1092 1488 suojudicio
1103 1454 1189 1475 com-

232 1506 354 1547 probare
365 1508 375 1534 ?
395 1507 472 1545 Ergo
490 1503 525 1532 ab
534 1510 597 1531 uno
608 1497 750 1530 sumenda
760 1493 846 1525 fuiss'e
857 1493 1017 1523 docuimus
1029 1487 1168 1527 exempla
1178 1506 1187 1519 ,

196 1552 217 1584 6
235 1548 255 1578 si
265 1548 380 1587 semper
389 1544 510 1576 abunde
520 1544 716 1573 sumerentur.
750 1540 840 1567 Nunc
860 1530 991 1565 omnino
1011 1530 1131 1560 aliunde
1149 1526 1188 1557 fic

233 1590 433 1629 intelligimus
443 1585 586 1617 sumenda
596 1593 659 1613 non
669 1578 768 1611 fuifl‘e.
792 1576 929 1609 Primum
940 1575 1094 1605 omnium,
1107 1569 1189 1612 quod

234 1632 271 1662 ab
282 1639 350 1661 artis
359 1630 499 1669 scriptore
509 1626 627 1658 affertur
637 1622 812 1663 exemplum
823 1641 831 1654 ,
844 1620 879 1650 de
890 1619 953 1658 ejus
964 1613 1091 1646 artificio
1102 1613 1190 1643 debet

235 1672 304 1707 esse,
317 1682 381 1702 non
392 1680 424 1700 ut
435 1670 455 1700 si
464 1671 530 1711 quis
540 1676 699 1709 purpuram
711 1685 719 1699 ,
731 1672 779 1694 aut
787 1661 867 1693 aliud
878 1660 1030 1702 quippiam
1042 1655 1187 1687 vendens,

235 1716 329 1748 dicat,
343 1714 428 1744 Sume
438 1708 454 1741 >1
465 1722 508 1740 me
519 1732 526 1744 ,
540 1711 588 1741 sed
599 1710 686 1748 hujus
698 1705 875 1745 exemplum
891 1699 1011 1732 aliunde
1021 1698 1141 1740 rogabo,
1153 1698 1191 1727 ti-

235 1757 326 1798 bique
345 1754 512 1785 ostendam.
549 1755 578 1783 Si
597 1759 710 1780 merces
729 1746 782 1788 ipsi
800 1747 852 1788 qui
869 1743 1026 1775 venditant
1035 1760 1043 1775 ,
1069 1738 1189 1770 aliunde

234 1798 413 1838 exemplum
432 1797 588 1837 quaeriteiit
604 1792 684 1822 aliud
704 1788 829 1820 mer‘cis:
849 1785 1040 1817 utfiacel'VOS
1051 1782 1080 1812 se
1091 1781 1190 1811 dicant

233 1842 323 1871 tritici
343 1839 446 1869 habere
457 1858 465 1871 ,
489 1838 636 1867 &eorum
647 1833 824 1872 exemplum
843 1837 945 1870 pugno
962 1835 1026 1856 non
1043 1824 1188 1856 habeant,

233 1882 315 1923 quod
326 1880 499 1911 ostendant:
519 1877 540 1908 fi
550 1877 756 1917 Triptolemus
768 1893 775 1907 ,
797 1870 869 1903 cum
888 1867 1066 1900 hominibus
1085 1866 1188 1896 fernen

233 1925 404 1965 largiretur,
426 1922 486 1962 ipse
504 1920 540 1950 ab
556 1920 622 1950 aliis
640 1918 672 1948 id
691 1914 870 1947 hominibus
881 1918 1081 1942 mutuaretur:
1101 1916 1151 1938 aut
1169 1905 1190 1936 fi

234 1966 431 1996 Prometheus
443 1984 450 1997 ,
462 1961 532 1992 cum
544 1959 718 1991 mortalibus
729 1961 833 1999 ignem
844 1953 976 1985 dividere
986 1951 1086 1984 vellet,
1103 1949 1162 1989 ipse
1173 1948 1188 1979 a

233 2009 344 2037 vicinis
354 2016 424 2036 cum
435 2004 506 2035 testa
515 2003 672 2034 ambulans
683 2022 691 2035 ,
713 1997 910 2030 carbunculos
920 2001 1085 2034 corrogaret
1095 2012 1103 2026 ,
1123 2001 1188 2021 non

233 2049 377 2080 ridiculus
396 2047 568 2077 videretur?
588 2043 640 2074 Isti
660 2041 791 2085 magistri
803 2061 811 2074 ,
832 2039 975 2069 omnium
985 2034 1105 2066 dicendi
1114 2043 1188 2073 prae-

235 2099 366 2131 ceptores
379 2110 387 2123 ,
414 2099 478 2118 non
487 2087 628 2117 videntur
636 2084 689 2114 sibi
700 2082 825 2113 ridicule
834 2081 929 2111 facere
940 2099 949 2114 ,
969 2076 1042 2108 cum
1053 2076 1093 2110 id,
1105 2074 1187 2117 quod

233 2133 299 2162 aliis
309 2132 490 2172 pollicentur
498 2129 534 2158 ab
543 2128 608 2158 aliis
617 2133 761 2167 quaeiunt.
793 2125 822 2153 Si
835 2143 843 2156 ,
863 2132 916 2161 qui
926 2122 954 2150 se
963 2119 1076 2149 fonteis
1091 2118 1188 2146 maxi-

235 2183 303 2204 mos
314 2193 322 2206 ,
333 2174 452 2212 penitus
462 2168 650 2200 absconditos
663 2187 671 2200 ,
682 2163 822 2206 aperuisse
833 2164 908 2193 dicat
919 2181 927 2195 ‚
949 2161 982 2190 δε
990 2161 1050 2189 hoc
1060 2178 1068 2192 ‚
1088 2156 1187 2187 sitiens

235 2215 326 2256 quam
337 2212 472 2243 maxime
484 2232 492 2245 ,
514 2211 651 2251 loquatur
662 2228 670 2242 ,
693 2216 788 2247 neque
799 2205 903 2235 habeat
914 2206 926 2230 3
938 2200 989 2243 qui
1000 2200 1079 2231 sitim
1089 2198 1168 2228 sedet
1177 2218 1185 2232 ‚

238 2266 301 2287 11011
313 2255 459 2285 rideatur?
481 2252 532 2282 Isti
543 2251 614 2281 cum
625 2259 689 2280 non
708 2246 803 2278 modo
822 2246 965 2276 dominos
986 2244 1013 2273 se
1031 2242 1163 2272 fontium
1177 2259 1185 2273 ,

236 2297 286 2328 sed
294 2296 499 2338 seipsbsfonteu
510 2292 567 2323 eise
577 2293 677 2323 dicant
687 2311 694 2324 ,
707 2291 740 2326 ὃς
750 2290 892 2320 omnium
902 2289 993 2326 rigare
1004 2283 1128 2315 debeant
1138 2283 1186 2310 in-

235 2342 322 2381 genia
332 2359 339 2372 ,
353 2348 415 2368 11011
425 2345 528 2377 putant
537 2335 600 2365 fore
611 2333 771 2364 ridiculum
784 2351 792 2365 ,
805 2328 824 2359 si
835 2350 843 2363 ,
864 2328 936 2359 curri
948 2326 976 2357 id
987 2326 1185 2366 polliceantur

233 2384 299 2412 aliis
310 2401 318 2414 ,
339 2380 467 2410 arescant
476 2376 529 2417 ipsi
537 2375 674 2406 siccitate.
697 2375 802 2404 Chares
813 2371 829 2402 a
839 2369 966 2410 Lysippo
976 2368 1079 2398 statuas
1089 2365 1184 2395 facere

236 2433 299 2454 non
310 2422 367 2452 isto
377 2420 472 2451 modo
481 2419 604 2452 didicit,
617 2426 649 2447 ut
659 2414 801 2456 Lysippus
812 2421 898 2454 caput
905 2410 1073 2441 ostenderet
1082 2410 1186 2447 Myro—

235 2467 282 2496 1115
294 2486 302 2498 ,
316 2464 432 2494 brachia
441 2460 594 2493 Praxitelis
605 2480 613 2493 ‚
625 2458 728 2498 pe&us
739 2456 882 2496 Polycleti
895 2465 900 2482 z
912 2453 960 2484 sed
972 2453 1076 2482 omnia
1086 2448 1184 2480 coram

236 2506 410 2547 magistrum
430 2503 590 2533 facientem
609 2500 729 2531 videbat
746 2519 754 2532 ,
778 2505 946 2528 ceterorum
966 2503 1053 2534 opera
1070 2492 1119 2521 vel
1138 2491 1187 2520 sua

201 2562 217 2593 7
236 2550 338 2588 sponte
350 2544 530 2577 considerare
539 2551 663 2584 poterat.
686 2539 871 2571 Isticredunt
881 2558 889 2572 ‚
909 2546 960 2567 eos
972 2556 979 2570 ‚
1001 2537 1053 2576 qui
1063 2535 1125 2564 haec
1135 2542 1185 2562 ve—

237 2592 294 2620 lint
304 2589 414 2619 discere
423 2607 431 2620 ,
445 2587 500 2616 alia
509 2588 622 2616 ratione
633 2584 733 2614 doceri
743 2580 824 2623 posse
834 2578 1038 2610 commodius.
1050 2579 1188 2607 Praeterea

236 2642 274 2662 ne
285 2629 405 2671 possunt
415 2628 538 2669 quidem
551 2638 592 2660 ea,
603 2636 667 2668 quae
678 2625 837 2655 sumuntur
847 2622 882 2652 ab
892 2621 956 2651 aliis
966 2618 1114 2658 exempla,
1126 2625 1185 2645 tam

205 2710 208 2713 Δ
236 2672 293 2703 esse
305 2669 528 2702 accommodata
537 2669 571 2698 ad
582 2677 673 2697 artem
684 2687 692 2699 ,
704 2666 794 2707 quam
804 2665 931 2705 propria,
943 2669 1094 2702 propterea
1103 2655 1185 2699 quod

236 2718 269 2746 in
290 2713 418 2745 dicendo
437 2713 539 2742 leviter
557 2709 757 2750 unusquisque
767 2709 850 2738 locus
859 2706 1036 2746 plerumque
1045 2708 1184 2742 tangitur,

615 124 695 168 An
732 119 1173 166 HERENNunu,
1208 107 1413 153 LIBER
1447 104 1783 169 Qut-rus.

1229 197 1266 218 ne
1276 198 1320 219 ars
1331 196 1474 229 appareat.
1504 190 1537 218 in
1547 188 1748 228 praecipiendo
1758 187 1891 229 exprcfle
1900 189 2063 230 conscripta
2093 199 2184 222 onere

1228 240 1345 279 oportet
1354 230 1492 277 exempla
1502 251 1510 264 ,
1530 240 1563 260 ut
1572 232 1605 260 in
1615 232 1682 261 artis
1693 230 1824 261 formam
1834 234 1997 261 convenire
2006 231 2059 271 pos
2069 241 2130 263 int:
2152 233 2187 264 δε

1226 271 1293 317 post
1304 283 1336 303 in
1346 272 1485 305 dicendo,
1497 282 1534 302 ne
1544 270 1631 312 poffit
1639 282 1684 301 ars
1694 274 1820 306 eminere,
1833 274 1864 303 δε
1875 273 1910 303 ab
1921 275 2064 304 omnibus
2075 274 2183 308 videri,

1225 314 1361 344 facultate
1380 316 1504 360 oratoris
1521 314 1694 344 occultatur.
1719 317 1795 355 Ergo
1815 317 1906 345 etiam
1926 323 1958 345 ut
1974 318 2068 357 magis
2079 325 2122 346 ars
2133 326 2186 346 co-

1226 356 1393 397 gnoscatur,
1405 358 1463 386 iuis
1474 356 1620 395 exemplis
1633 357 1742 386 melius
1753 355 1795 386 est
1805 358 1859 387 uti.
1872 356 2027 388 Postremo
2038 359 2100 388 haec
2109 367 2186 398 quo-

1226 408 1283 448 que
1292 408 1337 428 res
1349 407 1405 428 nos
1414 397 1503 427 duxit
1510 397 1545 427 ad
1556 399 1631 427 hanc
1651 400 1797 428 rationem
1809 418 1817 432 ‚
1837 397 1920 439 quod
1938 402 2066 430 nomina
2084 409 2184 430 rerum

1228 442 1338 473 Graeca,
1351 449 1416 480 quae
1427 440 1629 469 convertimus
1640 459 1647 472 ‚
1660 443 1677 465 4
1687 450 1718 470 ea
1727 449 1842 470 remota
1852 441 1920 470 sunt
1930 439 2183 471 aconsuetudine.

1227 492 1292 522 quae
1302 491 1386 511 enim
1400 491 1444 510 res
1453 480 1530 525 apud
1540 480 1658 510 nostros
1668 491 1732 511 non
1744 490 1835 515 erant,
1850 492 1951 513 earum
1962 493 2062 513 rerum
2072 493 2186 512 nomina

1229 533 1291 553 non
1302 531 1437 568 poterant
1447 522 1503 569 esre
1514 521 1623 552 usitata.
1636 525 1714 564 Ergo
1725 525 1787 553 haec
1796 524 1940 563 asperiora
1948 523 2051 563 primo
2060 524 2185 554 videan-

1229 574 1275 595 tur
1285 563 1400 611 necesse
1410 563 1461 597 est,
1475 563 1562 605 idque
1575 562 1624 593 fiet
1634 566 1675 593 rei
1687 584 1695 597 ,
1707 574 1772 594 non
1783 564 1881 595 nostra
1891 564 2076 596 difficultate.
2100 566 2187 596 Reli-

1227 616 1321 654 quuni
1333 607 1480 650 scripturae
1490 606 1683 636 consumetur
1692 608 1724 636 in
1735 607 1895 646 exemplis.
1922 607 1985 637 haec
1994 607 2089 637 aliena
2099 606 2119 637 fi
2129 617 2185 647 po-

1229 648 1385 695 iuissemus
1397 668 1404 681 ,
1417 647 1530 677 sanstum
1542 645 1612 677 ess'et
1623 667 1631 680 ,
1645 656 1678 677 ut
1689 668 1697 682 ,
1710 648 1995 688 quod'commodius
2004 647 2076 679 effer
2085 651 2117 679 in
2128 650 2187 679 hoc

1227 690 1315 737 libro,
1328 689 1507 737 idiiostrum
1518 699 1583 719 non
1592 687 1679 719 esset:
1699 689 1780 730 quod
1791 690 1917 730 asperius
1929 710 1937 724 ,
1960 690 1993 720 &
2001 689 2184 724 inusitatum,

1228 732 1257 761 id
1270 741 1387 778 proprie
1398 731 1486 761 nobis
1497 731 1714 761 attribueretur.
1744 734 1822 772 Ergo
1840 733 1917 762 hanc
1935 741 2055 773 quoque
2066 734 2188 763 incom-

1229 773 1407 803 moditatem
1417 772 1562 817 fugimus.
1588 775 1643 802 His
1654 773 1690 802 de
1701 772 1801 807 causis,
1814 772 1886 803 cum
1896 783 1963 803 artis
1974 776 2187 804 inventionem

1229 817 1402 861 (juncorum
1415 813 1628 854 probassemus,
1641 815 1854 855 exemplorum
1864 817 2012 845 rationem
2023 816 2113 846 secuti
2124 826 2188 846 non

1229 860 1343 887 sumus.
1369 859 1461 886 Nunc
1472 865 1589 903 tempus
1598 855 1727 896 postulat
1737 877 1745 890 ,
1768 866 1800 887 ut
1809 858 1845 888 ad
1856 857 2038 887 elocutionis
2047 866 2190 898 praecepta

1230 898 1422 945 transearrius.x
1452 900 1593 944 Bipertita
1611 900 1666 928 erit
1684 900 1773 939 igitur
1791 899 1880 929 nobis
1891 900 2071 930 elocutionis
2080 910 2189 939 praece-

1229 948 1304 979 ptio.
1326 943 1463 986 i’rirnum
1473 940 1620 973 dicemus,
1632 941 1741 980 quibus
1752 943 1785 970 in
1795 941 1952 982 generibus
1962 941 2077 981 semper
2086 944 2190 972 omnis

1229 990 1354 1011 oratoria
1362 982 1494 1011 elocutio
1504 981 1609 1011 debeat
1617 979 1684 1011 efl'e.
1708 983 1829 1012 Deinde
1840 982 2043 1017 ostendemus,
2056 993 2128 1024 quas
2143 993 2189 1013 res

1230 1023 1343 1062 semper
1354 1022 1461 1053 habere
1472 1022 1582 1069 debeat.
1627 1026 1717 1053 SUNT
1736 1026 1825 1065 igitur
1845 1027 1898 1055 tria
1907 1035 2014 1066 genera
2025 1045 2033 1059 ‚
2055 1036 2119 1066 quae
2132 1034 2189 1055 nos

1232 1064 1334 1111 figuras
1345 1065 1537 1104 appellamus,
1545 1075 1577 1093 in
1588 1065 1696 1105 quibus
1707 1068 1809 1096 omnis
1820 1068 1914 1096 oratio
1923 1077 1988 1096 non
1998 1068 2105 1097 vitiosa
2114 1077 2190 1097 con-

1230 1110 1358 1137 sumitur
1370 1118 1374 1135 :
1394 1116 1485 1136 unam
1496 1116 1627 1146 gravem,
1639 1107 1759 1137 alteram
1771 1108 1968 1142 mediocrem,
1980 1111 2096 1139 tertiam
2106 1117 2191 1139 exte-

1231 1157 1351 1195 nuatam
1361 1157 1516 1177 vocamus.
1530 1149 1634 1178 Gravis
1644 1147 1696 1181 est,
1708 1159 1772 1189 qua:
1785 1148 1898 1179 constat
1907 1160 1944 1179 ex
1955 1150 2190 1192 verboi·um·gra-

1230 1200 1315 1219 vium
1336 1193 1348 1216 5
1359 1190 1425 1219 laevi
1436 1189 1468 1219 &
1480 1198 1580 1219 ornata
1596 1188 1831 1220 construetione.
1865 1191 2028 1222 Mediocris
2043 1191 2086 1223 est
2096 1213 2104 1226 ‚
2126 1203 2192 1233 quat

1231 1231 1345 1279 constat
1355 1241 1393 1260 ex
1403 1231 1567 1260 humiliore
1579 1250 1587 1264 ‚
1598 1241 1697 1271 neque
1706 1240 1808 1262 tamen
1818 1242 1856 1262 ex
1867 1231 1984 1267 infima,
1996 1233 2028 1264 &
2037 1236 2192 1276 pervulga-

1231 1272 1339 1320 tissinia
1348 1270 1362 1292 ⁶
1372 1273 1536 1302 verborum
1547 1272 1698 1302 divnitate.
1723 1275 1883 1305 Attenuata
1903 1274 1946 1305 est
1955 1295 1964 1309 ,
1985 1286 2051 1316 quae
2068 1275 2194 1308 dernissa

1232 1314 1273 1345 est
1292 1318 1382 1361 utque
1403 1314 1439 1344 ad
1458 1299 1669 1344 usitatiflfmam
1688 1317 1754 1354 puri
1773 1316 1920 1346 sermonis
1930 1317 2189 1348 consuetudinem.

1230 1362 1244 1385 7
1255 1360 1291 1387 In
1301 1367 1381 1397 gravi
1393 1355 1482 1396 figura
1491 1356 1686 1386 consumetur
1697 1359 1791 1387 oratio
1804 1377 1813 1391 ,
1825 1356 1845 1387 fi
1857 1367 1923 1399 quae
1933 1359 2075 1400 cujusque
2085 1362 2127 1389 rei
2136 1370 2194 1400 po-

1232 1408 1330 1429 terunt
1340 1396 1522 1428 ornatissima
1533 1398 1620 1427 verba
1629 1400 1760 1438 reperiri,
1772 1397 1830 1429 five
1840 1402 1967 1440 propria,
1979 1399 2037 1431 sive
2048 1401 2180 1432 transsata

1232 1440 1290 1471 five
1302 1450 1441 1470 extranea
1451 1460 1459 1473 ‚
1491 1439 1526 1470 ad
1537 1449 1778 1481 unamquamque
1789 1451 1855 1471 rem
1864 1422 2195 1474 accommodabuntur}

1234 1481 1310 1529 &,>s1
1319 1492 1419 1524 graves
1431 1482 1593 1515 sententiae,
1608 1483 1639 1511 in
1649 1481 1894 1522 amplificatione,
1912 1484 1944 1513 &
1955 1494 2020 1524 quae
2030 1487 2194 1516 commise-

1233 1534 1347 1555 ratione
1359 1523 1517 1554 tia6tantur
1526 1524 1672 1565 eligentur
1684 1535 1688 1552 2
1710 1524 1742 1554 &
1752 1545 1760 1558 ‚
1781 1523 1802 1554 fi
1813 1527 2023 1556 exornationes
2034 1527 2194 1559 sententia-

1232 1577 1298 1597 rum
1311 1587 1318 1601 ‚
1331 1575 1380 1614 aut
1388 1568 1551 1595 verborum
1562 1585 1570 1599 ,
1589 1575 1654 1606 quae
1665 1568 1835 1606 gravitatem
1846 1567 1998 1598 habebunt
2006 1588 2015 1602 ,
2037 1568 2073 1598 de
2083 1569 2194 1610 quibus

1233 1608 1298 1649 post
1309 1609 1443 1658 dicemus
1454 1628 1462 1641 ,
1476 1607 1703 1637 adhibebuntur.
1727 1611 1764 1638 In
1774 1609 1833 1639 hoc
1841 1619 1948 1649 genere
1959 1608 2059 1650 figurae
2071 1613 2126 1640 erit
2134 1612 2194 1642 hoc

1233 1659 1410 1698 exemplum
1423 1661 1428 1679 ;
1451 1652 1537 1679 NAM
1558 1658 1637 1688 Qus
1655 1659 1712 1680 EST
1733 1660 1892 1680 vasa-RUM
1904 1671 1912 1684 ‚
1929 1651 2044 1691 judices
2054 1672 2062 1686 ‚
2085 1654 2138 1693 qui
2149 1653 2194 1684 sa-

1231 1702 1269 1723 tis
1279 1693 1421 1739 idoneam
1431 1690 1517 1738 poffit
1527 1694 1560 1721 in
1570 1701 1640 1721 eum
1650 1701 1771 1731 poenam
1790 1695 1957 1733 excogitare
1967 1713 1977 1727 ,
1997 1696 2049 1734 qui
2069 1694 2194 1734 prodere

1232 1734 1367 1765 hostibus
1377 1743 1502 1780 patriam
1514 1735 1671 1773 cogitarit?
1692 1733 1774 1774 quod
1785 1735 1971 1765 maleficium
1981 1745 2051 1765 curn
2060 1737 2120 1766 hoc
2128 1737 2192 1767 sce-

1232 1778 1291 1807 lere
1303 1785 1466 1823 comparari
1477 1786 1483 1804 :
1505 1774 1588 1816 quod
1605 1776 1676 1805 huic
1694 1775 1844 1805 maleficio
1863 1775 1990 1818 dignum
2009 1777 2190 1817 supplicium

1231 1818 1328 1866 potest
1337 1827 1469 1847 inveniri
1481 1820 1491 1846 ?
1512 1819 1606 1862 111115,
1620 1819 1671 1857 (1111
1681 1816 1840 1847 violass'ent
1849 1819 2017 1858 ingenuum
2027 1839 2036 1852 ,
2048 1828 2193 1850 matrem-

1231 1861 1358 1891 tamilias
1368 1858 1602 1899 constupraflent
1611 1878 1619 1892 ‚
1638 1857 1799 1899 pulsassent
1807 1860 1939 1900 aliquem
1950 1880 1959 1894 ‚
1978 1869 2028 1890 aut
2036 1860 2191 1900 postremo

1232 1900 1390 1949 necassent,
1403 1911 1536 1931 maxima
1545 1901 1687 1940 supplicia
1697 1901 1824 1941 majores
1835 1900 1929 1931 nosti-i
1939 1902 2188 1935 consumserunt:

1231 1946 1302 1975 huic
1312 1941 1607 1976 truculentiffimo,ac
1616 1942 1732 1972 nefario
1739 1941 1868 1973 facinori
1877 1941 2055 1985 singularem
2064 1954 2188 1984 poenam

1231 1996 1295 2016 non
1304 1987 1489 2026 reliquerunt
1500 1995 1506 2013 :
1535 1987 1632 2024 Atque
1642 1986 1674 2014 in
1683 1985 1747 2014 aliis
1758 1983 1914 2014 maleficiis
1924 1985 1959 2015 ad
1970 1984 2098 2027 singulos
2109 2007 2118 2021 ,
2140 1976 2192 2018 aut

1230 2028 1265 2058 ad
1275 2037 1384 2068 paucos
1395 2037 1432 2072 ex
1441 2027 1541 2056 alieno
1552 2035 1671 2065 peccato
1681 2026 1789 2066 injuria
1797 2029 1934 2067 pervenit
1945 2037 1950 2055 :
1972 2028 2060 2066 hujus
2071 2029 2189 2061 sceleris

1231 2081 1282 2112 qui
1294 2070 1310 2100 s
1307 2079 1361 2100 unt
1370 2067 1473 2099 aflines
1483 2089 1491 2103 ,
1514 2078 1575 2099 uno
1585 2067 1709 2098 consilio
1719 2067 1861 2098 universis
1870 2068 1987 2098 civibus
1995 2068 2188 2101 atrociffimas

1231 2113 1406 2158 calamitates
1417 2111 1635 2140 machinantur.
1668 2112 1694 2138 O
1703 2108 1781 2138 feros
1791 2111 1910 2139 animos
1923 2112 1928 2138 l
1949 2109 1969 2139 ὃ
1978 2110 2122 2141 crudeleis
2133 2123 2186 2142 co-

1230 2156 1387 2194 gitationes
1401 2154 1406 2180 ¹.
1420 2151 1438 2181 ὸ
1449 2150 1608 2181 (1616118105
1619 2151 1760 2180 homines
1770 2151 1805 2180 ab
1815 2151 2000 2182 humanitate
2014 2154 2018 2180 !
2042 2155 2094 2193 qui
2103 2163 2187 2195 agere

1231 2192 1290 2240 ausi.
1301 2195 1377 2226 sunt,
1389 2202 1438 2222 aut
1447 2194 1574 2233 cogitare
1583 2200 1753 2231 potuerunt.
1776 2202 1836 2234 quo
1845 2192 1932 2233 paeto
1942 2192 2053 2228 hostes,
2065 2195 2187 2226 revulsis

1231 2245 1383 2283 majorum
1394 2235 1542 2274 sepulcris,
1553 2232 1676 2272 dejeetis
1688 2235 1851 2268 moenibus,
1862 2244 1985 2265 ovantes
1993 2237 2142 2268 irruerunt
2152 2240 2187 2269 in

1230 2287 1382 2309 ciVitatem
1395 2288 1400 2306 z
1419 2275 1575 2317 quomodo
1587 2273 1680 2321 deum⁴
1689 2276 1808 2316 templis
1818 2277 1950 2316 spoliatis
1960 2298 1968 2311 ‚
1988 2279 2184 2318 optimatibus

1232 2319 1383 2351 trucidatis
1396 2339 1403 2352 ,
1414 2320 1479 2348 aliis
1489 2318 1609 2357 arreptis
1620 2318 1652 2346 in
1663 2320 1848 2351 lei-vitutem,
1861 2314 1874 2337 8
1886 2319 2032 2349 matribus
2041 2319 2183 2356 familias,
2228 2339 2231 2343 ν

1234 2363 1265 2392 &
1277 2363 1414 2402 ingenuis
1426 2360 1476 2390 iub
1487 2358 1627 2389 hostilem
1637 2358 1797 2390 libidinem
1809 2360 1826 2390 s
1823 2360 1948 2400 1111166115
1959 2381 1967 2394 ,
1979 2361 2049 2391 urbs
2058 2363 2186 2394 acerbis-

1231 2403 1307 2434 fimo
1319 2402 1456 2434 concidat
1465 2400 1608 2431 incendio
1619 2399 1809 2442 conflagrata:
1833 2402 1923 2443 quise
1934 2413 1998 2432 non
2007 2412 2109 2443 putant
2120 2425 2128 2439 ,
2141 2404 2170 2435 id

1230 2445 1311 2487 quod
1321 2445 1482 2477 voluerint,
1495 2443 1529 2473 ad
1540 2444 1656 2472 exitum
1666 2442 1833 2483 perduxisse
1845 2464 1854 2477 ,
1874 2442 1929 2473 nifi
1941 2444 2125 2477 saneliffimae
2135 2426 2186 2487 pa:

1231 2490 1293 2518 tria:
1305 2486 1506 2517 miserandum
1517 2485 1645 2514 scelerati
1655 2484 1791 2515 viderent
1800 2488 1942 2516 cinerem.
1973 2489 2102 2528 Nequeo
2119 2499 2188 2519 vei·-

1232 2530 1276 2559 bis
1286 2529 1439 2569 consequi,
1448 2527 1574 2567 judices,
1586 2526 1797 2568 indignitatem
1806 2529 1848 2557 rei
1862 2538 1867 2556 z
1885 2527 1934 2558 sed
1944 2529 2144 2569 neglioentius
2154 2530 2185 2561 id

1230 2572 1293 2602 fero
1304 2592 1311 2605 ,
1334 2581 1402 2611 quia
1412 2580 1466 2600 vos
1477 2570 1538 2598 mei
1549 2579 1612 2598 non
1621 2569 1770 2609 indigetis.
1796 2568 1898 2599 Vester
1909 2571 1991 2600 enim
2002 2553 2056 2600 vgs
2066 2574 2186 2602 animus

1231 2611 1445 2644 amantiffimus
1456 2613 1525 2650 reip.
1537 2609 1625 2640 facile
1636 2610 1751 2643 edocet,
1764 2619 1795 2641 ut
1806 2621 1876 2640 eum
1890 2631 1898 2644 ‚
1910 2613 1960 2652 qui
1971 2610 2105 2643 fortunas
2116 2623 2186 2644 om-

1230 2658 1316 2685 nium
1335 2654 1465 2684 voluerit
1482 2652 1605 2694 prodere
1616 2672 1625 2685 ,
1644 2654 1826 2692 pi‘aecipitem
1836 2653 2010 2693 perturbetis
2021 2664 2060 2684 ex
2070 2664 2103 2685 ea
2111 2657 2187 2685 civi-

1231 2707 1286 2728 tate
1297 2717 1306 2732 ,
1320 2706 1410 2738 quam
1421 2696 1479 2736 ipse
1490 2693 1744 2735 spuiciffimorum
1755 2693 1889 2726 hostium
1900 2694 2058 2726 dominatu
2068 2696 2184 2727 nefario

2079 2738 2188 2769 volue-

238 2787 2191 2810 W—

275 2844 297 2861 ι.
317 2835 399 2857 Utrum
409 2839 480 2855 unum
489 2831 566 2854 omnia
577 2846 585 2858 ,
594 2826 661 2860 dvm]
683 2825 750 2851 Pali.
760 2824 863 2859 aliquot
874 2824 901 2848 8:
913 2820 1012 2855 Petreji
1023 2819 1115 2851 nosti-i,
1126 2819 1189 2844 item
1207 2830 1210 2839 =
1227 2816 1300 2843 ciunt
1312 2818 1413 2841 Latina.
1434 2814 1504 2852 quod
1516 2813 1640 2840 tamenin
1653 2813 1727 2839 nullo
1738 2813 1897 2839 nostrorum.

235 2870 308 2898 Bi'u'il
315 2890 320 2895 .
331 2866 473 2905 praeferunt
485 2876 491 2891 :
515 2871 595 2889 utrum
605 2863 636 2888 ab
645 2872 689 2887 uno
698 2864 773 2887 omnia
784 2879 791 2891 ‚
811 2869 844 2885 an
852 2862 930 2884 omnia
939 2857 954 2883 ἃ
964 2859 1063 2882 nemine.
1083 2864 1115 2880 an
1125 2854 1193 2880 alind

233 2909 264 2933 ab
281 2908 337 2932 alio.
356 2900 478 2940 quodjan
498 2899 530 2925 de
551 2899 662 2925 veritate
681 2904 814 2923 concertet
828 2904 886 2921 cum
899 2893 1007 2930 vulgato
1021 2911 1028 2924 ,
1045 2889 1191 2928 perpendat

235 2941 343 2969 otiosior
354 2948 406 2966 me.

271 2988 299 3004 2,
318 2981 369 3004 Non
376 2980 462 3008 putare
470 2981 542 2998 unum
552 2969 719 3003 omniapqvfl‘e]
740 2968 781 2994 Sic
791 2968 897 3003 quidam
909 2965 978 2991 Pall.
987 2964 1032 2991 alii
1046 2983 1054 2996 .,
1070 2969 1156 2995 putare
1175 2961 1190 2987 ἃ

233 3017 322 3040 nemine
331 3010 482 3042 omniapoffe.
511 3006 619 3034 Gembl.
630 3006 656 3031 &
670 3007 716 3032 Br.
732 3011 820 3038 futare
829 3006 940 3030 neminem
949 3000 1100 3034 omni'apoffi.
1119 2996 1190 3034 quod

234 3050 305 3078 sorte
318 3048 411 3075 melius
423 3050 539 3080 recepto.

269 3094 295 3123 3,
315 3086 363 3118 Q?
373 3085 437 3117 Δ[ἱηήι
447 3080 539 3114 siden]
560 3078 603 3105 Est
615 3078 628 3103 :i
640 3077 708 3103 Pall.
719 3074 849 3112 plerisque
860 3074 887 3100 &
899 3072 1097 3099 Gulieimianis.
1116 3069 1191 3106 supra

231 3131 335 3160 quoque
348 3117 447 3156 reposui
458 3126 502 3142 non
513 3116 630 3142 ridiculus
641 3133 648 3145 ,
665 3112 756 3139 iisdem
769 3111 841 3137 libris
851 3109 1016 3136 :metm-ibus.

265 3166 293 3192 4.
313 3161 407 3186 Remota

420 3154 480 3188 stim
498 3150 513 3179 ὰ
533 3150 718 3185 consuetudine]
738 3146 896 3177 Ber-ichemu
908 3145 1010 3173 codices
1022 3142 1190 3180 (6111111αά11-
1233 3149 1276 3170 tur
1289 3141 1315 3167 sc
1328 3139 1402 3176 pueri
1414 3137 1644 3174 simul&puell-.e.

1268 2855 1379 2895 5:¹⁴‘m
1396 2862 1424 2882 αν
1442 2851 1553 2885 amara]
1574 2851 1615 2876 lta
1634 2850 1691 2876 Pal.
1712 2847 2045 2885 quai-t.sext.Bi·uil.nam
2058 2854 2120 2875 tert.
2131 2849 2191 2880 leni,

1231 2889 1311 2922 vulgo
1327 2896 1412 2920 magna
1422 2888 1450 2918 <ly
1459 2894 1556 2912 ornata.

1266 2926 1293 2950 6.
1313 2925 1439 2962 Verborum·
1453 2922 1591 2963 dignitate]
1614 2922 1671 2948 Aut
1685 2921 1846 2948 Gulielmius
1859 2941 1867 2953 ,
1886 2928 1932 2948 aut
1943 2919 2002 2947 saue
2013 2919 2188 2951 Wouverius,

1230 2967 1321 2987 conti-a
1333 2959 1413 2984 libros
1424 2957 1588 2984 scribendum
1599 2958 1717 2984 censebat
1727 2959 1875 2990 indignitate.

1245 3034 1253 3040 .
1265 3004 1292 3036 71
1312 2998 1340 3022 In
1353 2998 1428 3035 :gravi
1441 2996 1521 3034 figura
1538 2994 1787 3028 conficmcturoratim]
1801 2995 1841 3020 lta
1851 2992 1970 3029 plerique
1981 2994 1995 3018 e
2006 2991 2112 3023 nostris,
2122 2991 2188 3019 item

1230 3032 1416 3061 Gulielmium,
1431 3035 1477 3056 11111
1488 3029 1558 3065 quod
1570 3030 1751 3058 Bruilerienlis
1765 3049 1772 3061 ,
1794 3030 1996 3064 consummabitur.

1267 3068 1294 3095 8.
1305 3068 1440 3108 ,Manibus
1451 3067 1559 3099 familias
1571 3066 1738 3100 &ingenuis.]
1760 3064 1902 3102 Pizrposuit
1923 3063 2067 3091 Lambinus
2087 3065 2192 3097 virgini-

1229 3107 1284 3136 hm,
1295 3102 1434 3140 superflue.
1454 3111 1514 3128 nam
1525 3101 1590 3127 latet
1601 3111 1630 3127 ea
1641 3111 1692 3129 vox
1703 3101 1748 3129 sub
1756 3101 1805 3130 illo
1824 3101 1944 3137 ingenuis:
1962 3109 2015 3136 quo
2032 3099 2192 3135 intelligun-

2092 3179 2115 3197 1.
2126 3173 2194 3196 Par-

2208 1029 2225 1061 ΕΟ
