2379 3400
155 2041 164 2066 1
178 2042 192 2074 3
211 2036 275 2058 tum
293 2030 530 2059 continerentur.

626 115 692 162 M.
766 110 1126 158 Tunnii

218 213 281 234 non
301 210 361 241 pars
382 196 505 229 universi
529 195 574 234 sit)
602 192 693 224 inesse
703 192 842 225 sensum,
864 187 1063 221 serationem.
1086 189 1123 217 In
1134 195 1167 217 ea

218 254 296 284 parte
316 250 420 283 igitur,
443 249 472 268 in
493 248 549 278 qua
568 235 674 266 mundi
694 233 962 273 inestprincipatus
975 251 982 265 ,
1004 226 1166 260 haecineffe

218 283 330 314 necesse
347 282 406 313 est,
428 281 460 310 &
477 287 586 309 acriora
606 275 728 317 quidem
742 295 749 308 ‚
770 284 856 314 atque
877 273 998 312 majora.
1022 272 1171 312 roii·ca

219 327 378 364 sapientem
389 320 444 351 esse
455 320 606 350 mundum
619 315 730 347 necess'e
741 316 783 345 est
793 326 798 344 z
810 323 1004 354 naturamque
1014 322 1091 346 eam,
1105 321 1170 353 quae

219 375 263 397 res
275 373 392 394 omneis
401 362 560 401 complexa
576 367 689 392 teneat,
711 356 897 398 perfectione
908 357 1032 385 rationis
1041 354 1170 385 excelle—

219 417 250 436 re
262 427 269 439 ‚
284 415 377 445 eoque
386 405 466 433 deum
478 402 525 440 effe
534 400 684 434 mundum,
713 408 901 438 omnemque
912 400 975 427 vim
992 396 1102 426 mundi
1117 405 1170 425 na·

219 457 282 478 tura
309 447 410 476 divina
428 446 589 474 contineri.
632 446 728 482 Atque
748 442 839 470 etiam
861 439 968 469 mundi
989 439 1039 468 ille
1056 437 1167 470 fervor,

218 498 321 529 purior
331 509 338 521 .
351 486 532 527 perlucidior
543 505 550 518 ‚
563 484 767 523 mobiliorque
779 483 894 512 multo:
910 481 950 511 ob
960 481 1064 521 easque
1072 479 1172 510 causas

218 539 314 570 aptior
333 529 367 559 ad
391 528 490 559 sensus
511 525 774 558 commovendos,
792 524 883 566 quam
909 524 956 553 hic
965 523 1066 553 noster
1078 522 1168 555 calon

216 581 277 612 quo
296 573 356 601 haec
377 590 385 604 ,
402 580 467 610 qua:
484 578 552 599 nota
576 568 664 597 nobis
684 567 750 596 sunt
766 586 774 599 ‚
798 568 982 598 retinentur,
1003 564 1035 594 &
1055 565 1168 604 vigent.

217 613 387 643 Absurdum
409 614 497 652 igitur
519 609 560 640 est
577 609 698 641 dicere,
721 609 792 637 cum
813 616 983 640 ΗοΜιΝες,
1006 604 1169 646 bestiaeque

217 656 275 685 hoc
285 655 379 684 calore
390 662 542 682 teneantur
551 671 558 685 ‚
572 652 604 681 δε
614 659 766 691 propterea
779 658 956 679 moveantur
967 668 974 682 ,
985 658 1018 678 ac
1027 648 1165 680 sentiant,

218 697 369 726 mundum
382 693 439 724 csse
452 692 511 724 sine
523 693 624 726 sensu;
643 703 694 734 qui
708 700 822 732 integro
836 711 843 725 ,
864 691 982 731 &puro
993 710 1001 723 ,
1015 690 1048 720 &
1059 689 1167 721 libero.

217 738 384 778 eodemque
393 738 546 768 acerrimo,
560 735 592 765 δε
602 732 802 764 mobiliffimo
810 733 913 763 ardore
923 740 1069 763 teneatur.
1092 740 1167 771 prae-

218 780 317 810 sertim
329 778 398 808 cum
413 781 438 807 is
450 777 534 808 ardor
546 797 554 810 ,
573 779 624 818 qui
635 775 677 807 est
688 775 820 809 mundi,
841 785 903 806 non
917 777 1040 817 agitatus
1050 773 1085 804 ab
1095 773 1165 806 alio,

219 831 313 862 neque
332 829 456 850 externo
475 820 561 860 pulsu
575 839 582 852 ,
601 819 648 849 sed
666 828 718 858 per
737 818 856 858 seipse,
876 827 908 847 ac
918 817 967 847 sua
979 816 1084 856 sponte
1099 824 1168 845 mo-

215 872 323 892 veatur.
348 864 429 891 Nam
451 862 523 903 quid
551 860 647 901 potest
670 858 727 890 effe
748 859 866 890 mundo
885 859 1036 889 valentius
1055 877 1064 891 ,
1086 856 1168 898 quod

215 904 302 944 pellat
323 923 330 937 ‚
358 913 444 945 atque
462 912 582 933 moveat
601 903 731 933 calorem
752 911 821 931 eum
838 921 847 934 ‚
866 910 929 942 quo
956 900 1007 930 ille
1025 907 1171 929 teneatur?

224 122 344 172 1126

160 949 198 971 1:
216 946 383 976 Audiamus
400 947 483 975 enim
508 946 682 977 Platonem,
704 942 784 984 quasi
801 943 950 984 quendam
961 940 1171 983 deumphilosb—

213 989 350 1028 phorum:
369 990 379 1007 ¹
401 990 447 1017 cui
467 987 528 1017 duo
539 985 700 1032 placetess'e
713 994 812 1015 motus
824 1005 832 1019 ,
855 994 952 1014 unum
968 984 1054 1014 suum
1073 1002 1082 1017 ‚
1099 984 1171 1013 alte-

215 1039 281 1059 rum
299 1038 478 1059 externum:
504 1028 562 1058 esse
579 1037 680 1058 autem
700 1027 847 1060 divimus,
871 1026 953 1067 quod
973 1026 1071 1066 ipsum
1095 1024 1171 1055 exse

216 1072 263 1101 sua
284 1071 387 1110 sponte
406 1079 581 1104 moveatur,
606 1079 695 1110 quam
716 1068 799 1110 quod
820 1069 907 1108 pulsu
917 1070 1041 1109 agitetur
1058 1067 1168 1096 alieno.

216 1115 307 1142 Hunc
329 1121 428 1142 autem
445 1121 565 1142 motum
577 1114 609 1142 in
622 1112 691 1141 solis
701 1112 811 1142 animis
822 1108 881 1141 effe
894 1111 1002 1150 ponit,
1019 1108 1055 1138 ab
1067 1108 1170 1148 hisque

215 1156 400 1194 principium
412 1163 512 1184 motus
523 1152 579 1183 ess'e
589 1152 714 1184 ductum
723 1160 817 1192 putat.
829 1154 1014 1192 Quapropter
1023 1152 1170 1191 quoniam

213 1205 252 1225 ex
275 1195 382 1226 mundi
401 1196 504 1226 ardore
517 1205 616 1225 motus
627 1197 729 1225 omnis
739 1196 833 1225 oritur
843 1214 851 1228 ,
871 1195 894 1223 is
903 1202 1003 1223 autem
1013 1191 1099 1222 ardor
1108 1200 1172 1220 non

211 1237 310 1267 alieno
321 1238 463 1278 impulsu,
475 1237 522 1268 sed
533 1237 583 1268 sua
592 1237 696 1277 sponte
706 1245 845 1267 movetur
860 1246 865 1264 τ
881 1236 1003 1265 animus
1014 1232 1046 1263 fit
1058 1230 1171 1263 neceffe

212 1278 263 1309 est.
288 1282 333 1309 Ex
351 1289 411 1320 quo
428 1278 576 1314 efficitur,
593 1279 770 1308 animantem
788 1276 837 1315 effie
854 1276 1002 1306 mundum.
1024 1278 1122 1316 Atque
1132 1283 1170 1304 ex

211 1322 268 1350 hoc
287 1330 408 1361 quoque
426 1322 555 1363 intelligi
572 1323 681 1362 poterit
693 1340 702 1355 ,
723 1322 755 1350 in
773 1330 810 1350 eo
821 1317 911 1349 ineffe
924 1317 1168 1358 intelligentiam,

211 1361 294 1403 quod
313 1364 390 1393 certe
412 1362 456 1393 est
475 1363 608 1393 mundus
628 1363 739 1393 melior
759 1382 768 1396 ‚
826 1361 894 1392 uam
913 1360 974 1390 ulla
992 1368 1103 1389 natura.
1128 1361 1171 1388 Ut

212 1405 296 1434 enim
307 1413 420 1435 tini-LA
431 1414 512 1436 PARS
525 1407 658 1446 corporis
671 1403 764 1434 nostri
777 1371 824 1434 cll:³
838 1423 846 1438 ‚
857 1412 923 1444 quae
933 1411 998 1432 non
1009 1400 1043 1431 sit
1057 1402 1170 1434 minor,

212 1446 304 1486 quam
322 1446 496 1487 nosmetipsi
515 1447 617 1477 sumus
633 1457 639 1476 ;
663 1444 700 1476 fic
719 1445 871 1476 mundum
886 1444 1060 1474 universum
1074 1443 1169 1483 pluris

213 1485 270 1516 effe
291 1486 404 1518 necess'e
423 1488 485 1522 est,
508 1489 600 1529 quam
618 1497 733 1528 partem
743 1488 874 1527 aliquam
884 1483 1023 1516 universi.
1047 1481 1170 1523 Quodsi

215 1530 257 1558 ita
275 1527 338 1562 est,
359 1529 473 1569 sapiens
494 1528 527 1560 sit
542 1530 677 1560 mundus
695 1528 811 1560 necess'e
832 1527 883 1558 est.
907 1537 977 1558 narn
1001 1529 1032 1557 ni
1042 1523 1171 1559 itaeffet‚

210 1571 371 1600 hominem
383 1587 393 1603 ‚
415 1573 467 1612 qui
475 1569 520 1601 est
528 1571 638 1601 mundi
650 1581 725 1610 pars,
736 1572 880 1611 quoniam
893 1569 1019 1600 rationis
1029 1567 1070 1598 est
1080 1568 1173 1607 parti-

212 1621 300 1651 ceps,
320 1612 413 1651 pluris
435 1610 591 1653 essequam
603 1612 756 1642 mundum
766 1620 913 1644 omnem,
934 1618 1094 1650 oporteret.
1118 1611 1172 1638 At·

213 1662 272 1693 que
282 1656 370 1683 etiam
381 1652 402 1682 fi
416 1652 431 1683 a
439 1655 545 1693 primis
551 1654 757 1694 inchoatisque
768 1655 878 1683 naturis
889 1651 924 1682 ad
936 1653 1057 1682 ultimas
1075 1671 1084 1684 ‚
1105 1660 1172 1690 per—

214 1693 364 1735 kc&asqne
389 1695 533 1725 volumus
552 1695 732 1735 procedere,
753 1695 788 1726 ad
809 1695 935 1725 deorum
958 1702 1093 1724 naturam
1105 1702 1170 1732 per-

213 1738 374 1766 veniamus
397 1735 512 1767 necesse
532 1736 586 1767 est.
609 1736 714 1768 Primb
736 1739 820 1767 enirn
839 1735 1105 1765 animadvertimus
1126 1753 1135 1767 2
1154 1734 1170 1764 a

213 1786 313 1808 natura
332 1776 470 1807 sustineri
489 1788 523 1808 ea
539 1797 548 1812 ‚
568 1788 627 1820 qua
640 1776 908 1819 gignuntureterra
920 1797 928 1812 ‚
947 1776 1056 1817 quibus
1069 1784 1171 1806 natura

210 1820 291 1849 nihil
313 1819 418 1849 tribuit
436 1821 564 1859 amplius
581 1840 590 1854 ,
609 1830 699 1860 quam
712 1829 744 1850 ut
752 1819 918 1852 eii-alendo,
936 1827 1023 1858 atque
1032 1816 1168 1859 augendo

209 1869 348 1891 tueretur.
372 1860 477 1891 Bestiis
488 1870 587 1891 autem
598 1861 715 1892 sensum
726 1881 734 1895 ‚
755 1861 788 1891 &
798 1869 919 1891 motum
931 1860 1014 1889 dedit
1023 1878 1032 1892 ,
1051 1859 1084 1888 &
1096 1868 1166 1888 cum

208 1902 340 1945 quodam
361 1905 492 1942 appetitu
508 1902 654 1933 accessum
672 1903 708 1933 ad
730 1912 777 1933 res
798 1903 965 1934 salutareis,
985 1901 1000 1930 a
1021 1899 1168 1940 pestiferis

207 1942 352 1975 recessum
365 1954 370 1973 :
383 1946 504 1975 homini
523 1947 581 1975 hoc
600 1946 749 1986 amplius,
768 1943 850 1985 quod
871 1943 989 1974 addidit
1000 1945 1164 1976 rationem,

207 1995 264 2026 qua
283 1995 456 2027 regerentur
476 1988 573 2017 animi
592 1989 759 2027 appetitus,
783 1988 836 2027 qui
852 1994 916 2016 tum
927 1987 1162 2017 remitterentur,

553 2031 683 2068 Qartus
700 2037 799 2059 autem
810 2028 914 2069 gradus
925 2047 934 2061 ‚
955 2024 1165 2060 &altiffimus‚

208 2078 312 2100 eorum
325 2089 333 2104 ,
351 2072 403 2111 qui
423 2079 524 2101 natura
533 2070 622 2104 boni,
648 2070 850 2111 sapientesque
861 2072 1040 2112 gignuntur:
1055 2067 1165 2110 quibus

210 2110 227 2141 ὲ
237 2113 386 2151 principio
396 2113 558 2142 innascitur
568 2113 641 2141 ratio
650 2111 726 2142 rech
738 2132 746 2146 ‚
765 2111 962 2152 constansque
974 2131 983 2144 ,
1003 2114 1068 2151 quae
1076 2110 1165 2152 supra

209 2153 347 2182 hominem
360 2154 488 2194 putanda
502 2153 547 2183 eff
560 2173 568 2188 ,
585 2154 702 2195 deoque
713 2153 870 2184 tribuenda
879 2173 888 2187 ‚
910 2153 940 2183 id
950 2151 993 2183 est
1003 2172 1012 2185 ‚
1038 2152 1165 2182 mundo:

210 2195 243 2224 in
265 2204 327 2235 quo
345 2194 460 2225 necess'e
478 2195 520 2226 est
539 2195 700 2236 perfe&am
712 2196 795 2226 illam
809 2216 818 2230 ‚
839 2204 924 2236 atque
934 2194 1101 2225 absolutam
1116 2195 1166 2223 in·-

210 2234 267 2266 effe
290 2238 449 2267 rationem.
472 2240 579 2279 Neque
588 2241 671 2268 enim
683 2238 743 2268 dici
755 2236 851 2278 potest
863 2257 872 2271 ‚
891 2239 924 2267 in
935 2237 995 2267 ulla
1006 2245 1105 2267 rerum
1118 2237 1166 2265 in-

209 2276 365 2308 stitutione
383 2288 447 2309 non
466 2278 524 2309 effe
539 2280 656 2321 aliquid
676 2289 848 2310 extremum
860 2299 869 2313 ,
888 2288 973 2319 atque
985 2277 1164 2318 perfeetum.

1205 107 1302 157 (:1
1337 122 1366 155 c
1399 120 1428 154 n
1465 121 1501 155 R
1536 123 1564 154 o
1599 122 1630 155 u
1667 124 1686 156 1
1724 124 1745 157 s

1202 189 1234 220 &
1254 188 1379 230 quidem
1397 190 1488 219 etiam
1507 188 1683 228 sapientem.
1704 191 1803 230 Qu>
1824 198 1946 224 ΛυτῑΜ
1956 189 1998 224 est
2010 189 2158 229 inscitiusss

1201 232 1292 272 quam
1311 240 1376 261 eam
1387 239 1532 278 *naturam
1547 249 1556 264 ,
1579 239 1644 270 quae
1664 235 1838 264 omneisres
1848 233 2049 276 sitcomplexa
2061 256 2069 270 ‚
2083 244 2160 268 -non

1203 275 1352 314 optimam
1363 272 1423 302 dici
1440 281 1506 303 :aut
1517 291 1525 305 ‚
1535 270 1607 302 cum
1617 270 1651 301 fit
1660 275 1785 312 optima,
1797 284 1861 305 non
1871 279 1948 316 prim
1955 277 2008 307 um
2018 280 2157 308 animan·

1203 324 1265 347 tem
1275 313 1333 345 effe
1345 334 1353 348 ,
1372 313 1481 344 deinde
1491 314 1615 344 rationis
1628 313 1661 343 &
1670 313 1789 345 consilii
1800 326 1973 357 compotem
1985 339 1993 354 ,
2005 319 2161 360 postremb
2176 310 2186 341 ’-

1203 357 1367 397 sapientem
1380 359 1390 386 ?
1399 354 1454 397 qui
1461 357 1544 386 enim
1553 354 1651 395 potest
1660 356 1743 385 aliter
1752 355 1810 387 effe
1819 361 1946 397 optima?
1955 371 2052 402 neque
2063 365 2160 397 enim,

1205 397 1224 428 fi
1242 398 1379 438 stirpium
1391 397 1498 428 similis
1510 395 1543 426 sit
1555 407 1604 427 aut
1613 399 1703 427 etiam
1716 396 1873 429 bestiarum
1887 419 1896 433 ‚
1909 403 2023 441 optima
2032 403 2162 443 putanda

1206 439 1238 471 fit
1250 440 1353 482 potius
1365 460 1374 473 ‚
1392 440 1482 481 quam
1494 439 1668 469 deterrima:
1684 448 1738 469 nec
1752 439 1826 470 verb
1837 460 1845 474 ‚
1857 439 1876 470 si
1886 445 2008 473 rationis
2017 438 2162 486 particeps

1207 481 1240 512 sit
1252 502 1260 516 ‚
1278 492 1334 512 nec
1351 480 1384 512 sit
1403 490 1504 512 tamen
1523 481 1539 511 ὲ
1558 481 1708 521 principio
1725 481 1838 522 sapiens
1853 502 1861 515 ,
1887 485 1900 510 ³
1911 493 1975 514 non
1989 484 2161 517 sitdeterior

1210 525 1317 554 mundi
1337 523 1458 564 potius,
1483 523 1574 564 quam
1593 524 1724 553 humana
1740 524 1888 554 conditio.
1911 525 1989 555 homo
2009 529 2093 558 enim
2108 528 2162 569 [ὶὲ-

1197 567 1277 607 piens
1288 565 1354 605 fieri
1374 564 1487 607 potest:
1510 564 1643 594 mundus
1663 574 1761 595 autem
1775 586 1782 597 ,
1803 564 1823 595 si
1841 568 1874 596 in
1891 575 2003 597 aeterno
2021 572 2161 607 praeteriti

1205 611 1351 648 temporis
1363 609 1454 648 spatio
1463 606 1521 637 fuit
1532 605 1673 646 insipiens
1688 627 1697 639 ‚
1721 616 1888 649 numquam
1897 608 2034 648 profefito
2045 610 2161 650 sapien-

1206 652 1277 680 tiam
1298 650 1504 690 consequetur.
1528 650 1568 678 ita
1587 649 1642 678 erit
1660 649 1788 679 homine
1810 649 1952 681 deterior.
1982 651 2072 693 Qod
2084 661 2162 693 quo-

1185 704 1187 713 1
1204 694 1285 722 niam
1308 692 1470 722 absurdum
1487 689 1547 723 est,
1570 689 1603 720 &
1627 690 1740 730 sapiens
1758 690 1773 721 a
1794 693 1943 733 principio
1954 692 2106 728 mundus,
2128 694 2163 725 &

1203 734 1275 764 deus
1289 733 1443 764 habendus
1458 732 1513 763 est.
1537 734 1644 773 Neque
1657 735 1742 762 enim
1751 732 1793 763 est
1802 734 1966 775 quidquam
1976 734 2057 765 aliud
2067 755 2076 768 ‚
2087 740 2164 776 prac-v

1203 784 1246 806 ter
1263 775 1435 809 mundum,
1455 776 1504 805 cui
1523 775 1601 805 nihil
1619 772 1709 804 abfit:
1726 774 1868 816 quodque
1890 776 2024 816 undique
2043 786 2160 818 aptum,

1201 827 1287 859 atque
1312 816 1480 858 perfeetum
1490 836 1499 851 ,
1520 816 1735 857 expletumque
1745 815 1777 846 sit
1787 817 1934 848 omnibus
1945 817 2003 848 suis
2013 814 2162 854 numeris',

1205 859 1236 890 &
1255 860 1398 900 partibus.
1422 858 1500 889 Scite
1520 868 1603 888 enim
1626 856 1823 899 Chrysippus,
1851 869 1896 889 στ
1918 869 2043 890 cutem
2066 861 2159 895 causa,

1205 902 1418 936 involucrum;
1437 902 1575 942 vaginam
1593 908 1692 930 autem
1705 919 1714 933 ‚
1733 900 1844 941 gladii:
1869 900 1925 935 fic,
1946 911 2050 942 praeter
2069 912 2163 933 mun-

1204 943 1296 978 dum¹
1319 953 1414 974 cetera
1433 944 1538 973 omnia
1555 942 1685 972 aliorum
1704 942 1788 972 causa
1805 941 1862 972 efl'e
1882 952 2016 985 generata
2037 964 2045 978 ,
2064 953 2096 975 ut
2116 954 2165 975 eas

1205 985 1303 1026 fruges
1323 1006 1332 1020 ,
1363 995 1450 1026 atque
1467 983 1583 1014 fruetus
1603 1003 1611 1018 ‚
1637 992 1714 1024 quos
1736 992 1808 1014 terra
1826 986 1941 1026 gignit,
1959 987 2163 1017 animantium

1205 1028 1288 1058 causa
1303 1028 1498 1057 :animanteis
1506 1035 1605 1055 autem
1615 1044 1624 1057 ‚
1638 1026 1804 1055 hominum
1818 1038 1827 1059 ς
1847 1035 1879 1056 ut
1889 1036 1999 1067 equum
2012 1048 2021 1061 ‚
2032 1028 2163 1059 vehendi

1206 1069 1308 1104 causa,
1326 1068 1449 1101 arandi,
1461 1068 1572 1097 bovem
1587 1078 1596 1100 3
1609 1065 1762 1099 venandi,
1784 1066 2014 1099 &custodiendi
2026 1090 2034 1103 ,
2046 1079 2162 1100 canem.

1207 1111 1271 1150 ipse
1297 1119 1396 1141 autem
1417 1110 1496 1138 homo
1514 1116 1592 1137 ortus
1605 1106 1649 1137 eff
1660 1107 1702 1136 ad
1706 1108 1842 1149 muntium
1851 1111 2091 1149 contemplandum
2101 1131 2111 1146 ,
2129 1112 2164 1143 δε

1206 1152 1393 1182 imitandum
1405 1170 1413 1184 ‚
1439 1150 1528 1180 nullo
1548 1149 1643 1179 modo
1653 1147 1802 1189 perfectus
1814 1170 1823 1185 ‚
1843 1150 1891 1181 sed
1901 1150 1942 1180 est
1951 1153 2085 1191 quaedam
2097 1163 2164 1194 par-

1204 1194 1294 1224 ticula
1312 1191 1445 1234 perfecti.
1469 1191 1525 1222 Sed
1536 1191 1671 1221 mundus
1682 1210 1690 1225 ‚
1710 1193 1859 1233 quoniam
1869 1195 1975 1222 omnia
1984 1195 2162 1234 complexus

1205 1235 1266 1269 est,
1288 1245 1343 1265 nec
1365 1234 1408 1265 est
1426 1233 1591 1275 quidquam
1604 1253 1612 1267 ,
1632 1233 1714 1274 quod
1733 1243 1798 1264 non
1808 1232 1918 1264 infitin
1932 1244 1969 1264 eo
1981 1255 1989 1268 ,
2012 1235 2163 1275 perfe&us

1206 1277 1340 1318 undique
1363 1275 1414 1307 est.
1438 1275 1520 1317 Qid
1539 1278 1629 1316 igitur
1645 1274 1743 1315 potest
1763 1274 1914 1309 eideess'e‚
1938 1278 2019 1316 quod
2030 1277 2073 1308 est
2084 1278 2165 1318 opti-

1206 1322 1316 1349 mum?
1338 1318 1412 1349 nihil
1427 1326 1524 1347 aurem
1535 1316 1579 1347 eff
1588 1325 1677 1347 mente
1690 1337 1699 1351 ‚
1721 1317 1872 1350 &ratione
1889 1317 1997 1347 melius.
2021 1329 2051 1349 er
2071 1330 2091 1349 o
2101 1320 2165 1351 haec

1206 1361 1325 1391 mundo
1343 1358 1438 1391 deeffe
1457 1370 1519 1390 non
1531 1357 1660 1400 possunt.
1685 1361 1764 1391 Bene
1778 1360 1958 1401 igitur-idem
1973 1362 2051 1401 Chry
2063 1370 2163 1402 ippus.

1205 1406 1257 1445 qui
1267 1400 1481 1433 similitudines
1494 1401 1540 1441 adj
1545 1411 1658 1443 ungens
1669 1421 1678 1435 ‚
1698 1404 1803 1432 omnia
1811 1405 1843 1432 iri
1851 1401 1992 1443 perfeffis
2001 1422 2010 1436 ‚
2024 1404 2057 1433 &
2067 1412 2166 1433 rnatu-

1206 1448 1248 1476 ris
1267 1445 1356 1476 docet
1364 1442 1420 1475 esse
1431 1445 1556 1474 meliora
1567 1462 1574 1476 ‚
1595 1451 1628 1473 ut
1643 1453 1654 1472 1
1668 1452 1689 1472 N
1712 1452 1732 1472 Ε
1742 1452 1795 1482 qu
1805 1454 1824 1474 o
1837 1464 1845 1477 ‚
1865 1444 1983 1484 4quam
1997 1445 2164 1486 inequulo‚

1205 1538 1296 1569 Qoi)
1315 1530 1347 1558 in
1357 1530 1445 1558 omni
1456 1526 1575 1557 mundo
1584 1528 1737 1566 optimum
1749 1524 1802 1560 fit,
1822 1526 1853 1557 id
1864 1529 1896 1557 iri
1906 1526 2038 1567 perfeElw
2047 1528 2163 1569 aliquo,

1187 1562 1191 1611 l
1206 1580 1294 1611 atque
1312 1569 1450 1600 absoluto
1472 1566 1531 1598 effe
1541 1567 1658 1598 debere.
1682 1567 1734 1598 Est
1742 1577 1842 1598 autem
1854 1570 1930 1599 nihil
1942 1568 2058 1600 mundo
2065 1568 2166 1610 perfe-

1206 1612 1282 1642 &ius
1295 1622 1300 1640 ε
1312 1611 1390 1641 nihil
1402 1613 1510 1640 virtute
1520 1610 1640 1639 melius.
1662 1612 1753 1650 igitur
1761 1610 1869 1641 mundi
1879 1610 1922 1642 est
1930 1613 2048 1651 propria
2058 1614 2163 1641 virtus.

1206 1656 1272 1684 Nec
1281 1652 1355 1683 vero
1366 1654 1503 1682 hominis
1512 1661 1612 1681 natura
1623 1650 1753 1691 persedra
1762 1650 1805 1681 est
1817 1663 1822 1680 z
1835 1653 1868 1682 &
1880 1651 2007 1682 efficitur
2017 1661 2119 1683 tamen
2129 1654 2164 1683 in

1205 1697 1332 1726 homine
1350 1697 1457 1724 virtus.
1482 1702 1594 1733 quanto
1604 1695 1695 1733 igitur
1705 1694 1738 1723 in
1750 1693 1868 1723 mundo
1877 1692 2018 1724 facilius?
2040 1694 2082 1725 est
2093 1695 2162 1736 ergo‘

1205 1739 1236 1767 in
1259 1747 1295 1766 eo
1314 1738 1418 1765 virtus.
1442 1735 1556 1774 sapiens
1566 1733 1608 1764 est
1618 1736 1730 1775 igitur?
1749 1735 1946 1774 &propterea
1956 1735 2038 1765 deus.
2065 1739 2162 1777 Atque

1204 1780 1258 1809 hac
1277 1776 1386 1807 mundi
1409 1777 1567 1806 divinitate
1586 1774 1717 1815 perfe&a
1730 1795 1738 1809 ‚
1761 1776 1918 1807 tribuenda
1927 1775 1969 1807 est
1972 1775 2107 1818 sideribus
2118 1787 2165 1809 ea-

1202 1820 1272 1850 dem
1283 1819 1425 1848 divinitas
1442 1828 1446 1846 t
1458 1827 1524 1858 quae
1535 1826 1574 1847 ex
1588 1816 1785 1848 mobihffima
1795 1837 1804 1852 ,
1823 1817 2035 1859 puriffimaque
2045 1820 2166 1850 aetheris

1185 1869 1279 1903 Jparte
1295 1863 1476 1902 gignuntur,
1498 1869 1596 1899 neque
1616 1859 1675 1889 ulla
1696 1868 1834 1899 praeterea
1853 1861 1920 1891 sunt
1938 1859 2064 1892 admista
2076 1869 2165 1892 natu-

1200 1913 1249 1937 ra,
1272 1912 1390 1944 totaque
1410 1902 1478 1932 sunt
1496 1901 1607 1934 calida,
1637 1910 1723 1942 atque
1746 1902 1914 1942 perlucida:
1938 1911 1971 1932 ut
1988 1912 2021 1932 ea
2039 1908 2162 1944 quoque

1184 2009 1186 2016 .
1201 1987 1347 2018 dicantur.
1374 1989 1473 2026 Atque
1500 1995 1533 2015 ea
1551 1981 1675 2026 quidem
1688 1994 1748 2015 tota
1756 1984 1815 2015 effe
1826 1988 1909 2027 ignea
1923 2005 1932 2019 ,
1951 1985 2083 2016 duorum
2094 1987 2164 2017 sen-

1198 2030 1288 2060 suum
1308 2027 1485 2058 testimonio
1502 2025 1676 2057 confirmari
1697 2027 1857 2058 Cleanthes
1874 2036 1976 2068 putat,
1996 2027 2110 2062 taetus,
2131 2027 2166 2059 δε

1184 2099 1185 2111 2
1201 2072 1372 2102 oculorum.
1397 2072 1479 2099 Nam
1490 2069 1560 2099 solis
1568 2068 1682 2099 candor
1694 2068 1839 2099 illustrior
1851 2089 1859 2104 ‚
1878 2070 1970 2111 quam
1981 2070 2062 2100 ullus
2073 2071 2165 2112 ignis,

1199 2115 1313 2154 quippe
1322 2114 1375 2154 qui
1386 2111 1539 2141 immenso
1551 2110 1668 2140 mundo
1679 2120 1739 2141 tam
1753 2111 1844 2152 longe
1856 2131 1865 2145 ,
1885 2113 2002 2152 lateque
2010 2112 2167 2142 colluceat:

1201 2156 1234 2186 &
1256 2159 1280 2185 is
1290 2155 1356 2194 ejus
1366 2152 1460 2183 ta&us
1470 2151 1513 2182 est
1524 2171 1532 2186 ,
1556 2155 1570 2179 5
1582 2162 1647 2182 non
1662 2161 1695 2182 ut
1705 2152 1860 2193 tepefaciat
1870 2153 1969 2184 solum
1982 2173 1991 2187 ‚
2013 2153 2060 2184 sed
2074 2155 2166 2185 etiam

1200 2197 1274 2237 saepe
1284 2195 1453 2227 comburat.
1477 2196 1618 2235 Qorum
1628 2203 1771 2224 neutrum
1781 2193 1960 2229 faceret‚nifi
1969 2192 2038 2225 esset
2047 2197 2166 2235 igneus.

1186 2254 1187 2262 i
1201 2242 1278 2280 Ergo
1291 2259 1299 2273 ‚
1311 2240 1411 2279 inquit
1425 2257 1433 2270 ,
1445 2235 1517 2266 cum
1532 2237 1574 2266 sol
1585 2239 1690 2277 igneus
1702 2236 1737 2266 fit
1749 2256 1758 2270 ‚
1770 2238 1943 2278 Oceanique
1952 2237 2046 2267 alatur
2054 2238 2169 2267 humo-

1201 2281 1302 2314 ribus,
1322 2281 1391 2320 quia
1410 2279 1501 2308 nauus
1520 2278 1589 2318 ignis
1597 2277 1658 2319 stne
1691 2276 1761 2307 astu
1778 2278 1876 2320 aliquo
1900 2277 1981 2320 pqffit
1996 2285 2167 2319 permanere:

1202 1943 1366 1976 reEkiffime
1382 1944 1414 1974 &
1425 1946 1589 1973 animantia
1600 1941 1658 1972 effe
1672 1962 1681 1976 ,
1704 1943 1737 1973 &
1748 1943 1856 1974 sentire
1868 1965 1877 1977 ,
1896 1953 1984 1985 atque
1995 1945 2179 1985 intelligere

2182 867 2224 900 ¹4

1206 1489 1239 1517 in
1256 1497 1347 1521 cane,
1374 1485 1464 1526 quam
1476 1487 1509 1515 in
1517 1484 1634 1515 catulo:
1655 1486 1688 1514 in
1698 1486 1783 1518 viro,
1806 1486 1896 1526 quam
1908 1496 1940 1516 in
1950 1495 2056 1525 puero:
2075 1489 2163 1521 item,
2190 1484 2193 1485 ⁷

2184 1751 2227 1783 15

210 2322 253 2349 Ut
267 2322 349 2351 enim
368 2322 400 2351 in
412 2323 492 2354 vite,
517 2329 548 2352 ut
560 2324 591 2352 in
602 2322 715 2362 pecude
738 2320 813 2361 (nisi
823 2331 888 2362 quae
898 2323 946 2350 vis
956 2318 1097 2359 obstitit)
1117 2321 1168 2349 vi-
1188 2321 1319 2353 lnecess'e
1337 2320 1397 2354 est,
1418 2329 1469 2351 aut
1492 2322 1519 2349 ei
1540 2318 1647 2350 similis
1691 2329 1702 2350 t
1719 2322 1803 2361 igni,
1829 2329 1922 2361 quern
1937 2319 2115 2351 adhibemus
2125 2318 2163 2350 ad
2192 2339 2199 2343 «

209 2360 318 2391 demus
331 2372 462 2393 naturam
475 2363 528 2393 suo
537 2364 667 2404 quodam
682 2365 788 2394 itinere
797 2363 834 2393 ad
845 2364 987 2393 ultimum
999 2363 1166 2401 pervenire:
1189 2357 1191 2378 ³
1205 2364 1293 2395 usum
1305 2384 1314 2398 ‚
1334 2363 1429 2404 adque
1447 2361 1483 2392 ad
1503 2361 1622 2392 vietum
1636 2372 1643 2391 :
1655 2370 1705 2392 aut
1715 2364 1741 2391 ei
1753 2381 1762 2395 ,
1779 2363 1830 2402 qui
1842 2361 2017 2401 corporibus
2027 2365 2167 2392 animan·

213 2412 298 2443 atque
311 2414 340 2434 ut
354 2403 483 2444 pastura,
504 2405 655 2436 &fabrica
667 2426 675 2439 ‚
695 2414 855 2447 ceteraeque
866 2413 941 2435 artes
952 2404 1169 2445 habentquen-
1189 2382 1192 2424 1
1206 2408 1283 2436 tium
1303 2412 1485 2436 continetur.
1510 2406 1608 2444 Atque
1628 2404 1677 2433 hic
1688 2402 1789 2433 noster
1798 2405 1895 2443 ignis,
1915 2412 2007 2443 quem
2018 2403 2086 2434 usus
2096 2404 2166 2434 vitae

209 2444 278 2474 dam
288 2445 416 2476 absoluti
426 2449 525 2487 operis
540 2445 682 2478 effenum
696 2458 700 2474 1
713 2446 750 2477 sic
764 2457 803 2476 m
813 2456 903 2477 οΜΝι
916 2454 1028 2478 natura,
1040 2456 1073 2477 ac
1088 2445 1169 2475 mul·
1189 2432 1191 2480 l
1206 2449 1350 2489 requirit,
1370 2444 1529 2477 confector
1546 2443 1606 2478 est,
1628 2444 1661 2475 ὃ(
1672 2445 1827 2484 consumtor
1838 2446 1964 2475 omnium
1975 2465 1984 2478 ‚
2011 2445 2168 2486 idemque,

211 2495 242 2516 to
252 2489 339 2518 etiam
352 2490 444 2529 magis
455 2487 568 2519 neceffe
581 2489 622 2520 est
632 2489 746 2520 absolvi
756 2488 917 2530 aliquid‚ac
927 2485 1171 2528 perfici.Etenim
1190 2481 1192 2511 l'
1206 2497 1400 2531 quocumque
1418 2485 1541 2520 invasit,
1561 2485 1670 2516 cun&a
1679 2485 1823 2518 disturbat
1838 2508 1848 2522 ,
1866 2496 1898 2517 ac
1908 2484 2031 2526 diffipat.
2055 2486 2168 2517 Contra

210 2531 311 2573 ceteris
331 2533 445 2561 naturis
465 2531 560 2562 multa
580 2540 699 2562 externa
718 2550 727 2565 ‚
761 2541 823 2572 quo
843 2529 948 2560 minus
960 2528 1164 2570 perficiantur,
1189 2516 1259 2571 lille
1272 2538 1434 2571 corporeus
1453 2548 1461 2562 ‚
1487 2528 1587 2558 vitalis
1607 2548 1615 2562 ‚
1653 2528 1686 2558 &
1704 2528 1838 2559 salutaris
1859 2549 1869 2563 ,
1887 2530 1994 2559 omnia
2012 2529 2167 2559 conservat

216 2569 334 2608 possunt
361 2571 496 2602 obsistere
523 2584 527 2601 :
556 2574 725 2604 universam
744 2582 842 2603 autem
865 2581 999 2602 naturam
1022 2572 1105 2602 nulla
1124 2579 1170 2602 res
1188 2574 1191 2597 l
1206 2574 1258 2604 alit
1270 2594 1279 2606 ,
1293 2580 1402 2614 auget,
1415 2569 1538 2601 sustinet
1551 2591 1559 2604 ‚
1574 2570 1718 2611 sensuque
1728 2568 1828 2600 afficit·
1853 2572 2030 2612 Negatergo
2045 2569 2102 2601 effe
2112 2569 2170 2600 du-

216 2610 309 2649 potest
320 2613 483 2652 impedire:
502 2616 654 2655 propterea
664 2615 747 2656 quod
757 2616 877 2645 omneis
887 2623 1007 2645 naturas
1016 2615 1076 2654 ipsa
1085 2615 1168 2644 cohi·
1209 2615 1315 2649 bium,
1335 2616 1447 2644 horum
1466 2613 1585 2653 ignium
1607 2612 1649 2642 sol
1671 2614 1730 2642 utri
1740 2610 1846 2643 similis
1856 2611 1907 2646 sit,
1931 2611 2003 2642 curn
2013 2614 2039 2642 is
2049 2619 2171 2653 quoque

219 2652 265 2681 bet
276 2672 284 2685 ‚
296 2653 327 2699 ὃς
337 2657 481 2699 continet.
504 2659 650 2697 roirca
661 2655 774 2687 necess'e
788 2656 830 2687 est
843 2655 901 2687 effe
909 2665 1051 2697 quartu-m
1066 2657 1167 2690 illum,
1187 2681 1189 2689 ⁴
1208 2655 1338 2690 efficiat,
1360 2664 1392 2686 ut
1402 2653 1624 2692 omniafloreant
1635 2674 1643 2688 ‚
1667 2654 1740 2684 &in
1751 2654 1804 2684 suo
1813 2663 1940 2695 quaeque
1947 2663 2055 2695 genere
2062 2651 2172 2693 pubes-

219 2691 252 2721 &
279 2694 451 2726 altiilimum
461 2699 584 2738 gradum
598 2719 606 2732 ‚
629 2702 643 2718 ²
655 2698 716 2740 quo
726 2699 809 2729 nulla
819 2701 864 2729 vis
874 2697 959 2738 possit
969 2698 1117 2729 accedere.
1140 2701 1170 2729 Is
1209 2708 1286 2730 cant.
1311 2701 1408 2740 Qare
1418 2696 1492 2727 cum
1508 2696 1576 2726 solis
1589 2698 1667 2738 ignis
1679 2693 1785 2726 fimilis
1797 2705 1903 2726 eorum
1916 2697 2035 2736 ignium
2046 2693 2079 2725 sit
2089 2714 2098 2728 ,
2115 2695 2170 2735 qui

218 2742 315 2763 autem
335 2736 375 2765 est
395 2739 498 2777 gradus
510 2759 517 2772 ‚
543 2742 575 2769 in
587 2750 646 2780 quo
660 2751 759 2770 rerum
769 2743 911 2770 omnium
925 2749 1027 2770 natura
1036 2742 1170 2780 ponitur:
1209 2741 1277 2772 sunt
1295 2742 1328 2770 in
1347 2738 1522 2779 corporibus
1540 2739 1745 2768 animantium
1760 2748 1765 2767 :
1787 2737 1881 2768 solem
1902 2737 2171 2778 quoqueaniman-

219 2783 283 2813 quae
302 2786 442 2815 quoniam
455 2781 520 2809 talis
532 2781 590 2814 est,
612 2782 737 2823 utpraefit
748 2781 892 2815 omnibus,
914 2782 1022 2812 &eam
1033 2782 1117 2812 nulla
1126 2792 1171 2812 res
1211 2791 1274 2813 tem
1294 2780 1352 2813 effe
1372 2789 1510 2821 oportet,
1530 2779 1563 2810 &
1580 2779 1705 2821 quidem
1727 2779 1840 2820 reliqua
1849 2778 1938 2812 astra,
1960 2787 2026 2819 quae
2036 2775 2168 2807 oriantur

220 2814 307 2855 POffit
317 2820 458 2857 impedire
471 2840 479 2854 >
498 2821 614 2853 neceffe
627 2823 670 2854 est
681 2844 689 2858 ,
703 2824 924 2865 intelligentem
936 2822 993 2854 esse
1004 2823 1169 2859 mundum,
1184 2830 1187 2858 j
1210 2826 1244 2855 in
1263 2824 1365 2855 ardore
1376 2820 1490 2855 coelesti
1503 2841 1512 2856 2
1532 2824 1585 2863 qui
1595 2823 1673 2851 ather
1685 2841 1694 2856 2
1715 2822 1764 2852 vel
1773 2821 2065 2851 coelumnomissatffl'·
2088 2819 2172 2865 Csffl}

2082 2869 2172 2901 igitur

235 2960 240 2967 1
263 2933 295 2964 ¹1.
306 2928 351 2964 §ui
362 2928 402 2951 duo
416 2931 490 2959 placei
508 2933 655 2967 stemma]
676 2935 739 2960 Non
760 2935 914 2963 admilisl'em
926 2938 992 2964 lianc
1002 2938 1168 2973 scripturam,

217 2969 252 2986 oo
262 2963 296 2986 Ιω
310 2962 613 3025 inlolczitiaiiihquainvis
625 2978 753 3005 repertam
765 2972 791 2998 in
812 2973 841 2998 P.
854 2973 881 2998 δι
894 2973 951 3000 Pal.
961 2984 1002 3010 pr.
1013 2983 1041 3000 ac
1052 2974 1101 3001 sec,
1124 2975 1170 3002 nisi

216 3005 277 3038 arri
286 2996 360 3024 nobis
372 2998 478 3024 exhibui
501 3009 526 3026 et
545 3010 604 3028 :inte
622 3014 702 3031 annos
722 3006 857 3042 sexaginta
867 3010 960 3036 Petrus
974 3010 1120 3037 ViCtorius.
1142 3011 1170 3037 &

218 3040 339 3072 vernent·
349 3033 446 3060 neccsse
457 3035 491 3062 est
503 3040 699 3067 accommodare
711 3051 725 3067 n

219 3077 293 3102 pueri
305 3068 349 3096 sua
361 3070 513 3101 veteribus?

1254 2946 1280 2974 3.
1301 2938 1388 2970 Nonfit
1406 2937 1506 2962 deterior
1513 2935 1596 2960 mundi
1609 2933 1712 2968 potina]
1732 2932 1847 2958 Vei-buin
1861 2934 1941 2964 parim
1952 2951 1961 2964 ‚
1978 2941 2031 2959 non
2051 2932 2135 2960 exstat
2144 2930 2173 2960 in

1209 2974 1279 3002 Pal.
1290 2982 1331 3009 pt.
1343 2979 1500 3009 poteratque
1510 2969 1604 2998 abeffe.

1255 3030 1284 3056 4.
1305 3023 1386 3056 ςζαὰηι
1395 3026 1422 3050 in
1431 3022 1537 3058 equidm]
1558 3018 1730 3047 Sei-ibenduin
1747 3020 1821 3045 eculeo
1832 3039 1840 3051 ‚
1860 3018 1877 3045 fi
1888 3019 1971 3046 modi}
1981 3018 2100 3048 standum
2113 3020 2176 3048 sci-i-

1220 3066 1304 3095 ptui·ae
1316 3067 1435 3086 veterum
1447 3058 1587 3088 librorum,
1597 3056 1661 3082 item
1674 3055 1730 3082 Pal.
1741 3064 1782 3091 pr.
1792 3065 1821 3082 ac
1831 3055 1882 3082 sec.

1262 3119 1288 3143 5.
1310 3113 1361 3136 Non
1382 3116 1409 3135 m
1427 3109 1553 3149 ffp²s13014¹
1563 3107 1668 3170 fiilunik]t
1686 3107 1728 3148 Sic
1739 3107 1806 3135 Pall.
1824 3117 1927 3136 omnes.
1940 3102 1974 3136 {t
1993 3108 2024 3136 P.
2041 3114 2069 3134 nt
2077 3088 2180 3148 nearest.

1227 3145 1364 3182 quomodo
1375 3145 1521 3183 publicavit
1530 3150 1595 3171 item
1606 3145 1639 3171 Vi
1670 3152 1753 3171 orius.

729 3051 756 3068 os
768 3044 852 3070 nolti-a
861 3045 949 3080 pueris
962 3065 970 3077 ,
980 3047 1006 3072 ὅ(
1020 3056 1071 3073 nou
1083 3047 1173 3083 potius

254 3113 281 3130 2⁴
302 3107 355 3137 92¹0
363 3107 477 3146 Νηᾱῂυῑῐ
490 3109 552 3140 poffit
564 3109 693 3148 “sfiltffd
714 3112 852 3147 Vulgataa
863 3116 985 3145 x'it'torio
995 3117 1110 3145 accidere.
1129 3117 1182 3146 scd·

218 3140 331 3170 :lterum
343 3141 423 3172 restat
433 3151 460 3172 in
471 3143 540 3172 Pul.
552 3143 665 3181 cusilque
678 3148 782 3175 ceteris.

2123 3185 2188 3214 idi
