2360 3400
482 127 554 158 na
601 112 881 158 FINIBUS
931 112 1173 158 Bonan.
1223 108 1326 162 aas
1359 117 1522 167 MA'L.
1570 122 1707 169 Lm:
1739 126 1771 171 Ι.

141 197 307 240 'luptatem.
328 201 363 225 ut
380 192 465 225 enim
483 192 520 223 ad
530 193 661 223 minima
672 194 791 224 veniam
803 213 811 227 ‚
832 193 900 233 quis
911 189 1047 223 nostrum
1059 200 1113 221 ex-

151 241 358 272 ercitationem
377 236 471 266 ullam
492 244 626 275 corporis
646 235 767 275 suscipit
784 233 963 265 laboriosam
976 253 985 266 ‚
1010 231 1064 262 nisi
1080 241 1112 262 ut

151 280 267 322 aliquid
284 288 322 309 ex
338 288 372 308 ea
389 276 523 308 commodi
541 277 759 317 consequatur?
781 278 849 318 quis
867 284 968 306 autem
978 275 1028 304 vel
1039 283 1109 304 eum

147 324 215 364 jure
233 319 471 360 reprehenderit,
488 320 539 359 qui
559 320 592 349 in
603 328 636 349 ea
646 319 799 358 voluptate
809 318 896 349 velit¹
919 314 978 346 effe
989 335 998 350 ‚
1018 325 1109 356 quam

97 380 110 387 «ν
149 363 230 396 nihil
243 361 389 393 molestiae
399 361 616 401 consequatur,
636 361 782 391 velillum
793 380 803 393 ,
825 361 877 400 qui
887 358 1027 388 dolorem
1038 366 1108 386 eum

150 406 263 447 fugiat,
287 413 347 444 quo
358 403 495 443 voluptas
504 403 586 433 nulla
598 422 606 435 ‚
623 404 772 442 pariatur?
790 404 829 432 At
841 399 913 432 verb
923 408 974 428 eos
987 398 1111 429 &accu-

140 448 243 490 samus
252 465 260 480 ‚
274 443 384 485 &justo
394 444 453 474 odio
462 444 630 485 digmffimos
639 444 768 473 ducimus
778 464 789 478 ‚
810 445 862 484 qui
871 440 1025 472 blanditiis
1036 449 1108 480 prae-

149 489 280 520 sentium
301 487 491 526 voluptatum
509 486 650 518 deliniti,
669 494 755 525 atque
764 486 913 524 corrupti,
927 492 1013 530 *quos-
1022 482 1110 529 dolo—

148 539 195 562 res
205 551 213 564 ‚
234 530 267 560 &
286 538 357 570 quas
378 527 531 559 molestias
541 529 693 567 excepturi
703 526 760 557 sint
769 546 777 560 ,
798 534 932 557 occaecati
946 523 1108 569 cupiditate

144 581 213 605 ¹non
222 571 403 611 provident,
420 568 569 611 similique
580 570 647 600 sunt
659 580 691 599 in
703 569 789 608 culpa
801 588 808 602 ‚
820 570 872 609 qui
883 567 973 606 officia
984 564 1110 604 deserunt

148 616 272 644 mollitia
281 613 383 646 animi,
396 612 425 642 id
435 611 476 642 est
487 632 495 645 ‚
508 612 645 642 laborum
656 612 688 641 &
700 611 842 641 dolorum
856 609 935 650 fuga.
958 608 991 638 ὃς
1002 609 1106 652 harum

145 656 270 696 quidem
289 663 387 686 rerum
403 653 499 684 facilis
519 653 561 683 est
574 674 582 687 ,
594 654 626 683 δε
646 652 785 692 expedita
793 650 960 682 distinetio-
983 659 1055 679 nam
1070 649 1107 677 [ι-

143 697 206 729 hero
220 706 337 739 tempore
346 717 354 731 ‚
376 696 448 727 cum
462 696 557 726 solnta
567 695 655 725 nobis
665 694 708 725 est
718 693 847 735 eligendi
858 695 943 733 optio
953 710 961 725 ‚
974 700 1105 735 cunique

145 741 226 771 nihil
239 739 367 779 impedit
378 759 386 771 ‚
398 747 459 778 quo
470 736 574 768 minus
585 736 615 766 id
627 756 635 769 ‚
645 736 725 776 quod
739 735 877 766 maxime
885 735 997 780 placeat
1011 753 1019 767 ‚
1029 736 1107 762 race-

145 792 177 813 re
191 781 334 823 poffimus
344 800 352 815 ,
374 780 478 810 omnis
493 778 628 818 voluptas
638 776 809 808 ass'umenda
822 776 864 807 est
875 796 884 809 ‚
903 784 1005 806 omnis
1015 775 1106 821 dolor

146 823 352 864 depellendus.
375 819 541 862 temporibm
552 829 651 850 autem
660 818 834 860 'quibusdam
845 839 853 851 ‚
866 822 880 837 2
896 818 929 848 &
938 826 988 848 aut
996 814 1106 846 officiis

144 867 254 896 debitis
265 885 273 899 ,
295 873 344 895 aut
353 873 451 893 rerum
461 859 677 891 neceffitatibus
686 861 759 900 saepe
769 862 904 893 eveniet,
927 868 958 889 ut
971 859 1004 888 δε
1017 858 1106 888 volu-

144 917 236 949 ptates
257 904 445 946 repudiandae
456 901 511 932 fint
521 922 528 935 ‚
551 902 584 931 δε
603 900 750 931 molestiae
774 911 836 931 non
847 899 1024 931 recusandae.
1047 901 1106 929 Ita-

144 960 204 991 que
223 958 323 979 earum
343 954 444 976 rerum
463 945 512 973 hic
534 951 652 974 tenetur
661 943 676 972 ὲ
696 943 827 982 sapiente
837 941 972 972 dcledms
981 961 989 975 ‚
1017 949 1049 971 ut
1057 948 1105 971 aut

142 989 314 1030 rejiciendis
335 985 538 1026 voluptatibus
556 985 696 1025 majoreis
718 985 789 1015 alias
806 984 1004 1025 consequatur
1017 1002 1027 1017 ‚
1056 990 1105 1012 aut

142 1030 326 1074 perferendis
345 1028 499 1059 doloribus
522 1028 694 1067 asperioreis
714 1027 845 1066 repellat.
871 1029 957 1057 Hanc
966 1035 1021 1067 ego
1032 1023 1103 1055 cum

142 1082 261 1105 teneam
271 1073 451 1102 sententiam
465 1089 472 1103 ‚
483 1069 556 1109 quid
568 1068 612 1099 est
623 1088 631 1102 ‚
644 1079 696 1099 cur
705 1076 822 1102 verear,
839 1072 850 1096 3
863 1078 901 1098 ne
915 1068 950 1099 ad
960 1077 1026 1099 eam
1039 1077 1102 1097 non

140 1113 249 1156 poffim
272 1111 500 1144 accommodare
514 1114 686 1151 Torquatos
705 1109 822 1140 nostros
835 1117 846 1138 ἒ
863 1120 939 1151 quos
960 1119 991 1140 tn
1002 1110 1104 1150 paullo

140 1157 210 1188 ante
222 1165 288 1186 tum
299 1156 476 1185 memoriter
491 1173 498 1186 ,
519 1162 583 1183 tum
596 1154 684 1183 etiarn
698 1162 763 1193 erga
774 1162 829 1182 nos
839 1152 935 1182 amice
948 1173 957 1185 ,
969 1152 1000 1182 δε
1012 1152 1102 1181 bene-

140 1199 213 1229 vole
224 1196 380 1239 collegisti.
393 1205 448 1225 nec
457 1205 508 1225 me
519 1204 619 1225 tamen
630 1193 772 1223 laudandis
781 1198 798 1220 4
809 1192 961 1233 majoribus
972 1194 1035 1222 meis
1045 1203 1105 1222 cor-

141 1238 239 1283 rupisti
253 1260 261 1273 ,
283 1250 338 1270 nec
359 1238 527 1277 segniorem
538 1237 573 1266 ad
583 1236 825 1276 respondendum
839 1235 1003 1266 reddidisti.
1027 1245 1103 1276 quo-

141 1293 209 1314 rum
226 1280 303 1312 faeta
323 1277 582 1320 quemadmodum
595 1298 603 1311 ,
623 1277 737 1318 quaeso,
749 1278 968 1318 interpretaris?
986 1279 1103 1308 Siccine

141 1334 194 1354 eos
205 1323 304 1354 censes
315 1330 363 1353 aut
374 1324 406 1351 in
416 1330 562 1351 armatum
574 1319 690 1350 hostem
702 1321 852 1359 impetum
862 1318 962 1349 feciss'e
975 1341 981 1353 ,
1007 1328 1056 1349 aut
1071 1320 1102 1348 in

142 1366 265 1398 liberos,
278 1374 327 1394 aut
338 1363 554 1403 insanguinem
566 1362 651 1391 suum
665 1370 724 1391 tam
737 1362 883 1391 crudeleis
891 1360 1014 1394 fuiss'esf
1025 1361 1105 1391 nihil

141 1417 176 1438 tit
197 1408 234 1438 de
260 1403 440 1435 utilitatibus
452 1423 459 1436 ‚
487 1404 564 1432 nihil
586 1412 618 1432 ut
628 1404 664 1432 de
673 1403 847 1433 commodis
860 1403 918 1432 suis
927 1405 1103 1444 cogitarent?

142 1453 183 1480 At
193 1449 222 1479 id
232 1448 334 1486 neferae
342 1445 589 1487 qm'demfaciunt‚
611 1442 626 1463 ⁶
638 1446 718 1474 utita
732 1452 837 1477 ruant,
860 1453 957 1485 itaque
968 1445 1102 1486 turbent,

137 1499 193 1524 m,
212 1499 312 1520 earum
332 1497 454 1519 motus,
476 1486 651 1525 &impetus
661 1485 722 1525 quo
732 1488 917 1524 pertineant,
937 1488 1000 1515 no'n
1012 1486 1103 1515 intel-

139 1534 278 1573 ligamus.
300 1538 331 1559 tu
341 1538 398 1559 tam
410 1528 544 1568 egregios
552 1530 633 1558 viros
646 1527 744 1557 censes
755 1536 849 1557 tantas
859 1537 904 1556 res
919 1525 1030 1567 geffisse
1042 1526 1102 1557 sine

139 1574 244 1604 causa?
264 1581 329 1612 quae
340 1570 431 1601 fuerit
443 1570 526 1599 causa
537 1589 544 1603 ‚
567 1579 642 1599 mox
654 1568 774 1599 videro:
792 1571 904 1599 interea
913 1570 971 1599 hoc
981 1569 1102 1599 tenebo:

141 1615 163 1645 fi
182 1614 222 1645 ob
243 1615 371 1654 aliquam
392 1612 509 1642 causam
531 1610 584 1641 ista
594 1632 602 1645 ‚
624 1621 688 1651 quae
697 1609 756 1640 fine
768 1610 862 1641 dubio
874 1611 1010 1656 praeclara
1020 1612 1100 1644 sunt,

138 1657 267 1688 fecerint
278 1675 285 1688 ,
296 1657 441 1685 virtutem
456 1654 500 1683 his
511 1662 562 1693 per
572 1654 703 1693 seipsam
715 1653 830 1683 causam
842 1662 906 1683 non
916 1651 1012 1683 fuisse.
1038 1661 1100 1683 tor-

137 1708 228 1740 quem
240 1697 368 1728 detraxit
382 1695 469 1725 hosti.
494 1696 527 1725 &
539 1694 700 1735 quidemse
712 1703 788 1725 texit
800 1714 807 1728 ,
832 1704 869 1725 ne
883 1696 1028 1726 interiret.
1062 1698 1102 1726 At

138 1749 283 1781 magnum
294 1738 460 1779 periculum
474 1737 556 1769 adiit,
574 1739 605 1766 in
617 1737 711 1767 oculis
721 1736 845 1777 quidem
857 1738 1015 1768 exercitus.
1027 1738 1101 1778 quid

137 1792 176 1812 ex
196 1792 232 1812 eo
249 1781 424 1811 consecutus
442 1777 505 1809 est?
525 1778 697 1811 7Laudem,
720 1779 753 1808 ὃς
772 1780 939 1807 caritatem:
957 1788 1023 1819 quae
1033 1780 1102 1810 sunt

139 1825 206 1853 vita
221 1823 279 1864 sine
306 1829 383 1850 metu
403 1820 523 1861 degenda
538 1820 661 1861 praefidia
673 1819 844 1858 firmiffima.
869 1821 982 1850 Filium
1001 1830 1099 1851 morte

137 1866 280 1896 multavit
297 1875 302 1893 2
322 1862 341 1893 fi
356 1862 414 1893 fine
423 1863 507 1893 causa
519 1882 527 1896 ‚
547 1862 663 1892 nollem
675 1871 725 1891 me
738 1862 774 1892 ab
787 1871 823 1891 eo
837 1870 957 1894 ortum„
968 1870 1027 1892 tam
1040 1864 1099 1893 im-

136 1916 270 1947 portuno
279 1926 287 1939 ,
309 1914 431 1945 tamque
450 1904 574 1934 crudeli.
598 1902 640 1933 fin
660 1912 692 1933 ut
711 1903 816 1934 dolore
828 1903 1009 1943 suofiznciret
1018 1905 1099 1933 mili-

137 1950 205 1978 taris
220 1948 329 1990 imperii
345 1947 533 1986 disciplinam,
552 1947 778 1986 exercitumque
793 1947 825 1975 in
833 1944 1004 1986 graviffimo
1018 1945 1099 1978 bello

137 1988 403 2021 animadversionis
417 1997 500 2018 metu
511 1990 698 2021 continerem
711 1988 795 2018 saluti
806 1987 960 2027 prospexit
967 1989 1095 2023 civium,

137 2043 198 2076 qua
217 2030 389 2072 intedigebar
405 2031 539 2059 contineri
550 2030 643 2069 suam.
668 2032 767 2070 Atque
778 2030 840 2059 haec
851 2031 926 2059 ratio
937 2029 993 2059 late
1004 2039 1095 2070 patet.

139 2078 174 2105 in
184 2085 244 2115 quo
254 2077 338 2104 enim
351 2073 487 2102 maxime
497 2070 770 2111 consuevitjaaare
782 2070 875 2102 vestra
885 2071 911 2101 se
921 2074 1016 2102 oratio
1026 2092 1035 2106 ‚
1048 2081 1096 2104 tua

137 2117 302 2157 praesertim
315 2135 323 2149 ‚
336 2117 388 2155 qui
401 2113 534 2144 studiose
543 2113 854 2154 antiquapersequeris
865 2132 874 2145 ‚
894 2114 979 2143 claris
991 2114 1023 2144 δε
1034 2114 1096 2145 for-

137 2158 218 2189 tibus
228 2159 300 2188 viris
311 2155 594 2187 commemorandis
605 2175 613 2188 ‚
632 2165 799 2196 eorumque
817 2154 904 2184 fastis
917 2165 980 2185 non
992 2157 1096 2186 emolu—

135 2207 228 2230 mento
238 2200 340 2241 aliquo
351 2218 359 2232 ‚
371 2198 419 2228 sed
431 2196 519 2238 ipsius
529 2196 669 2233 honestata
677 2197 719 2226 der
726 2207 769 2226 ore
779 2217 787 2230 ‚
808 2197 984 2231 laudandis,
1005 2198 1036 2228 id
1047 2208 1095 2228 to-

133 2250 200 2272 tum
211 2245 354 2272 evertitur
363 2250 399 2270 eo
408 2239 527 2270 delean
535 2248 634 2269 rerum
646 2259 655 2272 ‚
669 2249 760 2280 quem
772 2237 867 2270 modo
878 2238 961 2273 dixi,
977 2240 1093 2271 consti-

134 2292 200 2314 tuto
210 2304 218 2318 ‚
239 2292 272 2314 ut
284 2292 333 2313 aut
346 2282 512 2322 voluptates
523 2283 701 2311 omittantur
711 2301 719 2314 ,
738 2282 889 2320 majorum
901 2282 1091 2322 voluptatum

134 2325 390 2366 adipiscendarum
400 2324 483 2354 causa
494 2343 502 2357 ,
523 2333 572 2353 aut
581 2323 702 2355 dolores
711 2323 905 2362 suscipiantur
918 2342 927 2357 ,
940 2325 1090 2364 majorum

74 2384 85 2407 1
101 2384 110 2408 χ
134 2367 276 2397 dolorum
287 2365 528 2407 effugiendorum
540 2367 638 2405 gratia.
652 2365 708 2395 Sed
719 2365 754 2395 de
764 2365 911 2396 clarorum
924 2366 1089 2397 hominum

1989 142 2107 178 1001

1155 197 1210 226 erit
1221 199 1305 229 enim
1318 199 1382 238 jam
1398 199 1435 230 de
1450 203 1594 232 omnium
1612 204 1762 235 virtutum
1778 205 1864 236 cursu
1882 205 1917 237 ad
1928 206 2113 248 voluptatem

1154 242 1292 278 proprius
1302 239 1463 272 differendi
1474 244 1569 274 locus.
1585 255 1667 275 nunc
1677 255 1776 279 autem
1788 248 1946 288 explicabo
1957 269 1966 282 ‚
1977 250 2115 289 voluptas

1155 279 1215 318 ipsa
1227 300 1236 314 ‚
1247 291 1313 322 quae
1328 303 1337 316 ,
1347 284 1503 325 qualisque
1514 285 1548 317 sit
1558 306 1567 320 ,
1579 296 1612 317 ut
1621 288 1742 319 tollatur
1752 299 1832 319 error
1842 293 1945 321 omnis
1957 293 2118 331 imperito-

1154 330 1237 350 rum:
1259 325 1498 367 intelligaturque
1513 337 1545 358 ea
1559 349 1568 361 ,
1586 339 1651 369 quae
1664 330 1829 371 voluptaria
1841 352 1849 365 ,
1869 332 2008 367 deliram,
2030 334 2115 363 mollis

1154 361 1457 406 habeaturdisciplina
1471 388 1479 402 ‚
1501 369 1590 410 quam
1600 373 1718 410 gravis,
1739 373 1830 413 quam
1844 375 1999 408 continens,
2022 375 2118 416 quam-

1145 403 1244 450 sbitera
1259 404 1308 436 sit:
1331 417 1395 438 non
1408 411 1492 439 enim
1505 413 1579 441 lianc
1593 413 1686 443 solam
1702 414 1873 454 sequimur,
1895 425 1959 456 quae
1972 416 2114 448 suavitate

1152 444 1250 486 aliqua
1268 456 1403 479 naturam
1415 452 1506 490 ipsam
1519 462 1641 488 movet,
1663 455 1696 485 δε
1706 456 1971 495 cumjucunditate
1981 459 2110 498 quadam

1153 489 1313 527 percipitur
1323 490 1454 521 sensibus
1467 513 1475 526 .
1495 494 1543 524 sed
1564 489 1577 513 ⁸
1589 498 1755 526 maximam
1768 497 1850 527 illam
1862 499 2047 539 voluptatem
2060 501 2115 531 ha-

1134 552 1137 553 r
1152 528 1260 574 bemus
1270 549 1278 563 ,
1290 541 1356 571 quae
1367 536 1529 573 percipitur
1538 555 1545 569 ,
1566 539 1654 567 omni
1666 539 1769 568 dolore
1778 539 1923 569 detralito.
1947 551 2016 571 nam
2028 551 2111 582 quo«

1152 579 1234 616 niam
1258 581 1334 602 CUM
1354 584 1543 606 PRIVAMUR
1561 578 1666 609 dolore
1679 600 1688 613 ,
1711 580 1771 620 ipsa
1792 580 1987 616 liberatione,
2007 583 2040 613 δε
2059 593 2110 614 va«

1150 621 1257 642 euitare
1277 617 1381 645 omnis
1401 617 1547 648 molestiae
1563 621 1727 659 gaudemus
1739 642 1747 655 ‚
1765 632 1859 652 omne
1868 632 1969 653 autem
1981 624 2010 653 id
2023 645 2032 657 ,
2054 635 2108 665 quo

1145 654 1303 692 gaudemus
1313 675 1321 689 ,
1341 657 1473 698 voluptas
1484 658 1527 688 ef?
1537 679 1545 693 ,
1567 670 1598 691 ut
1607 672 1702 693 omne
1714 663 1742 693 id
1754 684 1762 697 ,
1784 674 1839 705 quo
1853 665 2016 705 offendimur
2023 666 2110 695 dolor.-

1149 695 1265 742 doloris
1286 701 1389 728 omnis
1406 702 1533 738 privatio
1552 702 1631 733 reete
1655 707 1810 736 nominata
1828 706 1870 737 est
1890 708 2035 747 voluptas.
2067 711 2111 737 Ut

1151 746 1234 767 enim
1253 738 1324 768 cum
1343 740 1434 773 cibo,
1457 741 1489 771 &
1502 745 1626 781 potione
1640 744 1752 780 fames,
1775 746 1893 788 sitisque
1912 749 2032 789 depulsa
2051 748 2107 782 est..

1148 778 1208 817 ipsa
1218 779 1363 811 detrafflo
1374 783 1775 817 molestiaecousecutionem
1787 787 1870 819 affert
1881 791 2057 830 voluptatis:
2071 789 2110 821 sic

1147 821 1179 849 in
1192 823 1279 851 omni
1300 833 1331 852 re
1349 823 1466 854 doloris
1478 828 1593 856 amorio
1606 827 1815 859 succeffionem
1830 830 1923 861 efficit
1933 834 2105 872 voluptatis,

1149 862 1248 903 itaque
1262 874 1325 894 non
1335 865 1449 905 placuit
1461 869 1590 907 Epicuro
1602 889 1610 902 ‚
1630 869 1753 899 medium
1763 871 1810 907 effe
1820 873 1955 912 quiddam
1967 877 2044 904 inter
2052 875 2113 905 do-

1154 904 1262 939 lorem.
1276 906 1307 936 &
1319 908 1515 947 voluptatem.
1531 909 1612 940 Illud
1624 921 1706 941 enim
1718 913 1827 952 ipsum,
1840 915 1919 953 quod
1930 916 2108 955 quibusdam

1148 946 1285 978 medium
1298 948 1448 983 videtur‚9
1459 950 1529 981 curn
1544 954 1632 982 omni
1642 953 1748 984 dolore
1756 964 1851 988 careh
1867 966 1954 986 omni
1965 967 2028 988 non
2039 968 2113 988 mo·-

1149 987 1188 1017 db
1201 990 1384 1030 voluptatem
1404 991 1480 1025 effe,
1503 993 1609 1024 verum
1628 997 1716 1025 etiam
1738 996 1888 1027 summam
1908 999 2113 1039 voluptatems

1146 1030 1281 1076 quisquis
1292 1034 1374 1062 enirn
1388 1034 1486 1067 sentit.
1499 1036 1759 1075 quemadmodum
1775 1036 1808 1068 sit
1823 1037 1957 1073 afflans,
1969 1051 2039 1071 eum
2054 1052 2110 1072 ne·-

1147 1070 1222 1110 cesse
1236 1072 1278 1104 est
1290 1076 1384 1105 autin
1399 1076 1552 1116 voluptate
1563 1076 1618 1107 effe
1630 1099 1639 1112 ‚
1660 1081 1750 1110 autin
1763 1079 1877 1111 dolote.
1902 1085 1990 1112 omni
2001 1093 2102 1113 autem
2140 1094 2155 1120 ι

1146 1116 1315 1153 privatione
1335 1117 1451 1147 doloris
1466 1127 1549 1158 putat
1559 1122 1704 1159 Epicurus
1719 1124 1871 1152 terminari
1888 1124 2037 1155 summam
2053 1135 2109 1155 von

1145 1156 1286 1197 luptatem
1300 1169 1304 1187 ;
1315 1168 1346 1189 ut
1356 1158 1455 1199 possea
1465 1161 1576 1189 variari
1587 1162 1718 1203 voluptas
1727 1183 1735 1197 ‚
1748 1162 1938 1206 distinguique
1947 1164 2045 1205 poffit3
2056 1176 2109 1197 au—

1145 1201 1226 1238 geri,
1248 1200 1483 1242 amplificarique
1501 1212 1566 1232 non
1584 1202 1679 1243 poffit.
1704 1208 1742 1235 At
1759 1208 1848 1236 etiam
1869 1209 2018 1242 Athenis,
2041 1218 2073 1238 ut
2091 1211 2106 1238 a

1144 1250 1225 1280 patre
1237 1242 1406 1277 audiebam,
1418 1243 1523 1278 facete,
1537 1245 1570 1275 δε
1580 1245 1693 1276 urbane
1710 1249 1739 1266 ¹0
1747 1249 1864 1278 Stoicos
1876 1249 2023 1281 irridente
2032 1250 2107 1285 ,sta--

1145 1292 1194 1314 tua
1213 1282 1255 1314 est
1275 1286 1306 1314 in
1317 1287 1492 1319 Ceramico,
1514 1286 1666 1327 Chrysippi
1680 1288 1829 1323 sedentis,
1848 1290 1982 1329 porrecta
1993 1302 2103 1322 manu:

1166 1336 1209 1356 uae
1221 1335 1328 1356 manus
1346 1325 1490 1367 significet
1504 1329 1592 1358 illum
1608 1332 1640 1359 in
1661 1331 1716 1360 hac
1727 1329 1785 1361 effi}
1803 1333 2006 1373 rogatiuncula
2022 1334 2105 1365 dele*

1177 1376 1270 1397 atum.
1294 1370 1380 1399 Num
1392 1369 1537 1410 quidnam
1550 1380 1657 1401 manus
1667 1381 1715 1402 tua
1726 1371 1763 1403 sic
1773 1372 1894 1408 affecta„
1905 1375 2107 1415 quemadmo-

1145 1408 1218 1439 dum
1230 1408 1334 1441 affe-&a
1347 1421 1428 1441 nunc
1438 1411 1480 1443 est
1491 1434 1499 1446 ‚
1512 1411 1674 1443 desiderat?
1698 1416 1787 1444 Nihil
1801 1416 1880 1446 sane.
1904 1421 1944 1447 At
1956 1438 1964 1449 ,
1986 1416 2006 1447 fi
2016 1418 2106 1448 volu-

1143 1459 1206 1490 ptas
1225 1449 1297 1481 ess‘et
1313 1452 1430 1483 bonurn
1444 1473 1452 1485 ,
1473 1453 1659 1485 desideraret.
1681 1458 1724 1486 Ita
1736 1457 1836 1487 credo.
1859 1460 1934 1488 Non
1952 1458 1996 1489 est
2014 1461 2105 1500 igitur

1142 1493 1279 1531 voluptas
1297 1493 1424 1524 bonum.
1448 1497 1518 1525 Hoc
1536 1506 1568 1524 ne
1579 1494 1710 1535 star-icam
1727 1498 1842 1538 quidem
1860 1498 2004 1528 dac‘ruram
2023 1510 2104 1540 patet

1143 1533 1253 1573 ajebat,
1265 1533 1285 1563 si
1296 1535 1380 1576 loqui
1389 1534 1494 1576 poss‘et.
1511 1538 1690 1568 conclusum
1704 1539 1746 1569 est
1755 1542 1838 1569 enim
1849 1550 1953 1572 contra
1964 1544 2105 1581 Cyrenai*-

1142 1585 1195 1605 cos
1206 1576 1274 1606 satis
1282 1577 1366 1606 acute
1382 1588 1388 1606 :
1404 1579 1482 1607 nihil
1493 1578 1527 1607 ad
1539 1581 1714 1619 Epicurum.
1737 1590 1807 1610 nam
1818 1580 1838 1612 si
1850 1592 1883 1611 ea
1895 1582 1956 1612 sola
1966 1583 2106 1623 voluptas

1142 1615 1231 1652 esset,
1253 1627 1318 1658 quae
1337 1617 1416 1659 quafi
1431 1619 1564 1651 titillaret
1577 1621 1697 1655 sensuS,
1717 1631 1749 1651 ut
1763 1624 1802 1652 ita
1816 1623 1913 1653 dicam
1927 1644 1935 1658 ‚
1958 1625 1991 1654 &
2002 1625 2037 1655 ad
2051 1635 2106 1655 eos

1141 1669 1212 1690 cum
1233 1660 1373 1690 suavitate
1390 1659 1544 1694 afflueret,
1568 1662 1601 1692 ὃς
1622 1663 1793 1694 illaberetur
1811 1675 1816 1694 :
1846 1675 1902 1696 nec
1919 1676 2027 1697 manus
2045 1666 2103 1697 effe

1143 1704 1167 1721 ¹¹
1181 1710 1324 1732 contenta
1338 1701 1432 1742 poss‘et
1446 1703 1506 1733 ulla
1516 1706 1658 1734 vacuitate
1668 1704 1781 1735 doloris
1796 1704 1856 1737 fine
1864 1708 2002 1747 jucundo
2016 1718 2104 1739 motu

1141 1743 1314 1784 voluptatis,
1339 1743 1381 1775 sin
1392 1754 1491 1775 autem
1504 1745 1621 1776 summa
1635 1748 1771 1787 voluptas
1781 1748 1823 1778 est
1834 1768 1842 1781 ‚
1859 1758 1892 1779 ut
1903 1751 2031 1789 Epicuro
2040 1750 2105 1790 pla-

1138 1794 1187 1816 cet
1197 1805 1206 1819 ,
1218 1786 1298 1816 nihil
1309 1786 1428 1817 dolere:
1449 1790 1585 1827 primum
1601 1788 1656 1818 tibi
1669 1789 1749 1819 recle
1761 1810 1768 1822 ‚
1782 1789 1941 1831 Chrysippe
1951 1811 1960 1825 ³
1979 1793 2103 1824 concess

1143 1827 1208 1857 sum
1220 1827 1280 1861 est,
1292 1829 1371 1861 nihil
1381 1826 1542 1859 desiderare
1553 1839 1677 1860 manum
1691 1851 1698 1864 ‚
1711 1831 1781 1861 cum
1793 1834 1833 1862 ita
1844 1831 1914 1862 ess'et
1923 1832 2027 1865 affeeka
2039 1845 2044 1863 z
2056 1835 2102 1865 st:-

1141 1869 1274 1900 cundum
1287 1879 1352 1900 non
1361 1869 1440 1900 redite
1456 1891 1464 1902 .
1481 1869 1500 1900 sl
1511 1871 1647 1911 voluptas
1656 1871 1727 1902 effer
1737 1873 1853 1904 bonum
1866 1894 1876 1908 ‚
1887 1874 1974 1905 fuisse
1986 1875 2103 1907 deside--

1139 1919 1279 1941 raturam.
1302 1912 1409 1942 iccirco
1422 1914 1507 1942 enim
1522 1922 1586 1943 non
1603 1912 1777 1945 desideraret
1788 1936 1796 1948 ,
1818 1926 1888 1956 quia
1900 1936 1908 1949 ,
1928 1918 2004 1958 quod
2013 1918 2100 1948 dolore

1138 1960 1213 1982 caret
1225 1973 1233 1987 ‚
1257 1951 1287 1981 id
1303 1954 1333 1981 in
1353 1953 1501 1994 voluptate
1522 1953 1573 1983 efl-
1619 1958 1799 1986 Extremum
1814 1966 1914 1988 autem
1928 1958 1985 1989 elle
2000 1960 2099 1990 bono-
2116 1967 2130 1992 ·1
2145 1970 2160 1993 z

1138 2005 1206 2025 rum
1224 1995 1411 2035 voluptatem
1423 2015 1431 2029 ,
1453 2005 1491 2026 ex
1505 1997 1563 2026 hoc
1573 1995 1660 2027 facile
1670 1999 1795 2038 perspici
1806 2000 1910 2038 potest.
1934 2001 2100 2034 constitua-

1139 2046 1208 2067 mus
1217 2037 1349 2078 aliquem
1360 2039 1477 2079 magnis
1487 2057 1495 2071 ‚
1517 2039 1623 2069 multis
1634 2060 1642 2073 ,
1663 2043 1813 2080 perpetuis
1827 2041 1977 2073 fruentem
1989 2044 2022 2073 &
2032 2047 2098 2074 :ini—

1137 2089 1191 2109 mo
1204 2099 1212 2112 ‚
1227 2079 1260 2110 &
1269 2088 1393 2119 corpore
1403 2080 1607 2120 voluptatibus
1618 2101 1626 2114 ‚
1648 2082 1735 2112 nullo
1746 2082 1849 2113 dolore
1862 2094 1915 2114 nec
1927 2085 2100 2124 impedienu

1138 2130 1165 2152 te
1177 2141 1185 2155 ‚
1207 2131 1263 2152 nec
1280 2121 1493 2161 impendente:
1514 2132 1605 2162 quem
1617 2123 1735 2153 tandem
1751 2126 1809 2155 hoc
1819 2124 1892 2155 statu
1903 2127 2099 2165 praestabilio—

1135 2173 1199 2193 rem
1213 2183 1221 2197 ,
1233 2172 1283 2194 aut
1294 2165 1387 2203 magis
1398 2164 1600 2202 expetendum
1614 2164 1768 2204 poss'umus
1779 2166 1876 2197 dicere
1889 2168 2000 2199 ?ineffe
2011 2179 2097 2200 enim

1135 2204 1251 2236 neceffe
1262 2203 1347 2235 estin
1358 2214 1406 2239 e0‚
1425 2208 1452 2224 ¹²
1461 2215 1511 2246 qui
1523 2208 1563 2236 ita
1575 2205 1607 2236 fi:
1618 2205 1793 2241 affe6hxs,&
1805 2207 1976 2240 firmitatem
1988 2213 2096 2245 animi„

1135 2257 1190 2278 nec
1201 2256 1332 2277 mortem
1349 2266 1357 2280 ‚
1374 2256 1429 2277 nec
1438 2247 1576 2277 dolorem
1590 2250 1725 2278 timentis
1737 2269 1744 2282 ,
1764 2249 1846 2290 quod
1858 2260 1940 2281 mors
1953 2253 2037 2283 sensu
2048 2264 2097 2284 ca-

1134 2299 1193 2320 reat
1205 2300 1209 2318 :
1221 2288 1296 2318 dolvr
1306 2290 1338 2318 in
1349 2289 1566 2330 longinquitate
1578 2309 1586 2323 ‚
1598 2290 1681 2319 levis:
1694 2288 1875 2332 ir'rgravitate
1887 2313 1894 2326 ‚
1909 2292 1995 2323 brevis
2006 2295 2095 2325 soleat

1134 2330 1209 2362 effe:
1225 2340 1263 2361 -ut
1278 2330 1342 2368 ejus
1356 2331 1598 2371 magnitudinem
1610 2333 1744 2363 celeritas
1755 2353 1764 2366 ‚
1781 2332 2008 2365 diuturnitatem
2020 2336 2095 2366 alle*

1134 2375 1215 2404 vatio
1223 2373 1405 2404 consoletur.
1433 2373 1479 2403 Ad
1492 2373 1604 2404 eacum
1616 2374 1728 2405 accedit
1740 2394 1748 2408 ‚
1763 2384 1794 2405 ut
1803 2386 1889 2417 neque
1899 2376 2031 2407 divinum
2038 2388 2095 2407 nn-

133 2408 219 2441 fietis
233 2408 429 2441 illustribus,-
441 2408 475 2438 &
487 2406 622 2448 gloriosis
632 2426 640 2441 a
661 2407 728 2438 satis
744 2407 802 2438 hoc
818 2407 888 2439 1000
905 2407 1024 2439 dhstum
1042 2407 1087 2440 s1t·
1128 2425 1188 2446 men
1200 2416 1325 2449 horrent,
1338 2424 1393 2446 nec
1401 2417 1562 2456 praeteritas
1571 2417 1739 2457 voluptates
1749 2416 1869 2448 effluere
1881 2421 2007 2459 patiatur
2021 2439 2028 2453 ‚
2044 2430 2095 2450 ea-

171 2557 194 2574 ι.
214 2550 277 2581 Est»
287 2557 357 2582 quam
365 2549 428 2573 nihil
436 2546 560 2581 molestie]
576 2546 679 2573 ViCtor.
690 2546 733 2573 ed.
744 2546 855 2581 qua,sed
866 2547 981 2574 alterurn
994 2548 1085 2576 visitur

131 2585 157 2613 in
170 2583 290 2611 omnibus
303 2583 371 2608 Pall.
385 2583 552 2618 aliorumque
562 2583 626 2610 item
637 2583 751 2619 scriptis.

167 2630 195 2646 2.
216 2623 247 2645 Er
258 2626 299 2645 aut
310 2619 384 2652 officiis
397 2619 477 2644 debitis
489 2637 497 2649 ‚
516 2626 559 2644 am
569 2629 646 2645 rerum
654 2618 769 2652 maffia]
790 2618 950 2646 Posteriores
962 2619 1023 2646 edd.
1034 2620 1089 2655 eje-

131 2666 189 2684 cere
200 2656 311 2692 primam
332 2654 451 2680 ruculain
464 2673 472 2685 ,
494 2664 552 2689 qnae
571 2655 596 2681 in
615 2654 739 2681 omnibus
760 2654 815 2680 mss‘.
837 2656 983 2683 Lambinus
1000 2664 1087 2683 :otum

131 2693 197 2721 istud
216 2692 331 2718 alienum
343 2690 460 2727 putabat.
481 2700 532 2717 non
543 2690 655 2727 putasset
668 2709 676 2722 ‚
696 2691 902 2721 mutato&in1·.
921 2692 994 2728 quod
1013 2693 1087 2720 vale-

129 2737 187 2761 ret,
197 2729 223 2755 id
231 2730 275 2753 ert.

168 2773 194 2790 ⁸.
215 2768 250 2790 Ne
268 2764 301 2789 ad
318 2772 370 2788 eam
386 2772 431 2787 non
445 2760 547 2796 pegffim]
569 2761 693 2788 Lambini
713 2761 842 2788 editio&
862 2762 928 2790 Aldi
949 2770 1024 2790 vetus
1044 2775 1088 2790 non

130 2785 295 2828 exgluserant
308 2819 316 2832 ,
337 2798 408 2835 quod
421 2808 506 2825 «amen
526 2797 629 2825 admilit
639 2798 775 2825 Viam-ius
787 2817 796 2830 ,
816 2798 959 2835 visiturque
980 2801 1005 2827 in
1017 2801 1087 2827 Pall.

132 2845 206 2864 (elmi.

166 2879 193 2905 4.
213 2873 348 2906 Major-ihm
357 2871 411 2897 meis
422 2870 568 2904 corrupisti]
590 2869 850 2897 Pall.nostriomnes
869 2870 900 2897 ad
912 2879 992 2897 unuin
1012 2874 1087 2898 corri-

127 2910 218 2941 puisti3
237 2908 278 2934 cui
289 2907 398 2934 letstioni
408 2908 487 2933 etiam
500 2906 557 2932 suus
568 2907 603 2933 cst
615 2905 713 2938 sensus,
725 2916 809 2942 neque
819 2907 840 2933 is
852 2906 957 2942 quidem
971 2908 1084 2943 ineptus.

132 2943 173 2969 sed
185 2943 242 2969 heic
255 2943 331 2979 plani:
350 2952 402 2969 non
421 2942 543 2979 quadrat.
562 2950 703 2975 corrumpere
714 2943 785 2969 enim
805 2943 840 2970 est
860 2942 1031 2970 metaretur-e.
1052 2943 1086 2970 fic

132 2981 235 3011 corrupti
249 2981 361 3010 parietes.
380 2978 536 3005 adnotatum
547 2979 682 3014 Scaligero
693 2979 791 3005 nostro.

171 3024 197 3048 5.
217 3015 531 3050 Uinihildeuriliratibm.]
554 3015 638 3041 I'nlat.
650 3014 803 3041 fecilior-um
817 3015 881 3041 nihil
895 3014 982 3042 hibet.
1001 3015 1085 3051 potest

134 3058 223 3077 tamen
244 3050 330 3076 locum
350 3049 422 3076 suum
435 3051 521 3077 tueri:
545 3060 629 3087 neque
649 3050 776 3079 mutanda
800 3061 851 3078 vox
864 3052 997 3079 ulzimain
1017 3054 1087 3078 'volu-

129 3088 249 3120 Jvtatibm,
259 3093 289 3111 ut
300 3084 431 3115 Lambiuo
441 3086 551 3121 placuit.

170 3123 197 3148 6.
218 3125 247 3148 Ut
255 3125 291 3147 ita
303 3128 397 3153 ruant,
415 3124 496 3155 itaque
513 3124 634 3157 turbem]
657 3124 694 3155 Ea
703 3123 740 3151 est
759 3132 864 3160 quoque
876 3123 987 3150 consona
1006 3121 1087 3149 lcetio

129 3157 202 3187 Pin.
214 3159 305 3186 trium.
326 3166 386 3185 uam
398 3158 493 3186 tertius
506 3177 514 3192 ‚
532 3161 763 3194 itaquerrnlmmnr.
783 3159 989 3196 quint-&sexu
1008 3167 1089 3195 traque

1963 2470 2095 2503 rumque

1129 2554 1256 2578 turbentur
1265 2572 1273 2584 ,
1286 2551 1421 2587 quomodo
1431 2551 1474 2578 ed.
1486 2553 1593 2579 Camer.
1604 2561 1664 2580 nain
1674 2552 1788 2581 Vicini-ii
1799 2561 1870 2589 atque
1879 2557 1982 2582 turbent.
2003 2557 2090 2593 poste-

1131 2589 1227 2619 riores,
1239 2596 1310 2623 atque
1325 2590 1463 2615 rus-henna.

1165 2638 1193 2665 7.
1214 2632 1320 2656 Laudem
1329 2641 1357 2657 ac
1369 2632 1521 2665 caritatem]
1544 2633 1584 2658 lta
1595 2631 1650 2658 sere
1663 2632 1730 2660 Pall.
1750 2633 1873 2660 meliores
1888 2653 1895 2666 ‚
1916 2644 1968 2662 nou
1987 2636 2091 2663 clm-isa-

1130 2674 1185 2698 rem,
1196 2666 1267 2702 quod
1279 2667 1362 2693 miror
1373 2667 1484 2702 potuiss'e
1496 2668 1600 2702 placere
1612 2670 1707 2695 Bruto.

1167 2709 1194 2736 8.
1215 2714 1353 2736 Maximam
1364 2712 1428 2736 illam
1445 2712 1590 2742 voluptatem
1607 2712 1744 2745 hahemus]
1769 2711 1882 2740 Videtur
1898 2714 2011 2740 habemur
2019 2714 2089 2751 post..

1132 2752 1188 2771 tum
1201 2755 1248 2781 pro
1263 2756 1373 2777 avemus,
1389 2753 1433 2772 aut
1447 2755 1497 2772 'fox
1511 2753 1565 2772 totu
1577 2746 1635 2773 tolli
1647 2755 1761 2782 poterat.

1165 2796 1194 2823 9.
1205 2792 1263 2814 Cum
1272 2794 1332 2816 omni
1341 2790 1412 2815 dolore
1422 2790 1513 2824 taz-cin]
1535 2789 1602 2816 l‘all.
1612 2799 1655 2816 oni
1661 2800 1703 2816 nes
1714 2798 1816 2823 careret,
1825 2790 1897 2826 quod
1909 2792 1936 2817 &
1946 2792 1972 2819 in
1984 2792 2090 2819 Maffoeo

1130 2823 1281 2852 inventum.
1301 2826 1409 2852 Paullus
1421 2827 1557 2852 Manutius
1568 2827 1723 2860 conjiciebat
1734 2846 1743 2858 ‚
1754 2826 1846 2862 littera
1856 2827 1949 2854 ultima
1958 2827 2089 2856 detraCtQ

1127 2858 1286 2897 abjectoque
1306 2861 1387 2888 verbo
1397 2863 1512 2897 primore
1525 2881 1533 2893 ‚
1552 2866 1612 2888 omni
1621 2863 1693 2888 dolore
1703 2872 1791 2889 carere.
1812 2862 1884 2899 quod
1902 2863 1985 2900 ipsum
1995 2865 2081 2892 statim

1129 2896 1275 2924 Lambinus
1287 2898 1374 2927 textui
1386 2898 1490 2925 intulit.

1167 2948 1210 2966 ιο.
1228 2941 1460 2975 &ahorn-ridente]
1487 2940 1793 2978 '1·0fi111isc1-iptus,item
1810 2943 1958 2979 Pal.prim.
1970 2950 2093 2971 tertar-

1136 2977 1236 3002 ridente.

1168 3025 1177 3041 ι
1186 3025 1209 3042 ι.
1225 3018 1340 3043 Contenta
1347 3017 1415 3049 pofflt
1425 3017 1472 3042 nlla
1482 3018 1633 3052 vacuitate]
1655 3017 1815 3045 Gulielmius
1828 3018 1970 3054 legendum
1983 3019 2092 3055 putabam

1127 3053 1178 3077 illa.
1199 3052 1311 3079 Palatini
1324 3054 1389 3079 nihil
1403 3053 1504 3080 ruri-‚uit
1513 3061 1609 3090 praeter
1619 3054 1734 3090 primum
1747 3074 1755 3088 ,
1774 3055 1800 3081 in
1813 3064 1866 3090 quo
1877 3059 2012 3091 connpqgfi't
2025 3076 2032 3089 ‚
2050 3066 2089 3082 nc:

1129 3090 1180 3113 ulla
1197 3094 1246 3119 pai·
1264 3092 1400 3114 concursare.

1130 3158 1146 3187 b
1168 3131 1210 3162 ¹².:
1231 3125 1278 3159 ἕω
1296 3127 1332 3152 im
1344 3126 1376 3160 sit
1397 3124 1532 3161 affinia]
1561 3126 1703 3164 Resspiuut
1720 3126 1807 3157 isthac
1828 3127 2039 3160 additamentum
2059 3127 2094 3153 lin

1148 3167 1222 3191 l'iu'ssq

1998 3207 2008 3225 1
2015 3218 2019 3225 Α
2032 3196 2099 3233 Q'tl
