2297 3389
477 146 736 192 onim-xo
774 158 837 192 in
875 144 926 193 L⁴
964 145 1345 193 Garamam
1383 145 1672 211 Quantis.

450 290 1027 356 M.TULLM

127 496 252 608 L.
481 394 2056 607 CATIINLINAM

1123 297 1731 357 CMOERONNJ

764 636 1402 712 QUARTA2

403 737 896 801 HABITA

1009 737 1136 797 1N
1248 733 1774 797 SENATU.

281 874 698 925 ORATIO
803 870 1890 920 VICESIMASECUNDA⁰

385 1077 449 1097 non
460 1065 561 1098 solum
573 1065 609 1096 de
619 1065 735 1100 vestro,
757 1076 789 1096 ac
807 1063 1002 1106 reip.verum
1022 1073 1066 1095 et-

359 1117 363 1120 *
383 1110 445 1139 iam
457 1129 465 1143 ,
488 1106 509 1138 si
527 1108 559 1138 id
573 1107 732 1148 depulsum
751 1107 784 1138 sit
797 1128 805 1142 ‚
824 1108 856 1137 de
873 1118 930 1136 meo
945 1106 1067 1149 periculo

385 1149 442 1181 effe
453 1150 609 1181 sollicitos.
633 1149 684 1181 Est
694 1149 914 1190 mihijucunda
924 1151 956 1179 in
967 1150 1067 1182 malis,

387 1193 420 1223 &
428 1201 507 1234 grata
524 1194 557 1222 in
567 1191 670 1222 dolore
681 1212 690 1226 ‚
710 1191 804 1222 vestra
814 1202 880 1233 erga
897 1201 946 1221 me
958 1191 1068 1221 volun-

383 1243 442 1265 tas:
455 1234 504 1265 sed
520 1243 586 1264 eam
598 1254 606 1267 ,
621 1244 673 1274 per
681 1233 977 1267 deosimmortaleis‚
987 1243 1070 1274 quae-

103 1276 137 1307 so
147 1296 155 1310 ,
171 1275 324 1316 deponite,
335 1286 422 1318 atque
433 1276 521 1307 obliti
533 1277 632 1307 salutis
643 1286 717 1306 meae
730 1296 738 1310 ‚
760 1275 796 1306 de
806 1276 894 1306 vobis
905 1295 914 1309 ‚
935 1285 968 1305 ac
978 1275 1015 1305 de
1030 1276 1068 1304 li-

103 1317 185 1348 beris
194 1317 298 1348 vestris
308 1321 445 1359 cogitate.
473 1319 554 1349 Mihi
563 1317 687 1359 quidem
699 1316 719 1348 fi
735 1319 798 1348 haec
810 1317 948 1348 conditio
959 1317 1069 1347 consu-

105 1360 180 1390 latus
191 1359 255 1390 data
264 1359 306 1391 est
316 1380 324 1394 ‚
344 1369 377 1390 ut
386 1361 508 1390 omneis
520 1359 691 1391 acerbitates
703 1379 711 1392 ‚
723 1361 846 1390 omneis
853 1359 985 1392 dolores,
1003 1368 1070 1388 cru-

104 1402 254 1443 ciatusque
265 1401 429 1442 perferrem
441 1414 451 1437 3
469 1401 562 1432 feram
574 1411 638 1431 non
651 1400 751 1432 solum
762 1401 880 1432 fortiter
889 1421 898 1435 ,
918 1401 968 1431 sed
978 1402 1069 1431 etiam

104 1443 254 1478 libenter,
272 1443 445 1475 dummodo
475 1445 552 1474 meis
568 1443 739 1478 laboribus,
759 1443 867 1477 vobis,
894 1443 1070 1484 populoque

68 1500 71 1502 ·
106 1485 306 1526 R.dignitas‚
322 1486 456 1527 salusque
465 1488 600 1526 pariatur.
634 1488 698 1526 Ego
707 1486 773 1516 sum
784 1486 835 1516 ille
847 1485 950 1516 consul
964 1505 973 1519 ‚
990 1487 1020 1516 P.
1033 1487 1067 1515 C.

105 1528 155 1558 cui
165 1537 230 1557 non
251 1530 261 1547 ¹
272 1527 386 1565 forum,
405 1530 439 1558 in
447 1538 510 1569 quo
528 1529 632 1558 omnis
652 1530 776 1569 aequitas
794 1529 984 1558 continetur:
1004 1536 1068 1557 non

105 1579 249 1609 campus,
267 1570 476 1600 consularibus
495 1570 634 1610 auspiciis
651 1571 856 1600 consecratus:
875 1579 940 1599 non
957 1570 1039 1599 curia
1052 1589 1061 1602 ,

105 1611 264 1642 summurn
274 1612 427 1642 auxilium
438 1614 580 1642 omnium
591 1613 728 1653 gentium
741 1622 747 1641 ε
770 1622 834 1642 non
843 1611 940 1641 domm
952 1631 960 1645 ‚
978 1620 1066 1641 com-

106 1663 202 1683 mune
212 1652 400 1696 perfugium:
423 1664 488 1684 non
502 1653 597 1684 leaus
607 1673 615 1687 ‚
634 1653 669 1684 ad
680 1655 816 1695 quietem
825 1654 911 1684 datus
923 1664 929 1682 z
941 1663 1006 1683 non
1015 1652 1066 1682 de·

105 1696 199 1735 nique
220 1698 235 1714 ²
246 1696 308 1725 haec
319 1695 401 1726 sedes
414 1697 542 1726 honoris
556 1716 565 1730 ‚
584 1695 655 1726 sella
666 1696 780 1726 curulis
792 1706 797 1726 ι
819 1705 967 1736 umquam
976 1705 1068 1725 vacua

106 1738 215 1766 mortis
223 1738 359 1777 periculo
367 1758 376 1772 ,
387 1747 475 1779 atque
486 1736 601 1768 insidiis
615 1736 681 1768 fuit.
696 1741 760 1780 Ego
771 1738 867 1768 multa
877 1739 953 1767 tacui
965 1757 974 1770 ‚
986 1737 1068 1766 mul—

105 1787 133 1808 ta
142 1779 269 1817 pertuli,
282 1779 379 1810 multa
387 1779 517 1810 concess'i
528 1799 536 1813 ,
549 1780 644 1810 multa
665 1782 677 1807 3
689 1789 760 1810 meo
768 1779 903 1821 quodam
911 1778 1001 1808 dolore
1014 1798 1022 1812 ,
1034 1779 1068 1808 in

104 1818 207 1850 vestro
216 1821 346 1855 timore,
364 1822 476 1852 sanavi.
500 1825 612 1856 Nunc,
631 1820 650 1851 fi
669 1822 750 1853 hunc
760 1824 879 1852 exitum
895 1821 1068 1852 consulatus

108 1863 170 1892 mei
190 1861 234 1892 dii
246 1863 433 1893 immortales
450 1861 508 1894 else
525 1864 705 1898 voluerunt,
732 1872 765 1895 ut
774 1874 829 1894 vos
842 1884 850 1897 ‚
871 1866 902 1894 P.
913 1865 949 1893 C.
969 1872 1066 1903 popu-

106 1904 234 1945 lumque
244 1906 282 1934 R.
298 1914 336 1934 ex
345 1904 424 1935 caede
434 1906 542 1936 misera
551 1926 560 1939 ,
577 1905 721 1948 coniuges
732 1926 740 1939 ‚
756 1905 926 1947 liberosque
937 1904 1062 1938 vestros,

106 1946 298 1987 virginesque
311 1945 457 1977 Vestaleis
475 1957 514 1977 ex
531 1946 715 1978 acerbiffima
729 1949 892 1978 vexatione
907 1957 912 1975 :
934 1946 1046 1987 templa
1056 1966 1064 1980 ,

106 1997 195 2028 atque
205 1987 328 2018 delubra
342 2008 350 2021 ‚
370 1989 446 2019 hanc
460 1989 692 2028 pulcherrimam
708 1991 835 2028 patriam
848 1990 991 2018 omnium
1010 1998 1069 2017 no-

108 2029 205 2060 strum
214 2039 253 2059 ex
262 2028 426 2060 foediffima
435 2029 573 2060 flamma:
587 2038 682 2061 totam
692 2031 810 2060 Italiam
820 2040 858 2060 ex
870 2030 963 2063 beno,
975 2029 1008 2059 δε
1017 2039 1070 2060 va-

109 2071 206 2102 stitate
216 2073 360 2112 eriperem
374 2083 379 2101 :
398 2082 597 2113 quaecumquc
613 2074 690 2102 mihi
706 2074 760 2102 uni
771 2079 956 2112 proponetur
973 2070 1071 2101 fortu-

107 2123 146 2144 na
172 2113 319 2144 subeatur.
342 2116 464 2144 Etenim
477 2135 485 2148 ‚
504 2113 525 2144 fi
537 2117 570 2145 Ρ.
583 2114 728 2144 Lentulus
737 2114 824 2144 suum
838 2122 965 2147 nomen,
980 2112 1072 2142 indu-

111 2155 350 2189 &usavatibuh
370 2155 457 2186 fatale
473 2156 508 2186 ad
527 2158 694 2197 perniciem
713 2155 832 2196 reipub.
851 2155 916 2185 fore
935 2156 1069 2195 putavit:

109 2208 164 2228 cui·
172 2207 228 2239 ego
238 2208 302 2227 non
313 2198 394 2227 laeter
404 2208 507 2227 meum
520 2198 711 2228 consulatum
729 2198 764 2228 ad
779 2198 904 2228 salutern
916 2199 989 2238 reip.
1001 2206 1072 2237 pro·

73 2244 94 2267 2
110 2239 148 2280 pe
157 2239 277 2270 fatalem
288 2237 432 2269 exstitiffe
447 2242 457 2268 ?
477 2242 575 2280 Quare
585 2258 594 2273 ‚
616 2242 647 2270 P.
660 2242 693 2270 C.
713 2239 862 2269 consulite
875 2239 963 2269 vobis
974 2259 982 2272 ‚
1002 2248 1072 2279 pro-

110 2282 214 2322 spicite
228 2282 329 2321 patriae
341 2301 349 2315 ‚
362 2281 532 2312 conservate
547 2291 621 2315 vos,
642 2282 785 2322 conjuges
800 2302 808 2315 ,
821 2281 933 2311 liberos
945 2301 953 2314 ,
974 2280 1071 2310 fortu—

109 2324 220 2364 nasque
229 2322 355 2353 vestras:
378 2323 483 2363 populi
499 2325 538 2354 R.
552 2333 669 2353 nomen
681 2343 689 2356 ‚
708 2324 892 2363 salutemque
901 2321 1068 2353 defendite:

110 2367 189 2396 mihi
200 2374 315 2405 parcere
327 2383 336 2398 ,
352 2374 384 2395 ac
394 2365 429 2394 de
441 2374 489 2394 me
497 2366 625 2406 cogitare
633 2364 755 2405 desinire.
779 2367 861 2394 Nam
871 2366 1006 2404 primum
1015 2364 1068 2394 de-

109 2408 170 2438 beo
179 2408 310 2448 sperare,
332 2408 453 2436 omneis
464 2406 556 2441 deos,
575 2408 629 2447 qui
639 2407 710 2437 huic
728 2406 795 2436 urbi
814 2405 991 2446 praesident,
1016 2416 1071 2446 pro

111 2460 148 2480 eo
169 2449 267 2481 mihi.
287 2457 320 2478 ac
342 2458 479 2482 mereor,
507 2449 650 2479 relaturos
671 2448 794 2490 gratiam
812 2447 879 2478 ess'e.
900 2448 1028 2482 deinde,
1050 2446 1071 2478 si

108 2491 185 2533 quid
199 2490 359 2531 obtigerit,
384 2500 470 2531 aequo
488 2492 612 2524 animo,
632 2500 791 2531 paratoque
811 2491 933 2520 moriar.
957 2499 1073 2530 rix-:Qua

112 2543 204 2564 EmM
223 2533 316 2571 turpis
327 2541 410 2562 mors
418 2532 488 2562 forti
498 2535 565 2562 viro
578 2531 674 2573 potest
682 2534 813 2562 accidere
826 2551 835 2565 ,
851 2542 948 2573 neque
959 2534 1071 2562 imma-

109 2583 175 2606 tura
192 2573 362 2607 consulari,
382 2584 438 2604 nec
455 2575 563 2605 misera
580 2575 713 2614 sapienti.
737 2576 804 2604 Nec
820 2583 920 2604 tamen
939 2583 994 2615 ego
1003 2574 1070 2604 sum

111 2618 164 2648 ille
173 2616 285 2646 ferreus
297 2634 306 2649 ,
326 2617 378 2656 qui
396 2615 492 2646 fratris
515 2614 657 2647 cariffimi
676 2624 764 2657 atque
782 2614 977 2646 amantissimi
997 2625 1071 2655 prae-

113 2659 203 2690 sentis
224 2667 351 2688 maerore
362 2668 427 2688 non
446 2668 588 2691 movear,
610 2659 780 2698 horumque
794 2659 937 2687 omnium
956 2658 1071 2697 lachry-

112 2702 174 2732 mis
186 2722 194 2734 ,
226 2700 243 2730 a
258 2699 369 2740 quibus
387 2710 437 2729 me
454 2698 679 2730 circumsessum
698 2700 828 2733 videtis3
851 2709 949 2740 neque
969 2709 1069 2729 meam

111 2751 250 2774 mentem
269 2750 334 2772 non
352 2741 481 2772 domum
494 2743 569 2783 saepe
579 2750 699 2773 revocat
709 2743 879 2772 exanimata
891 2751 992 2776 uxor,
1016 2740 1070 2772 ab-

113 2874 124 2892 ι
131 2886 137 2893 .
225 2870 295 2892 orum
304 2867 330 2890 in
340 2874 383 2900 quo
393 2863 463 2890 omnis
472 2865 569 2898 equitas
579 2863 735 2897 contimtum]
756 2862 877 2897 Conjicit
891 2861 1068 2894 Gulielmius,

220 2904 300 2936 fhrum
311 2920 319 2932 ‚
338 2911 381 2935 quo
389 2901 459 2926 omnis
472 2919 480 2931 ‚
497 2900 548 2930 &tn

262 2946 291 2963 2.
310 2941 361 2963 Haec
371 2937 438 2970 sedes
455 2936 544 2961 honoris
556 2955 563 2967 ,
579 2936 637 2969 sella
657 2935 771 2970 curnam]
792 2936 876 2961 Extat
894 2935 958 2960 item
972 2934 997 2961 in
1010 2934 1067 2960 Pal.

114 2973 201 3005 sexto,
209 2974 296 2999 bonor&
309 2993 317 3005 ,
326 2974 353 2999 id
360 2973 455 3005 effasclla
464 2972 551 2997 curm'is
560 2984 568 3004 ,-
583 2972 638 2998 imo
649 2971 674 2997 in
686 2981 756 2998 nono
767 2979 824 2997 emt
835 2991 843 3002 ‚
863 2972 952 2996 honum
962 2981 1007 2997 non
1016 2970 1069 2999 [blla

111 3010 217 3041 ιιιηιᾶσς
233 3008 299 3036 adeo
317 3017 347 3035 ut
365 3009 487 3035 assentiar
507 3010 615 3034 Mureto
635 3006 720 3034 videri
740 3010 753 3035 a
765 3007 867 3043 glossa,
880 3007 938 3041 sella
960 3007 1068 3038 curulis,

111 3044 181 3073 haud
192 3052 278 3071 tamen
288 3044 371 3071 adhuc
382 3044 524 3071 exturbare
534 3043 630 3070 audeo.

151 3089 178 3117 3.
196 3084 268 3108 &lico
275 3081 373 3114 quodam
381 3081 492 3112 dolore,in
501 3082 576 3113 vestro
584 3080 690 3115 timore]
711 3079 851 3115 Ingeniose
889 3079 978 3105 uidem
991 3098 999 3110 ,
1020 3079 1068 3104 Li-

114 3117 180 3154 psius
192 3116 260 3142 libro
274 3124 314 3141 ιν.
325 3117 386 3142 Var.
398 3115 462 3142 Ιεξὶ.
472 3125 586 3151 cap-22.
600 3125 608 3147 ;
622 3118 672 3150 fine
681 3118 756 3149 ‘vestro
764 3119 853 3142 rimone.
884 3114 915 3141 cd
927 3114 992 3141 nihil
1008 3124 1065 3140 mu-

113 3152 235 3181 tandum.
255 3152 336 3178 timor
346 3151 416 3177 enlm
428 3161 461 3178 ex
472 3153 654 3185 conjuratione
664 3152 695 3178 ad
705 3161 796 3178 omnes
808 3161 816 3182 ς
828 3151 906 3178 dolor
916 3151 946 3178 ad
959 3152 1069 3177 Cicero-

112 3199 175 3218 nem
195 3188 311 3216 maxime
331 3188 498 3221 pertiirebat;
519 3188 563 3223 qui
582 3188 787 3225 impugnabatur
802 3188 932 3215 maxime.
951 3188 977 3213 ὃς
989 3186 1022 3213 de
1034 3187 1070 3214 ti-

1108 978 1189 1019 jecsta
1206 987 1290 1010 metu
1311 977 1372 1009 filia
1392 997 1400 1012 ‚
1421 977 1454 1008 δε
1473 978 1612 1018 parvulus
1630 976 1730 1012 filius,
1749 987 1842 1018 quem
1865 979 1944 1009 mihi
1958 979 2077 1011 videtur

1109 1021 1255 1062 ampleffi
1270 1020 1399 1060 respubl.
1410 1029 1551 1060 tanquam
1563 1019 1678 1061 obsidem
1689 1020 1861 1051 consulatus
1882 1023 1943 1051 mei
1959 1032 1964 1050 z
1982 1032 2080 1062 neque

1110 1064 1179 1098 ille,
1200 1061 1437 1104 quiexspec'Rans
1449 1063 1539 1102 hujus
1550 1064 1681 1093 exitium
1695 1062 1777 1095 diei,
1796 1061 1930 1093 adstatin
1948 1064 2074 1102 conspen

1112 1104 1164 1135 &u
1175 1115 1245 1135 meo
1256 1114 1356 1147 gener.
1376 1114 1505 1134 moveor
1522 1105 1571 1133 his
1592 1104 1680 1134 rebus
1697 1104 1861 1138 omnibus,
1884 1104 1934 1134 sed
1952 1106 1985 1134 in
2005 1114 2073 1135 eam

1110 1156 1227 1187 partem
1238 1167 1246 1181 ‚
1269 1156 1303 1177 ut
1312 1147 1384 1177 salvi
1394 1145 1450 1177 sint
1460 1145 1619 1176 vobiscum
1630 1156 1738 1176 omnes
1751 1166 1759 1180 ,
1778 1148 1869 1177 etiarn
1880 1145 1901 1176 fi
1919 1149 1965 1176 vis
1975 1146 2075 1187 aliqua

1113 1199 1163 1219 me
1177 1187 1352 1230 oppresserit
1362 1208 1370 1222 ‚
1387 1187 1489 1229 potius
1501 1207 1510 1222 ,
1524 1197 1615 1229 quam
1627 1188 1714 1219 &illi
1726 1208 1734 1222 ,
1751 1188 1783 1218 &
1794 1198 1850 1218 nos
1861 1188 1919 1219 una
1929 1198 2001 1218 cum
2011 1198 2074 1228 rep.

1110 1241 1278 1272 pereamus.
1302 1233 1399 1272 Qare
1412 1251 1420 1263 ,
1441 1233 1471 1261 P.
1483 1233 1517 1260 C.
1534 1229 1703 1260 incumbite
1720 1230 1755 1260 ad
1767 1231 1838 1270 reip.
1852 1230 1993 1260 salutem:
2013 1231 2076 1260 cir-

1109 1273 1287 1313 cumspicite
1297 1274 1417 1302 omneis
1427 1271 1580 1312 procellas,
1591 1282 1656 1313 qua:
1669 1271 1858 1312 impendent,
1869 1270 1923 1301 nifi
1932 1271 2077 1312 provide-

1110 1317 1225 1345 tis-non
1235 1315 1624 1355 Ti.Gi·acchus‚quiiterum
1635 1314 1773 1344 tribunus
1785 1313 1880 1354 plebis
1890 1312 1955 1343 fieri
1964 1313 2076 1343 voluit:

1112 1367 1176 1388 non
1187 1359 1222 1388 C.
1237 1358 1386 1387 Gracchus
1397 1376 1405 1389 ‚
1423 1358 1476 1397 qui
1487 1358 1615 1398 agrarios
1634 1357 1785 1386 concitare
1795 1364 1919 1386 conatus
1928 1354 1988 1385 est:
2008 1365 2074 1385 non

1111 1401 1145 1429 L.
1167 1401 1344 1430 Saturninus
1356 1419 1364 1432 ‚
1384 1401 1436 1439 qui
1456 1401 1487 1428 C.
1500 1400 1690 1428 Memmium
1705 1397 1818 1428 occidit
1830 1417 1838 1430 ,
1859 1399 1892 1427 in
1909 1396 2075 1427 discrimen

1108 1441 1248 1482 aliquod,
1272 1449 1360 1482 atque
1379 1443 1410 1471 in
1433 1439 1534 1471 vestrae
1548 1441 1711 1471 severitatis
1728 1439 1882 1480 judicium
1899 1438 2072 1469 adducitur:

1110 1483 1159 1513 sed
1179 1492 1320 1513 tenentur
1343 1484 1384 1516 ii,
1414 1484 1468 1523 qui
1488 1482 1525 1512 ad
1543 1482 1624 1512 urbis
1643 1482 1842 1515 incendium,
1863 1479 1928 1510 4ad
1946 1479 2073 1510 vestram

1112 1527 1260 1555 omnium
1269 1523 1385 1554 caedem
1396 1544 1404 1558 ‚
1423 1524 1458 1554 ad
1473 1525 1634 1555 Catilinam
1644 1524 1854 1564 accipiendum
1868 1542 1876 1556 2
1897 1525 2007 1552 Romae
2025 1531 2073 1551 re-

1111 1566 1261 1597 stiterunt.
1283 1575 1424 1597 tenentur
1434 1566 1536 1596 litterae
1547 1586 1556 1599 ,
1569 1565 1645 1607 signa
1656 1586 1664 1599 ,
1684 1574 1790 1596 manus
1801 1585 1809 1598 ‚
1827 1564 1959 1605 denique
1970 1563 2073 1603 unius-

1111 1610 1245 1650 cujusque
1263 1608 1406 1647 confeffio:
1424 1608 1623 1638 sollicitantur
1639 1607 1834 1648 Allobroges:
1855 1606 1974 1636 servitia
1989 1607 2074 1636 exci-

1111 1660 1225 1681 tantur:
1245 1652 1372 1681 Catilina
1380 1648 1547 1680 arcefl'itur:
1576 1653 1589 1677 5
1599 1649 1630 1680 id
1640 1649 1683 1679 est
1693 1651 1807 1679 initum
1818 1646 1980 1678 consilium
1991 1667 2000 1681 ,
2014 1656 2047 1677 ut
2060 1667 2072 1681 ‚

1110 1692 1276 1723 interfestis
1295 1692 1460 1726 omnibus,
1483 1701 1577 1722 nemo
1597 1701 1634 1721 ne
1653 1691 1688 1721 ad
1707 1690 1928 1731 deplorandum
1946 1689 2073 1730 quidem

1112 1737 1173 1775 reip
1194 1744 1310 1764 nomen
1322 1754 1329 1768 ‚
1349 1742 1438 1774 atque
1452 1733 1487 1763 ad
1499 1732 1720 1763 lamentandam
1733 1734 1805 1763 tanti
1815 1733 1936 1771 imperii
1950 1731 2075 1762 calami-

1109 1786 1200 1807 tatem
1229 1777 1413 1816 relinquatur
1463 1778 1536 1805 Haec
1554 1777 1660 1805 omnia
1674 1774 1790 1804 indices
1807 1773 1981 1804 detulerunt
1998 1794 2007 1806 ‚
2027 1775 2070 1804 rei

1110 1817 1236 1849 confess'i
1246 1818 1314 1848 sunt
1326 1837 1334 1852 ,
1347 1827 1402 1848 vos
1414 1817 1718 1858 multisjamjudiciis
1732 1815 1906 1857 judicastis:
1918 1814 2068 1856 primum,

1985 157 2086 210 407,

2094 1777 2107 1810 U,

1109 1859 1191 1902 quod
1201 1861 1279 1890 mihi
1288 1861 1394 1902 gratias
1411 1859 1512 1901 egistis
1536 1857 1729 1900 singularibus
1737 1858 1854 1888 verbis:
1875 1858 1907 1888 &
1930 1868 1997 1887 mea
2010 1859 2072 1888 vir·
2088 1862 2094 1872 ¹

1113 1911 1174 1933 tute
1185 1922 1194 1936 ‚
1215 1911 1302 1943 atque
1311 1901 1467 1943 diligentia
1477 1922 1485 1935 ,
1506 1901 1696 1942 perditorum
1706 1902 1874 1930 hominum
1892 1898 2071 1939 patefaciam

1114 1943 1173 1974 esse
1184 1945 1427 1984 conjurationem
1447 1942 1635 1974 decrevistis:
1655 1942 1764 1972 deinde
1781 1940 1864 1982 quod
1884 1944 1917 1972 Ρ.
1930 1939 2074 1971 6Lentu-

1114 1987 1180 2016 lum
1191 2005 1200 2019 ‚
1222 1994 1255 2015 ut
1265 1986 1293 2015 se
1303 1985 1452 2016 abdicaret
1460 1993 1584 2024 praerura
1593 2003 1602 2018 ‚
1626 1982 1782 2024 coegistis:
1807 1992 1872 2012 tum
1887 1981 1971 2023 quod
1982 1992 2067 2016 eum,

1116 2028 1149 2058 &
1160 2036 1273 2057 ceteros
1285 2046 1294 2059 ‚
1307 2026 1343 2056 de
1354 2025 1623 2067 quibusjudicastis
1632 2046 1641 2058 ‚
1654 2027 1686 2055 in
1696 2023 1862 2055 custodiam
1874 2023 1989 2053 dandos
1999 2033 2075 2053 cen-

1114 2068 1212 2100 suistis
1225 2088 1233 2101 ‚
1246 2070 1440 2108 maximeque
1450 2066 1531 2108 quod
1542 2077 1613 2097 meo
1622 2069 1750 2097 nomine
1760 2066 2009 2106 supplicationem
2021 2065 2075 2095 de-

1113 2109 1265 2141 crevistis:
1284 2112 1336 2150 qui
1354 2111 1454 2139 honos
1478 2118 1578 2150 togato
1596 2109 1715 2139 habitus
1726 2117 1793 2138 ante
1810 2117 1860 2137 me
1879 2106 1923 2138 est
1940 2109 2072 2138 nemini.

1113 2150 1267 2193 postremo
1277 2150 1416 2181 hesterno
1433 2151 1483 2181 die
1492 2151 1607 2191 pramia
1617 2152 1718 2191 legatis
1736 2149 1939 2191 Allobrogum
1950 2169 1958 2182 ‚
1980 2151 2073 2180 Tito-

1115 2204 1173 2236 que
1182 2194 1341 2224 Vulturcio
1351 2192 1473 2223 dedistis
1483 2191 1661 2232 ampliffima
1674 2203 1679 2221 ;
1700 2202 1766 2233 quae
1788 2192 1856 2225 sunt
1874 2192 1979 2221 omnia
1991 2191 2072 2231 ejus-

1117 2237 1222 2269 modi,
1244 2244 1276 2266 ut
1286 2237 1326 2269 ii,
1348 2236 1442 2275 quiin
1452 2234 1618 2265 custodiam
1631 2236 1817 2264 nominatim
1828 2233 1888 2263 dati
1900 2234 1985 2267 sunt,
2008 2231 2070 2263 sine

1116 2279 1176 2309 ulla
1189 2278 1377 2308 dubitatione
1393 2276 1408 2307 ἒι
1425 2276 1515 2307 vobis
1535 2276 1667 2305 damnati
1685 2274 1743 2306 esse
1753 2275 1917 2306 videantur.
1940 2274 1996 2305 Sed
2014 2285 2072 2316 ego

1116 2320 1234 2350 institui
1246 2318 1354 2349 referre
1364 2318 1400 2349 ad
1410 2328 1465 2348 vos
1477 2338 1484 2352 ,
1509 2321 1538 2349 P.
1551 2321 1583 2348 C.
1596 2327 1737 2359 tanquam
1750 2320 1902 2358 integrum
1913 2337 1923 2351 ‚
1943 2317 1974 2347 &
1983 2317 2019 2347 dc
2028 2317 2073 2347 fa-

1117 2362 1167 2392 610
1179 2382 1187 2396 ,
1205 2361 1444 2403 qujdjudicetis:
1467 2361 1499 2390 &
1509 2360 1545 2390 de
1553 2370 1642 2401 poena
1652 2381 1660 2393 ,
1672 2359 1744 2401 quid
1755 2361 1908 2390 censeatis.
1934 2358 1985 2389 illa
1995 2368 2071 2398 prae·

1116 2404 1214 2435 dicam
1226 2423 1234 2437 ‚
1253 2414 1318 2445 quae
1328 2403 1396 2433 sunt
1404 2403 1546 2433 consulis.
1579 2405 1642 2444 Ego
1652 2412 1798 2444 magnum
1810 2403 1842 2431 iii
1852 2400 1952 2440 repub.
1964 2400 2072 2430 versari

1115 2446 1249 2477 furorem
1274 2465 1282 2479 ‚
1305 2445 1338 2475 &
1360 2454 1439 2475 nova
1456 2444 1592 2486 quaedam
1614 2445 1732 2474 misceri
1750 2463 1758 2477 ‚
1780 2444 1812 2473 &2
1829 2443 1972 2473 concitari
1992 2443 2072 2473 mala

1112 2487 1294 2528 jampridem
1307 2486 1464 2517 videbam:
1485 2486 1533 2517 sed
1543 2487 1619 2516 hanc
1629 2495 1739 2516 tantam
1751 2505 1759 2519 ,
1778 2495 1841 2515 tam
1848 2484 2006 2514 exitiosam
2018 2485 2074 2514 ha-

1115 2530 1178 2561 beri
1196 2530 1437 2569 conjurationem
1449 2528 1465 2559 Ξι
1485 2527 1617 2561 civibus,
1639 2536 1808 2567 numquam
1819 2527 1939 2565 putavi.
1962 2528 2069 2558 Nunc,

1114 2571 1263 2613 quidquid
1273 2570 1315 2601 est
1326 2591 1333 2604 ‚
1353 2580 1544 2612 quocumque
1555 2569 1656 2599 vestrae
1667 2578 1783 2598 mentes
1794 2568 1941 2597 inclinant
1954 2586 1963 2600 ‚
1982 2576 2072 2607 atque

1116 2615 1289 2647 sententiae,
1307 2612 1499 2643 statuendum
1519 2611 1605 2642 vobis
1623 2618 1690 2639 ante
1707 2608 1812 2639 nostem
1830 2608 1881 2639 est.
1942 2618 2069 2639 uantum

1115 2655 1232 2686 facinus
1245 2655 1279 2685 ad
1291 2664 1346 2685 nos
1358 2655 1490 2685 delatum
1502 2652 1535 2682 sit
1544 2673 1552 2687 ‚
1571 2653 1690 2682 vidctis.
1714 2653 1785 2681 huic
1803 2650 1824 2680 fi
1838 2651 1947 2690 paucos
1958 2653 2068 2690 putatis

1116 2696 1234 2728 affineis
1250 2696 1307 2727 effe
1322 2717 1330 2730 ‚
1349 2697 1545 2726 vehementer
1558 2697 1671 2724 erratis.
1704 2691 1807 2723 Latius
1825 2694 1972 2732 opinione
1987 2692 2069 2730 disfe-

1113 2740 1258 2770 minatum
1271 2738 1313 2771 est
1323 2740 1382 2769 hoc
1391 2738 1507 2768 malum
1520 2748 1525 2767 ·.
1545 2738 1677 2767 manavit
1694 2745 1757 2766 non
1769 2734 1868 2766 solum
1881 2745 1930 2775 pei·
1940 2735 2069 2767 Itiliam.

1960 2786 2067 2806 verum

1115 2872 1188 2889 more
1198 2862 1287 2898 populi
1298 2870 1327 2887 ac
1339 2862 1447 2887 Senatus
1460 2878 1468 2891 ‚
1485 2868 1536 2885 non
1549 2857 1683 2884 Sallustius
1696 2862 1811 2884 tautum,
1822 2852 1864 2879 sed
1875 2854 1901 2878 S<
1914 2852 1940 2877 hi
1951 2850 2071 2878 1111θέῐί-

1115 2908 1205 2925 varum
1219 2898 1280 2923 libri
1292 2897 1372 2933 pleni.
2043 2923 2047 2928 ,

1147 2942 1176 2967 4.
1198 2935 1363 2966 <Asu-stram
1371 2934 1471 2957 omnium
1481 2929 1584 2963 cidem]
1607 2928 1690 2955 Malui
1702 2926 1768 2954 istud
1782 2946 1789 2957 ‚
1811 2933 1946 2961 repertum
1962 2925 1976 2950 :i
1986 2933 2029 2961 ine
2041 2933 2068 2950 iii

1112 2971 1180 2996 Pali.
1199 2970 1283 2997 tribus
1298 2989 1304 3001 ‚
1324 2969 1350 2993 &
1371 2970 1385 2993 a
1406 2966 1583 3002 Zinzerlingo
1602 2974 1662 2991 mco
1679 2965 1707 2991 in
1726 2964 1838 2998 Turhxg.
1851 2963 1932 2999 quam
1942 2961 2070 2987 haetenus

1113 3007 1248 3042 vulgatam
1263 3025 1269 3037 ‚
1289 3005 1402 3033 wffriim.

1151 3052 1176 3076 5.
1190 3043 1218 3068 Id
1226 3045 1260 3067 cf‘l
1268 3045 1353 3066 initum
1364 3038 1502 3073 consilinm]
1516 3037 1625 3064 Pal.uon
1633 3039 1729 3075 Jnitmir
1738 3037 1772 3061 ef!
1781 3035 1904 3067 confilium.
1915 3032 2073 3073 Colorifrizle

1108 3081 1187 3104 initur
1197 3079 1321 3109 confilium,
1332 3075 1401 3111 quiid
1412 3075 1505 3111 probat
1516 3074 1644 3101 orationis
1655 3069 1927 3101 cmilccutio‚adiiotut
1938 3069 2069 3109 [julielm.

1148 3115 1175 3140 6.
1196 3108 1322 3139 Lentulum
1332 3131 1338 3143 ,
1352 3119 1378 3135 ur
1396 3113 1423 3144 se
1441 3112 1675 3143 abdicareipraerura
1687 3128 1694 3139 ,
1705 3107 1827 3141 σοίζεξζθὲι.]
1858 3106 1926 3132 Pali.
1939 3106 1986 3130 lec.
1999 3107 2068 3130 iem.

1114 3150 1188 3176 Hitt.
1201 3149 1278 3176 Fabr.
1288 3149 1312 3173 U
1320 3157 1328 3171 x
1336 3146 1392 3173 erd.
1408 3148 1563 3180 Lentulnmst·
1573 3147 1756 3177 abdicarem-tt.
1768 3147 1823 3176 mg.
1835 3142 1929 3169 melius
1940 3140 2008 3167 haud
2019 3139 2069 3164 du«

1111 3186 1165 3213 bio.
1186 3184 1253 3212 hain-l
1264 3192 1352 3212 tamen
1363 3183 1489 3211 accedunt
1502 3183 1636 3211 ullicditi.
1989 3213 2009 3235 I!
2034 3219 2041 3230 ¹
2062 3218 2072 3234 e

1946 3221 1955 3239 ι
2014 3219 2066 3243 ‘³.'·-
