2337 3400
144 115 236 177 848

133 199 297 240 scripseras,
320 204 407 225 omnts
427 192 516 234 copias
524 193 612 234 primo
623 200 733 232 quoque
742 197 860 230 tempore
870 189 899 218 in
909 197 996 217 unum
1005 186 1096 216 locum

140 250 283 271 conventre
294 251 300 272 3
321 237 355 270 ἐν
363 244 397 265 ut
407 255 415 269 ‚
453 233 546 274 rafidii
558 234 706 276 quodslztu
715 232 777 270 esset
787 251 796 266 ‚
814 233 908 271 Capua
917 229 1095 270 relinqueret.

144 287 151 302 ¹
168 286 215 312 Hu
226 291 271 318 eqo
283 281 380 308 litteras
389 278 412 305 le
444 286 462 304 u
471 295 479 309 ,
502 278 531 306 in
541 276 637 305 eadem
646 274 770 316 opinione
773 273 823 314 fui
835 293 844 307 ,
858 283 917 315 qua
926 270 1029 313 reliqui
1037 280 1096 300 om-

141 335 185 354 nes
198 344 207 356 ‚
229 314 255 351 fe
276 331 339 350 cum
357 316 484 348 ommbzu
501 319 580 359 copiis
588 318 625 346 ad
633 316 785 355 Corfinium
794 313 842 352 effi
851 322 1003 344 venturum
1013 323 1024 340 .·
1043 310 1099 354 qu‘o

142 365 214 394 milii
228 384 236 396 ,
256 361 320 391 cum
340 363 361 389 C
360 360 424 400 asar
444 359 619 401 adoppidum
630 357 718 396 castra
732 356 860 391 haberet,
882 361 980 385 turum
989 352 1100 392 iterff

141 417 192 435 non
202 401 373 433 arbitrabar.
396 400 462 431 cum
475 411 514 431 res
524 402 553 430 in
559 402 673 441 summa
684 397 882 440 affectatione
891 396 967 435 effi-t,
983 403 1099 425 utrum—

140 458 194 489 que
204 445 294 487 simul
308 444 441 473 audimus
461 464 469 476 ,
490 444 525 476 ὼ
544 454 602 484 quae
623 441 735 481 Corfinii
753 439 819 469 asta
834 438 934 478 essent,
947 439 982 471 (y
1000 445 1027 468 te
1047 438 1101 467 iter

140 487 320 527 Brundisium
330 486 424 525 facere
444 484 568 526 coepiffe:
589 494 708 526 cumque
722 494 769 512 nec
786 483 878 516 mihi,
897 491 944 510 nec
952 479 1036 517 fratri
1045 490 1102 509 meo

141 530 260 560 dubium
270 528 331 566 effer
341 549 349 561 ,
373 527 444 569 quin
454 527 634 567 Brundisium
646 525 880 559 contenderemu55
898 518 916 552 ὲ
925 522 1021 552 multu
1031 542 1040 556 ,
1051 522 1103 563 qui

143 574 158 602 ἐ
166 572 280 603 Samnio
292 591 300 604 ‚
314 569 490 610 Apuliaque
500 568 650 598 veniebant
662 588 671 603 ,
680 567 823 597 admoniti
827 566 852 606 s'
845 574 938 599 umus,
948 572 983 593 ut
991 574 1103 594 cavere-

141 624 204 644 mm
218 634 226 648 ‚
246 624 277 642 ne
289 614 478 652 eft-ciperemur
497 607 515 640 a
536 611 653 652 Cesar-«33
671 608 747 651 quod
763 610 782 638 u
802 609 830 637 in
839 607 931 638 eadem
940 606 1018 640 loca,
1041 616 1102 647 qua

143 668 190 685 nos
204 654 363 696 petebamus
382 665 390 687 3
417 651 556 695 profestus
576 674 584 687 ‚
609 652 722 682 celerius
742 652 831 680 etiam
845 670 854 684 ,
875 644 963 691 quam
980 659 1026 678 nos
1038 648 1096 689 pos
1091 667 1104 673 -

142 700 234 739 semus
245 717 253 731 ‚
273 695 300 726 eb
311 717 319 731 ,
331 694 385 737 quo
396 695 552 725 intenderat
564 715 574 729 ‚
585 702 720 724 venturus
729 692 802 730 effer.
825 690 970 733 quodcum
980 691 1025 720 ita
1034 689 1106 728 effer,

145 752 192 770 nec
201 739 272 768 mihi
282 758 291 772 ,
312 737 448 775 nccfratri
459 748 514 767 meo
526 758 535 771 ,
547 747 593 766 nec
603 737 739 778 cuiquam
747 734 905 764 amicorum
912 733 1023 774 placuit
1032 743 1106 762 com-

146 783 261 812 mittere
277 800 285 815 ,
305 788 339 809 ut
352 780 501 810 temeritas
511 777 599 815 nostra
608 789 659 808 nan
669 777 761 817 [olum
771 775 842 806 nobis
852 796 859 809 .
881 774 1028 815 sedetiam
1038 775 1108 803 Rei-

142 822 208 865 pub.
220 830 322 852 noceret
334 834 342 857 3
363 820 428 851 cum
438 822 586 862 presertim
597 831 648 850 non
657 817 854 848 dubitaremus
865 838 873 850 ,
884 817 955 857 quin
969 835 976 850 ,
999 828 1007 844 t
1018 816 1106 845 etiam

148 873 246 895 tutum
265 863 335 894 nobis
354 862 511 903 iterfuiffet
521 884 529 898 ‚
554 871 580 892 te
591 862 752 899 tamenjam
764 860 891 900 consequi
903 869 953 887 non
962 857 1103 898 possemus.

144 909 260 938 interim
274 906 432 947 accepimus
452 914 517 935 tuas
534 905 663 938 litteras,
682 901 795 943 Canusio
811 903 915 938 ΛἈΟ.
927 902 965 930 Χ.
977 899 1101 940 Κρίεηά.

146 950 243 980 Mart.
255 948 337 978 daras
349 969 357 982 ,
381 946 485 989 quibus
494 958 539 977 nos
549 947 664 976 hortaris
676 965 684 979 ,
696 953 730 974 ut
741 944 854 974 celerius
866 941 1046 983 Brundisium
1056 951 1107 970 ve-

144 992 278 1021 niamus:
301 1000 372 1032 quas
388 987 452 1018 ciam
469 987 659 1031 accepiffimm
679 989 728 1017 Α.
742 989 782 1016 1).
793 988 858 1015 III.
876 984 1001 1026 Kalend.
1011 984 1106 1014 Mart.

144 1045 197 1063 non
206 1031 407 1063 dubitabamus
418 1052 426 1066 ‚
445 1032 516 1073 quin
527 1031 630 1070 rujam
640 1028 817 1070 Brundisium
823 1025 983 1069 perveniffis
991 1036 1003 1053 .·
1020 1024 1107 1055 nobis-

145 1085 202 1118 que
218 1075 272 1104 iter
292 1075 362 1104 illud
369 1074 478 1103 omnino
487 1071 669 1111 interclusum
677 1069 828 1100 videbatur
836 1080 847 1097 .·
863 1080 949 1110 neque
958 1070 1051 1097 minuc
1061 1078 1107 1096 nos

146 1117 195 1155 effi
204 1124 297 1157 captos
307 1136 315 1150 ,
337 1111 425 1157 quam
434 1116 485 1156 qui
500 1113 653 1154 Corfinium
663 1111 804 1151 venissent.
828 1111 979 1152 NEQE
991 1109 1107 1140 ENIM

147 1170 189 1189 eos
194 1159 263 1198 solos
281 1155 494 1187 arbitrabamur
502 1157 563 1197 capi
574 1177 583 1192 ‚
597 1156 649 1198 qui
659 1156 686 1185 in
697 1162 873 1184 armatorum
882 1161 981 1183 manus
994 1151 1111 1189 incidis*-

140 1202 213 1241 sbnt,
220 1200 268 1240 sed
278 1211 318 1229 eos
327 1198 412 1229 nihilo
424 1197 582 1241 minus‚qui
590 1196 747 1238 regionibus
760 1195 872 1236 exclusi,
889 1196 965 1224 intra
972 1192 1106 1235 presidia,

145 1251 235 1284 arque
245 1244 322 1272 intra
330 1252 411 1271 arma
421 1242 515 1271 aliena
526 1240 668 1278 venissent.
713 1237 768 1268 uod
776 1236 841 1268 cum
851 1238 860 1266 i
865 1245 897 1266 ta
902 1236 942 1277 sit
953 1255 961 1268 ,
981 1234 1109 1264 maxime

145 1286 245 1314 vellem
253 1282 378 1325 primum
390 1288 404 1304 ²
410 1285 515 1324 skmper
530 1291 621 1313 tecum
623 1249 711 1321 fuist}
722 1293 730 1315 ·,
756 1280 831 1322 quod
839 1279 951 1321 quidem
961 1276 1016 1307 tibi
1025 1274 1108 1313 osten-

145 1328 241 1357 deram
251 1346 261 1361 ,
280 1325 344 1356 ciam
359 1322 377 1355 a
397 1337 440 1355 me
450 1329 574 1368 Capuam
587 1323 746 1364 rejiciebam
756 1334 767 1350 :
784 1321 861 1364 quod
862 1322 920 1362 feci
932 1331 983 1350 non
994 1318 1109 1349 vitandi

144 1370 228 1399 oneris
237 1369 320 1409 causa
331 1389 338 1401 ,
353 1369 403 1408 [ἑά
410 1368 485 1410 quod
492 1366 624 1397 videbam
635 1385 644 1400 ‚
664 1366 748 1396 teneri
758 1366 837 1395 illam
848 1362 943 1393 urbem
952 1360 1013 1392 fine
1020 1370 1109 1392 exer-

144 1413 206 1442 citu
218 1422 268 1440 non
278 1409 368 1452 poffe:
385 1410 505 1439 accidere
522 1417 619 1438 autem
630 1409 702 1437 mihi
712 1405 835 1437 nolebam
846 1427 856 1440 ,
875 1405 950 1447 quod
956 1404 1029 1434 doleo
1042 1403 1109 1432 viris

139 1452 298 1492 sorraffimu
306 1451 441 1490 accidiffe.
465 1452 601 1493 quoniam
611 1458 711 1480 aurem
720 1469 729 1483 ,
742 1457 834 1479 tecum
843 1456 878 1477 ut
886 1447 974 1485 ffm,
989 1456 1039 1475 non
1048 1455 1110 1475 con·

146 1496 240 1535 tigit:
259 1496 375 1523 utinam
395 1495 441 1523 tui
450 1493 555 1535 consilii
565 1490 767 1532 certiorfastus
777 1489 864 1529 effem.
887 1499 954 1518 nam
961 1487 1111 1528 suspicione

149 1536 260 1577 assequi
273 1547 323 1565 non
331 1536 412 1577 potui
415 1548 423 1570 ¹,
433 1534 507 1576 quod
515 1536 610 1565 omnia
618 1535 695 1575 prius
705 1531 1010 1571 arbitratms'umfore,
1021 1538 1109 1569 quam

148 1587 184 1608 ut
204 1579 256 1607 haec
273 1575 390 1618 Reipub.
410 1577 495 1617 causa
513 1578 542 1605 in
562 1577 653 1606 Italia
671 1586 723 1604 non
736 1573 821 1616 poffet
838 1573 906 1602 duce
922 1579 949 1601 te
967 1568 1109 1611 consistere.

150 1630 237 1661 neque
253 1619 317 1649 verb
336 1629 408 1648 nunc
432 1618 575 1660 consilium
598 1626 681 1648 tuum
703 1614 858 1656 reprehendo
868 1635 877 1649 ‚
896 1614 948 1654 sed
953 1613 1108 1644 fortunam

149 1661 281 1701 Reipub.
291 1661 372 1701 lugeo
381 1672 392 1688 .·
404 1671 451 1690 nec
460 1680 468 1694 ,
486 1660 567 1701 siege
576 1680 585 1693 ,
596 1659 667 1702 quid
675 1658 749 1700 tusis
757 1657 868 1697 secutus
878 1677 886 1690 ,
898 1667 960 1685 non
971 1654 1109 1696 perspicio,

148 1703 251 1732 idcirco
272 1703 367 1732 minas
383 1701 529 1738 existimo,
550 1709 576 1731 te
595 1700 665 1730 nihil
683 1699 737 1741 nisi
748 1700 863 1739 summa
871 1694 1108 1736 ratione,fec1ffi³.

150 1755 213 1775 mea
230 1755 289 1786 qua
301 1744 405 1784 semper
424 1744 514 1782 fuerit
526 1743 668 1783 sententia
678 1762 687 1776 ‚
701 1750 826 1784 primum
835 1741 868 1770 de
878 1749 943 1781 pace
951 1739 999 1768 vel
1011 1739 1112 1773 iniqua

152 1787 306 1817 conditione
318 1786 457 1815 retinenda
466 1805 475 1820 ,
493 1785 588 1814 deinde
597 1785 629 1814 de
642 1783 708 1814 urbe
719 1795 728 1818 3
752 1783 770 1824 (
781 1794 847 1812 nam
856 1782 886 1811 de
897 1782 988 1810 Italia
999 1780 1112 1822 quidem

153 1829 231 1858 m‘tnl
247 1828 319 1856 mihi
339 1838 478 1869 umquam
495 1826 640 1863 ostenderas
650 1825 669 1866 )
689 1824 840 1863 meminisse
859 1832 885 1852 te
903 1822 1035 1851 arbitror.
1062 1821 1113 1861 sed

151 1871 224 1899 milri
247 1880 298 1898 non
310 1869 391 1909 sumo
401 1889 410 1903 ‚
433 1877 468 1898 ut
484 1878 578 1898 meum
590 1865 738 1908 >consilium
748 1863 972 1895 wleredebuerit
981 1864 1110 1904 :secutus

144 1913 213 1953 sum
235 1919 318 1941 tuum
330 1923 339 1946 3
358 1922 391 1941 ne
412 1921 445 1941 ue
454 1911 484 1940 id
492 1908 611 1952 Reipub.
632 1910 716 1949 causa
724 1909 756 1938 de
764 1918 823 1950 qua
830 1906 985 1946 desperavi,
1006 1915 1066 1946 qua·
1075 1904 1110 1938 &-

148 1965 223 1984 nunc
239 1953 349 1993 affiic'ba
368 1921 426 1990 ελ,
444 1963 491 1982 nec
510 1952 632 1982 excitari
645 1951 704 1992 sine
722 1950 805 1980 civili
822 1947 1038 1990 perniciosiffimo
1049 1945 1113 1975 bello

144 1995 242 2039 poteft'
250 2006 262 2022 -·
278 1995 328 2035 sed
342 2003 368 2025 te
378 1993 530 2037 querebam
538 2005 549 2022 :
569 2001 661 2023 tecum
671 1991 719 2031 eſj'e
728 1990 872 2033 cupiebam
881 2002 892 2018 .·
911 2000 997 2031 neque
1006 1990 1063 2029 ejus
1074 1989 1113 2017 rei

142 2038 337 2079 facultatem,
355 2037 384 2078 fi
398 2047 458 2078 qua
475 2037 530 2066 erit
546 2035 767 2077 pretermittam.
793 2036 853 2073 Ego
876 2042 919 2061 me
936 2033 965 2061 in
978 2033 1030 2060 hac
1038 2030 1114 2060 omni

152 2079 329 2119 causafacile
339 2077 526 2120 intelligebam
534 2076 677 2119 pugnandi
688 2075 790 2118 cupidis
798 2074 955 2104 hominibus
968 2085 1019 2104 non
1029 2073 1114 2112 satis-

145 2122 247 2161 facere.
265 2119 393 2162 primum
402 2122 476 2150 enim
482 2127 536 2162 pra
544 2130 588 2149 me
596 2119 664 2152 tuli,
675 2129 718 2148 me
727 2116 799 2147 nihil
808 2118 899 2150 malle,
910 2126 999 2158 quam
1005 2123 1113 2155 pacem;

146 2174 202 2193 nou
241 2165 291 2192 uin
309 2163 404 2192 'eadem
414 2164 543 2192 timerem
555 2182 563 2194 ,
584 2171 644 2203 qua
653 2161 695 2190 iai
702 2171 713 2188 :
726 2159 773 2200 sed
783 2170 816 2188 ea
826 2157 893 2188 bello
908 2158 991 2188 civili
1001 2158 1114 2188 leviora

149 2173 293 2235 ducebam.
316 2205 379 2233 inde
388 2225 397 2239 ,
403 2205 525 2245 suscepto
536 2203 600 2232 bello
613 2224 622 2236 ,
640 2213 704 2232 cum
713 2203 786 2243 pacis
796 2200 961 2231 conditiones
974 2199 1012 2229 ad
1020 2207 1047 2229 te
1064 2198 1114 2238 af-

145 2247 219 2287 ferri
229 2267 237 2280 ‚
249 2241 266 2275 a
277 2254 358 2287 teque
365 2246 404 2275 ad
410 2256 442 2275 ea
452 2243 596 2283 honorifice
605 2245 640 2277 (9-
648 2243 726 2285 large
733 2243 880 2283 respondere
891 2242 1013 2272 viderem
1023 2253 1032 2275 3
1042 2240 1115 2270 duxi

151 2299 245 2318 meam
256 2290 393 2318 rationem
404 2301 412 2323 3
430 2297 520 2329 quam
529 2285 679 2325 tibifacile'
690 2296 732 2314 me
740 2283 924 2326 probaturum
936 2305 944 2317 ,
960 2291 1007 2324 pro
1027 2291 1075 2312 tuo
1085 2283 1115 2311 in

152 2341 196 2360 ne
211 2328 336 2368 beneficio
348 2349 357 2364 ‚
375 2328 548 2359 arbitrabar.
572 2327 762 2359 Memineram
771 2336 813 2355 me
824 2325 872 2364 esse
881 2336 970 2355 unum
980 2345 989 2359 ,
1008 2325 1061 2366 qui
1065 2332 1115 2366 pro

152 2373 216 2402 meir
242 2373 374 2401 maximis
391 2372 420 2401 in
438 2368 572 2412 Rempub.
605 2370 729 2400 meritis
747 2368 888 2408 supplicia
905 2367 1062 2406 miserrima
1079 2365 1114 2398 (φ

152 2413 337 2452 crudelissima
356 2411 547 2456 pertuliffem:
567 2421 610 2440 me
627 2409 675 2448 esJe
696 2420 804 2443 unum,
844 2410 874 2438 ui
884 2429 893 2443 ,
914 2409 943 2449 fi
950 2406 1115 2449 offendzffem

153 2457 211 2495 ejus
219 2458 350 2485 animum
360 2476 369 2489 ,
392 2455 438 2484 cui
448 2462 511 2484 tum
524 2451 588 2483 cum
591 2454 656 2492 jam
670 2452 698 2481 in
707 2461 790 2480 armu
799 2419 929 2488 effemus,
952 2449 1114 2488 Consulatus

150 2506 247 2527 tamen
256 2498 328 2526 alter
339 2517 347 2531 ,
362 2497 396 2530 (bu
408 2496 564 2538 triumphus
574 2493 757 2535 ampltffimus
765 2491 938 2532 deferebatur
948 2511 957 2525 ‚
964 2490 1115 2531 subjicerer

151 2539 360 2581 eisdemproeliis
372 2550 382 2567 .·
404 2546 437 2567 ut
447 2548 509 2567 mea
523 2537 636 2578 persona
640 2537 746 2577 semper
752 2536 790 2564 ad
798 2531 984 2577 improborum
1003 2533 1116 2561 civium

152 2581 272 2622 impetus
289 2580 403 2622 aliquid
421 2580 564 2609 videretur
583 2576 679 2607 habere
685 2577 823 2618 populare.
845 2583 933 2616 atque
942 2576 994 2603 hac
1006 2584 1059 2603 non
1069 2584 1115 2613 ego

152 2621 231 2663 prius
234 2623 303 2662 sum
309 2623 466 2663 suspicatus
479 2641 488 2655 ,
512 2616 599 2662 quam
609 2620 679 2649 mun
688 2618 787 2659 palam
794 2617 965 2646 denuntiata
971 2616 1059 2655 sunt:
1069 2626 1115 2644 ne-

154 2675 208 2705 que
223 2675 254 2693 ea
273 2672 332 2693 tam
349 2664 484 2704 pertimui
501 2683 510 2697 ‚
527 2662 556 2703 si
565 2661 708 2702 subeunda
725 2659 822 2698 effera,
846 2654 935 2700 quam
954 2657 1117 2687 declinanda

154 2707 260 2745 putavi
273 2725 281 2739 ,
295 2706 323 2747 si
339 2704 440 2741 honeste
459 2713 556 2734 vitare
567 2703 675 2745 possem.
703 2706 715 2730 3
726 2702 828 2742 Qam
837 2699 946 2730 brevem
956 2699 1032 2729 iuius
1042 2706 1114 2728 tem-

151 2748 222 2787 poris
231 2767 238 2780 ,
261 2748 329 2777 dum
351 2748 380 2777 in
395 2747 442 2787 spe
453 2755 514 2789 pax
525 2747 592 2785 fuit
613 2745 750 2774 rationem
760 2742 879 2779 nostram
890 2741 970 2771 vides
982 2752 992 2775 ·,
1012 2740 1116 2782 reliqui

146 2789 322 2827 facultatem
347 2800 387 2819 res
407 2789 523 2819 ademit.
554 2789 592 2818 Iu
608 2794 706 2816 autem
728 2807 738 2821 ‚
767 2783 871 2827 quibus
889 2794 940 2813 non
959 2783 1117 2823 satisfacio,

195 2910 219 2927 1.
240 2902 281 2927 His
297 2903 360 2936 egen]
385 2903 468 2937 Vulg.
490 2903 532 2928 His
551 2911 610 2934 ergo.

192 2944 221 2963 2.
238 2941 329 2969 Semper
347 2939 444 2971 tetum]
469 2938 549 2973 Vulg.
564 2945 638 2963 tecum
650 2938 750 2971 semper.

194 2980 207 3007 3
216 2992 222 2998 .
240 2974 318 3005 §.uam
335 2974 453 3007 brevem]
474 2973 563 3000 Rosius
574 2973 673 3010 scripsit
682 2983 754 3008 quam
767 2973 860 2998 bre-aem
870 2991 879 3005 ,
897 2978 928 2998 ut
937 2977 995 2998 erat
1008 2970 1035 2997 in
1046 2970 1119 2996 Tor-

156 3007 217 3036 naes.
229 3007 382 3035 Cruse11.&
396 3009 505 3035 Decurt.
517 3009 590 3045 vulg.
602 3012 712 3044 quoniam
721 3011 824 3034 brevem.

549 112 621 159 M.
688 108 1052 156 Tutin
1119 99 1670 154 thnnours

1132 181 1222 233 facile
1232 184 1375 231 respondeo.
1388 194 1474 230 neque
1482 187 1555 217 enim
1565 199 1611 228 ego
1620 190 1739 220 amicior
1749 190 1777 219 C.
1790 187 2095 231 Caefizriumquamfut',

1146 234 1235 266 quam
1253 228 1293 255 tut
1302 237 1315 254 .·
1338 237 1424 267 neque
1443 229 1486 258 xlli
1504 229 1648 260 amiciores
1666 230 1784 273 Reipub.
1793 241 1881 273 quam
1890 241 1946 272 ego.
1966 232 2014 260 hoc
2026 238 2097 260 inter

1142 277 1201 302 me,
1221 268 1255 301 (9¹
1275 269 1334 298 illos
1344 267 1471 312 inrerestz
1494 267 1587 311 quodss
1609 283 1672 301 cum
1682 273 1717 306 &-
1726 274 1768 302 illi
1776 275 1851 302 cives
1859 272 2022 314 optimisi'nt
2031 293 2040 306 ‚
2062 272 2098 305 (2-

1141 318 1187 355 53⁰
1198 309 1235 339 ab
1245 309 1296 346 sta
1306 310 1389 340 laude
1400 321 1453 341 Ἀθη
1461 309 1549 356 abfim
1559 331 1568 346 ι
1579 323 1625 352 ego
1634 313 1862 345 conditionibus
1874 335 1882 348 ‚
1908 314 1982 356 quod
1990 314 2062 343 idem
2073 320 2101 342 te

1142 353 1331 396 intellexeram
1348 353 1416 381 velle
1426 374 1433 386 ‚
1460 353 1502 382 iuz
1512 355 1603 384 armis
1614 354 1761 394 disceptari
1769 356 1938 386 maluerunt.
1961 366 2019 397 qna
2029 365 2101 397 quo·

1142 403 1219 422 mam
1237 394 1310 423 ratio
1331 394 1406 423 vicit
1420 406 1428 429 3
1446 393 1715 437 perficiamprofesto
1728 417 1736 430 ,
1758 406 1792 428 ut
1800 408 1885 440 neque
1894 396 2022 438 Respubl.
2033 397 2102 427 civis

1144 430 1160 464 a
1175 446 1217 465 me
1226 436 1369 469 animum,
1378 446 1466 476 neque
1477 444 1509 464 tu
1518 437 1606 466 amici
1615 437 1748 477 desideres.

1383 480 1573 509 CICERO
1595 481 1811 514 ATTICQ
1834 483 1863 512 S.

1261 522 1315 550 Im
1327 519 1485 550 molestior
1495 519 1645 560 lippitudo
1654 530 1713 552 erat
1728 523 1816 552 etiarn
1828 542 1837 556 ,
1855 522 1946 563 quam
1958 530 2025 553 ante
2034 521 2101 553 fue·

1261 570 1313 592 rat.
1335 561 1447 592 dictare
1464 570 1566 592 tamen
1584 563 1660 593 hanc
1681 562 1837 603 epistolam
1857 565 1950 594 malui
1971 584 1979 598 ,
2009 565 2100 605 quam

1149 603 1238 634 Gallo
1248 604 1340 634 Fabio
1350 623 1358 636 ‚
1378 601 1582 635 amantiffimo
1592 605 1746 646 utriusque
1755 604 1891 635 nostrum
1905 626 1913 639 ,
1933 607 2013 636 nihil
2024 607 2059 636 ad
2073 616 2101 637 te

1148 646 1311 676 litterarum
1322 645 1400 675 dare.
1420 656 1492 676 nam
1502 646 1598 685 pridie
1610 646 1746 687 quidem,
1759 657 1882 688 quoquo
1893 646 1987 677 modo
1995 657 2104 687 potue-

1149 697 1210 718 ram
1222 707 1231 721 ,
1252 688 1422 726 scripseram
1433 688 1494 728 ipse
1508 697 1555 718 eas
1565 688 1676 718 litteras
1687 708 1695 723 ‚
1716 699 1844 730 quarum
1855 690 2102 719 vaticinationem

1148 728 1252 760 falsam
1271 727 1329 760 esse
1347 732 1449 771 cupio.
1482 730 1570 769 hujus
1590 738 1692 760 autem
1712 729 1845 771 epistolae
1864 740 1927 761 non
1954 730 2054 760 solum
2070 741 2105 761 ea

1147 772 1230 802 causa
1240 770 1282 802 est
1292 792 1301 804 .
1313 779 1347 801 ut
1357 781 1395 802 ne
1407 773 1475 813 quis
1485 771 1500 802 a
1511 781 1561 802 me
1572 771 1635 802 dies
1646 774 1859 803 intermittatur
1872 792 1881 805 ‚
1901 773 1977 813 quin
1987 772 2058 802 dem
2068 772 2104 803 ad

1146 823 1173 844 te
1193 813 1304 843 litteras
1315 825 1324 847 ς
1342 813 1392 844 sed
1410 816 1501 844 etiam
1514 815 1576 844 haec
1586 813 1707 851 justior,
1730 823 1763 844 ut
1773 813 1788 844 *a
1798 824 1826 844 te
1837 816 2025 854 impetrarem
2039 833 2048 847 ‚
2069 822 2102 844 ut

1150 856 1280 886 sumeres
1299 855 1413 896 aliquid
1430 857 1594 896 temporis;
1611 866 1671 896 quo
1689 857 1760 897 quia
1777 855 1832 886 tibi
1849 857 2014 896 perexiguo
2031 864 2107 896 opus

1149 896 1191 928 est
1201 918 1209 931 ,
1222 897 1364 937 explicari
1376 898 1453 928 mihi
1464 907 1551 928 tuum
1563 896 1725 929 confilium
1736 897 1825 938 plane
1835 898 1907 928 volo
1918 917 1926 931 ‚
1947 905 1979 927 ut
1989 899 2107 937 penitus

1149 939 1330 980 intelligam.
1356 941 1468 970 Omnia
1478 940 1547 970 sunt
1555 941 1667 981 integra
1677 940 1776 970 nobis.
1789 939 1865 969 nihil
1875 936 2107 980 praetermissum

1149 981 1193 1012 est
1204 1002 1212 1014 .
1225 981 1307 1022 quod
1319 991 1383 1012 non
1396 981 1500 1012 habeat
1506 982 1668 1022 sapientem
1680 991 1754 1013 excu
1760 981 1905 1012 sationem
1916 1001 1924 1014 ‚
1936 991 1998 1011 non
2010 979 2106 1011 modo

1148 1023 1347 1066 probabilem.
1370 1033 1441 1053 nam
1460 1032 1538 1054 certe
1562 1034 1658 1065 neque
1667 1032 1731 1054 tum
1740 1025 1859 1064 peccavi
1871 1044 1879 1056 ‚
1901 1022 1973 1053 cum
1982 1026 2000 1050 4
2009 1025 2106 1062 impe-

1147 1073 1240 1097 ratam
1249 1065 1309 1104 jam
1323 1067 1454 1104 Capuam
1465 1084 1474 1099 ‚
1487 1075 1551 1095 non
1561 1066 1659 1096 solum
1670 1067 1796 1107 ignaviae
1807 1064 1925 1094 delectus
1936 1086 1945 1098 ,
1957 1064 2004 1095 scd
2014 1066 2105 1094 etiam

1147 1105 1280 1148 perfidiae
1291 1106 1489 1146 suspicionem
1500 1105 1620 1146 fugiens
1631 1127 1640 1140 ‚
1658 1109 1788 1147 accipere
1799 1107 1885 1137 nolui
1898 1118 1907 1140 3
1925 1116 2023 1147 neque
2033 1106 2106 1136 cnm

1147 1147 1215 1189 post
1224 1147 1418 1179 conditiones
1426 1150 1505 1188 pacis
1515 1158 1566 1188 per
1574 1150 1610 1179 L.
1622 1148 1764 1179 Caesarem
1775 1148 1834 1178 &5
1844 1148 1984 1179 Fabatum
1995 1148 2105 1181 allatas,

1147 1190 1212 1221 cavi
1224 1209 1233 1223 ‚
1254 1199 1292 1220 ne
1301 1192 1441 1220 animum
1455 1190 1519 1227 ejus
1528 1187 1715 1220 offenderem
1727 1209 1735 1223 ‚
1757 1191 1807 1219 cui
1816 1189 2048 1229 Pompeiusjam
2060 1199 2105 1219 ar-

1151 1240 1250 1262 matus
1267 1240 1382 1262 armato
1401 1231 1599 1262 Consulatum
1617 1232 1869 1272 triumphumque
1879 1230 2016 1261 deferret.
2041 1233 2107 1261 Nec

1150 1273 1223 1305 vero
1234 1274 1297 1304 haec
1305 1282 1440 1304 emi-ema
1448 1274 1605 1315 quisquam
1616 1273 1712 1314 potest
1721 1274 1786 1313 jure
1797 1271 2106 1313 reprehenderam&

1152 1326 1234 1347 mare
1253 1325 1317 1346 non
1337 1314 1512 1346 tranfierim.
1550 1316 1583 1346 id
1600 1318 1685 1346 enirn
1700 1336 1709 1349 ,
1727 1314 1779 1345 etsi
1795 1324 1855 1346 erat
1871 1314 2109 1348 deliberationis,

1151 1368 1252 1390 tamen
1272 1357 1356 1388 obire
1365 1368 1429 1388 non
1438 1359 1534 1397 potui.
1554 1368 1650 1399 neque
1660 1360 1747 1388 enim
1755 1357 1891 1398 suspicari
1901 1356 2010 1390 debui;
2032 1366 2108 1396 prae-

1152 1402 1252 1432 sertim
1266 1399 1337 1430 cum
1349 1399 1488 1440 exipsius
1500 1402 1638 1440 Pompeii
1648 1400 1753 1430 litteris
1769 1411 1777 1434 ·,
1796 1399 1877 1430 idem
1887 1398 1968 1440 quod
1982 1397 2072 1429 video
2080 1406 2108 1428 te

1150 1440 1346 1475 existimasse,
1358 1451 1421 1472 non
1434 1441 1597 1472 dubitarim
1610 1462 1619 1475 ,
1635 1444 1710 1484 quin
1720 1442 1744 1471 is
1755 1442 1898 1472 Domitio
1909 1440 2108 1471 subventurus

1152 1483 1235 1516 ess'et.
1259 1483 1293 1514 δε
1308 1482 1397 1523 plane
1408 1503 1417 1517 ,
1439 1483 1513 1524 quid
1532 1482 1648 1514 metum
1662 1503 1671 1516 ,
1693 1483 1726 1513 &
1742 1482 1816 1523 quid
1834 1482 2005 1513 faciendum
2028 1482 2108 1511 mihi

1153 1525 1224 1558 esset
1234 1545 1242 1559 ‚
1263 1525 1380 1556 diutius
1395 1527 1522 1566 cogitare
1533 1526 1636 1556 malui.
1660 1525 1798 1556 Primum
1809 1526 1899 1565 igitur
1911 1544 1919 1558 ‚
1939 1523 2108 1564 haecqualia

1151 1568 1207 1599 tibi
1217 1566 1274 1598 esse
1284 1566 1442 1598 videantur
1453 1587 1461 1600 ‚
1482 1565 1534 1597 etsl
1548 1565 1705 1608 fignificata
1716 1566 1783 1597 sunt
1793 1566 1809 1597 ‘a
1818 1575 1845 1597 te
1858 1585 1867 1599 ‚
1879 1574 1980 1596 tamen
1989 1573 2107 1596 accura-

1152 1610 1213 1641 tius
1233 1609 1312 1639 mihi
1333 1607 1493 1649 perscribas
1502 1629 1510 1642 ‚
1530 1610 1641 1640 velim:
1663 1608 1772 1639 deinde
1781 1607 1894 1648 aliquid
1908 1608 1998 1638 etiam
2009 1607 2042 1637 in
2053 1616 2106 1647 po-

1152 1654 1264 1684 sterum
1285 1651 1446 1691 prospicias
1457 1669 1466 1684 ‚
1486 1649 1636 1693 fingasque
1645 1660 1735 1691 quern
1747 1660 1796 1681 me
1807 1648 1864 1679 effe
1874 1648 1991 1683 deceat,
2013 1648 2045 1679 δε
2055 1648 2106 1678 ubi

1153 1704 1203 1725 me
1210 1694 1378 1733 plurimum
1388 1691 1523 1733 prodess‘e
1533 1695 1620 1733 Reip.
1632 1693 1739 1729 semjas
1750 1703 1759 1726 3
1777 1701 1877 1732 ecquae
1889 1690 2006 1731 pacifica
2016 1690 2109 1733 perfia-

1150 1747 1186 1766 na
1207 1733 1386 1765 defideretur
1396 1746 1406 1769 ;
1423 1743 1460 1765 an
1470 1735 1504 1765 in
1514 1733 1641 1764 bellatore
1649 1733 1706 1764 sint
1715 1735 1830 1764 omnia.
1854 1736 1951 1773 Atque
1960 1742 2015 1774 ego
2026 1752 2034 1767 ‚
2055 1732 2109 1773 qui

1152 1778 1259 1809 omnia
1265 1775 1370 1806 officio
1381 1778 1492 1806 metior
1506 1797 1514 1810 ,
1525 1775 1666 1806 recordor
1676 1784 1777 1806 tamen
1786 1783 1836 1805 tua
1845 1772 1967 1805 confilia
1978 1785 1987 1808 3
1997 1774 2109 1814 quibus

1151 1819 1172 1850 si
1181 1815 1340 1860 paruiffem
1354 1837 1363 1852 ,
1385 1816 1536 1849 tristitiam
1551 1817 1675 1848 illorum
1687 1826 1861 1858 temporum
1870 1825 1935 1846 non
1944 1813 2108 1847 subiissem.

1152 1861 1303 1893 memini,
1319 1859 1395 1901 quid
1419 1861 1498 1890 mihi
1515 1868 1581 1890 tum
1602 1859 1722 1890 suaseris
1739 1868 1792 1899 per
1801 1859 2041 1898 Theophanem,
2057 1865 2112 1898 per

1151 1903 1321 1935 Culeonem
1333 1911 1339 1931 :
1350 1900 1442 1942 idque
1452 1902 1526 1943 saepe
1535 1902 1737 1944 ingemiscens
1745 1901 1811 1932 sum
1821 1899 2002 1932 recordatus.
2022 1908 2111 1940 quare

1155 1955 1238 1976 nunc
1256 1943 1360 1976 saltem
1378 1943 1413 1974 ad
1423 1944 1494 1975 illos
1502 1944 1634 1975 calculos
1643 1952 1846 1977 revertamur,
1864 1951 1941 1984 quos
1954 1950 2020 1972 tum
2030 1941 2112 1979 abje-

1154 1990 1253 2020 cimus
1276 1998 1286 2022 ;
1321 1995 1354 2017 ut
1372 1995 1437 2016 non
1458 1986 1557 2017 solum
1575 1984 1713 2027 gloriosis
1729 1984 1863 2016 consiliis
1883 1992 2002 2014 utamur
2020 2002 2029 2017 ‚
2059 1981 2110 2014 sed

1157 2032 1248 2061 etiam
1271 2026 1289 2048 ⁶
1308 2028 1412 2069 paullo
1423 2027 1595 2069 salubribus.
1626 2027 1675 2058 sed
1694 2028 1773 2058 nibil
1789 2025 1957 2068 praescribo.
1979 2023 2111 2056 accurate

1156 2073 1250 2103 velim
1272 2070 1436 2111 perscribas
1458 2079 1538 2102 tuam
1550 2070 1585 2102 ad
1595 2080 1646 2100 me
1656 2070 1843 2101 sententiam.
1866 2068 1947 2098 Volo
1957 2068 2048 2097 etiam
2056 2076 2113 2097 ex-

1156 2116 1269 2156 quiras,
1278 2122 1368 2153 quam
1383 2111 1609 2154 diligentissime
1621 2114 1734 2153 poteris
1744 2132 1753 2146 ‚
1775 2109 1920 2150 (habebis
1927 2117 2025 2140 autem
2036 2128 2045 2143 ‚
2059 2117 2114 2149 per

1155 2165 1232 2198 quos
1241 2153 1341 2196 poffis)
1349 2154 1423 2197 quid
1432 2155 1580 2186 Lentulus
1589 2153 1777 2195 noster‚qu'1d
1787 2153 1946 2184 Domitius
1953 2159 2027 2193 agat,
2037 2149 2111 2190 quid

1155 2197 1274 2229 a&urus
1286 2195 1335 2231 fit,
1347 2197 1608 2238 quemadmodum
1620 2206 1701 2228 nunc
1710 2196 1738 2227 se
1747 2203 1848 2237 gerant
1858 2214 1867 2228 ‚
1879 2203 1955 2223 num
1964 2202 2054 2233 quem
2063 2201 2112 2222 ac-

1156 2240 1259 2271 cusent
1270 2259 1280 2274 ,
1300 2248 1376 2268 num
1400 2241 1449 2269 cui
1458 2239 1657 2270 succenseant.
1680 2238 1754 2280 quid
1763 2237 1832 2267 dico
1843 2256 1851 2270 ‚
1862 2244 1939 2265 num
1947 2235 2017 2265 cui?
2033 2243 2111 2264 num

1158 2282 1329 2322 Pompejo?
1347 2282 1480 2311 omnino
1497 2281 1615 2321 culpam
1634 2290 1761 2311 omnem
1783 2277 1986 2317 Pompejusin
1997 2277 2111 2306 Domi—

1155 2325 1231 2354 tium
1251 2321 1383 2353 confert·
1405 2323 1487 2365 quod
1500 2321 1590 2363 ipsius
1598 2322 1703 2352 litteris
1711 2320 1852 2362 cognosci
1859 2316 1958 2359 potest
1968 2328 1974 2347 :
1985 2326 2111 2359 quarum

1156 2365 1336 2405 exemplum
1354 2364 1389 2395 ad
1400 2374 1429 2394 te
1439 2366 1540 2394 mitto.
1565 2365 1638 2394 Haec
1648 2365 1738 2405 igitur
1750 2361 1866 2392 videbis
1878 2372 1888 2395 3
1907 2360 1939 2390 &
1949 2379 1959 2394 ‚
1981 2358 2064 2399 quod
2076 2358 2114 2394 ad

1158 2416 1186 2437 te
1195 2416 1263 2437 ante
1274 2404 1368 2446 scripsi
1377 2426 1385 2439 ‚
1396 2406 1549 2436 Demetrii
1560 2407 1709 2446 Magnetis
1718 2404 1831 2435 librum
1842 2422 1851 2438 ‚
1862 2411 1953 2444 quem
1966 2401 2003 2432 ad
2014 2410 2041 2432 te
2052 2401 2114 2432 mi-

1159 2447 1192 2478 fit
1202 2448 1238 2478 de
1247 2447 1419 2480 concordia,
1430 2448 1524 2477 velim
1537 2448 1615 2477 mihi
1626 2450 1734 2479 mittas.

1156 2495 1171 2519 7
1186 2491 1262 2521 CN.
1286 2491 1509 2519 MAGNUS
1532 2491 1733 2520 PROCOS.
1757 2486 2112 2519 M.MARCELLO,

1353 2532 1389 2560 L.
1408 2532 1664 2561 LENTULO
1685 2532 1809 2561 COSS.
1831 2532 1859 2559 S.
1873 2531 1913 2558 D.

1161 2571 1300 2648 E60‚
1311 2571 1589 2614 qubdexistimabam
1598 2592 1607 2607 ‚
1620 2572 1764 2613 dispersos
1779 2582 1825 2601 nos
1836 2591 1844 2605 ‚
1863 2580 1949 2612 neque
1959 2569 2038 2610 Reip.
2050 2567 2114 2597 uti-

1236 2615 1271 2644 les
1281 2635 1289 2648 ,
1300 2624 1386 2655 neque
1393 2612 1465 2643 nobis
1466 2613 1587 2655 prasidio
1595 2613 1728 2657 effipoffe,
1739 2613 1839 2643 idcirco
1848 2612 1885 2642 ad
1893 2615 1931 2642 L.
1948 2610 2114 2640 Domitium

1157 2657 1269 2686 litteras
1286 2656 1351 2697 misi
1359 2676 1367 2689 ,
1383 2657 1512 2698 primum
1529 2656 1575 2685 uti
1584 2656 1639 2697 ipse
1647 2666 1710 2686 cum
1720 2655 1795 2685 omni
1803 2655 1882 2697 copia
1893 2653 1930 2682 ad
1938 2663 1985 2681 nos
1993 2651 2112 2680 veniret:

1153 2698 1181 2739 fi
1197 2697 1229 2727 de
1244 2699 1274 2738 se
1290 2697 1435 2727 dubitaret
1447 2718 1455 2731 ,
1474 2705 1509 2727 ut
1526 2698 1643 2728 cohortes
1652 2699 1740 2729 XIX‘.
1749 2707 1808 2738 quae
1817 2707 1850 2725 ex
1860 2696 1954 2726 Piceno
1964 2693 2001 2722 ad
2009 2702 2051 2722 me
2062 2694 2116 2721 iter

1159 2739 1314 2774 habebant,
1334 2739 1372 2769 ad
1380 2750 1426 2769 nos
1439 2740 1574 2769 mitteret.
1593 2740 1667 2781 quod
1675 2738 1855 2778 veritms'um
1869 2757 1878 2770 ,
1891 2733 2008 2775 fastum
2015 2733 2051 2770 est
2061 2754 2068 2767 ³
2080 2741 2115 2762 ut

1159 2783 1310 2812 Domitius
1330 2781 1523 2823 implicaretur
1533 2793 1543 2816 3
1568 2792 1655 2824 neque
1671 2781 1724 2822 ipse
1737 2778 1911 2821 fittisfirmus
1930 2775 1991 2816 efflet
2011 2775 2049 2805 ad
2067 2786 2116 2804 ca-

1366 2875 1438 2878 ...-,
1443 2872 1638 2878 ,..,.....--.-
2056 2815 2116 2855 stra

1645 2865 2092 2876 -Μ

1194 2905 1220 2929 5.
1240 2896 1383 2930 Fabatum]
1401 2895 1524 2922 Vistorio
1535 2893 1600 2920 teste
1611 2892 1667 2919 mff.
1679 2892 1712 2918 fic
1722 2890 1818 2918 habent
1831 2910 1839 2922 ‚
1849 2891 1911 2917 licet
1921 2890 1972 2925 ipse
1983 2897 2115 2926 receptam

1156 2932 1299 2973 leEtionem
1311 2933 1412 2958 Fabium
1423 2950 1432 2963 ,
1451 2931 1575 2957 retineat.
1595 2930 1714 2955 Fabatum
1722 2927 1803 2954 ctiam
1817 2926 1894 2953 habet
1905 2925 2023 2953 Tornaes.
2034 2928 2116 2953 Lam-

1155 2968 1221 3030 δμὲῗ
1232 2969 1315 3030 {liza
1323 3001 1490 3036 salubribus-J
1506 3001 1548 3026 Sic
1558 2999 1625 3035 legit
1635 2999 1759 3026 Lambin.
1770 3008 1804 3026 ex
1815 2998 1904 3026 codice
1915 2997 2032 3026 Tornaes.
2043 2995 2116 3034 quod

193 3052 220 3077 4.
239 3047 389 3077 Impuratam
400 3046 454 3077 jam
472 3046 604 3079 Capuam]
627 3045 722 3071 Codex
741 3043 860 3070 Tornaes.
879 3046 1043 3077 imparatan13
1065 3051 1118 3077 quo
1155 3040 1236 3068 etiam
1252 3041 1267 3066 εἰ
1282 3038 1392 3074 Malasp.
1403 3035 1612 3064 animadversum
1625 3034 1676 3062 csse
1685 3035 1762 3062 dicit.

156 3078 238 3107 modo
248 3078 389 3114 legendum
405 3081 467 3105 cum
479 3080 642 3107 Lamb.tum
660 3081 706 3108 alii
727 3081 777 3106 viri
795 3079 870 3107 doffi
890 3079 1053 3106 existimant.
1073 3076 1117 3104 sed

156 3124 215 3142 eum
237 3116 369 3151 vulgatam
393 3113 535 3141 leflionem
554 3119 700 3149 imparatam
718 3117 834 3147 retineat
851 3116 1014 3146 Decurtatus
1028 3134 1037 3150 ,
1057 3122 1115 3144 eam

156 3150 247 3181 Bofius
257 3150 304 3180 suo
313 3151 373 3180 loco
383 3159 491 3180 movere
501 3151 600 3180 noluit.

1190 3084 1218 3110 7.
1237 3077 1282 3101 Cn.
1293 3078 1399 3107 Magum
1410 3073 1501 3106 Procas.
1521 3076 1561 3099 M.
1572 3072 1712 3113 Marcello]
1733 3071 1864 3099 Emendat
1873 3071 1986 3098 Ursinus
1999 3073 2027 3096 C.
2040 3073 2114 3097 Mar-

1132 3097 1136 3147 ,
1153 3114 1206 3138 cello
1216 3130 1225 3143 ‚
1235 3110 1398 3145 eandemque
1408 3107 1458 3135 ess'e
1468 3107 1572 3144 antiqui
1581 3107 1684 3135 denarii
1694 3107 1892 3145 inscriptionem
1903 3107 1940 3136 ait
1951 3126 1960 3140 ,
1969 3107 1996 3135 in
2007 3115 2062 3142 quo
2072 3113 2116 3132 re-

1132 3150 1136 3184 ι
1155 3147 1257 3185 peritur
1275 3147 1400 3185 G.Marc.
1416 3147 1448 3174 L.
1459 3147 1529 3180 Ζξεητ.
1549 3145 1573 3174 C
1586 3153 1628 3173 os
1641 3153 1666 3174 s.

2021 3180 2119 3212 1315-
