2337 3400
608 89 678 136 M.
757 85 1119 132 Τυιιιι

504 172 551 212 pia
569 169 667 200 solum
686 186 695 202 ,
716 166 763 197 sed
783 166 901 196 latiores
919 162 1055 204 quiedam
1076 165 1087 183 ¹
1111 160 1147 194 ad

517 214 582 242 dam
604 213 659 239 viae
682 208 877 247 reperiuntur.
902 215 1016 234 errorem
1035 214 1147 238 autem,

194 95 289 162 976

194 178 307 219 quibus
326 184 387 206 non
406 172 499 215 princi

196 228 343 250 rationem
370 223 512 245 ini-cnien

199 261 234 290 δι’
252 259 438 287 temeritatem
449 275 456 288 ‚
475 255 509 285 δε
522 259 711 292 ignorantiam
722 269 730 282 ‚
752 247 980 288 &opinationem
991 266 1000 279 ‚
1021 246 1150 287 &suspi-

196 311 299 330 civium
312 320 319 332 ,
342 299 373 327 δε
394 307 455 326 uno
477 296 602 324 nomine
619 301 724 322 omnia
736 310 743 324 ,
762 300 827 330 qua:
845 287 937 319 essent
947 289 1042 318 aliena
1056 288 1149 317 tirmae

197 343 231 372 &
250 340 411 370 constantis
433 335 622 367 assensionis,
641 335 658 363 ὲ
676 341 785 363 virtute
806 331 1003 371 sapientiaque
1013 339 1152 359 remove-

197 383 255 412 bat.
279 391 364 421 atque
387 390 419 408 in
440 381 478 408 iis
499 378 560 407 ieie
578 375 780 406 commutatio
796 371 929 402 consistit
949 373 1052 402 omnis
1065 391 1074 405 ‚
1093 371 1153 402 dis·

144 440 183 464 12
200 422 352 463 stnsioque
372 422 506 451 Zenonis
524 419 539 448 a
560 416 770 457 superioribus.
793 417 868 455 Qae
885 413 956 444 cum
969 411 1089 443 dixiss‘et
1102 413 1150 443 z&

197 466 323 496 brtvitcr
343 464 429 496 sine,
449 463 636 499 minimeque
656 458 778 488 obscure
790 453 920 496 exposita
930 454 988 488 est,
1013 452 1149 496 inqutm,

196 510 212 538 a
231 517 277 539 te,
298 509 412 538 Varro,
431 504 463 533 &
483 504 588 532 veteris
607 500 778 530 Academia:
799 500 895 532 ratio,
913 497 947 527 δε
967 500 1149 527 Stoicorum.
1168 510 1170 517 ·

197 558 303 578 verum
315 546 372 577 effe
381 555 479 576 autem
491 544 616 574 arbitror
625 561 634 575 ‚
654 551 685 572 ut
698 541 850 571 Antiocho
863 559 872 573 ‚
883 538 984 570 nostro
995 538 1150 573 familiari,

196 590 328 631 placebat
346 608 353 622 ,
372 586 592 618 cori-eskioncm
615 586 724 614 veteris
745 583 914 612 Academiae
935 580 1038 623 potitis
1057 581 1147 621 qu‘am
1169 598 1170 606 κ

195 633 326 672 aliqu-im
339 638 450 659 novam
462 628 651 666 disciplinam
664 625 834 666 putandam.
858 626 948 654 Tunc
959 625 1063 656 Varro,
1075 626 1149 653 Tuae
1168 645 1170 651 ⁴

197 674 265 704 suut
285 682 364 702 nunc
384 680 480 711 partes
501 690 511 702 ,
542 677 641 708 inquit
664 687 672 701 ‚
691 669 742 708 qui
762 666 799 696 ab
817 667 1013 705 antiquorum
1036 666 1150 694 ratione

196 725 280 746 nunc
298 714 433 744 desciscis
446 732 454 746 ‚
476 712 508 741 &
519 721 552 741 ea
563 731 571 744 ,
594 719 659 750 quae
671 709 706 738 ab
724 705 849 738 Arcesila
860 716 966 737 novata
977 707 1042 736 sunt
1055 726 1063 739 ,
1082 715 1151 746 pro-

197 757 248 787 bas
261 777 268 789 ,
287 759 300 776 ²
321 756 426 785 docere
439 774 448 786 ,
467 753 546 794 quod
558 773 566 785 ‚
591 753 623 782 δε
642 761 699 792 qua
716 750 752 780 de
769 749 853 780 causa
865 748 1026 779 discidium
1036 747 1150 778 fastum
1169 775 1170 785 ¹

195 797 252 832 fitz
281 807 314 827 ut
338 797 494 827 videamus
514 816 523 829 ‚
546 793 651 824 satisne
671 791 724 822 ista
745 789 778 821 sit
800 789 875 830 justa
894 789 1034 820 defectio.
1068 793 1150 819 Tum

198 850 254 880 rgo
275 858 303 876 2,
317 842 394 869 Cum
415 838 562 869 Zenone,
581 838 704 875 inquam
718 853 726 868 ‚
747 842 778 863 ut
797 835 985 872 accepimus,
1012 829 1153 862 Arcesilas

199 880 254 911 sibi
273 891 366 911 omne
384 888 534 911 certamen
555 876 685 907 instituit
704 895 713 909 ‚
733 885 783 904 non
802 875 977 916 pertinacia,
997 881 1050 902 aut
1059 871 1152 909 studio

199 922 346 956 vincendi,
370 932 402 952 ut
420 923 498 951 mihi
517 919 641 960 quidem
653 917 770 948 videtur
782 936 791 950 ‚
816 916 864 946 sed
874 924 1081 945 earumrerum
1097 914 1154 944 ob-

198 965 332 996 scuritate
345 985 353 998 ,
377 973 442 1004 quae
461 961 496 992 ad
514 958 732 991 confefflonem
754 959 952 998 ignorationis
973 957 1155 987 adduxerant

198 1009 349 1038 socratem
364 1026 371 1039 ,
394 1006 427 1035 Ec
450 1004 544 1033 veluti
567 1002 713 1032 amanteis
727 1003 878 1031 Socratem
893 1019 901 1033 ,
927 1000 1153 1030 Democritum,

196 1052 403 1089 Anaxagoram
417 1067 424 1080 ,
444 1044 680 1084 Empedoclem,
700 1043 821 1072 omneis
839 1041 923 1081 paene
943 1050 1057 1071 veteres
1078 1051 1083 1069 :
1100 1041 1153 1080 qui

197 1090 278 1121 nihil
297 1089 457 1130 cognosci,
479 1086 556 1117 nihil
577 1087 700 1125 percipi,
724 1083 802 1113 nihil
823 1083 886 1113 sciri
904 1081 983 1124 poffe
995 1082 1154 1112 dixerunt:

196 1130 325 1172 angustos
343 1131 436 1170 sensus
448 1149 456 1163 ‚
478 1127 630 1158 imbecillos
649 1127 756 1155 animos
768 1145 777 1159 ‚
798 1123 894 1154 brevia
912 1124 1052 1153 curricula
1071 1124 1136 1152 vice
1148 1141 1156 1154 ,

201 1175 236 1204 &
257 1175 310 1212 (ut
338 1172 549 1210 Democritus)
581 1170 609 1198 in
636 1167 772 1210 profundo
792 1168 943 1195 veritatem
961 1164 1017 1195 esse
1037 1165 1158 1194 demer-

198 1215 262 1246 sam
286 1225 292 1244 :
316 1213 516 1254 opinionibus
536 1231 545 1246 ‚
567 1210 762 1241 &institutis
784 1218 890 1238 omnia
908 1210 1021 1240 teneri,
1042 1210 1054 1234 3
1079 1205 1156 1235 nihil

199 1258 317 1287 veritati
346 1256 477 1296 relinqui
501 1253 664 1292 :deinceps
691 1252 797 1281 omnia
822 1249 953 1279 tenebris
977 1246 1158 1279 circumfusa

200 1297 260 1328 ess‘e
285 1299 438 1329 dixerunt.
471 1299 572 1336 Itaque
600 1292 740 1324 Arcesilas
762 1291 884 1333 negabat
904 1289 963 1320 effe
981 1289 1158 1330 quidquam,

202 1340 285 1381 quod
301 1340 367 1370 sciri
386 1337 497 1380 pofl'et,
519 1346 557 1367 ne
575 1335 652 1366 illud
674 1335 800 1376 quidem
821 1333 918 1373 ipsum
931 1352 941 1366 ,
962 1332 1044 1374 quod
1056 1334 1160 1362 Socra-

1197 80 1739 129 Cre‘iznoieis

1165 165 1167 171 ’
1185 171 1228 196 tes
1252 159 1304 194 fibi
1323 158 1493 206 reliquiss‘et.
1518 157 1555 192 sic
1573 163 1679 193 omnia
1695 155 1785 194 iacere
1796 157 2139 201 censebantinocculto,

1166 204 1170 257 ἱ
1187 214 1284 246 neque
1300 201 1358 233 esle
1377 202 1541 243 quidquam
1553 222 1562 237 2
1589 201 1670 244 quod
1685 205 1786 236 cerni,
1814 211 1864 234 aut
1884 202 2012 244 intelligi
2034 199 2140 243 poffit:

1167 263 1169 281 ι,
1187 247 1296 319 quibus
1315 244 1352 274 de
1369 242 1460 274 causis
1472 244 1548 272 nihil
1558 253 1694 283 oportere
1703 255 1800 285 neque
1812 244 1944 285 profiteri
1958 264 1966 278 ‚
1987 253 2083 285 neque
2093 241 2141 274 af-

1167 296 1169 308 *
1214 297 1308 317 rmare
1324 294 1506 327 quemquam
1525 304 1534 318 ‚
1555 288 1573 311 4
1593 293 1690 325 neque
1704 284 1860 316 affertione
1879 285 2040 326 approbare
2061 296 2066 314 z
2085 294 2140 315 co-

1168 325 1495 368 ¹liiberequesempem
1513 326 1608 356 &AB
1625 335 1741 356 OMNI
1760 336 1899 358 narso
1922 337 2058 358 CONTI
2072 335 2141 357 ›ii-:-

1193 381 1246 402 nss
1265 381 1285 400 τ
1299 379 1416 399 izi-iza
1431 378 1475 398 tr
1489 377 1705 408 ATEMtquae
1727 377 1791 398 tum
1810 368 1882 399 ess‘et
1903 368 2045 410 insignis,
2064 368 2139 399 cum

1191 423 1238 444 aut
1255 412 1327 442 falsa
1336 431 1345 445 ,
1369 420 1418 440 aut
1427 412 1581 450 incognita
1590 419 1635 439 res
1644 409 1852 449 approbaretur
1863 419 1974 451 :neque
1984 412 2043 441 hoc
2050 409 2141 451 quid-

1187 464 1277 496 quam
1301 452 1358 483 ess'e
1375 454 1489 492 turpius
1502 471 1512 485 ,
1531 452 1622 493 quam
1633 451 1802 491 cognitioni
1814 451 1846 482 &
1854 454 2046 493 praeceptioni
2056 451 2145 482 affer-

1188 500 1317 528 tionem,
1328 495 1634 534 approbationemque
1642 502 1826 532 praecurrere.
1851 495 1931 522 Huic
1944 495 2050 524 rationi
2059 492 2142 535 quod

1188 548 1249 569 erat
1269 537 1525 569 consentaneum,
1545 534 1670 565 faciebat
1684 554 1692 568 ‚
1712 543 1859 564 utcontra
1869 537 2012 565 omnium
2024 535 2145 565 senten-

1190 582 1244 610 tias
1263 583 1275 606 5
1295 579 1427 618 diesjam
1443 577 1598 618 plerosque
1608 576 1767 606 deduceret
1779 587 1784 605 ε
1796 584 1829 606 ut
1840 594 1849 609 a
1868 575 1940 606 cum
1953 578 1984 606 in
1997 577 2099 608 eadem
2111 586 2142 607 re

1192 623 1270 662 paria
1287 622 1441 650 contrariis
1467 620 1502 649 in
1522 618 1655 659 partibus
1674 627 1832 647 momenta
1851 616 2012 648 rationum'
2024 619 2144 648 inveni-

1189 673 1291 694 rentur
1308 682 1317 696 ,
1346 661 1464 692 facilius
1492 660 1529 691 ab
1558 670 1680 702 utraque
1703 668 1785 699 parte
1804 657 1922 689 assertio
1943 657 2142 689 sustineretur.

1191 709 1277 736 Hanc
1286 703 1481 735 Academiam
1492 712 1604 732 novam
1617 702 1823 742 appellabant,
1831 711 1901 741 quae
1911 702 1989 730 mihi
1997 709 2084 730 vetus
2096 701 2144 730 vi-

1191 748 1276 778 detur
1294 757 1300 775 t
1321 743 1342 775 fi
1368 744 1494 786 quidem
1517 745 1673 774 Platonem
1694 753 1733 773 ex
1750 743 1804 772 illa
1819 752 1918 772 vetere
1936 750 2141 772 numeramus.

1189 798 1273 829 cujus
1291 790 1325 817 in
1345 787 1431 817 libris
1447 786 1525 816 nihil
1545 784 1727 818 affirmatur,
1746 785 1779 814 δε
1799 786 1830 815 iri
1852 793 2010 824 utramque
2029 792 2143 824 partem

1191 831 1287 861 multa
1303 827 1501 861 differuntur,
1522 827 1879 868 deomnibusquaeritur,
1901 825 2146 856 nihilcertidici-

1190 883 1245 903 tur.
1269 871 1318 901 sed
1337 880 1438 901 tamen
1459 871 1529 903 illa.
1549 879 1639 910 quam
1661 868 1807 909 exposui,
1831 877 1915 898 vetus
1934 878 1941 897 t
1960 869 2022 898 haec
2036 887 2046 901 ,
2065 876 2145 898 nova

1191 915 1370 945 nominetur
1385 924 1390 941 z
1404 922 1468 952 quae
1480 912 1569 952 usque
1578 911 1614 941 ad
1625 910 1805 941 Carneadem
1816 910 1886 949 perd
1892 908 1957 940 iusta
1967 929 1975 944 ,
1996 911 2048 950 qui
2058 918 2148 949 quar-

1191 966 1238 987 tus
1254 956 1290 986 ab
1308 953 1433 985 Arcesila
1451 953 1509 984 fuit
1519 973 1527 987 ‚
1551 955 1583 982 in
1593 953 1696 983 eadem
1708 949 1842 982 Arcesilae
1851 953 1965 982 ratione
1975 948 2145 991 permansit.

1193 997 1353 1029 Carneades
1363 1005 1461 1026 autem
1473 995 1587 1024 nullius
1597 993 1793 1034 philosophia:
1801 995 1890 1033 partis
1900 996 2016 1034 ignarus
2028 1013 2036 1026 ,
2049 993 2082 1023 &
2093 1012 2101 1026 ‚
2113 1000 2148 1023 ut

1194 1040 1324 1080 cognovi
1339 1048 1378 1068 ex
1393 1039 1428 1066 iis
1441 1057 1448 1070 ,
1467 1038 1519 1077 qui
1531 1037 1619 1065 illum
1629 1035 1782 1065 audierant
1792 1054 1800 1068 ‚
1824 1037 2015 1075 maximeque
2023 1044 2062 1064 ex
2073 1035 2148 1073 Epi-

1191 1091 1280 1112 cureo
1292 1081 1418 1110 Zenone
1429 1098 1438 1112 ,
1448 1077 1580 1118 quicum
1591 1077 1627 1106 ab
1635 1087 1671 1106 eo
1682 1076 1850 1116 plurimum
1861 1075 2034 1109 dissentiret,
2046 1085 2145 1106 unum

1194 1132 1295 1153 tamen
1312 1128 1417 1160 praeter
1433 1128 1548 1150 ceteros
1563 1118 1740 1151 mirabatur,
1759 1118 1931 1148 incredibili
1949 1117 2076 1159 quadam
2088 1115 2148 1148 fuit

1193 1164 1342 1194 facultate.
1816 1182 1818 1184 -

1236 1204 1340 1235 Multa
1359 1213 1393 1232 ex
1411 1203 1460 1231 hoc
1474 1203 1565 1244 primo
1574 1201 1643 1232 libro
1651 1201 1896 1230 Academicarum
1903 1198 2040 1242 quaefhad
2047 1202 2149 1229 Varro-

1194 1257 1255 1277 nem
1266 1266 1274 1280 ,
1293 1246 1329 1278 ὼ·
1343 1244 1496 1284 ficundus,
1516 1244 1618 1273 tertius
1629 1264 1638 1278 ,
1660 1251 1781 1285 quartus
1799 1242 2004 1283 desiderantur.-
2023 1242 2078 1282 mfi
2088 1243 2149 1282 quis

1195 1288 1268 1319 velit
1278 1298 1341 1317 eum
1353 1307 1360 1320 ,
1381 1288 1433 1328 qui
1443 1284 1606 1326 inscribitur
1617 1306 1626 1320 ‚
1645 1286 1781 1315 Lucullus
1793 1303 1801 1317 ,
1821 1285 1874 1325 qui
1880 1283 2000 1324 deinceps
2004 1283 2147 1325 liquitur,

1196 1337 1335 1372 quartum
1343 1338 1486 1358 numerare
1499 1338 1511 1355 .·
1521 1326 1595 1368 quiid
1595 1327 1675 1367 facit
1683 1329 1716 1356 N
1717 1327 1805 1356 anim.
2068 1337 2072 1340 -

236 1451 259 1468 x.
279 1443 321 1467 Ad
327 1443 443 1467 rationem
451 1437 618 1464 inveniendam
626 1433 857 1468 viti-eperimiur.]
874 1433 1009 1459 Manutius
1019 1441 1049 1459 ac
1059 1430 1154 1459 Lamb.
1192 1429 1277 1461 dum;
1300 1429 1388 1456 malim
1402 1450 1411 1464 ,
1429 1432 1553 1465 reliquum.

195 1474 356 1511 conjiciunt,
366 1484 395 1502 ut
405 1478 564 1508 aperirentur.
588 1472 604 1498 ss
615 1472 694 1498 etiam
706 1471 771 1497 niihi
782 1469 880 1495 hiscere
891 1469 954 1494 licet
965 1478 974 1499 ς
994 1468 1080 1494 dicam
1093 1487 1101 1499 ,
1112 1467 1154 1493 vi-

1229 1472 1258 1498 4.
1276 1467 1419 1499 (affatione
1437 1465 1590 1500 approbare]
1611 1465 1689 1492 Nihil
1711 1465 1812 1492 vai-iniit
1831 1464 1912 1491 nostri
1930 1464 2038 1501 scripti:
2060 1472 2149 1493 tamen

194 1513 253 1541 deri
266 1512 412 1548 poss'eillud
431 1513 583 1543 reperiuntur
595 1527 602 1538 ,
621 1507 738 1534 scholion
755 1505 856 1532 librarii
867 1505 988 1538 alicujus.
1007 1503 1103 1539 absque
1121 1513 1153 1530 eo
1198 1502 1285 1527 Eri-ic.
1303 1502 1449 1538 Stephanus
1468 1503 1495 1528 δε
1511 1501 1656 1528 Lambinus
1675 1501 1816 1537 repositum
1834 1508 1900 1528 eunt
1917 1502 2054 1536 affiifione;
2074 1509 2104 1529 ut
2122 1503 2152 1529 δε

193 1550 255 1576 sane
267 1548 396 1575 sententia
404 1547 474 1573 belle
486 1544 623 1581 procedit.
644 1543 679 1569 sin
698 1540 887 1572 retinendum,
907 1541 1061 1567 concinnius
1081 1538 1154 1567 foret

195 1585 289 1612 littei-a
301 1591 402 1610 mutata
411 1582 548 1617 scriptum,
561 1581 730 1612 reperirentur.

197 1651 201 1655 ,
234 1629 263 1647 2.
282 1623 366 1646 Docere
379 1638 387 1651 ,
396 1619 456 1653 quod
466 1637 474 1649 ,
483 1617 550 1650 dre]
574 1615 641 1641 l’all.
653 1614 712 1640 doct.
734 1612 804 1649 quod
814 1613 843 1638 Sc
854 1612 912 1640 heic
923 1611 1010 1639 locum
1022 1611 1094 1639 suum
1106 1610 1151 1638 ha-

198 1656 271 1687 beat,
283 1656 333 1681 alia
346 1652 570 1689 interpunffione.

1197 1546 1260 1563 mox
1272 1537 1367 1564 iterum
1379 1539 1531 1572 rrffcnfionem,
1541 1538 1600 1564 loco
1610 1539 1762 1571 affer-tionem.

1235 1582 1259 1607 5.
1280 1576 1337 1599 Dies
1346 1575 1402 1608 jam
1414 1574 1566 1608 pler-efflue]
1598 1574 1665 1600 l'all.
1684 1575 1711 1600 St
1731 1572 1870 1600 Gulielmii
1890 1573 1927 1598 T.
1947 1576 2037 1606 pleros.
2055 1582 2087 1600 an
2106 1567 2160 1600 ‹ii-⁴

1197 1611 1435 1649 cemus-antique?
1455 1609 1488 1636 fic
1501 1611 1528 1636 ὃ(
1547 1609 1617 1636 libro
1628 1619 1671 1636 iv.
1690 1608 1818 1636 Academ.
1838 1608 1973 1644 quaestion.
1993 1618 2049 1644 cap.
2059 1615 2088 1642 4.
2108 1609 2150 1635 le-

1198 1652 1271 1680 gitur
1289 1654 1316 1672 iii
1335 1646 1481 1683 exemplari
1499 1645 1655 1674 &Victoris
1673 1647 1792 1680 compleras
1801 1647 1852 1672 dics
1862 1664 1872 1678 ‚
1893 1644 1937 1672 ubi
1949 1643 2050 1681 vulgati
2061 1663 2070 1678 ,
2088 1654 2150 1672 rom·

235 1701 262 1729 3.
283 1687 597 1723 restillet-mutirelinqua]
619 1683 927 1713 initialiter-emendant.
946 1682 1039 1720 siquid
1050 1690 1156 1711 mutan·
1192 1683 1286 1715 plures.

535 1804 627 1863 hi
720 1802 1121 1861 TULL11

1215 1799 1823 1859 CICERONIS

204 1930 2155 2005 ACAEHMQICARUsi(QUAESTIObUnu

668 2068 980 2116 LIBER

1093 2026 1688 2110 S'ECUNDUS.

327 2180 420 2251 stu
433 2179 610 2251 potiris
623 2215 640 2240 ,
666 2189 725 2231 ut
747 2195 857 2230 eum
879 2184 1114 2228 numerat
1136 2172 1368 2234 Nonius,
1400 2167 1534 2222 1111.
1571 2169 1662 2241 qui
1681 2169 2001 2243 infiribitur‚

779 2278 1157 2337 LUCU

492 2416 622 2444 Acetum
634 2413 790 2454 ingenium
802 2411 973 2444 LLuculli,
990 2419 1169 2450 magnumq3

443 2456 463 2465 v

454 2473 466 2487 2
491 2457 675 2495 optimarum
689 2455 798 2485 artium
813 2453 944 2482 studium
958 2472 967 2485 ,
988 2461 1051 2481 tum
1064 2453 1170 2480 omnis

454 2500 461 2530 ζ
491 2497 642 2531 liberalis,
665 2496 696 2526 &
716 2495 804 2534 digna
822 2496 948 2524 homine
971 2492 1115 2523 nobiliab
1133 2502 1170 2521 eo

489 2548 625 2579 percepta
655 2537 793 2568 dothina
813 2555 821 2569 ‚
854 2536 963 2576 quibus
981 2533 1170 2574 temporibus

491 2580 595 2610 florere
617 2581 649 2610 in
669 2579 736 2609 foro
757 2577 892 2608 maxime
912 2579 1030 2617 potuit,
1051 2580 1060 2594 ¹
1075 2576 1172 2604 caruit

383 2657 391 2668 x
490 2632 627 2652 omnino
648 2621 734 2651 rebus
755 2621 904 2650 humanis.
930 2623 944 2638 2
965 2621 1007 2647 Ut
1025 2618 1108 2647 enirn
1122 2627 1173 2646 ur-

438 2666 443 2671 “
491 2665 585 2694 banus
598 2684 606 2697 ‚
620 2663 786 2694 admodum
798 2661 981 2694 adolescens,
993 2669 1061 2689 curn
1073 2658 1172 2691 statie,

205 2715 265 2752 pari
288 2716 396 2754 pietate
418 2734 426 2748 ,
448 2709 481 2740 &
501 2704 645 2737 industria
669 2704 795 2744 praedito
814 2723 822 2738 ,
844 2711 978 2744 paternas
1002 2701 1174 2731 inimicitias

1208 2268 1569 2332 LLUS.

1206 2417 1313 2448 magna
1332 2417 1402 2437 curn
1425 2407 1519 2448 gloria
1528 2405 1571 2437 est
1579 2406 1735 2447 persecurus
1743 2417 1755 2434 .·
1773 2408 1806 2437 in
1816 2405 1914 2438 Aliam
1925 2404 2056 2448 quaestor
2064 2404 2165 2446 profe-

1207 2449 1272 2479 &us
1285 2469 1294 2482 ‚
1312 2449 1354 2479 ibi
1374 2448 1540 2492 permultos
1561 2458 1659 2478 annos
1676 2449 1844 2479 admirabili
1863 2449 1988 2489 quadam
2002 2448 2167 2488 laudepro-

1206 2492 1314 2520 vinciae
1325 2491 1444 2530 praetuit
1457 2489 1584 2519 :deinde
1599 2490 1703 2520 absens
1713 2489 1809 2521 faetus
1818 2490 1925 2524 aedilis,
1935 2489 2085 2520 continuo
2094 2498 2168 2529 prae-

1210 2541 1256 2562 tor
1271 2543 1276 2561 2
1296 2533 1305 2569 <
1320 2532 1425 2561 licebat
1444 2533 1527 2561 enim
1536 2530 1664 2562 celerius
1673 2532 1871 2573 legupraemio)
1893 2531 1959 2572 post
1968 2533 2002 2562 in
2013 2530 2166 2562 Africam:

1210 2573 1279 2603 inde
1293 2573 1329 2603 ad
1345 2573 1532 2603 consulatum
1546 2583 1655 2613 5quem
1675 2574 1715 2603 ita
1735 2572 1816 2615 geffit
1827 2593 1835 2607 ‚
1861 2583 1894 2603 ut
1911 2574 2100 2614 diligentiam
2112 2570 2165 2602 ad-

1211 2618 1391 2645 mirarentur
1403 2624 1511 2644 omnes
1527 2635 1535 2648 ,
1558 2618 1570 2642 3
1584 2617 1741 2661 ingenium
1752 2615 1955 2657 agnoscerent.
1978 2612 2047 2645 Post
2056 2612 2091 2643 ad
2102 2614 2166 2642 Mi-

1209 2657 1402 2688 thridaticum
1423 2656 1539 2686 bellum
1552 2655 1657 2686 missus
1667 2656 1682 2686 a
1692 2657 1790 2687 senatu
1802 2677 1810 2690 ‚
1830 2667 1893 2686 nori
1906 2654 2001 2687 modo
2011 2654 2164 2694 opinionem

1210 2700 1283 2728 vicit
1291 2701 1434 2729 omnium
1446 2717 1455 2732 ,
1466 2708 1531 2739 qua:
1540 2698 1578 2728 de
1591 2700 1702 2730 virtute
1712 2699 1737 2739 ej
1743 2708 1776 2728 us
1788 2707 1847 2729 erat
1858 2719 1867 2732 ,
1886 2697 1936 2728 sed
1946 2699 2034 2728 etiam
2040 2695 2166 2736 gloriam

2081 2736 2166 2777 W-

212 2844 234 2860 1.
294 2839 377 2862 ‘struit
395 2840 484 2862 omnino
503 2839 573 2863 rebus*
591 2836 725 2869 humanis]
749 2835 811 2861 Non
832 2834 906 2870 potui
925 2832 1024 2859 diutius
1044 2831 1163 2858 inridere

217 2864 224 2897 i
295 2871 362 2896 ‹ii-lu
374 2873 460 2898 nostro
475 2882 559 2898 veram
572 2872 655 2898 Tullii
669 2871 823 2902 laesionem,
835 2871 969 2896 inventam
981 2870 996 2894 εὶ
1007 2869 1086 2894 mein
1096 2867 1165 2893 duo-

209 2906 255 2931 bus
278 2906 343 2931 Pall.
363 2916 377 2931 a
398 2908 544 2935 (juiielmio
570 2909 631 2934 vcro
652 2908 677 2934 iii
688 2909 723 2933 T.
742 2914 821 2942 :itque
840 2905 1000 2931 membranis
1021 2906 1048 2929 S.
1059 2902 1166 2929 Victor.

209 2941 281 2977 quod
301 2941 472 2980 suburbanum
496 2943 644 2970 Parii-reuse.
672 2942 798 2969 hacetenus
820 2941 920 2977 vulgati
934 2960 941 2972 ,
970 2942 1040 2966 rebus
1056 2939 1165 2965 urbanis.

211 2977 315 3012 prorsus
326 2976 430 3007 stolide,
441 2987 597 3014 quocunque
608 2980 688 3006 ctiam
701 2978 781 3004 niodo
792 2979 1012 3014 interpretemur.

248 3022 275 3038 2.
296 3015 324 3037 Ut
342 3014 519 3051 emmarbiinus
531 3033 538 3044 ,
558 3017 679 3040 admodum
698 3013 857 3048 adolefienr]
880 3013 922 3039 sic
941 3011 1021 3038 iidem
1035 3010 1166 3037 Palatini:

209 3048 294 3075 reste.
316 3050 425 3073 uibanm·
437 3067 445 3077 ,
464 3047 489 3073 id
501 3050 535 3074 cst
547 3068 555 3078 ,
571 3049 631 3075 dum
644 3051 669 3076 iii
681 3050 746 3076 urbe
762 3050 840 3077 vixit.
861 3048 1023 3075 Gulielmius
1034 3047 1100 3073 iiili‘il
1112 3047 1170 3073 heic

208 3091 328 3111 annotat.
349 3083 390 3110 scd
404 3084 467 3109 milii
478 3084 587 3109 dubium
600 3094 651 3110 uon
663 3086 710 3116 est,
721 3086 821 3118 quin&
835 3095 864 3111 ea
878 3094 927 3111 vox
942 3084 1059 3111 fueritin
1071 3082 1168 3109 eisdem

204 3120 262 3148 mff.
273 3119 385 3152 scilicet,
396 3120 505 3147 criticis
517 3129 569 3146 nou
581 3119 663 3146 Solum
675 3129 751 3156 opus,
762 3121 872 3157 iugenio
886 3120 1057 3157 ,judicioque
1069 3138 1077 3153 ,
1090 3118 1132 3146 led
1142 3119 1170 3145 &-

1210 2830 1296 2856 oculis
1307 2830 1333 2855 &
1346 2830 1494 2856 attentione
1504 2827 1755 2863 stiperstitiosissiina.
1776 2827 1869 2856 Certe,
1882 2821 2047 2858 adquiescere
2060 2820 2167 2847 varian-

1211 2866 1282 2893 tibus
1294 2865 1452 2892 letsiionibus
1465 2885 1474 2896 ,
1493 2873 1558 2900 quas
1568 2864 1635 2890 alius
1649 2863 1708 2897 quis
1719 2861 1806 2888 nostra
1817 2860 1894 2885 causa
1904 2857 2046 2884 enodavit:
2067 2857 2104 2883 est
2118 2857 2167 2882 lm-

1192 2908 1193 2912 *
1213 2903 1290 2928 niin'is
1311 2902 1389 2928 nimis
1410 2900 1491 2927 securi
1505 2920 1513 2932 ,
1533 2899 1611 2926 nimis
1621 2897 1732 2925 creduli.
1752 2895 1809 2922 imo
1821 2895 1904 2921 multa
1921 2893 2022 2920 uosmet
2038 2892 2105 2928 ipsos
2124 2891 2169 2918 fu-

1212 2940 1290 2974 gitiiit
1301 2945 1364 2964 tunc
1383 2946 1488 2973 quoque
1498 2945 1556 2962 cum
1570 2933 1677 2970 singulis
1696 2931 1767 2968 quasi
1781 2929 1868 2957 verbis
1887 2929 2034 2965 litterisque
2044 2927 2169 2956 inliaesiise

1232 2982 1346 3001 titanius.
2155 2972 2158 2976 ”

1213 2985 1229 3011 p
1252 3019 1277 3046 3.
1297 3011 1417 3042 Ingcnirsm
1433 3005 1604 3041 agnoscerem]
1626 3004 1669 3030 Sic
1687 3003 1740 3030 duo
1759 3002 1839 3029 nostri
1859 3003 1884 3029 8<
1897 3001 2038 3028 Gulielniii
2056 2999 2171 3027 totidem

1215 3046 1309 3072 melius
1321 3045 1398 3078 longe
1410 3048 1490 3078 quam
1505 3042 1602 3075 vulgati
1614 3040 1781 3074 cosnofterrnu
1795 3038 1864 3073 quod
1875 3040 1901 3064 &
1914 3036 2028 3067 eicChiin
2041 3035 2171 3072 cupiebat,

1214 3080 1324 3108 admisso
1335 3079 1423 3106 nostro
1434 3077 1590 3106 Vitiarium
1612 3076 1654 3102 sed
1677 3084 1754 3102 nenio
1763 3074 1901 3101 obsecutus
1914 3073 1949 3100 est
1962 3093 1969 3105 ,
1987 3081 2084 3109 praeter
2094 3073 2174 3098 Stur-

1192 3119 1196 3148 l
1215 3118 1299 3144 mium
1309 3116 1338 3142 ὅ(
1350 3114 1501 3142 manutium
1513 3122 1522 3145 5
1543 3122 1596 3140 non
1612 3114 1722 3145 Bruttii„
1734 3121 1786 3139 iioii
1796 3110 1955 3143 Lambinus,
1968 3119 2020 3137 non
2031 3111 2126 3136 ceteri.
2154 3113 2158 3117 '

2093 3152 2115 3170 1.
2126 3144 2176 3168 Non
