2337 3400
176 133 274 196 640
583 125 1087 176 M.Tur„1„11

141 223 163 246 2
187 213 333 243 M.T.C.
356 207 758 242 s.D‚1’.LENTULO
780 206 874 236 PRO
892 205 1145 235 CONSULE·

227 258 338 284 Drssus
361 251 502 286 Ianuariis
523 251 556 279 in
576 249 675 278 senatu
693 248 771 278 nihil
793 247 835 277 est
854 246 1032 277 confectum
1046 266 1054 279 ‚
1074 256 1144 286 pro-

226 295 323 335 pterea
334 288 416 333 quod
429 291 493 322 dics
504 300 611 331 magna
620 300 657 320 ex
667 290 745 330 parte
761 293 770 308 ¹
787 289 964 320 consumtus
973 288 1014 319 est
1024 289 1144 318 alterca-

183 340 267 367 tione
290 339 303 354 ²
315 335 437 365 Lentuli
448 333 581 363 consulis
593 352 600 365 ‚
619 333 652 362 δε
664 333 784 361 Caninii
795 331 909 360 tribuni
920 331 960 370 pl.
972 333 1017 360 Eo
1030 330 1078 359 die
1088 339 1146 360 nos

183 388 304 419 quoque
317 376 412 406 multa
422 375 512 405 verba
520 374 667 404 fecimus:
683 383 877 413 maximeque
888 370 941 402 visi
951 372 1052 402 sumus
1063 372 1145 402 sena-

184 430 248 450 tum
272 419 569 449 commemoratione
582 426 640 445 tuae
647 416 813 445 voluntatis
826 424 894 455 erga
903 415 992 444 illum
1003 413 1143 444 ordinem

183 470 389 491 commovere.
413 461 516 499 Itaque
535 457 678 497 postridie
690 458 800 497 placuit
816 476 824 490 ,
845 456 1016 486 utbreviter
1026 456 1145 486 senten-

181 505 235 533 tias
254 503 433 533 diceremus.
457 499 611 530 Videbatur
628 500 711 530 enim
733 498 924 529 reconciliata
934 498 1023 528 nobis
1035 499 1145 528 volun-

183 554 226 574 tas
247 545 362 574 senatus
380 541 455 573 esse:
473 545 485 569 3
508 542 592 582 quod
611 550 677 571 tum
697 540 847 574 dicendo,
868 549 934 570 tum
954 539 1075 581 singulis
1094 549 1145 579 ap-

182 585 333 627 pellandis
355 604 364 619 ,
391 584 588 625 rogandisque
607 583 822 623 perspexeram.
867 585 969 622 Iraque
987 582 1059 612 cum
1078 582 1143 611 sen-

182 630 273 658 tentia
302 630 398 667 prima
416 627 517 656 Bibuli
537 634 729 665 pronuntiata
747 623 818 654 efl'et
835 644 843 659 ‚
877 627 895 651 4
918 633 951 654 ut
968 626 1039 653 treis
1060 624 1146 662 legati

182 680 284 709 regem
295 669 469 699 reducerent
492 679 497 696 ·.
519 667 645 697 secunda
657 665 828 700 Hortensii,
852 676 885 696 ut
896 675 927 696 tu
940 664 1000 695 [ωε
1011 666 1146 695 exercitu

181 713 337 742 reduceres
356 713 459 740 :tertia
475 710 618 743 Volcani,
637 710 841 749 utPompejus
851 708 1001 738 reduceret
1018 718 1023 736 z
1045 706 1145 747 postu-

180 753 278 784 latum
298 752 341 783 est
352 773 360 786 ‚
382 757 435 782 5ut
453 752 554 782 Bibuli
569 752 713 782 sententia
726 751 921 781 divideretur.
945 752 1100 791 Qatenus
1111 749 1148 778 de

181 796 331 837 religione
348 794 486 828 dicebat,
511 791 653 835 6cuique
670 795 711 823 rei
733 794 796 832 jam
816 791 917 822 obsisti
939 801 1003 820 non
1022 799 1146 830 poterat,

181 837 292 867 Bibulo
304 835 451 867 assensum
464 834 524 866 est:
536 835 573 866 de
585 836 678 865 tribus
687 836 802 875 legatis,
816 833 986 874 frequentes
998 834 1099 863 ierunt
1113 835 1147 862 in

180 880 238 910 alia
249 881 362 909 omnia.
388 880 531 909 Proxima
540 887 597 908 erat
610 875 763 908 Hortensii
778 875 934 908 sententia,
948 875 1019 905 cum
1031 877 1148 915 Lupus,

182 921 324 952 tribunus
333 921 412 961 pleb.
425 920 507 961 quod
519 921 578 960 ipse
589 920 624 949 de
638 918 784 958 Pompejo
794 916 938 947 retulisset
948 937 956 951 ,
966 922 980 946 7
992 917 1148 947 intendere

182 966 295 1004 coepit‚
317 962 386 993 ante
409 962 437 992 se
454 971 591 1002 oportere
610 959 821 991 discessionem
834 959 947 993 facere,
973 961 1063 1000 quam
1074 969 1148 989 con-

181 1006 272 1036 sules.
296 1006 370 1045 Ejus
394 1006 524 1034 orationi
546 1004 741 1032 vehementer
751 1002 786 1031 ab
797 1001 944 1032 omnibus
954 1005 1146 1032 reclamatum

181 1047 234 1077 est.
260 1049 415 1077 eratenim
428 1047 550 1085 iniqua,
573 1045 706 1074 &nova-
729 1044 878 1074 Consules
889 1054 986 1084 neque
1000 1044 1147 1073 concede-

183 1089 274 1122 bant,
296 1098 393 1129 neque
413 1087 497 1118 valde
517 1087 733 1127 repugnabant.
756 1086 838 1116 diem
849 1085 1149 1116 consumivolebant:

182 1131 215 1161 id
236 1131 317 1171 quod
338 1128 381 1159 est
400 1128 524 1159 faetum.
557 1128 777 1168 Perspiciebant
793 1130 876 1158 enim
900 1148 910 1162 ‚
939 1131 970 1157 in
996 1125 1149 1157 Hortensii

181 1173 362 1204 sententiam
376 1173 482 1201 multis
492 1169 624 1211 partibus
635 1171 747 1211 plureis
760 1172 864 1201 ituros:
875 1180 1057 1210 quamquam
1067 1178 1149 1208 aper-

182 1217 213 1244 te
237 1214 377 1243 Volcatio
401 1212 622 1243 assentirentur.
649 1212 740 1242 Multi
762 1212 940 1252 rogabantur
957 1231 966 1244 ,
994 1220 1081 1251 atque
1103 1210 1147 1240 id-

181 1256 281 1296 ipsum
301 1255 478 1286 consulibus
498 1256 613 1285 invitis.
637 1249 651 1273 3
664 1263 735 1284 nam
753 1255 774 1283 ii
795 1254 896 1284 Bibuli
907 1254 1086 1283 sententiam
1097 1262 1149 1282 va-

182 1298 243 1328 ]ere
264 1299 434 1337 cupierunt.
459 1299 525 1327 Hac
547 1295 748 1327 controversia
761 1296 852 1336 usque
868 1295 902 1325 ad
914 1295 1036 1325 nouem
1047 1293 1147 1327 dueta,

180 1340 300 1370 senatus
318 1338 475 1369 dimiss'us:
505 1339 538 1369 &
566 1348 623 1380 ego
642 1348 678 1368 eo
689 1340 737 1368 dre
749 1339 815 1368 casu
823 1338 899 1377 apud
909 1339 1091 1377 Pompeium
1101 1346 1150 1367 ce-

181 1383 253 1413 navi
266 1391 272 1410 ;
291 1380 454 1422 na&usque
478 1390 596 1421 tempus
621 1381 680 1410 hoc
695 1382 788 1422 magis
798 1379 944 1410 idoneum
957 1400 967 1412 ,
978 1389 1069 1420 quam
1081 1388 1149 1408 um-

205 1433 274 1456 uam
285 1432 368 1453 antea
381 1443 389 1457 ‚
410 1421 494 1464 quod
505 1422 571 1463 post
584 1432 669 1452 tuum
681 1420 849 1455 discessum,
860 1425 876 1448 9
891 1431 915 1451 is
927 1422 990 1451 dies
1002 1420 1152 1451 honestis-

207 1474 275 1495 mus
297 1464 386 1495 nobis
397 1464 491 1498 fuerat
503 1475 534 1494 in
548 1465 647 1495 senatu
661 1466 718 1494 :ita
730 1464 794 1494 sum
806 1474 877 1494 curn
888 1464 943 1493 illo
955 1464 1075 1493 locutus
1090 1482 1099 1497 ‚
1118 1472 1151 1492 ut

180 1508 263 1538 mihi
281 1508 399 1537 viderer
409 1508 548 1537 animum
560 1507 700 1536 hominis
715 1506 751 1536 ab
761 1508 850 1536 omni
860 1507 916 1536 alia
924 1507 1104 1547 cogitatione
1114 1504 1150 1535 ad

181 1558 267 1579 tuam
279 1548 460 1589 dignitatem
472 1549 615 1578 tuendam
628 1548 787 1578 traducere:
797 1557 889 1588 quem
900 1557 955 1588 ego
968 1548 1065 1587 ipsum
1075 1546 1148 1577 curn

179 1590 292 1625 audio,
314 1590 432 1630 prorsus
452 1600 523 1620 eum
547 1590 644 1620 libero
671 1591 759 1620 omni
780 1589 945 1628 suspicione
969 1589 1149 1628 cupiditatis.

181 1631 255 1664 cum
267 1642 367 1665 autem
377 1633 441 1672 ejus
451 1632 626 1662 familiareis
636 1633 779 1661 omnium
791 1631 937 1661 ordinum
951 1631 1041 1661 video
1052 1650 1061 1663 ,
1082 1640 1150 1670 per-

181 1675 297 1715 spicio,
324 1673 354 1704 id
374 1674 456 1714 quod
478 1675 539 1713 J'am
563 1672 710 1703 omnibus
731 1672 774 1702 est
796 1682 953 1712 apertum,
978 1682 1072 1703 totam
1085 1682 1148 1701 rem

181 1715 271 1750 istam
284 1716 463 1756 jampridem
474 1715 490 1745 a
500 1718 587 1745 certis
599 1714 790 1748 hominibus,
802 1724 864 1744 non
878 1718 976 1744 invito
988 1724 1054 1755 rege
1067 1714 1144 1753 ipso,

181 1756 416 1799 consiliariisque
433 1759 518 1796 ejus,
541 1756 598 1787 effe
618 1766 800 1796 corruptam.
826 1758 899 1786 Haec
913 1755 1010 1796 scripsi
1023 1755 1058 1785 ad
1069 1765 1148 1786 xvr.

180 1801 249 1834 Kal.
270 1800 354 1830 Febr.
368 1808 435 1829 ante
445 1800 552 1830 lucem.
576 1801 622 1829 Eo
634 1797 1015 1828 diesenatuseratfuturus.
1039 1799 1106 1827 Nos
1119 1799 1150 1826 in

178 1842 282 1873 senatu
291 1862 304 1875 „
318 1840 576 1882 quemadmodum
589 1840 672 1879 spero
684 1860 693 1873 ‚
705 1839 884 1879 dignitatem
895 1839 1038 1873 nostram,
1052 1849 1086 1868 ut
1095 1849 1150 1878 po-

179 1883 237 1914 test
248 1886 281 1913 in
295 1892 374 1913 tanta
384 1884 547 1912 hominum
558 1880 682 1921 perfidia
692 1901 700 1914 ,
713 1882 744 1911 &
756 1884 927 1922 iniquitate.
942 1881 1151 1910 retinebimus.

179 1925 272 1966 Qod
292 1925 327 1955 ad
349 1925 525 1964 popularem
551 1924 697 1953 rationem
718 1925 839 1956 attinet,
862 1924 918 1952 hoc
937 1922 1080 1952 videmur
1092 1920 1152 1952 effe

180 1967 357 1999 consecuti,
380 1964 533 2006 utnequid
551 1967 596 2007 agi
618 1975 689 1995 cum
709 1966 823 2005 populo
834 1974 885 1994 aut
895 1964 981 1994 salvis
999 1965 1147 2004 auspiciis,

178 2017 231 2041 aut
251 2009 337 2040 salvis
347 2008 464 2050 legibus
475 2028 484 2043 ‚
507 2018 557 2039 aut
568 2010 700 2049 denique
711 2006 771 2037 sine
783 2009 812 2038 vi
820 2004 918 2048 poffit.
941 2009 988 2037 De
1000 2007 1047 2038 his
1058 2006 1146 2038 rebus

1164 127 1710 175 excanonrs

1178 205 1281 246 ⁴pridie
1302 225 1311 239 ‚
1332 213 1422 246 quam
1440 205 1502 236 haec
1521 206 1616 248 scripfi
1637 227 1646 242 ,
1666 208 1783 239 senatus
1800 204 1961 238 :iufirmitas
1979 204 2146 246 graviffima

1187 246 1344 278 interceffit
1355 257 1359 275 ε
1371 248 1499 277 cuicum
1509 250 1583 279 Cato
1593 269 1602 283 ,
1615 249 1648 280 &
1658 251 1826 280 Carminius
1837 245 2059 279 interceffiffent
2070 267 2079 282 ‚
2100 256 2146 278 ta-

1187 300 1259 320 men
1277 289 1320 320 est
1338 289 1503 328 perscripta.
1526 292 1600 321 Earn
1618 291 1652 321 ad
1672 301 1699 322 te
1721 290 1839 322 millam
1851 289 1907 321 esl'e
1926 290 2063 320 arbitror.
2095 292 2144 319 De

1185 334 1290 362 ceteris
1300 331 1387 360 rebus
1401 350 1410 363 ,
1431 331 1578 371 quidquid
1589 335 1644 362 erit
1655 333 1756 363 aQum
1769 353 1777 367 ‚
1789 333 1912 364 scribam
1923 332 1958 362 ad
1970 341 1997 362 te
2010 355 2014 360 .
2028 331 2060 361 &
2073 333 2103 350 ¹0
2112 338 2146 363 ut

1187 377 1277 414 quam
1290 370 1448 403 refiriffime
1459 381 1580 413 agantur
1592 377 1714 409 omnia,
1726 385 1791 406 mea
1801 385 1870 406 cura
1883 395 1892 409 ‚
1906 384 2005 416 opera,
2017 373 2148 415 diligen-

1187 426 1237 450 tia,
1250 416 1344 457 gratia
1352 415 1534 454 providebo.
1548 416 1633 445 Vale.

1371 457 1415 485 M·
1431 458 1516 487 '1'.C.
1540 458 1855 493 RLENTULo,
1877 461 1908 490 S.
1921 461 1961 489 D.

1279 501 1352 529 Uno
1371 497 1531 528 Trebonio
1542 518 1551 533 ,
1571 501 1665 544 quiin
1678 509 1725 530 tua
1734 504 1889 540 provincia
1900 509 2006 541 magna
2015 500 2148 542 negotia,

1281 541 1313 570 δε
1335 540 1435 580 ampla
1457 560 1467 573 ,
1487 540 1520 570 δε
1539 541 1680 580 expedita
1694 542 1782 572 habet
1800 562 1809 576 ,
1829 544 1943 572 multos
1965 552 2061 572 annos
2079 551 2148 573 utor

1188 581 1274 611 valde
1293 581 1492 612 familiariter.
1516 584 1545 612 Is
1564 582 1636 612 curn
1646 592 1731 613 antea
1741 584 1897 624 semper&
1909 585 1961 614 suo
1976 583 2145 624 splendore,

1190 623 1222 652 &
1240 623 1336 654 nostra
1347 644 1356 657 ,
1374 632 1604 664 ceterorumque
1621 626 1791 655 amicorum
1804 625 2074 656 commendatione
2084 636 2151 667 gra-

1188 663 1315 696 tiffimus
1334 668 1365 695 in
1386 668 1540 706 provincia
1550 666 1622 696 fuit:
1639 676 1705 697 turn
1717 668 1775 697 hoc
1786 676 1920 707 tempore
1930 677 2050 707 propter
2060 676 2148 698 tuum

1189 709 1221 736 in
1246 717 1296 737 me
1316 717 1451 738 amorem
1465 728 1473 743 ,
1493 707 1684 749 nostramque
1695 707 1940 740 necessitudinem
1955 710 2150 740 vehementer

1189 749 1318 780 conlidit
1329 751 1376 779 his
1388 760 1464 780 meis
1474 751 1580 781 litteris
1590 770 1599 784 ,
1614 754 1641 770 ¹¹
1657 751 1685 781 se
1694 751 1771 791 apud
1780 760 1807 781 te
1815 751 1976 791 gratiosum
1989 750 2053 780 fore
2066 761 2071 779 :
2082 760 2151 791 qua:

1189 801 1228 821 ne
1246 793 1309 832 spes
1329 802 1402 822 eum
1418 791 1518 825 fallat.
1540 794 1734 823 vehementer
1754 802 1828 834 rogo
1840 802 1868 823 te
1880 805 1889 828 ς
1902 791 2151 833 commendoque

1188 833 1244 863 tibi
1262 835 1327 874 ejus
1343 837 1449 864 omnia
1466 837 1585 875 negotia
1601 854 1610 869 ,
1633 835 1758 865 libertos
1777 855 1785 869 ‚
1805 844 2013 875 procuratores
2027 854 2035 867 ,
2057 834 2149 864 fami-

1189 876 1278 905 liam:
1298 877 1497 917 inprimisque
1513 896 1522 911 ,
1542 886 1574 906 ut
1585 897 1593 910 ,
1617 887 1683 917 quae
1695 879 1733 907 Tv
1747 879 1876 917 Ampius
1888 876 1923 907 de
1934 878 1997 913 ejus
2010 887 2038 906 re
2049 876 2152 906 decre-

1191 920 1286 952 verit,
1300 928 1334 947 ea
1342 919 1532 958 comprobes,
1544 919 1846 959 omnibusquerebus
1856 928 1926 948 eum
1938 921 1978 949 ita
1989 917 2102 951 nalstes,
2117 926 2151 948 ut

1189 961 1337 1032 isntelligat
1349 980 1358 994 ,
1372 963 1400 980 ¹²
1409 971 1513 992 meam
1523 961 1826 992 commendationem
1836 971 1900 991 non
1911 961 2066 1003 vulgarem
2077 959 2153 991 fuis-

1203 1013 1228 1032 e.
1253 1005 1338 1033 Vale.

1294 1047 1339 1073 M.
1352 1047 1391 1075 Τ.
1407 1047 1440 1076 C.
1464 1047 1544 1075 s.D.
1569 1049 1600 1077 P.
1609 1048 1819 1077 LENTULO
1841 1047 1921 1076 PRO
1938 1047 2053 1076 CONS.

1283 1088 1314 1115 D
1331 1095 1406 1116 xvt.
1427 1087 1494 1116 Kal.
1503 1087 1588 1118 Febr.
1602 1092 1610 1107 ¹
1619 1092 1631 1115 3
1643 1088 1714 1118 cum
1726 1098 1756 1117 in
1771 1088 1871 1119 senatu
1880 1085 2083 1127 pulcherrime
2094 1085 2155 1117 sta-

1282 1137 1401 1161 remus,
1421 1127 1573 1168 quodjam
1584 1130 1668 1159 illam
1679 1130 1857 1161 sententiam
1873 1150 1881 1163 ‚
1897 1130 1997 1159 Bibuli
2008 1129 2044 1159 de
2056 1129 2150 1158 tribus

1189 1169 1294 1209 legatis
1307 1189 1316 1203 ‚
1336 1168 1433 1208 pridie
1452 1170 1517 1209 ejus
1535 1171 1596 1200 diei
1608 1170 1808 1212 fregeramus:
1829 1181 1987 1211 unumque
1996 1179 2150 1201 certarnen

1190 1210 1261 1240 esl'et
1277 1210 1431 1245 fellitum,
1446 1210 1589 1242 sententia
1602 1214 1733 1243 Volcatii
1744 1225 1748 1241 ;
1759 1222 1804 1242 res
1817 1213 1853 1243 ab
1863 1213 2032 1243 adversariis
2041 1210 2153 1241 nostris

1190 1252 1320 1283 extra&a
1334 1251 1376 1282 est
1387 1255 1475 1284 variis
1487 1256 1660 1285 calumniis.
1679 1255 1796 1285 causam
1807 1257 1890 1284 enirn
1904 1254 2054 1294 frequenti
2065 1254 2152 1284 sena-

1190 1304 1233 1329 tu,
1247 1297 1317 1325 ¹4in
1327 1305 1436 1337 magna
1445 1305 1592 1330 varietate,
1603 1306 1769 1338 magnaque
1778 1296 1895 1328 invidia
1905 1306 2022 1330 eorum,
2033 1296 2086 1336 qui
2097 1296 2112 1325 a
2123 1303 2153 1325 te

1189 1337 1307 1367 causam
1328 1341 1441 1378 regiam
1467 1338 1528 1368 alio
1539 1338 1774 1373 transferebant,
1793 1339 2018 1370 obtinebamus.
2042 1340 2087 1368 Eo
2100 1337 2153 1367 die

1188 1379 1329 1409 acerbum
1348 1380 1512 1411 habuimus
1521 1383 1686 1412 Curionem
1699 1381 1860 1412 :Bibulum
1872 1378 2150 1420 multojustiorem:

1189 1430 1275 1461 paene
1297 1423 1387 1452 etiam
1409 1424 1555 1453 amicum.
1581 1426 1608 1451 ¹5
1625 1425 1789 1458 Caninius,
1815 1423 1849 1453 &
1867 1425 1942 1454 Cato
1959 1430 2101 1464 negarunt
2119 1421 2152 1451 se

1189 1464 1287 1504 legem
1306 1463 1400 1493 ullam
1419 1473 1487 1494 ante
1496 1466 1620 1495 comitia
1631 1464 1689 1495 ess'e
1698 1466 1819 1496 laturos.
1841 1468 1965 1496 Senatus
1976 1464 2153 1495 haberiante

1191 1504 1340 1535 Kalendas
1352 1506 1421 1536 Feb.
1432 1515 1484 1546 per
1493 1508 1591 1548 legem
1602 1510 1642 1538 Pu
1668 1510 1727 1539 iam
1744 1528 1753 1542 ,
1764 1507 1794 1538 id
1804 1507 1885 1548 quod
1896 1507 1961 1541 scis,
1970 1515 2033 1536 non
2043 1503 2150 1545 potest:

1191 1556 1289 1588 neque
1300 1548 1404 1578 mense
1414 1548 1483 1578 Feb.
1495 1558 1560 1580 toto
1575 1569 1584 1583 ,
1597 1551 1630 1579 ni
1645 1549 1803 1590 iperfeEtis
1816 1569 1824 1582 ,
1836 1558 1885 1579 aut
1896 1548 2015 1589 rejeffis
2025 1548 2152 1589 legatio·

1192 1589 1292 1619 nibus.
1317 1591 1391 1620 Haec
1413 1599 1515 1621 tamen
1536 1593 1644 1632 opinio
1659 1591 1702 1621 est
1728 1592 1834 1631 populi
1852 1593 1891 1621 R.
1913 1592 1929 1620 a
1948 1592 2007 1620 tuis
2023 1588 2150 1621 invidis,

1189 1640 1275 1672 atque
1305 1630 1554 1663 obtrectatoribus
1572 1642 1689 1663 nomen
1705 1632 1858 1663 indietum
1886 1630 1963 1662 fidiae
1980 1631 2148 1672 religionis,

1191 1682 1255 1702 non
1266 1681 1326 1703 tam
1340 1682 1370 1703 ut
1384 1684 1411 1703 te
1422 1673 1605 1714 impedirent
1615 1695 1623 1708 ‚
1643 1685 1733 1716 quarn
1747 1684 1779 1705 ut
1792 1676 1897 1716 nequis
1905 1683 2024 1713 propter
2035 1673 2151 1702 exerci-

1192 1724 1238 1744 tus
1251 1716 1452 1754 cupiditatem
1472 1715 1687 1746 Alexandriam
1699 1716 1852 1747 velletire.
1875 1717 2039 1756 Dignitatis
2048 1722 2151 1744 autem

1192 1765 1249 1786 tuae
1268 1766 1362 1786 nemo
1382 1755 1442 1790 est,
1463 1759 1538 1797 quin
1554 1757 1708 1789 existimet
1725 1757 1856 1788 habitam
1876 1756 1935 1787 ess'e
1956 1759 2103 1786 rationem
2113 1754 2151 1785 ab

1192 1798 1303 1827 senatu.
1327 1801 1431 1830 Nemo
1441 1799 1484 1828 est
1494 1801 1576 1829 enim
1588 1818 1596 1832 ‚
1615 1809 1668 1840 qui
1680 1800 1788 1829 nesciat
1799 1819 1809 1833 ,
1827 1797 1890 1839 quo
1901 1797 2005 1828 minus
2016 1795 2151 1833 discessio

1194 1838 1277 1868 fieret
1288 1859 1296 1872 ‚
1307 1849 1359 1879 per
1368 1840 1552 1870 adversarios
1562 1850 1628 1870 tuos
1638 1839 1697 1870 effe
1706 1839 1822 1871 fa6tum
1835 1851 1840 1868 :
1852 1838 1882 1860 ¹⁶
1892 1842 1946 1881 qui
1955 1849 2036 1870 nunc
2045 1838 2152 1879 populi

1192 1891 1322 1911 nomine
1332 1900 1341 1915 ,
1361 1891 1392 1911 re
1404 1891 1503 1911 autem
1514 1891 1583 1912 vera
1595 1901 1604 1915 ,
1625 1880 1846 1913 sceleratiffimo
1855 1882 2014 1912 latrocinio
2025 1901 2033 1915 ,
2054 1878 2075 1910 fi
2084 1889 2153 1921 qux

1190 1923 1379 1954 conabantur
1396 1933 1492 1964 agere,
1501 1923 1568 1954 satis
1581 1925 1737 1963 provisum
1748 1923 1790 1954 est
1801 1944 1810 1958 ,
1830 1933 1861 1954 ut
1873 1934 1910 1954 ne
1921 1923 1994 1965 quid
2004 1923 2091 1953 salvis
2099 1932 2153 1952 au-

1192 1965 1291 2005 spiciis
1303 1985 1312 1999 ,
1331 1975 1381 1996 aut
1404 1966 1520 2007 legibus
1533 1985 1542 1999 ‚
1566 1969 1594 1994 ι7
1611 1975 1660 1997 aut
1668 1967 1730 2006 jam
1745 1965 1804 1996 fine
1814 1968 1845 1996 vi
1854 1976 1936 2007 agere
1946 1963 2063 2006 possint.
2086 1967 2154 2006 Ego

1192 2017 1292 2049 neque
1313 2007 1351 2038 de
1369 2017 1440 2038 meo
1461 2006 1561 2039 studio
1577 2027 1588 2043 ‚
1623 2018 1723 2050 neque
1744 2008 1782 2039 de
1799 2009 2023 2040 nonnullorum
2041 2007 2153 2079 injsuria

2090 2057 2152 2079 cri-

196 2184 199 2187 ῃ
220 2154 243 2172 ι.
263 2148 417 2188 Constfmftm
425 2152 461 2174 eff
470 2150 648 2185 altercatione]
670 2150 727 2178 Pal.
739 2159 863 2187 quartus,
876 2152 963 2178 l'eccii
975 2150 1042 2178 liber
1053 2152 1147 2177 altera-

177 2185 239 2209 ?rone
252 2193 257 2207 :
268 2187 337 2217 quali
348 2186 458 2211 alteratio
470 2186 500 2212 fit
510 2185 624 2213 duorum
637 2186 744 2214 inici-se
756 2187 858 2214 collisio
870 2188 897 2213 &
910 2196 1001 2214 mutua
1013 2188 1147 2214 velitatio.

216 2227 245 2244 2.
265 2222 362 2245 Lemnii
372 2222 466 2254 confidis
476 2222 503 2252 ὠ·
513 2223 638 2257 Caninii]
660 2223 744 2250 Libet·
755 2224 828 2250 Med.
840 2224 866 2249 8(
878 2225 914 2251 al.
935 2227 1006 2252 Lucii
1016 2226 1102 2255 tvnjul-

215 2261 230 2289 3
238 2273 244 2280 .
263 2263 277 2286 Ι·
286 2256 330 2281 uod
338 2256 386 2281 ‚vitm
398 2258 492 2283 dicendo
505 2278 511 2289 ,
522 2260 654 2293 tiimfing]
676 2259 727 2285 Ms.
739 2259 852 2286 Gruteri
863 2261 890 2286 &
902 2260 1037 2287 stewech.
1047 2260 1150 2285 dicendis

178 2293 517 2332 annotatque(Julielmius
537 2295 658 2330 suspicari
669 2294 694 2327 se
715 2295 827 2331 elapsam
841 2314 849 2327 ,
869 2303 916 2322 aut
926 2295 1088 2323 intercidisse
1101 2305 1147 2321 vo-

179 2328 389 2367 qem,fintent:is.
406 2329 433 2354 &c
446 2339 507 2355 vero
518 2331 583 2357 item
596 2338 750 2358 annotatum
763 2331 795 2357 ab
808 2333 934 2367 Egnatio,
943 2332 1006 2358 alibi
1020 2332 1086 2367 legi,
1097 2331 1149 2358 cnm

174 2365 301 2397 Jententiia
315 2364 432 2396 dicendis5
453 2374 511 2391 cum
524 2367 549 2392 in
565 2366 693 2393 Medicaeo
707 2368 853 2402 legeretur,
865 2368 916 2393 cnm
926 2369 1030 2393 dicendo.

215 2406 245 2431 4.
267 2402 296 2424 Ut
304 2406 354 2425 tres
364 2403 447 2433 Legati
459 2411 530 2435 regem
550 2402 711 2438 reducerent]
733 2402 823 2429 Probo
833 2403 987 2430 consensum
999 2403 1068 2430 Pall.
1083 2409 1149 2430 tert.

179 2442 272 2470 quart.
284 2437 365 2462 Grut.
377 2439 456 2468 Regem
466 2438 586 2469 elimarent.

196 2506 201 2509 μ
220 2479 246 2503 5.
267 2474 296 2497 Ut
305 2474 387 2498 Bibuli
400 2473 518 2505 sententia
528 2474 702 2510 divideretur]
724 2475 856 2503 Gulielm.
867 2485 902 2502 ex
917 2483 972 2503 vet.
984 2475 1043 2502 cod.
1055 2475 1150 2502 aueto-

180 2513 261 2534 ritate
271 2507 413 2534 induftum
427 2509 671 2545 rolebatfimentia:
693 2519 749 2538 tuni
761 2514 823 2548 quia
833 2512 994 2549 praeceffill'et
1005 2513 1085 2539 etiam
1098 2513 1151 2541 ἀπὸ

180 2549 246 2570 :trivii
257 2544 410 2580 repetenda..

219 2579 250 2620 ⁶:
266 2583 356 2615 Cuique
366 2583 458 2615 νείμῃ-ι
468 2584 539 2616 obsisti
547 2593 592 2609 non
599 2584 719 2619 poterat]
741 2585 783 2610 Ita
794 2584 880 2611 edidit
889 2584 1095 2612 accuratiffimus
1105 2585 1153 2611 Vi-

181 2613 297 2654 florius⁷
308 2625 373 2653 puto
384 2626 417 2643 ex
429 2618 490 2658 eod.
502 2619 625 2646 Mediceo
637 2640 646 2651 ,
665 2621 690 2647 in
703 2630 756 2656 quo
768 2621 806 2647 ita
815 2620 892 2648 fuiss‘e
905 2641 913 2654 ,
924 2621 1054 2658 excerpsit
1064 2622 1154 2657 Egna-

181 2659 235 2693 ²¹4⁵
250 2662 255 2677 :
278 2653 414 2688 exstatque
438 2658 470 2680 lic
481 2655 506 2681 in
519 2664 571 2682 uno
585 2657 640 2682 l'al.
653 2666 712 2684 nam
725 2664 789 2684 tert.
800 2665 911 2693 quartus
925 2677 932 2691 ,
952 2658 1130 2685 Gruter-ianus
1144 2667 1152 2690 5

180 2696 267 2721 cuique
280 2691 314 2713 m*
324 2692 382 2715 clam
391 2692 461 2724 ebfisti
470 2700 515 2717 non
527 2699 633 2724 poterat.

219 2730 247 2757 7.
267 2726 386 2765 Intende-rc-
397 2727 488 2761 etz-pin]
512 2729 572 2754 Hoc
583 2729 728 2756 Lambinus
744 2729 902 2766 praeferebat
911 2739 946 2757 cx
959 2738 1012 2757 vet.
1033 2730 1080 2757 lib.
1104 2739 1154 2757 ex-

182 2766 275 2799 tatque
288 2769 312 2786 in
324 2760 390 2787 edit.
401 2763 519 2804 principe
532 2783 540 2795 ,
561 2765 648 2800 postea
659 2765 775 2792 Victorii
791 2775 799 2796 5
821 2767 889 2793 Pau.
903 2773 966 2793 tert.
979 2774 1069 2802 quart.
1080 2768 1153 2793 Gru-

182 2802 288 2821 reriano
301 2798 409 2838 „Pede
432 2800 568 2826 Medii-eus
580 2808 666 2827 tamen
679 2801 739 2828 cod.
760 2802 812 2828 cim
821 2805 906 2835 Lupus·
914 2804 977 2828 Trib.
990 2805 1030 2828 Pl.
1041 2803 1102 2837 quod
1109 2803 1156 2835 ipse

184 2832 332 2893 avltll‘PorppeJo
353 2834 464 2867 remlaffet
482 2838 617 2864 contendere
637 2841 712 2871 coepi't.
731 2837 803 2874 quod
825 2839 960 2865 contendere
977 2843 1052 2875 aequt‘:
1069 2838 1106 2866 est
1124 2840 1152 2866 iu

233 2876 265 2902 ga
282 2877 311 2893 is.

220 2904 247 2929 ὅ.
267 2907 364 2944 Ram]
376 2907 456 2932 Bibuli
468 2908 610 2940 sententiam
622 2911 703 2935 valere
723 2911 875 2945 cupierunt]
899 2910 1047 2937 Lambinus
1057 2910 1154 2947 ogges-

181 2936 216 2980 fit
227 2938 303 2966 nobis
313 2949 346 2965 ex
358 2941 414 2982 mli]
427 2943 510 2982 tribus
525 2964 533 2976 ,
551 2955 608 2971 nam
618 2949 639 2970 ei
651 2965 659 2977 ,
678 2946 749 2981 quod
760 2948 796 2973 est
807 2948 832 2973 iii
846 2946 914 2974 l’all.
934 2945 1077 2983 plerisque.
1102 2949 1154 2974 Ve-

183 2982 248 3016 rum
258 2984 318 3016 eum
330 2976 503 3037 congiiiemtur
515 2981 541 3006 in
554 2990 756 3008 membranaceo
767 2983 849 3009 Grut.
860 2992 917 3009 nam
930 2986 990 3009 enim
1000 2985 1091 3015 Bibuli,
1103 2984 1155 3014 &aa

181 3009 222 3036 dil
242 3020 321 3039 iciant
331 3021 387 3039 corr
398 3021 494 3040 atior-cs
506 3025 567 3042 num
580 3016 662 3043 fuerit
673 3018 752 3044 initio
764 3029 769 3045 :
784 3022 845 3044 enim
860 3021 957 3045 Bibuli:
975 3027 1004 3045 ut
1015 3019 1102 3055 postea
1112 3029 1155 3046 ac-

183 3054 213 3072 cc
236 3048 289 3074 erit
301 3047 366 3088 illud
379 3058 434 3074 nam
447 3068 455 3081 ‚
474 3060 526 3077 non
538 3052 685 3081 serentibus
705 3054 858 3082 hominibus
869 3054 1028 3082 vocabulum
1042 3058 1103 3082 enim
1112 3056 1155 3082 in-

183 3082 285 3110 choare
296 3085 456 3111 lei-monem.

218 3127 248 3154 9.
261 3123 286 3145 Is
297 3121 346 3146 dies
355 3122 516 3163 h0'2fstlffimu5
524 3124 587 3150 nobit
591 3125 676 3157 fuerat
684 3128 710 3152 in
714 3127 833 3162 finium]
847 3127 912 3154 Non
923 3127 996 3154 estin
1008 3127 1077 3154 Pall.
1090 3135 1156 3155 tert.

181 3163 271 3190 quart.
284 3156 365 3182 l’eck.
377 3160 490 3185 (noter.
510 3159 553 3185 ed.
566 3162 632 3187 Ven.
643 3162 728 3197 prima
739 3162 786 3188 illa
798 3172 857 3190 vox
866 3167 970 3196 primur,
981 3173 1092 3199 eamque
1103 3174 1156 3191 non

181 3190 303 3233 agnoscit
311 3192 410 3221 Lamb.
421 3203 487 3224 unus
498 3201 585 3226 tamen
597 3199 612 3224 ὲ
622 3196 693 3226 Pau.
702 3197 790 3226 haber.
799 3210 809 3226 ·.
823 3201 843 3227 ia
849 3202 922 3233 prim
930 3199 979 3227 dies
987 3201 1159 3237 bonesttffimtn.

1227 2161 1268 2180 ιο.
1291 2155 1320 2179 Ut
1329 2161 1401 2187 quam
1411 2152 1527 2186 reHiffime
1535 2159 1640 2185 agamur
1649 2154 1737 2184 omnia,
1748 2161 1799 2178 mea
1809 2150 1880 2183 cura',
1889 2149 1985 2184 opera'.]
2006 2151 2047 2177 Ita
2056 2150 2077 2176 V
2080 2146 2152 2175 isto-

1188 2188 1244 2220 rius
1258 2208 1266 2221 ,
1277 2189 1319 2215 cui
1329 2189 1452 2216 secundas
1464 2189 1555 2215 terunt
1567 2188 1623 2215 val.
1637 2196 1728 2225 quart.
1739 2189 1838 2215 Veneta
1849 2187 1891 2213 ed.
1904 2186 1995 2213 Peckii
2007 2185 2092 2212 liber:
2113 2184 2153 2212 ita

1188 2233 1218 2253 ut
1230 2235 1280 2252 non
1293 2225 1408 2259 improbi
1419 2225 1585 2262 optimorum
1596 2223 1725 2251 librorum
1740 2224 1795 2250 Pal.
1816 2231 1879 2250 tert.
1892 2221 2049 2249 Gruteriani
2060 2220 2153 2256 script.

1188 2269 1215 2287 ut
1224 2261 1297 2296 quz‘rm
1315 2264 1430 2295 refflffime'
1450 2268 1554 2295 agantur
1571 2264 1649 2287 omm'a
1658 2260 1710 2288 med
1718 2270 1770 2286 cum
1790 2269 1850 2286 cura
1863 2278 1871 2292 ‚
1890 2266 1977 2292 opera,
1996 2257 2048 2288 &aa
2069 2256 2153 2293 vulgo

1187 2301 1249 2324 omni
1259 2306 1311 2323 mea
1320 2298 1391 2328 cura‘,
1402 2299 1453 2329 &c.

1229 2343 1238 2361 r
1248 2343 1269 2360 μ
1290 2338 1318 2359 Se
1338 2335 1403 2367 apud
1421 2341 1443 2359 te
1457 2334 1586 2367 gratiosum
1602 2335 1660 2364 fhre.
1672 2333 1686 2366 ]
1717 2333 1795 2358 Unus
1816 2330 1884 2358 liber·
1906 2329 2046 2356 Gulielmii
2060 2331 2156 2362 gratio-

1189 2380 1237 2396 rem
1247 2382 1256 2396 .·
1276 2370 1346 2404 quod
1366 2379 1417 2396 non
1437 2369 1569 2404 displicet.
1588 2369 1622 2394 fic
1632 2376 1719 2395 tamen
1734 2368 1822 2395 nullus
1842 2366 2035 2393 Palatium-um.
2055 2366 2080 2391 in
2092 2366 2154 2402 qui-

1189 2406 1237 2431 bus
1256 2406 1336 2432 etiam
1371 2405 1487 2441 nuspiam
1506 2411 1641 2440 comparet
1661 2404 1750 2431 Fulvii
1777 2413 1808 2430 ae
1827 2402 1952 2431 Lambini
1973 2403 2157 2437 gratiqfiffimum

1191 2441 1216 2468 su
1239 2450 1277 2468 ra.
2190 2440 2193 2442 '

1219 2451 1273 2503 Ρη.
1296 2481 1396 2506 tffileam
1405 2476 1646 2512 commendationem]
1668 2476 1711 2503 Sic
1720 2476 1840 2514 plerique
1850 2477 1961 2503 Veteres
1980 2474 2061 2507 libri,
2080 2476 2155 2501 certi.¹

1192 2523 1284 2541 omues
1296 2512 1470 2540 Gulielmiani
1485 2533 1493 2546 ,
1514 2522 1624 2539 numero
1636 2513 1733 2550 septem
1747 2533 1756 2545 ,
1776 2523 1808 2540 ne
1818 2513 1913 2538 addam
1925 2510 2116 2539 Lambini-„mos
2126 2511 2156 2536 Sc

1194 2550 1261 2577 Pali.
1274 2550 1386 2576 nostrOS.
1407 2549 1497 2585 itaque
1510 2550 1588 2580 rejeci
1609 2551 1681 2585 prius
1695 2550 1830 2585 vulgatam
1841 2551 1944 2581 nostram
1958 2558 2012 2574 eom.
2033 2546 2104 2583 quod
2114 2554 2156 2573 ta-

1194 2596 1253 2613 men
1265 2587 1291 2613 in
1304 2585 1423 2612 editione
1432 2586 1552 2612 omnium
1563 2586 1660 2622 prima,
1672 2586 1785 2612 nostram
1797 2594 1903 2622 quoque
1914 2585 2056 2611 lectionem
2068 2582 2156 2610 admi-

1194 2623 1225 2650 sit
1237 2622 1383 2649 Victorius.

1234 2667 1275 2695 ¹3·
1296 2661 1355 2684 Cum
1363 2661 1390 2684 in
1400 2658 1490 2691 finam
1496 2659 1636 2691 pulcerrime
1648 2658 1790 2693 βαι-ωψσε]
1814 2657 1912 2685 Nescio
1923 2655 1988 2694 quid
2002 2655 2086 2683 velint
2096 2654 2157 2683 Pal.

1194 2702 1258 2723 tert.
1271 2696 1297 2721 δί
1310 2695 1466 2720 Gruter-ian.
1479 2693 1527 2720 illo
1538 2702 1684 2721 extat-emm.

1236 2739 1275 2764 14.
1293 2734 1321 2759 ln
1331 2739 1417 2764 magna
1427 2731 1575 2765 varietate]
1588 2732 1649 2757 Duo
1658 2730 1747 2766 stripti
1758 2729 1835 2756 codd.
1847 2729 1948 2756 Guliel.
1959 2729 2025 2755 item
2035 2729 2063 2754 δε
2074 2727 2158 2754 Grut.

1194 2768 1221 2794 &
1234 2774 1288 2794 tres
1300 2767 1367 2793 Pall.
1379 2768 1404 2792 δὲ
1419 2767 1557 2793 inventum
1570 2767 1595 2792 iu
1606 2766 1725 2793 editione
1737 2768 1838 2793 Venerii
1850 2766 1948 2802 placuit
1959 2764 2044 2800 magis
2058 2765 2159 2790 Came-

1195 2804 1276 2830 rario.
1302 2812 1360 2830 rece
1381 2804 1455 2838 itque
1472 2802 1498 2828 in
1518 2809 1675 2829 contextui-n
1697 2803 1792 2829 Lamb.
1815 2810 1841 2829 at
1859 2801 1906 2837 ipsi
1926 2802 2015 2836 potius
2037 2799 2157 2826 faverem

1195 2843 1305 2876 vulgato
1317 2859 1326 2872 ,
1344 2812 1379 2866 ob
1398 2838 1498 2866 caulam
1518 2839 1642 2866 Manutio
1659 2838 1793 2877 proditam
1813 2838 1840 2865 in
1861 2840 2017 2864 Comment-
2036 2835 2071 2863 ad
2089 2836 2159 2862 hunc

1195 2876 1295 2903 locunr.

1234 2921 1243 2939 1
1250 2922 1263 2946 5
1271 2933 1276 2939 .
1296 2914 1415 2938 Caninius
1424 2911 1453 2942 ἀι
1462 2914 1519 2937 Cato
1527 2910 1669 2945 negarunt]
1692 2910 1804 2936 Faciunt
1815 2909 1865 2935 huc
1874 2908 2029 2935 Funestellae
2040 2906 2160 2944 quaedam

1194 2958 1228 2975 ex
1241 2948 1387 2975 Annalium
1398 2948 1453 2981 ejus
1464 2946 1534 2973 libro
1545 2955 1624 2973 xxii.
1634 2945 1740 2974 laudata
1748 2945 1841 2972 Nonio
1854 2945 1984 2973 Marcello
1994 2944 2022 2972 in
2033 2953 2097 2972 voce
2107 2948 2160 2972 Ru-

1194 2994 1252 3011 mor.
1273 2983 1446 3011 Gulielmius.

1236 3020 1278 3047 16.
1300 3023 1351 3053 “21⁴1
1359 3028 1423 3046 nunc
1427 3026 1480 3052 pop.
1491 3018 1605 3052 nomina]
1626 3018 1721 3044 Delevi
1733 3021 1798 3044 Rom.
1809 3024 1875 3044 vett.
1888 3016 1967 3044 codd.
1978 3016 2139 3044 anaor-itate
2148 3026 2158 3045 ι

1196 3056 1263 3083 edit.
1273 3056 1359 3093 princ.
1370 3057 1436 3081 Ven.
1448 3054 1503 3080 Pal.
1516 3061 1579 3080 tert.
1591 3054 1676 3080 Vatic.
1688 3062 1744 3080 tum
1756 3053 1816 3080 edd.
1829 3053 1943 3080 Vitiorn
1954 3061 2033 3089 atque
2044 3053 2141 3080 Lamb-

1237 3101 1278 3126 ¹7-
1298 3094 1349 3119 Aut
1358 3092 1414 3124 jam
1425 3093 1477 3125 fine
1485 3093 1514 3115 vi
1531 3099 1599 3123 agere
1613 3092 1703 3124 soffint.
1742 3091 1785 3116 Sic
1794 3090 1831 3117 est
1841 3090 1866 3117 in
1878 3089 2074 3125 antiquioribus
2086 3088 2162 3122 Edit.

1197 3128 1316 3164 principe
1327 3129 1394 3152 Veii.
1416 3126 1503 3162 postea
1515 3126 1572 3152 mll'.
1587 3127 1762 3153 Pec1<.Grut.
1780 3126 1835 3152 Pal.
1855 3133 1943 3162 quart.
1963 3126 1989 3152 iu
2002 3126 2083 3152 tertio
2093 3132 2163 3157 erat,

1198 3171 1243 3191 aut
1253 3165 1305 3197 fine
1313 3165 1342 3189 vi
1352 3163 1408 3196 jam
1418 3172 1494 3197 agere.
1515 3164 1646 3191 Ceterum
1657 3162 1964 3199 inPal.quart.Medic.
1977 3163 2074 3197 possent.
2096 3160 2162 3188 tert.

1200 3199 1259 3228 Pal.
1276 3199 1369 3234 pqffem.
1402 3208 1406 3214 ·
2110 3221 2112 3223 .

2078 3234 2160 3267 LEgo
