2297 3389
669 145 676 153 ’
720 129 995 179 .L11³.1V.
1045 127 1114 178 iu

169 208 307 252 perdito,
326 206 482 243 &collum
493 206 526 239 in
536 205 677 249 laqueum
688 206 830 238 inserenti
840 228 848 242 ‚
861 207 1023 239 subvenisti
1034 229 1042 242 ,
1053 208 1125 239 cum

171 253 295 294 pupillis
304 252 512 293 Drepanitanis
522 250 602 279 bona
609 251 701 288 patria
710 259 806 288 erepta
823 260 886 279 cum
901 251 944 279 i'Ho
952 251 1077 289 partitus
1091 260 1124 278 es.

171 293 287 336 gaudeo
298 296 402 326 etiam,
421 290 523 332 siquid
532 290 632 321 abillo
641 289 803 320 abstulisti:
822 291 855 321 &
872 291 922 321 abs
940 300 967 320 te
986 292 1065 320 nihil
1081 301 1126 320 re-

172 335 252 365 ftius
264 334 378 365 fa6lmm
397 332 454 363 efl'e
472 332 552 362 dico.
577 331 593 362 a
605 333 714 362 Lisone
724 330 795 362 vero
807 332 996 372 Lilybaetano
1006 351 1014 365 ,
1026 334 1126 371 primo

169 377 299 406 homine
308 386 321 409 ῑ
329 375 405 415 apud
416 384 507 415 quem
518 374 685 404 deversatus
694 384 724 403 es
736 393 743 406 ,
757 374 909 413 Apollinis
920 372 1036 414 signum
1048 373 1127 402 abla-

173 426 238 449 tum
254 416 331 447 certe
345 415 403 446 esse
413 426 477 446 non
487 417 629 456 oportuit.
661 418 701 445 At
711 415 790 445 dices
801 424 829 445 te
839 413 954 445 emisse.
979 415 1056 444 scio:
1073 423 1126 443 H-s

172 468 242 488 cio.
253 459 293 488 ita
302 459 421 498 opinor.
444 457 516 491 scio,
528 459 662 498 inquam.
681 456 831 497 proferam
844 457 971 487 litteras:
984 456 1016 485 ὃς
1026 465 1126 485 tamen

169 499 202 529 id
211 498 324 529 faustum
335 509 400 529 non
409 501 553 539 oportuit.
578 502 604 528 A
612 500 730 539 pupillo
740 498 820 537 Hejo
829 519 837 531 ,
848 500 897 528 cui
908 498 1068 528 Marcellus
1080 507 1128 527 tu-

169 548 218 571 tor
227 540 270 570 est
279 561 288 574 ,
310 540 325 571 a
334 551 396 582 quo
406 542 563 581 pecuniam
582 540 724 581 grandem
743 542 889 580 eripueras
897 559 905 572 ‚
925 540 1040 579 scaphia
1054 548 1126 568 curn

170 582 360 613 emblematis
370 582 497 622 Lilybaei
515 581 617 612 utrum
636 592 715 612 emta
733 580 789 611 effe
806 581 880 611 dicis
891 601 900 615 ‚
919 591 958 610 an
974 579 1127 611 confiteris

169 627 289 663 erepta?
311 624 367 654 Sed
376 624 449 665 quid
460 634 515 665 ego
526 623 609 654 istius
620 626 653 653 in
664 623 814 663 ejusmodi
824 623 910 653 rebus
919 622 1072 651 medion-reu
1081 623 1126 650 in-

161 666 258 705 jurias
270 666 397 707 colligo:
416 676 481 706 qua:
492 664 708 696 tantummodo
724 666 758 694 in
768 664 855 694 furtis
873 663 955 693 istius
967 684 975 696 ,
998 664 1031 693 ὃς
1041 663 1124 692 dam-

170 708 219 736 nis
228 716 335 737 eorum
346 727 355 741 ,
368 708 384 737 a
393 708 502 748 quibus
511 706 659 737 auferebat
669 727 677 740 ,
688 706 805 736 versatae
814 704 870 735 effe
881 705 1055 735 videantur?
1077 714 1124 733 ac-

168 750 260 788 cipite
270 767 280 781 ,
292 747 313 778 fi
322 749 414 779 vultis
422 769 429 782 ,
439 750 450 789 j
454 748 554 779 udices
564 768 572 781 ,
592 758 656 778 rem
667 747 833 787 ejusmodi,
853 755 886 776 ut
895 748 1057 777 amentiam
1068 744 1127 774 sin—

170 790 302 831 gularem
313 810 321 824 ,
332 799 364 820 ut
373 790 505 820 furorem
517 791 575 826 iam
585 809 594 823 ,
612 799 677 819 non
687 788 881 828 cupiditatem
892 789 955 828 ejus
964 788 1126 828 perspicere

111 839 126 866 1
135 832 153 866 8
171 830 296 872 possitis.
325 830 491 862 Melitensis
500 831 653 862 Diodorus
667 829 709 860 est
717 850 726 865 ,
738 832 789 871 qui
799 830 875 870 apud
886 839 940 860 vos
949 839 1033 861 antea
1042 828 1125 858 testi—

169 875 313 903 monium
325 873 413 903 dixit.
430 875 454 902 is
466 873 592 913 Lilybaei
604 873 714 902 multos
724 873 784 909 jam
794 881 890 901 annos
898 871 1018 903 habitat,
1030 871 1126 900 homo

170 915 205 945 &
214 915 300 945 domi
309 915 422 945 nobilis
430 935 438 948 ‚
458 915 491 944 &
499 914 575 955 apud
587 924 636 944 eos
647 934 655 948 ‚
668 912 729 954 quo
740 914 766 943 se
776 914 908 943 contulit
917 933 926 946 ,
940 921 1058 953 propter
1066 913 1127 941 vir-

170 965 267 987 tutem
277 956 459 996 splendidus,
470 956 503 987 &
512 956 665 998 gratiosus.
680 955 716 985 de
725 956 783 985 hoc
794 957 879 985 Verri
890 955 1009 987 dicitur,
1021 953 1127 983 habere

169 1008 241 1028 eum
256 998 385 1037 perbona
394 1007 571 1028 toreumata:
585 999 619 1027 in
630 998 675 1027 his
686 997 791 1038 pocula
801 996 861 1027 duo
871 996 1007 1038 quaedam
1017 1016 1025 1029 ‚
1038 999 1047 1014 ¹
1060 1005 1126 1036 quae

169 1041 305 1069 Heraccea
322 1041 536 1073 nominantur,
562 1042 711 1070 Mentoris
720 1049 832 1073 manu,
850 1039 971 1069 summo
980 1036 1106 1068 artificio
1118 1057 1126 1070 ‚

169 1080 255 1111 fasta.
277 1080 358 1121 quod
368 1080 422 1111 iste
432 1082 483 1111 ubi
495 1081 626 1114 audivit,
649 1079 686 1111 fic
695 1080 854 1121 cupiditate
865 1079 1070 1110 inflammatus
1084 1078 1127 1108 est

170 1132 236 1152 non
246 1122 345 1152 solum
357 1123 550 1162 inspiciundi,
562 1122 669 1153 verum
680 1125 769 1152 etiam
780 1121 947 1155 auferendi,
963 1129 995 1152 ut
1006 1121 1126 1151 Diodo-

169 1174 239 1195 rum
249 1163 285 1194 ad
296 1164 324 1194 se
334 1173 451 1194 vocaret
459 1185 468 1198 ‚
482 1175 513 1195 ac
521 1165 662 1204 posceret.
686 1165 807 1204 Ille,qui
817 1164 868 1194 illa
879 1174 944 1193 non
952 1165 1066 1193 invitus
1078 1164 1129 1192 'na-

171 1205 429 1245 beret,i·espondet
438 1207 467 1236 se
477 1206 606 1246 Lilybaei
617 1216 681 1236 non
692 1206 797 1236 habere
809 1216 814 1234 :
825 1206 938 1235 Melitae
948 1204 1024 1245 apud
1034 1214 1131 1245 quen-

170 1247 241 1278 dam
253 1249 457 1289 propinquum
470 1249 557 1278 suum
568 1247 727 1288 reliquisse.
739 1250 823 1277 Tum
834 1246 887 1276 iste
897 1245 1047 1277 continuo
1059 1247 1131 1275 mit-

168 1292 207 1320 tit
216 1290 357 1319 homines
367 1299 462 1319 certos
471 1289 723 1319 Melitamsscribir
734 1289 769 1319 ad
778 1288 923 1329 quosdam
934 1288 1131 1320 Melitenseis‚

169 1339 205 1361 ut
217 1340 250 1360 ea
266 1330 329 1360 vasa
338 1333 506 1371 perquirant
518 1342 522 1360 z
544 1339 625 1372 rogat
634 1331 808 1360 Diodorum
819 1351 828 1363 ,
846 1339 879 1360 ut
889 1330 924 1360 ad
943 1331 1031 1359 illum
1044 1329 1131 1359 suum

169 1374 374 1413 propinquum
385 1373 562 1402 detlirteras.
583 1373 659 1401 nihil
671 1374 698 1401 ei
716 1371 838 1413 longius
847 1372 1002 1402 videbatur
1012 1391 1020 1404 ,
1037 1371 1128 1411 quam

171 1414 246 1443 dum
256 1413 331 1443 illud
341 1414 455 1443 videret
461 1422 618 1454 argentum·
651 1413 917 1446 Diodoru82homo
927 1411 1051 1454 frugi‚ac
1060 1412 1132 1441 dili-

172 1464 263 1496 gem,
282 1457 333 1496 qui
339 1455 395 1494 sua
403 1456 517 1494 firvare
529 1456 628 1489 vellet,
650 1465 819 1496 propinquo
831 1455 884 1485 suo
895 1455 1011 1488 scribit,
1031 1455 1111 1483 utiis
1122 1474 1130 1487 ‚

173 1496 254 1537 quia
262 1499 352 1526 Verre
363 1495 527 1530 veniffent,
538 1497 729 1537 responderet
742 1507 751 1530 ·‚
769 1497 845 1526 illud
855 1505 1009 1538 argentum
1020 1496 1047 1526 se
1059 1505 1130 1535 pau-

169 1540 216 1568 cis
225 1538 285 1567 illis
298 1537 403 1568 diebus
416 1537 524 1568 misisse
534 1539 715 1579 Lilybaeum.
739 1539 804 1578 Ipse
813 1540 924 1568 interea
933 1537 1051 1568 recedit.
1075 1537 1128 1567 ab-

173 1577 232 1610 effe
240 1580 276 1610 ab
285 1580 380 1610 domo
389 1581 548 1620 paullisper
558 1581 675 1614 maluit,
687 1580 779 1621 quam
789 1581 916 1620 praesens
924 1579 1001 1609 'illud
1011 1578 1129 1619 optime

171 1620 286 1651 staffilum
295 1631 449 1664 argentum
459 1625 606 1652 amittere.
632 1622 723 1664 Qod
739 1622 791 1652 ubi
811 1622 927 1652 audivit
944 1620 998 1651 iste
1009 1641 1017 1655 ‚
1038 1621 1128 1661 usque

172 1661 211 1692 οὸ
221 1662 263 1693 est
272 1673 446 1694 commotus
455 1684 464 1697 ‚
485 1673 517 1694 ut
529 1662 589 1694 fine
600 1666 661 1694 ulla
671 1664 860 1694 dubitatione
878 1664 1006 1693 insanire
1025 1664 1131 1692 omni·-

172 1704 230 1735 bus
239 1725 248 1739 ‚
269 1715 301 1736 ac
316 1704 413 1736 furere
429 1705 588 1736 videretur.
611 1707 681 1746 quia
688 1716 752 1736 non
764 1714 899 1746 potuerat
907 1713 1062 1746 argentum
1074 1705 1130 1733 cri-

171 1755 260 1786 pere,
280 1748 341 1788 ipse
355 1747 371 1777 a
381 1747 521 1777 Diodoro
530 1755 621 1789 erepta
627 1747 683 1788 sibi
693 1748 764 1788 vasa
774 1747 892 1788 optime
903 1746 979 1776 facta
997 1746 1128 1776 dicebat:

173 1790 309 1818 minitari
326 1789 438 1819 absenti
453 1789 610 1820 Diodoro:
628 1789 787 1820 vociferari
797 1789 913 1829 palam:
929 1789 1070 1828 lacrymas
1083 1790 1131 1817 in—

171 1829 290 1860 terdum
301 1832 356 1860 vix
366 1839 474 1861 tenere.
482 1831 656 1871 Eriphylam
665 1833 833 1871 accepimus
848 1832 881 1860 in
890 1829 998 1861 fabulis
1006 1839 1038 1860 ea
1047 1831 1131 1869 cupi-

173 1871 265 1901 ditate
274 1891 283 1905 ,
296 1880 339 1905 ut,
350 1871 421 1902 cum
434 1871 553 1902 vidiss'et
563 1873 690 1906 monile,
702 1874 865 1912 mopinot,
878 1882 915 1902 ex
924 1881 995 1902 auro
1006 1872 1038 1901 &
1045 1881 1130 1912 gem-

173 1914 252 1946 mis,
268 1913 490 1952 pulchritudine
507 1914 571 1954 ejus
584 1914 721 1948 incensa,
737 1915 861 1954 salutem
873 1914 929 1942 viri
937 1913 1071 1955 proderet.
1095 1910 1131 1941 fi-

175 1955 260 1984 milis
279 1954 364 1984 istius
381 1955 526 1994 cupiditas
539 1966 544 1983 ;
562 1956 619 1984 hoc
628 1957 717 1986 etiam
737 1958 830 1985 acrior
840 1975 849 1989 ,
870 1965 956 1995 atque
974 1955 1107 1984 insanior
1118 1973 1128 1987 ,

174 1994 257 2036 quod
268 1996 319 2026 illa
333 1997 470 2035 cupiebat
479 1995 509 2025 id
518 2016 530 2029 ‚
549 1996 630 2036 quod
650 1996 780 2026 viderat:
800 1997 850 2035 huj
856 2005 889 2025 us
908 1995 1050 2025 libidines
1065 2005 1129 2024 non

115 2047 159 2082 19
175 2036 274 2067 solum
293 2038 388 2068 oculis
405 2057 414 2071 ‚
431 2037 480 2068 sed
498 2039 588 2067 etiam
606 2038 726 2067 auribus
741 2038 952 2067 excitabantur.
986 2037 1130 2077 Conquiri

174 2078 350 2108 Diodorum
367 2088 426 2109 tota
444 2081 598 2118 provincia
616 2079 706 2118 jubet.
730 2080 781 2109 ille
799 2089 837 2108 ex
848 2079 947 2109 Sicilia
961 2079 1023 2117 jam
1042 2077 1130 2108 castra

176 2130 312 2150 moverat
322 2141 330 2153 ‚
350 2121 382 2150 &
391 2121 457 2150 vasa
470 2121 637 2161 collegerat.
661 2123 767 2151 Homo
777 2130 810 2150 ut
818 2121 920 2161 aliquo
933 2119 1027 2149 modo
1039 2120 1129 2149 illum

174 2164 209 2191 in
218 2163 406 2202 provinciam
417 2171 576 2195 revocaret,
588 2163 662 2192 hanc
671 2163 855 2203 excogitavit
862 2163 1010 2191 rationem
1022 2172 1026 2189 :
1039 2159 1058 2189 fi
1068 2162 1130 2190 haec

173 2206 250 2233 ratio
259 2202 370 2243 potius,
380 2203 471 2244 quam
483 2205 615 2234 amentia
623 2203 812 2233 nominanda
820 2202 872 2232 est.
891 2204 1015 2243 apponit
1024 2202 1059 2232 de
1070 2203 1129 2232 suis

174 2246 297 2275 canibus
307 2247 456 2285 quendam
467 2264 475 2278 ‚
491 2247 543 2286 qui
553 2244 630 2275 dicat
639 2265 648 2278 ‚
660 2245 689 2274 se
699 2245 874 2274 Diodorum
886 2244 1078 2274 Melitensem
1090 2245 1131 2273 rei

173 2287 305 2326 capitalis
314 2297 399 2316 reum
410 2287 488 2316 velle
500 2292 604 2316 iacere.
629 2285 731 2317 Primo
741 2289 855 2316 mirum
866 2285 1012 2316 omnibus
1022 2285 1128 2319 videri,

174 2328 350 2359 Diodorum
367 2338 452 2358 reum
463 2348 472 2361 ,
491 2329 652 2357 hominem
664 2328 885 2369 quiettffimum‚
906 2327 942 2357 ab
959 2329 1048 2356 omni
1064 2336 1129 2356 non

174 2369 438 2403 modbfacinoris,
452 2369 559 2399 versim
572 2372 662 2400 etiam
676 2372 802 2399 minimi
812 2371 898 2399 errati
905 2369 1073 2408 suspicione
1083 2378 1129 2398 re-

173 2411 388 2443 motiffimum.
410 2411 519 2442 deinde
532 2409 587 2441 effe
599 2412 788 2452 perspicuum
799 2431 807 2445 ,
818 2409 883 2441 fieri
892 2412 998 2440 omnia
1007 2410 1058 2440 illa
1065 2418 1128 2451 prn-

172 2461 234 2494 pter
249 2461 408 2495 argentum.
437 2452 496 2483 Iste
509 2463 572 2483 non
581 2453 696 2483 dubitat
703 2453 808 2493 jubere
818 2462 934 2482 nomen
949 2451 1074 2482 deferri:
1094 2452 1128 2482 &

156 2496 164 2500 '
172 2504 240 2525 turn
248 2493 385 2535 primum
397 2496 506 2535 opinor
515 2494 606 2524 istum
616 2494 742 2524 absentis
753 2504 867 2524 nomen
876 2492 1025 2534 recepisse.
1043 2497 1058 2513 ²
1067 2496 1129 2524 Res

169 2537 250 2567 clara
257 2537 360 2567 Sicilia
376 2546 436 2567 tota
445 2556 454 2570 ‚
473 2539 626 2566 PROPTER
644 2545 782 2566 CAELArl
801 2538 914 2577 argenti
932 2535 1128 2575 cupiditatem

169 2588 241 2609 reos
252 2577 315 2609 ficri
330 2588 428 2608 rerum
443 2579 614 2617 capitalium
628 2588 633 2607 :
655 2581 775 2618 3neque
791 2578 888 2608 solum
899 2587 964 2607 reos
975 2575 1038 2606 fieri
1050 2597 1059 2609 ,
1080 2577 1129 2606 sed

174 2622 263 2650 etiarn
274 2620 427 2650 absenteis.
451 2619 605 2649 Diodorus
614 2622 724 2650 Romae
737 2618 900 2649 sordidatus
908 2621 1021 2648 circum
1030 2627 1130 2657 patro—

170 2671 233 2692 ·nos
242 2681 252 2696 ,
265 2670 351 2702 atque
361 2662 490 2702 hospites
503 2662 631 2692 cursare:
649 2671 714 2691 iem
725 2660 868 2691 omnibus
879 2670 1001 2690 narrare.
1023 2661 1127 2691 litterae

173 2816 175 2818 ,
214 2804 224 2822 1
232 2815 238 2820 .
257 2797 312 2827 §.²24¹ae
320 2797 433 2822 Heraclea
441 2796 618 2829 nominantur]
630 2796 717 2821 Locus
728 2796 796 2821 mire
808 2803 931 2822 vexatus.
950 2795 996 2820 alii
1006 2795 1077 2821 enim
1088 2804 1130 2821 re-

175 2830 287 2866 positum
308 2831 401 2857 volunt
418 2833 550 2857 ’ΠΜ-[ΗΜ.
570 2840 683 2866 quorum
701 2835 837 2858 enumero
847 2831 883 2857 est
894 2832 1025 2858 Canterus
1044 2831 1091 2857 lib.
1104 2841 1133 2856 v.

169 2867 280 2893 ..Novam
291 2866 401 2893 lection.
420 2876 477 2903 cap.
487 2867 534 2893 28.
547 2868 665 2894 Turneb.
676 2867 724 2893 lib,
735 2877 804 2893 vni.
817 2866 929 2893 Advers.
940 2877 995 2903 cap.
1010 2875 1050 2893 10.
1070 2866 1132 2893 Mss.

176 2901 347 2928 Paisfavent
367 2911 475 2938 receptat
494 2902 604 2929 leffioni
617 2923 625 2935 ,
644 2903 690 2929 nifi
702 2902 771 2939 quod
783 2902 833 2929 sec·
854 2904 967 2929 Eraclea.
987 2912 1047 2929 iiam
1059 2903 1132 2929 Gru-

170 2938 292 2964 serianus
310 2940 418 2965 Ereclea.
438 2939 595 2972 cujacianus
606 2940 633 2965 &
644 2939 756 2965 Puteani
774 2939 841 2964 liber
858 2939 978 2964 Theridia.
1008 2939 1131 2974 Hittorp.

178 2982 283 3009 quoque
293 2973 390 3000 schedae
400 2974 545 3010 praeferunt
558 2996 564 3006 ,
583 2975 612 3006 ὡ
621 2975 722 3001 βενὶᾱὶα.
743 2977 871 3001 Ceterum
883 2975 981 3001 retinui
999 2977 1081 3009 pocula
1091 2976 1133 3000 duo

175 3010 290 3042 quadam.

214 3053 243 3070 2.
262 3048 306 3070 Res
316 3047 383 3070 clara
391 3048 472 3072 sicilia
482 3047 556 3081 torm]
569 3047 609 3072 Im
619 3045 813 3074 rescribendum
823 3045 903 3073 duxit
914 3045 1065 3072 Turnebus.
1075 3045 1134 3071 Gu-

179 3079 296 3106 lielmius
309 3090 324 3105 a
338 3081 451 3116 vulgata:
463 3084 584 3108 Rei-lamas
592 3085 673 3108 Sicilia
683 3090 742 3109 ma.

216 3123 242 3149 3.
263 3119 341 3149 Neque
352 3117 427 3149 silum
446 3127 495 3143 reos
506 3119 589 3152 firri.]
612 3118 654 3144 Est
665 3118 697 3144 ab
708 3122 890 3154 (justamque
902 3117 1133 3153 Hitt01·p.quippc

178 3150 246 3178 rau.
258 3152 369 3180 Gruter.
379 3151 439 3180 edd.
449 3162 541 3182 omne-s
553 3172 563 3188 ,
577 3163 652 3190 neque
662 3155 739 3190 filum
752 3156 875 3190 praesaenres
885 3163 936 3182 teos
948 3156 1015 3189 fieri.
1036 3152 1132 3183 ramus

1158 130 1215 176 C.
1250 128 1540 179 VERREM.
2040 144 2135 195 297

1173 211 1336 240 mittuntur
1352 209 1401 240 isti
1419 209 1435 240 a
1449 219 1530 251 patre
1540 208 1732 240 vehementes
1742 228 1750 243 ‚
1767 207 1802 241 ab
1813 210 2001 242 amicisitem
2015 230 2023 244 ‚
2044 210 2130 242 vide--

1172 260 1214 280 ret
1224 271 1232 284 ,
1249 251 1320 292 quid
1334 261 1431 292 ageret
1441 272 1449 284 ‚
1470 252 1508 282 de
1518 251 1659 282 Diodoro
1668 252 1729 293 quo
1740 253 1977 294 progrederetur:
1997 262 2058 282 rem
2071 252 2132 282 cia·

1172 302 1234 321 ram
1246 291 1313 325 effe,
1325 293 1356 322 &
1368 294 1395 321 in
1401 293 1555 333 vidiofiim:
1566 294 1694 324 insanire
1704 295 1866 324 hominem
1878 297 2059 335 :periturum
2070 294 2130 323 hoc

1173 342 1235 369 uno
1247 336 1376 364 crimine
1385 354 1393 368 ‚
1407 334 1461 364 nisi
1471 333 1600 365 cavisset.
1631 335 1689 366 Iste
1701 338 1867 366 etiamtum
1877 345 1990 376 patrem
2002 356 2009 368 ‚
2029 333 2051 364 fi
2064 344 2129 364 non

1171 376 1203 402 in
1214 378 1359 413 parentis,
1378 385 1406 405 at
1417 377 1447 405 in
1458 377 1622 406 hominum
1634 387 1761 407 nurnero
1777 378 1911 417 putabat:
1930 376 1965 407 ad
1977 376 2129 416 judicium

1172 415 1310 444 nondum
1322 417 1349 445 se
1361 417 1426 446 satis
1436 416 1631 447 instruxerat:
1648 421 1764 458 primus
1774 429 1870 449 annus
1880 429 1938 449 erat
1947 419 2109 459 provinciae
2121 428 2128 446 :

1170 466 1245 488 non,
1258 465 1290 485 ut
1302 459 1332 486 in
1343 459 1479 490 Sthenio,
1495 459 1552 495 jam
1564 458 1687 489 refertus
1696 462 1833 500 pecunia.
1857 460 2042 502 itaquefuror
2054 460 2129 499 ejus,

1169 497 1337 536 paullulum
1350 508 1412 527 non
1421 499 1539 538 pudore,
1562 500 1610 530 sed
1629 509 1728 534 metu,
1744 512 1776 532 ac
1795 503 1894 531 timore
1912 500 2054 542 repress'us
2072 501 2126 531 est.

1169 538 1370 568 condemnare
1381 540 1557 571 Diodorum
1576 551 1638 571 non
1649 543 1751 573 audet:
1774 544 1925 574 absentem
1946 543 1982 574 de
2001 546 2057 573 reis
2076 553 2131 573 ex-

1170 582 1249 610 imit.
1275 579 1430 610 Diodorus
1450 584 1560 612 interea
1578 592 1701 622 praetore
1712 584 1769 614 isto
1779 585 1871 624 prope
1883 587 2047 615 triennium
2059 594 2130 624 pro-

1170 623 1280 654 vincia,
1293 621 1445 662 domoque
1457 626 1560 652 caruit.
1575 627 1665 654 ceteri
1676 635 1739 655 non
1751 626 1851 656 solum
1861 627 1965 660 Siculi,
1978 627 2128 657 sedetiam

1168 665 1248 692 cives
1259 665 1352 693 Rom.
1364 664 1422 692 hoc
1432 663 1588 694 statuerant
1600 676 1605 693 z
1620 669 1764 705 quoniam
1775 667 1828 698 iste
1839 677 1956 698 tantum
1967 668 2128 708 cupiditate

1168 704 1411 745 progrederetur,
1423 706 1502 734 nihil
1512 704 1569 735 effe
1580 706 1662 746 quod
1674 709 1830 748 quisquam
1840 718 1971 749 putaret,
1985 710 2012 740 se
2025 730 2033 743 ,
2044 709 2126 750 quod

1169 745 1216 775 isti
1235 744 1337 784 paullo
1354 748 1441 786 magis
1452 746 1594 817 glaccret,
1617 751 1805 783 conservare,
1831 761 1879 780 aut
1895 751 1981 781 domi
2000 754 2127 781 retinere

1169 786 1262 827 poss'e.
1286 786 1388 817 Postea
1399 798 1449 817 ver
1475 808 1482 821 ‚
1493 788 1582 829 quarn
1593 791 1822 825 intellexerunt,
1834 792 1881 822 isti
1892 795 1991 823 virum
2003 792 2125 826 fortem,

1169 839 1260 870 quem
1273 828 1391 858 summe
1403 831 1558 869 provincia
1567 830 1771 871 exspedhibat,
1787 836 1970 872 QArrium‚
1985 845 2048 864 non
2062 835 2126 865 suc-

1170 870 1272 901 cedere
1284 880 1290 899 :
1307 870 1471 908 statuerunt
1482 872 1510 901 se
1521 873 1598 901 nihil
1613 881 1670 902 tam
1684 873 1828 908 clausurn,
1845 885 1941 915 neque
1951 886 2010 905 tam
2022 886 2129 905 recon-

1169 912 1269 942 ditum
1288 910 1369 951 poss'e
1385 912 1490 942 habere
1500 934 1508 946 ,
1527 913 1607 954 quod
1625 924 1689 944 non
1709 914 1793 945 istius
1812 917 1966 956 cupiditati
1985 916 2128 957 apeitiffi-

1171 964 1257 983 mum
1267 973 1275 986 2
1287 953 1582 996 promtiffimumque
1593 954 1672 986 ess‘et.
1697 959 1780 987 Tum
1793 956 1847 987 iste
1856 958 1891 987 ab
1900 961 1998 998 equite
2010 961 2127 989 Roma-

1170 1005 1211 1025 no
1222 994 1378 1036 splendido
1389 1014 1397 1028 ‚
1415 996 1448 1026 &
1457 997 1584 1037 gratioso
1597 1017 1606 1031 ,
1625 1000 1679 1027 Cn.
1691 999 1808 1029 Calidio
1818 1018 1826 1033 ‚
1849 1009 1933 1039 cujus
1945 998 2041 1029 filium
2054 1001 2128 1030 scie-

1169 1038 1217 1068 bat
1232 1037 1397 1068 senatorem
1409 1039 1515 1079 populi
1525 1041 1620 1069 Rom.
1635 1040 1809 1079 &judicem
1821 1040 1880 1071 ess'e
1891 1061 1899 1074 ,
1917 1046 1935 1068 4
1945 1042 2072 1082 equuleos
2082 1053 2129 1070 ar-

1164 1087 1276 1119 genteos
1298 1080 1430 1110 nobileis
1441 1101 1449 1114 ‚
1469 1083 1522 1121 qui
1536 1084 1715 1121 QMaximi
1731 1081 1847 1112 fueraut
1856 1103 1864 1116 ,
1885 1082 1988 1113 aufert.
2011 1086 2129 1122 Impru-

1167 1122 1241 1151 dens
1252 1121 1411 1151 hucincidi
1421 1142 1430 1155 ,
1450 1122 1562 1158 iudices
1573 1143 1580 1156 ‚
1599 1125 1846 1156 emitenim,non
1857 1124 1987 1154 abstulit.
2011 1125 2129 1155 nol-lem

1171 1161 1288 1193 dixisse.
1308 1163 1431 1202 jactabit
1442 1164 1470 1194 se
1481 1184 1490 1197 ‚
1508 1165 1582 1194 &in
1595 1165 1639 1194 his
1651 1166 1949 1206 equitabitequuleiS.
1974 1168 2043 1196 Emi
2057 1177 2062 1194 :
2078 1177 2131 1207 pe*

1170 1207 1291 1235 cuniam
1303 1205 1389 1235 solvi.
1410 1206 1517 1239 Credo,
1531 1207 1621 1236 etiam
1634 1207 1738 1237 tabula:
1752 1207 1949 1247 proferentur.
1969 1211 1978 1235 5
1990 1207 2032 1238 est
2043 1210 2127 1238 tanti.

1167 1245 1243 1278 cedo
1253 1246 1374 1276 tabulas.
1398 1247 1481 1276 dilue
1492 1248 1560 1277 sane
1572 1250 1687 1278 crimen
1699 1250 1756 1279 hoc
1766 1249 1953 1279 Calidianum
1965 1270 1972 1283 ,
1989 1250 2063 1279 dum
2075 1260 2130 1291 ego

1170 1288 1281 1318 tabulas
1291 1288 1436 1327 adspicere
1444 1287 1563 1328 poffim.
1587 1293 1805 1320 Verumtamen
1815 1291 1888 1332 quid
1899 1301 1969 1324 erat,
1981 1291 2064 1332 quod
2075 1295 2131 1322 Ci-

1169 1330 1261 1360 lidius
1272 1333 1380 1360 Rornae
1389 1339 1558 1370 quereretur
1567 1351 1574 1365 ‚
1589 1331 1627 1365 se,
1640 1330 1711 1362 cum
1723 1341 1767 1362 tot
1778 1343 1873 1362 annos
1883 1335 1915 1362 in
1926 1335 2025 1363 Sicilia
2033 1343 2128 1380 nego-

1170 1373 1298 1404 claretur,
1312 1371 1362 1401 abs
1375 1381 1401 1401 te
1413 1372 1478 1402 solo
1489 1374 1529 1402 ita
1539 1371 1597 1402 ess'e
1607 1383 1809 1407 contemtum,
1822 1377 1860 1404 ita
1869 1374 2053 1414 despes'turm
2069 1381 2083 1394 υ
2095 1384 2127 1405 ut

1170 1416 1260 1443 etiarn
1270 1413 1409 1443 unacum
1421 1416 1524 1443 ceteris
1534 1415 1640 1445 Siculis
1651 1415 1867 1455 dispoliaietur,
1880 1415 1900 1445 si
1911 1419 2040 1446 emeras?
2052 1417 2127 1457 quid

1170 1463 1247 1488 erat,
1258 1454 1339 1495 quod
1349 1453 1555 1490 confirmabat,
1566 1457 1582 1486 s
1579 1467 1593 1485 e
1603 1456 1651 1486 abs
1663 1466 1689 1486 te
1701 1466 1854 1498 argentum
1866 1456 1923 1487 effe
1934 1459 2126 1499 reperiturwn‚

1170 1495 1190 1525 si
1200 1497 1256 1526 tibi
1265 1497 1314 1526 sua
1323 1497 1476 1526 voluntate
1485 1497 1679 1528 vendiderat?
1698 1508 1730 1529 tu
1741 1499 1831 1538 porro
1849 1497 1946 1538 poss‘es
1962 1499 2055 1529 facere
2067 1520 2074 1533 ‚
2098 1510 2129 1529 u:

1170 1541 1224 1568 Cn.
1238 1537 1355 1568 Calidio
1369 1547 1434 1568 non
1447 1538 1602 1569 redderes?
1620 1540 1781 1579 praesertim
1799 1540 1872 1570 cum
1892 1543 1916 1570 is
1936 1542 1971 1570 L.
1982 1541 2103 1571 Sisenna
2114 1562 2122 1574 ,

1169 1579 1325 1611 defensore
1335 1588 1388 1609 tuo
1399 1580 1458 1610 tam
1469 1579 1657 1610 familiariter
1665 1591 1794 1611 uteretur
1807 1593 1812 1611 ;
1835 1583 1867 1612 &
1878 1582 1948 1612 cum
1965 1586 2068 1612 ceteris
2084 1583 2126 1613 rar-

1169 1621 1339 1652 miliaribus
1348 1622 1478 1651 Sisennae
1489 1621 1686 1653 reddidisses?
1704 1623 1814 1653 deinde
1831 1634 1894 1653 non
1912 1626 2024 1664 opinor
2039 1635 2129 1666 nega-

1169 1672 1270 1694 turum
1281 1661 1338 1693 effe
1350 1672 1377 1693 te
1387 1683 1395 1697 ‚
1406 1664 1527 1693 homini
1537 1663 1665 1694 honesto
1676 1685 1683 1697 ‚
1702 1665 1749 1695 sed
1762 1675 1823 1695 non
1835 1664 1995 1707 gratiosiori
2007 1686 2014 1698 ,
2033 1676 2124 1707 quain

1171 1708 1227 1735 Cn.
1239 1704 1371 1735 Calidius
1381 1704 1434 1738 est,
1450 1705 1601 1735 L-Cordio
1610 1715 1764 1747 argentum
1776 1717 1828 1747 per
1838 1710 2126 1740 Potamoi-remam}-

1170 1757 1241 1777 cum
1254 1756 1351 1780 tuum,
1362 1746 1532 1776 reddidisse.
1544 1749 1598 1789 qui
1608 1748 1733 1788 quidem
1746 1758 1913 1779 ceterorum
1925 1750 2040 1779 causam
2051 1750 2129 1789 apud

1169 1797 1196 1819 te
1208 1787 1414 1818 difficiliorem
1426 1788 1508 1819 fecit.
1531 1792 1612 1819 Nam
1622 1788 1694 1819 cum
1704 1799 1732 1819 te
1739 1790 1946 1830 compluribus
1955 1790 2129 1821 confirmas-

1170 1831 1214 1861 ses
1225 1829 1412 1860 redditurum
1423 1850 1431 1863 ,
1449 1830 1639 1872 posteaquam
1649 1832 1775 1861 Cordius
1785 1842 1839 1871 pro
1850 1831 2028 1863 testimonio
2037 1833 2124 1863 dixit.

1171 1881 1198 1902 te
1210 1869 1261 1901 sibi
1272 1871 1430 1902 reddidisse
1441 1892 1449 1905 ‚
1464 1871 1556 1902 finem
1567 1872 1709 1902 ieddendi
1720 1872 1814 1903 fecisti
1829 1872 1929 1914 :quod
1939 1874 2127 1907 intellexisti,

1170 1922 1197 1943 te
1209 1932 1217 1946 ,
1238 1912 1326 1955 prada
1338 1913 1369 1941 de
1378 1913 1506 1942 manibus
1519 1913 1618 1951 ameffa
1632 1934 1641 1946 ,
1667 1913 1878 1944 testimonium
1890 1924 1990 1946 tamen
2000 1915 2129 1956 effugere

1170 1964 1233 1984 non
1243 1952 1338 1994 poffe.
1361 1957 1418 1984 Cn.
1430 1955 1547 1985 Calidio
1559 1976 1567 1988 ,
1580 1957 1673 1995 equiti
1683 1958 1828 1986 Romano
1837 1977 1845 1989 2
1860 1966 1913 1996 per
1922 1960 2041 1988 omneis
2051 1967 2127 1997 pra:-

1170 2005 1247 2026 tores
1266 1995 1354 2025 licuit
1369 2006 1523 2036 argentum
1534 1996 1640 2026 habere
1654 1997 1847 2027 benefaStum
1861 2009 1866 2026 τ
1886 1998 1971 2028 licuit
1979 1997 2060 2038 posse
2070 1999 2128 2029 do-

1170 2036 1301 2066 mesticis
1311 2039 1417 2077 copiis,
1429 2036 1501 2067 cum
1512 2036 1726 2078 magistratum.
1743 2049 1792 2069 aut
1802 2041 1932 2080 aliquem
1944 2041 2128 2080 superiorem.

1169 2077 1336 2112 invitasset,
1352 2088 1467 2112 ornare,
1481 2079 1653 2119 &apparare
1663 2083 1851 2111 convivium.
1876 2082 1965 2111 multi
1975 2082 2127 2112 domiCn.

1170 2120 1378 2153 Calidii‚·cum
1392 2122 1520 2160 imperio
1533 2142 1541 2153 ‚
1557 2131 1589 2150 ac
1599 2121 1739 2160 potestate
1751 2122 1874 2152 fuerunt
1887 2133 1892 2151 z
1912 2133 2005 2153 nemo
2018 2125 2127 2154 inven-

1169 2170 1214 2192 tus
1226 2161 1269 2191 est
1278 2170 1339 2191 tarn
1349 2171 1453 2191 amens
1464 2182 1471 2193 ‚
1495 2165 1547 2203 qui
1559 2163 1633 2192 illud
1644 2172 1798 2204 argentum
1812 2173 1870 2194 tam
1880 2166 2051 2204 praeclarum
2066 2186 2073 2197 2
2095 2176 2126 2196 aa

1170 2212 1230 2233 tam
1242 2203 1344 2232 nobile
1354 2204 1484 2244 eriperet:
1505 2214 1598 2233 nemo
1609 2213 1667 2234 tam
1679 2205 1791 2239 audax,
1813 2208 1866 2246 qui
1869 2206 1991 2247 posceret
2001 2218 2012 2233 :
2033 2217 2128 2238 nemo

1168 2254 1228 2274 tam
1239 2244 1399 2283 impudens
1409 2265 1417 2278 ,
1435 2247 1485 2284 qui
1493 2244 1642 2286 postularet
1650 2267 1658 2280 ‚
1679 2255 1712 2276 ut
1729 2247 1865 2277 venderet.
1897 2246 2063 2288 S'uperbum
2083 2249 2125 2278 est

1167 2289 1250 2315 enim
1262 2305 1270 2320 ‚
1278 2288 1289 2325 j
1295 2286 1394 2316 udices
1404 2307 1412 2319 ‚
1430 2287 1463 2316 &
1473 2297 1535 2316 non
1544 2286 1704 2318 ferendum
1714 2309 1722 2323 ‚
1735 2289 1833 2319 dicere
1843 2299 2001 2328 praetorem
2011 2293 2044 2320 in
2053 2300 2125 2330 pro-

1166 2329 1267 2357 vincia
1277 2329 1399 2357 homini
1409 2328 1547 2363 honesto,
1559 2329 1713 2369 locupleti,
1729 2330 1897 2370 splendido,
1910 2334 2026 2361 Vmor
2037 2342 2123 2361 Minr

1166 2378 1254 2400 VASA
1265 2378 1424 2399 cAELATA.
1440 2371 1498 2400 hoc
1509 2369 1551 2400 est
1560 2373 1643 2400 enim
1654 2371 1759 2402 dicere:
1777 2375 1851 2402 Non
1861 2383 1890 2402 es
1901 2373 2008 2414 dignus
2019 2382 2060 2407 tu,
2071 2377 2122 2414 qui

1168 2411 1272 2441 habeas
1283 2432 1292 2445 ‚
1310 2421 1377 2452 quae
1395 2420 1454 2442 tam
1466 2411 1546 2442 bene
1557 2411 1633 2442 facita
1642 2411 1711 2443 fint:
1733 2424 1807 2444 meze
1821 2413 1973 2455 dignitatis
1983 2414 2035 2445 ista
2046 2416 2121 2446 suntr

1169 2456 1218 2483 Tu
1229 2453 1367 2494 dignior,
1386 2456 1492 2484 Verres
1504 2474 1512 2486 ‚
1533 2454 1624 2494 quam
1636 2455 1788 2485 Calidius?
1807 2459 1877 2495 qui,
1900 2465 1933 2485 ut
1948 2466 2011 2486 non
2021 2457 2129 2487 confe—

1170 2504 1233 2525 ram
1243 2497 1336 2525 vitam
1346 2514 1354 2528 ,
1377 2504 1462 2535 atque
1471 2495 1727 2526 existimationem
1741 2506 1822 2526 tuam
1832 2507 1902 2526 curn
1914 2498 1997 2527 iliius
2014 2497 2131 2539 (neque

1167 2538 1252 2566 enim
1263 2536 1305 2566 est
1315 2536 1507 2575 conferenda)
1517 2538 1575 2566 hoc
1585 2537 1682 2576 ipsum
1692 2537 1846 2567 conferam
1856 2558 1863 2572 ,
1888 2549 1950 2579 quo
1961 2548 1992 2569 tu
2003 2548 2030 2569 te
2041 2540 2127 2580 supe-

1166 2580 1280 2608 riorem
1290 2576 1394 2619 fingis:
1411 2577 1492 2618 quod
1505 2588 1558 2607 H-s
1570 2588 1661 2607 Lxxx
1682 2579 1780 2608 millia
1798 2578 1978 2610 divisoribus
1991 2601 2000 2613 ,
2020 2590 2131 2623 κιρνα-

1167 2627 1210 2648 tor
1224 2628 1408 2648 renuntiarere
1419 2639 1427 2652 ,
1449 2618 1556 2649 dedisti
1567 2631 1576 2653 3
1596 2628 1723 2650 trecenta
1736 2620 1914 2655 accusatori,
1925 2632 1962 2652 ne
1972 2622 2027 2652 tibi
2037 2623 2127 2653 odio-

1168 2662 1217 2692 sus
1226 2660 1306 2691 effet.
1329 2671 1361 2691 ea
1370 2671 1400 2691 re
1410 2662 1580 2692 contemnis
1591 2660 1757 2703 equestrem
1768 2661 1908 2694 ordinem
1918 2683 1927 2697 ,
1941 2674 1973 2694 ac
1983 2664 2108 2705 despicis
2120 2669 2132 2696 Ρ

2064 2717 2097 2737 ea
2106 2718 2137 2738 ΓΕ

1155 2811 1156 2815 =
1174 2795 1310 2822 Manutius
1317 2796 1439 2829 pust-ntes
1450 2794 1563 2820 retinuit
1593 2793 1634 2820 sed
1646 2794 1723 2828 ejecit
1734 2813 1742 2827 ,
1756 2798 1876 2830 rcasficri.
1894 2795 2013 2832 adeoque
2024 2796 2134 2834 quisque

1174 2833 1200 2858 iu
1214 2830 1306 2857 Tullio
1314 2832 1453 2866 experitur
1464 2838 1590 2866 quantum
1603 2830 1693 2857 libeat.

1209 2875 1236 2900 4.
1256 2870 1370 2901 Etsi-mltos
1381 2876 1431 2899 arg.
1441 2867 1534 2891 mbileis
1546 2885 1552 2896 ‚
1564 2869 1606 2899 qni
1612 2867 1660 2897 Q.
1671 2870 1779 2893 Maximi
1780 2868 1908 2902 fuerant]
1928 2869 1997 2904 Qis
2009 2868 2055 2894 ille
2068 2878 2130 2895 vcro

1154 2918 1156 2940 Ι
1173 2905 1220 2935 Q.
1232 2907 1369 2932 Maxnnus,
1380 2902 1506 2937 nusquam
1517 2902 1580 2927 alibi
1591 2901 1677 2937 pistus
1688 2911 1731 2928 aut
1742 2902 1819 2928 fictus
1831 2904 1840 2930 ?
1851 2903 1901 2929 Sed
1914 2904 2018 2935 vidente
2031 2905 2129 2932 reStius

1175 2939 1278 2974 legatur
1290 2958 1298 2970 ‚
1319 2942 1403 2973 quique
1413 2941 1512 2963 maximi
1513 2939 1616 2971 fuerant
1625 2957 1632 2970 ,
1653 2937 1703 2964 hoc
1712 2939 1748 2965 est
1756 2939 1932 2975 pretiosiffinii
1946 2959 1952 2971 ,
1975 2941 2072 2977 quique
2086 2951 2130 2968 re-

1175 2975 1232 3001 nire
1242 2981 1382 3010 potuerant
1392 2974 1518 3008 plurimo.

1213 3019 1238 3043 5.
1259 3012 1304 3035 EJ
1320 3009 1410 3043 famu]
1431 3009 1503 3035 Male
1514 3008 1564 3035 hoc
1574 3009 1764 3045 interpretatur
1775 3011 1943 3037 Hotomanus
1955 3022 1961 3038 :
1983 3011 2048 3038 dicit
2060 3013 2129 3039 euim

1176 3046 1272 3072 Cicero
1284 3065 1291 3077 ‚
1312 3045 1361 3071 csse
1373 3054 1458 3082 operae
1467 3045 1581 3082 pretium
1592 3044 1749 3082 iiispiciuiidi
1761 3046 1879 3074 tabulis:
1901 3048 1991 3085 itaque
2009 3047 2073 3084 ipsas
2085 3057 2133 3085 po-

1175 3081 1222 3107 scit
1235 3100 1243 3112 ,
1254 3088 1395 3116 urgetque.

1212 3117 1239 3142 6,
1260 3120 1287 3141 Ut
1298 3125 1367 3142 cumr
1377 3126 1426 3142 mm
1437 3126 1487 3142 cum
1497 3117 1602 3151 cereris]
1622 3118 1714 3145 Diffio
1725 3118 1774 3144 um}
1788 3138 1795 3150 ‚
1816 3119 1907 3145 exulat
1927 3119 1983 3146 sere
1999 3119 2131 3146 hodiernis

1153 3137 1159 3189 l
1177 3153 1384 3189 exemplaribus,
1396 3152 1439 3180 sed
1449 3152 1543 3190 injuste
1555 3162 1564 3187 5
1576 3161 1605 3181 ut
1616 3155 1643 3217 ξ
1656 3155 1748 3183 vocula
1757 3158 1805 3189 ita,
1816 3163 1872 3191 quac
1882 3155 2017 3191 pizecessit.

2049 3200 2070 3216 i,
2082 3192 2144 3216 Per.

2148 801 2193 825 20
