2360 3400
544 99 696 132 ²1>E
777 84 1116 131 Oprrci

148 169 215 206 «ἧς
231 173 319 212 atque
335 165 449 209 infirnus
465 157 531 209 quc'i
543 167 686 206 constitit,
706 166 768 197 ι’ὅὶιι
781 168 912 208 fulminis
921 168 1105 210 deflagravit.

147 214 160 236 ¹
173 214 414 252 Quantomelius
422 210 516 240 fuerat
526 230 534 243 ‚
544 212 579 240 in
590 213 646 241 hoc
656 229 665 244 ,
685 209 864 250 promissum
877 220 964 250 patiis
976 221 1039 241 non
1051 209 1106 239 ess'e

147 255 296 286 servatum
311 255 323 282 ἓ
340 252 422 295 Qiid
434 273 442 286 ‚
464 252 546 293 quod
556 253 692 283 Theseus
712 254 812 294 exegit
827 251 1004 293 promiffum
1016 257 1031 282 a
1048 255 1104 281 Ne-

148 304 248 336 ptuno
259 304 268 322 r
279 296 335 325 Cui
346 297 422 325 curnv
430 304 487 325 tres
498 297 666 335 optationes
675 297 838 334 Neptunus
848 293 985 327 dedisset,
996 295 1109 333 optavit

149 339 307 367 interitum
319 337 502 377 Hippolyti,
524 335 581 366 filii
600 337 662 370 sui,
681 335 753 366 cum
766 339 790 366 is
799 339 872 376 patri
882 334 1111 376 suspe&usess'et

146 379 188 410 de
210 388 354 408 noverca:
374 389 435 419 quo
456 387 557 418 optato
569 380 751 418 impetrato,
775 378 951 408 Theseusin
965 386 1111 407 maximis

146 419 362 451 fuitlufihbus.
386 420 467 460 Quid
481 424 492 450 ἓ
512 424 725 458 Agamemnon
735 418 806 449 cum
818 418 982 450 devoviss'et
993 421 1110 451 Dianae‚

146 462 233 503 quod
254 463 286 492 in
306 462 358 492 suo
377 473 471 504 regno
488 463 732 502 pulcherrimum*
747 471 850 491 natum
872 459 942 491 effet
954 461 1008 490 illo
1018 470 1110 493 anno,

147 505 326 535 immolavit
343 506 530 545 Iphigeniam
544 524 553 538 ‚
581 514 638 545 qua
656 504 734 533 nihil
752 512 812 533 erat
831 513 867 533 eo
887 504 1009 544 quidem
1030 513 1111 533 anno

149 555 256 576 natum
268 547 432 586 pulchrius.
443 545 623 586 promiss'urn
635 545 736 586 potius
747 555 809 575 non
819 544 1005 577 faciendum,
1018 546 1109 585 quam

148 596 211 618 tam
223 597 341 618 taetrum
351 588 467 619 facinus
482 588 705 618 admittendum
720 587 785 617 suit.
813 589 890 628 Er‘go
901 587 933 617 ὃς
946 596 1112 617 PRoMissA

148 639 216 660 non
236 630 370 661 facienda
387 640 609 671 nonnunquam
624 641 629 659 ι
649 640 746 670 neque
767 629 883 669 semper
899 627 1029 668 deposita
1046 630 1113 660 red-

150 671 260 702 denda.
292 674 321 702 Si
341 672 475 712 gladium
494 682 561 712 quis
580 672 657 712 apud
675 681 704 702 te
724 672 792 701 sana
810 680 913 701 mente
931 670 1112 711 deposuerit,

149 721 263 752 repetat
280 714 448 744 insaniens:
482 713 623 748 reddere,
641 722 795 754 peccatum
817 712 868 743 fit:
891 723 953 742 non
977 712 1112 747 reddere,

148 753 302 785 officium.
327 755 429 796 Qid?
447 754 503 785 siis
516 775 524 789 ,
544 756 596 796 qui
612 755 689 795 apud
713 764 740 785 te
758 757 917 794 pecuniam
929 755 1111 794 deposuerit,

147 795 386 827 belluminserat
403 799 502 837 patriae
516 817 526 830 ,
546 797 689 827 reddasne
698 795 888 836 depofitum?
908 806 971 826 non
984 817 992 829 ‚
1012 798 1110 828 credo:

148 837 241 868 facias
258 839 343 868 enim
362 848 465 868 contra
485 848 582 878 remp.
605 849 671 880 quae
695 838 783 868 debet
801 837 859 868 esse
878 836 1032 869 cariffima.
1065 841 1112 870 Sic

150 889 275 911 muts-m
287 900 296 913 ,
316 890 384 920 quae
401 879 526 910 honesta
545 889 649 910 natura
669 880 809 910 videntur
821 878 877 910 effe
893 899 901 913 ,
926 881 1114 920 temporibus

152 921 233 952 fiunt
244 931 307 952 non
318 920 451 952 honesta.
474 920 569 952 facere
582 920 724 962 promifla
735 942 744 955 ,
765 920 837 952 state
846 924 1005 952 conventis
1017 942 1025 956 ,
1046 923 1112 953 red-

150 963 226 994 ·.dete
246 962 377 1003 depofita
390 983 399 998 ,
424 973 610 995 commutata
621 964 749 994 utilitate
761 984 770 998 ,
795 962 872 994 fiune
893 973 957 994 non
972 964 1108 995 honesta.

151 1008 201 1036 Ac
209 1005 247 1036 de
256 1007 295 1035 iis
305 1005 428 1046 quidem
441 1025 449 1039 ,
465 1015 530 1046 quae
541 1006 683 1036 videntur
693 1004 750 1036 effe
763 1007 904 1036 utilitates
915 1006 1111 1047 contrajusti-

150 1049 225 1078 tiam
238 1067 246 1081 ‚
265 1046 457 1078 simulatione
473 1047 638 1087 prudentiae
649 1068 657 1082 ‚
678 1048 746 1078 satis
764 1048 890 1079 arbitror
903 1047 1033 1078 dffilum.
1055 1048 1112 1079 Sed

150 1091 299 1130 quoniam
311 1089 326 1120 a
336 1099 475 1130 quattuor
491 1088 628 1120 fontibus
639 1089 803 1120 honestatis
813 1091 914 1130 primo
924 1090 1001 1120 libro
1012 1088 1113 1121 officia

150 1131 318 1165 duximus,
339 1134 372 1161 in
390 1131 503 1162 eisdem
524 1132 729 1165 versabimur,
756 1141 826 1161 cum
844 1131 1023 1163 docebimus
1036 1152 1045 1166 ‚
1067 1143 1112 1166 ea,

150 1182 218 1214 quae
232 1172 376 1204 videntur
394 1172 452 1203 effe
472 1173 576 1208 utilia,
602 1184 700 1215 neque
721 1173 810 1207 sunt,
827 1174 917 1214 quam
929 1172 984 1204 siut
995 1176 1112 1204 virtutis

150 1216 287 1245 inimica.
312 1219 355 1245 Ac
365 1214 402 1245 de
414 1215 573 1255 prudentia
581 1216 705 1256 quidem
718 1235 726 1249 ‚
748 1225 839 1256 quam
852 1215 1038 1246 vultimitan
1048 1226 1113 1246 ma-

148 1256 215 1287 litia
227 1267 232 1286 :
244 1259 378 1298 itemque
388 1256 556 1297 dejustitia,
567 1268 632 1298 quae
643 1258 760 1297 semper
769 1256 811 1287 est
823 1257 916 1290 utilis,
929 1257 1111 1298 disputatum

148 1297 203 1328 est.
226 1299 364 1339 Reliquae
385 1299 452 1329 sunt
463 1299 529 1329 duae
539 1308 634 1340 partes
644 1298 806 1329 honestatis
816 1319 826 1333 ,
844 1308 970 1339 quarum
981 1300 1070 1330 altera
1080 1302 1113 1330 in

150 1342 246 1370 animi
264 1341 443 1371 excellentis
465 1341 676 1383 magnitudine
698 1360 707 1374 ‚
739 1341 772 1371 &
789 1340 954 1381 praestantia
972 1344 1113 1372 cernitur:

149 1383 238 1413 altera
249 1383 281 1412 in
291 1381 535 1413 conforrnatione
548 1402 556 1416 ,
578 1384 610 1413 &
621 1382 828 1414 moderatione
837 1385 1034 1413 continentia:
1049 1404 1058 1418 ‚
1079 1384 1112 1414 &

85 1430 132 1464 26
149 1426 366 1464 temperantiae.
401 1425 488 1454 Utile
507 1424 663 1455 videbatur
682 1423 796 1464 Ulyffi‚
819 1434 850 1454 ut
873 1424 997 1465 quidem
1017 1427 1113 1465 po'e‘tae

151 1468 252 1507 tragici
261 1466 478 1506 prodiderunt:
497 1475 568 1495 nam
587 1466 663 1505 apud
675 1467 868 1499 Homerum,
888 1467 1041 1505 optimum
1062 1477 1111 1497 au-

150 1507 266 1538 &orem
280 1527 288 1541 ,
311 1508 377 1538 talis
395 1506 431 1537 de
442 1506 546 1547 Uiyffe
561 1509 645 1537 nulla
656 1507 783 1546 suspicio
794 1506 836 1536 est
850 1518 854 1535 z
878 1507 926 1537 sed
938 1506 1114 1539 insimulant

150 1558 222 1579 eum
234 1548 382 1590 tragoediae
394 1568 403 1583 ,
415 1549 791 1579 s1muLAr10Ni-:insaniae
809 1548 953 1578 militiam
966 1549 1113 1580 subterfu-

149 1601 216 1632 gere
225 1589 362 1621 volu‘iss'e.
387 1601 451 1621 non
461 1590 623 1621 honestum
635 1589 808 1621 confilium.
823 1598 857 1619 at
867 1589 939 1618 utile
952 1589 996 1629 (ut
1005 1592 1113 1633 aliquis

147 1631 269 1664 fortasse
280 1633 402 1672 dixerit)
413 1643 525 1673 regnare
537 1653 545 1667 ‚
559 1633 593 1665 dy·
607 1634 709 1661 Ithaca
718 1632 815 1661 vivere
822 1631 906 1661 otiose’
916 1643 980 1661 cum
985 1634 1116 1675 parenti·-

148 1673 201 1705 bus
215 1695 223 1708 ,
242 1685 307 1704 cum
326 1685 431 1708 uxore,
451 1685 516 1703 cum
528 1674 602 1714 filio.
626 1675 735 1704 Ullum
747 1683 778 1704 tu
788 1675 919 1704 decusin
930 1676 1117 1714 quotidianis

149 1717 293 1758 periculis
304 1717 336 1747 &
349 1717 501 1747 laboribus
518 1727 589 1747 cum
606 1717 657 1746 hac
669 1716 882 1756 tranquillitate
892 1716 1114 1748 conserendum

149 1763 256 1799 putas?
276 1761 340 1800 Ego
357 1757 429 1788 vero
448 1757 532 1789 istam
554 1757 812 1788 contemnendam
827 1776 835 1790 ‚
859 1756 890 1786 ὃ(
902 1757 1114 1795 abjiciendam:

150 1803 296 1842 quoniam
310 1820 318 1834 ‚
339 1810 417 1840 QQAE
432 1809 581 1831 HONESTA
592 1810 656 1829 non
667 1798 701 1829 sit
711 1819 719 1833 ‚
742 1809 779 1829 ne
800 1799 907 1828 utilem
920 1798 1043 1838 quidem
1056 1799 1113 1830 effe

148 1842 285 1873 arbitror.
314 1843 396 1884 Qid
414 1845 498 1872 enim
523 1842 696 1872 auditurum
718 1849 802 1881 putas
818 1838 905 1870 fuisse
917 1839 1052 1880 Ulyss'em
1064 1861 1073 1876 ‚
1093 1841 1112 1872 si

149 1886 183 1914 in
198 1885 250 1914 illa
270 1883 461 1915 simulatione
483 1881 715 1924 perseverasset?
733 1884 785 1923 qui
803 1881 876 1912 cum
899 1891 1048 1914 maximas
1067 1894 1114 1915 res

148 1924 268 1968 gesserit
281 1928 313 1956 in
330 1926 411 1956 bello
422 1945 431 1960 ‚
447 1935 547 1956 tamen
560 1927 620 1955 haec
629 1925 770 1955 audiatab
784 1925 892 1955 Aiace:

245 1969 329 2008 Cuju'
338 1966 795 2010 ipseprincepsjurisjurandifuit,

242 2010 334 2052 Qod
340 2010 518 2050 omnessclrts
528 2031 535 2044 ‚
545 2010 621 2050 stilus
630 2008 852 2049 neglexitfidem.

244 2055 344 2083 Furere
351 2054 534 2090 affimuiavit
543 2073 552 2086 ‚
572 2062 604 2081 ne
614 2059 698 2080 coiret
708 2071 716 2084 ‚
728 2050 845 2087 instita.

243 2093 334 2134 Qud
341 2096 371 2123 m'
383 2094 542 2124 Palamedis
551 2095 693 2136 perspicax
698 2093 848 2134 prudentia

240 2135 326 2172 Isttus
353 2137 466 2177 ercepfi’t
476 2136 651 2175 mal'itiofizm
660 2135 825 2169 audactam,

242 2178 310 2208 Fide
330 2186 461 2208 acrarum
464 2179 514 2216 jus
520 2186 649 2219 perpetuo
654 2178 780 2216 fallerer.

146 2220 197 2251 Illi
207 2219 279 2251 veto
298 2231 363 2251 non
385 2220 480 2251 modo
490 2230 559 2251 curn
571 2219 708 2249 hostlbus
722 2239 730 2252 ,
751 2228 857 2249 verum
868 2220 958 2250 etiam
969 2229 1039 2251 cum
1052 2218 1110 2250 flu-

147 2262 248 2293 &ibus
258 2282 266 2296 ‚
279 2262 310 2293 id
320 2263 403 2304 quod
411 2262 482 2294 fecit
491 2282 498 2295 ‚
512 2261 656 2292 dimicare
668 2260 779 2291 melius
789 2261 848 2291 fuit
857 2281 865 2295 ‚
877 2262 967 2303 quam
979 2262 1110 2292 deserere

146 2305 390 2335 consentientem
400 2306 547 2335 Graeciam
568 2303 602 2334 ad
623 2304 739 2333 bellum
762 2303 892 2334 barbaris
903 2303 1108 2334 inferendum.

145 2346 205 2377 Sed
216 2346 407 2377 dimittamus
418 2347 450 2376 ὃς
460 2346 574 2377 fabulas
585 2366 592 2379 ,
606 2345 638 2376 δε
649 2355 787 2375 exrema:
800 2345 835 2375 ad
844 2355 908 2376 rem
919 2344 1039 2379 hetam,
1053 2356 1111 2376 no-

146 2388 296 2430 stramque
316 2391 484 2419 veniamus.
520 2390 564 2417 M.
577 2388 688 2418 Atilius
715 2389 850 2427 Regulus
870 2407 879 2421 ‚
912 2397 982 2417 cum
1005 2388 1110 2419 consul

145 2433 257 2461 iterum
276 2429 421 2462 inAfrica
435 2440 473 2460 ex
500 2429 618 2460 insidiis
636 2438 739 2469 captus
757 2427 846 2463 estet,
866 2429 941 2460 duce
956 2431 1110 2470 Xantippo

146 2472 384 2502 Lacedaemonio
396 2492 405 2506 ‚
427 2474 605 2512 imperatore
625 2481 726 2502 autem
745 2480 824 2511 patre
835 2471 1034 2506 Hannibalis,
1048 2475 1110 2502 Ha-

147 2514 285 2544 milcare:
306 2515 420 2553 juratus
439 2512 545 2543 missus
565 2513 608 2544 est
626 2513 660 2543 ad
685 2513 819 2543 senatum
839 2532 847 2547 ‚
866 2521 918 2547 ut,
938 2512 994 2543 nifi
1004 2514 1111 2544 redditi

148 2554 242 2585 essent
254 2558 355 2585 Poenis
368 2557 477 2595 captivi
498 2555 617 2585 nobiles
628 2554 751 2595 quidam
764 2574 773 2588 ,
793 2554 901 2585 rediret
910 2555 972 2595 ipse
984 2556 1112 2586 Kartha·

146 2599 262 2638 ginem.
287 2600 311 2627 is
322 2597 394 2628 cum
414 2600 548 2628 Romam
565 2595 692 2627 veniffet
703 2617 712 2630 ,
732 2596 869 2627 utilitatis
879 2597 1008 2637 speciem
1021 2597 1108 2628 vide-

148 2640 217 2674 bat,
238 2638 286 2669 sed
302 2650 366 2670 earn
378 2659 386 2673 ‚
414 2649 500 2669 utres
511 2639 635 2669 declarat
647 2659 654 2672 ‚
674 2638 951 2677 falsamjudicailt:
976 2649 1042 2680 quae
1051 2649 1111 2671 erat

150 2732 240 2763 quam
261 2723 462 2753 calamitatem
483 2723 624 2765 accepiffit
641 2725 669 2752 in
690 2722 754 2752 bello
767 2743 775 2756 ‚
805 2733 975 2752 communem
988 2724 1110 2763 fortuna

149 2766 246 2794 bellica
250 2766 441 2804 judicantem,
462 2772 550 2794 tenere
567 2765 718 2804 consularis
735 2765 890 2806 dignitatis
893 2765 1026 2806 gradum.
1049 2767 1110 2807 quis

147 2807 199 2835 haec
217 2815 294 2848 neget
314 2807 363 2845 effi*
380 2808 468 2837 uttlia
487 2812 497 2835 Ξ
523 2817 589 2848 quae
609 2808 730 2838 censes?
758 2809 937 2848 magnitudo
958 2810 1055 2838 animi
1076 2808 1124 2838 &=

86 2863 106 2887 2
113 2864 127 2896 7
146 2847 292 2892 fortitudo
310 2859 405 2892 negat.
438 2849 746 2890 Numiocupletiores
756 2851 865 2890 quaeris
875 2849 1010 2881 austeres
1024 2853 1033 2880 ?
1046 2847 1123 2881 Ha·-¹

186 2993 210 3011 1.
230 2987 329 3016 ‘Quanto
346 2985 519 3017 melius-fuerat
531 3003 538 3015 ,
558 2983 624 3017 εἶχε]
646 2985 742 3010 Totam
755 2984 820 3010 lianc
830 2982 970 3020 periodum
982 2983 1068 3010 videas
1079 2984 1106 3010 in

147 3020 204 3047 Pal.
216 3030 256 3056 pr.
267 3025 298 3047 ad
310 3030 384 3047 oram
396 3020 469 3052 libi-i,
484 3020 613 3056 scriptura
623 3020 711 3046 minus
723 3020 817 3046 veteri.

159 3067 162 3071 ·
183 3066 211 3082 2.
221 3058 288 3090 Stcse
298 3058 386 3087 dicere,
396 3058 489 3087 videri,
498 3057 565 3090 ὡκ]
579 3056 662 3082 Palat.
672 3065 713 3092 pr.
726 3066 778 3083 non
790 3056 867 3083 habet
879 3064 968 3082 vocem
980 3057 1066 3087 dicere,
1079 3057 1107 3082 ὃ(

146 3091 254 3118 videtur
265 3091 429 3127 subintelligi
441 3092 522 3128 posse.
542 3093 576 3118 sic
586 3093 613 3118 &
625 3093 715 3128 paullo
725 3093 780 3128 post
793 3112 801 3124 ,
821 3092 864 3118 ubi
875 3092 909 3119 est
922 3111 930 3124 ,
940 3093 1000 3127 quod
1007 3101 1048 3125 per
1056 3095 1109 3118 vim

142 3128 239 3162 hosfium
248 3129 299 3164 effer
309 3128 551 3161 aHumfidemliber
561 3129 674 3156 exclusit
684 3129 793 3156 verbum
803 3130 912 3164 bestium,
919 3138 974 3157 non
985 3128 1107 3157 abstirde.

1158 100 1232 131 1‘s
1328 85 1372 132 L
1405 100 1513 132 κει
1575 85 1671 134 111.
1989 101 2109 149 125?-

1148 177 1212 199 rurn
1233 170 1315 200 enim
1337 168 1379 200 est
1400 170 1545 201 virtutum
1565 172 1721 212 proprium
1735 190 1744 206 ,
1775 172 1838 202 κἰῑ,
1856 172 2111 205 izit-ruissent„

1146 213 1252 242 omnia
1263 213 1394 242 humana
1414 213 1561 253 despicere
1581 225 1587 243 z
1608 214 1707 248 nihil,
1736 214 1818 255 quod
1837 214 1959 244 homini
1976 213 2108 250 accidere

1146 252 1230 292 poffit
1243 273 1251 287 ‚
1271 254 1494 284 intolerandum
1515 265 1625 296 putare.
1649 258 1747 297 itaque
1764 255 1838 297 quid
1855 255 1949 287 fecit?
1968 258 2002 286 In
2022 256 2109 286 sena-

1147 304 1211 324 tum
1233 299 1335 325 venit:
1358 296 1495 327 mandata
1505 299 1660 337 exposuit:
1685 299 1865 328 sententiam
1877 307 1914 328 ne
1927 297 2050 331 diceret,
2063 308 2109 328 re·

1146 346 1181 365 cu
1187 337 1266 366 savit:
1276 339 1415 378 quamdiu
1419 339 1600 378 jurejurando
1611 338 1730 376 hostium
1738 347 1874 369 tenererur
1884 360 1892 374 ‚
1914 350 1966 369 non
1975 339 2111 380 ffsefi'-

1146 386 1278 407 tiatorem.
1303 381 1479 420 Atqueillud
1500 385 1590 411 etiam
1610 381 1641 419 lo
1653 381 1775 412 stultum
1796 383 1956 412 hominem
1969 402 1978 416 ‚
1999 382 2111 412 dixerit

1146 420 1291 460 quispiam
1306 441 1314 453 ‚
1333 422 1366 451 &
1377 432 1590 462 repugnantem
1602 424 1723 454 utilitati
1736 424 1793 453 suae
1807 426 1812 452 ¹.
1826 425 1836 464 )
1855 423 1938 454 reddi
1956 426 2105 464 captivos,

1149 464 1267 501 negavit
1282 461 1342 492 effe
1361 466 1451 494 utile:
1471 464 1543 494 illos
1564 469 1648 495 enim
1666 466 1880 496 adolescenteis
1898 464 1976 499 ess'ef
1999 466 2032 496 &
2052 466 2108 496 bo-

1148 513 1205 532 nos
1216 503 1305 533 duces
1316 525 1323 537 ‚
1348 505 1375 534 se
1390 506 1449 545 jam
1468 506 1644 537 confestum
1668 506 1829 538 sene&ute.
1861 508 1947 545 cujus
1957 505 2036 538 esim
2057 517 2110 537 va·

1148 544 1246 575 luisset
1256 545 1414 576 auctoritas
1424 567 1433 581 ‚
1454 550 1560 587 captivi
1581 551 1688 579 retenti
1707 549 1790 580 sunt:
1812 549 1873 589 ipse
1887 550 2105 590 Karthaginem

1147 586 1250 617 rediit:
1278 598 1376 637 neque
1397 599 1467 619 eum
1490 592 1591 620 caritas
1609 593 1708 631 patria:
1729 592 1853 621 retinuit
1864 611 1873 624 ,
1894 601 1949 621 nec
1972 592 2105 621 suorum.

1147 631 1255 669 Neque
1274 639 1346 659 vero
1378 639 1441 661 tum
1470 632 1623 671 ignorabat
1643 653 1650 666 ‚
1681 634 1710 663 se
1738 633 1773 662 ad
1791 631 2029 663 crudelissimum
2050 634 2107 663 ho«

1149 669 1222 700 stem
1243 691 1251 703 ,
1275 671 1308 701 &
1329 672 1363 701 ad
1381 673 1525 713 exquisita
1545 675 1685 714 supplicia
1702 673 1867 714 proficisci:
1891 675 1938 704 sed
1955 675 2110 714 jusjuran-

1147 712 1220 742 dum
1240 713 1478 744 conservandum
1495 716 1622 755 putabat.
1644 719 1746 757 Itaque
1759 725 1823 746 tum
1837 738 1845 750 ‚
1864 715 1934 747 ci'im
1952 715 2108 757 vigilando

1149 754 1308 785 necabatur
1318 775 1326 789 ,
1347 765 1367 785 E
1378 766 1399 785 R
1412 765 1433 785 Α
1443 767 1461 786 T
1481 758 1513 786 in
1524 758 1650 787 meliore
1661 758 1743 788 causa
1755 777 1764 792 ‚
1785 759 1874 798 quam
1890 758 1909 788 sl
1920 758 2006 788 domi
2017 758 2110 788 senex

1148 800 1281 836 captivus
1294 816 1302 830 ,
1322 797 1457 837 perjurus
1469 818 1476 831 ‚
1496 799 1660 830 consularis
1671 799 1859 830 remaiisill'et.
1883 803 1921 830 At
1934 799 2022 830 stulte
2032 819 2040 833 ‚
2054 809 2110 840 qui

1148 848 1212 868 non
1224 838 1319 868 modo
1329 849 1393 869 non
1405 840 1552 870 censuerit
1561 843 1696 881 captivos
1708 841 1906 871 remittendos
1917 862 1925 875 ,
1946 841 2051 871 verum
2063 850 2110 871 eto

1149 883 1208 910 iam
1229 879 1402 910 dissuaserit.
1426 882 1594 919 Quomodo
1605 882 1716 913 stulte?
1735 885 1865 913 etiamne
1877 882 1895 913 fi
1908 883 2022 923 reipub.
2034 892 2111 914 con-

1148 922 1292 952 ducebat?
1313 921 1405 963 potest*
1414 931 1510 952 alitem
1523 944 1531 956 ,
1546 925 1622 965 quod
1630 924 1732 954 inutile
1742 923 1843 966 reipub.
1852 925 1892 967 sis
1901 945 1909 959 ‚
1933 925 1962 955 id
1973 934 2109 966 cuiquam

1148 964 1207 993 civi
1220 964 1293 993 utile
1306 964 1353 1002 ‹ffe
1371 967 1383 993 ἓ
1424 967 1446 995 Ρ
1456 975 1504 995 ER
1515 976 1535 996 v
1547 976 1565 995 ε
1576 976 1596 996 R
1607 977 1627 996 τ
1637 977 1656 996 u
1666 977 1685 996 N
1697 977 1716 996 τ
1736 968 1876 997 homines
1891 977 1922 997 ea
1934 987 1941 1000 ‚
1962 977 2028 1008 quae
2042 967 2110 997 sunt

1146 1005 1343 1036 fundamenta
1361 1015 1489 1040 natutae,
1509 1017 1580 1037 cum
1603 1008 1762 1038 utilitatem
1781 1009 1818 1038 ab
1839 1009 1992 1040 honestate
2009 1009 2110 1049 sejun-

1144 1057 1229 1088 gunt.
1252 1057 1361 1078 omnes
1371 1051 1456 1079 enim
1469 1051 1640 1089 expetimus
1652 1051 1810 1080 utilitatem
1824 1070 1832 1084 ,
1847 1051 1882 1081 ad
1894 1061 2019 1091 eamque
2031 1052 2110 1090 rapi-

1147 1099 1237 1123 mur,
1253 1099 1308 1120 nec
1322 1089 1416 1120 facere
1427 1091 1510 1120 aliter
1522 1092 1586 1121 ullo
1596 1092 1690 1122 modo
1702 1090 1869 1132 possumus.
1892 1102 1964 1122 iiam
1974 1095 2042 1133 quis
2052 1092 2107 1125 ests

1146 1133 1198 1172 qui
1211 1132 1294 1162 utilia
1304 1131 1418 1173 fugiat?
1439 1142 1488 1162 aut
1502 1135 1554 1173 qui
1568 1132 1670 1173 potius
1681 1153 1689 1166 ‚
1705 1136 1771 1174 quis
1783 1144 1814 1164 ea
1826 1144 1887 1164 non
1899 1133 2110 1164 studiofiffime

1146 1174 1357 1214 persequatur?
1379 1174 1427 1204 scd
1437 1176 1506 1214 quia
1520 1184 1540 1203 N
1551 1184 1569 1204 u
1579 1185 1591 1204 s
1601 1184 1682 1215 QQA
1693 1186 1719 1205 M
1733 1174 1889 1215 pofl'umus
1901 1196 1910 1209 .
1930 1175 1985 1206 nisi
1997 1178 2030 1206 in
2041 1176 2110 1206 lau-

1146 1216 1182 1246 de
1194 1235 1203 1249 ,
1215 1216 1322 1246 decore
1331 1237 1339 1251 ‚
1357 1216 1511 1247 honestate
1521 1218 1606 1247 utilia
1615 1219 1744 1257 reperire
1753 1237 1760 1251 ‚
1777 1227 1929 1258 propterea
1941 1219 1990 1248 illa
1999 1219 2110 1257 prima.

1148 1258 1180 1287 δε
1189 1258 1308 1288 summa
1318 1258 1474 1288 habemus:
1486 1259 1623 1289 utilitatis
1632 1269 1746 1289 nomen
1758 1269 1823 1289 non
1835 1269 1893 1290 tam
1906 1259 2111 1299 splendidum„

1145 1300 1235 1340 quam
1248 1298 1440 1330 necessarium
1453 1300 1604 1330 ducimus.
1626 1301 1707 1340 Qid
1719 1300 1761 1331 est
1771 1303 1861 1343 igitur
1870 1321 1878 1335 ,
1899 1301 2011 1332 dixerit
2023 1304 2104 1342 quis,

1146 1342 1383 1381 injurejurando
1394 1345 1489 1372 ?num
1500 1344 1608 1372 iratum
1622 1345 1768 1373 timemus
1777 1345 1886 1384 Jovem
1899 1345 1908 1372 ?
1923 1346 1961 1373 At
1973 1345 2030 1374 hoc
2040 1345 2110 1384 qui-

1146 1383 1217 1413 dem
1230 1393 1398 1414 commune
1415 1384 1458 1414 est
1472 1387 1614 1414 omnium
1629 1385 1880 1425 philosophorum
1896 1405 1904 1419 ‚
1928 1395 1991 1416 non
2001 1395 2108 1415 eorum

1149 1425 1244 1455 modo
1256 1445 1264 1459 ,
1284 1428 1335 1466 qui
1347 1426 1429 1454 deum
1438 1426 1512 1454 nihil
1520 1425 1617 1455 habere
1627 1427 1717 1467 ipfitm
1726 1428 1831 1467 negotii
1845 1427 1950 1457 dicunt
1959 1447 1968 1461 ,
1993 1427 2027 1459 &
2038 1428 2113 1456 nihil

1150 1465 1275 1496 exhibere
1285 1468 1390 1496 alteri:
1402 1467 1448 1497 sed
1459 1477 1564 1497 eorum
1576 1470 1665 1497 etiam
1677 1488 1685 1502 ‚
1698 1472 1748 1509 qui
1758 1469 1842 1497 deum
1847 1469 1953 1509 [ἔγημεν
1963 1479 2044 1509 agere
2052 1469 2113 1497 ali-

1150 1508 1236 1550 quid,
1250 1509 1388 1541 &moliri
1398 1509 1517 1542 volunt,
1530 1519 1687 1550 numquam
1697 1520 1742 1538 nec
1752 1511 1836 1549 irasci
1844 1511 1939 1543 deum,
1952 1521 1998 1538 nec
2008 1520 2111 1539 nocere.-

1150 1550 1232 1588 Quid
1244 1559 1343 1580 autern
1356 1552 1569 1592 iratusJupiter
1577 1553 1645 1590 plus
1657 1561 1763 1580 nocere
1775 1550 1916 1591 potuiffet
1925 1571 1933 1584 ‚
1949 1553 2041 1591 quarn
2053 1559 2111 1581 ησ-

1150 1593 1213 1622 cuit
1223 1591 1274 1621 sibi
1286 1592 1346 1632 ipse
1357 1594 1514 1633 Regulus?
1534 1592 1617 1622 nulla
1629 1594 1718 1632 igitur
1728 1594 1773 1622 vis
1782 1591 2007 1632 fuitreligionis
2018 1613 2026 1626 ‚
2041 1602 2108 1633 qua:-

1150 1642 1260 1664 tantam
1275 1635 1434 1664 utilitatem
1445 1643 1641 1673 praeverteret.
1666 1637 1713 1664 An
1726 1644 1763 1664 ne
1773 1636 1895 1674 turpiter
1903 1634 2029 1665 faceret?
2048 1636 2114 1665 Pri-

1149 1675 1237 1705 mum
1249 1695 1258 1709 ,
1271 1674 1421 1705 ΜιΝἰΜΑ
1436 1685 1479 1705 m:
1493 1685 1614 1706 MALis.
1639 1678 1724 1706 Num
1736 1678 1951 1717 igiturtantum
1965 1677 2036 1706 mali
2047 1686 2111 1706 tur-

1148 1718 1254 1758 pitudo
1265 1717 1318 1747 ista
1332 1718 1456 1748 habebat
1466 1737 1475 1751 ‚
1498 1727 1645 1759 quantum
1659 1718 1711 1748 ille
1724 1720 1892 1749 cruciatus?
1909 1717 2020 1749 deinde
2030 1719 2109 1750 illud

1148 1768 1239 1789 etiam
1251 1759 1327 1798 apud
1340 1761 1458 1789 Attium
1476 1779 1485 1792 ,

1188 1799 1431 1840 Fregistinefidem
1442 1804 1453 1830 ,⁷
1464 1811 1550 1843 neque
1560 1800 1622 1831 dedi
1631 1822 1639 1836 ,
1651 1811 1739 1843 neque
1746 1801 1778 1831 do
1790 1800 1896 1840 infideli
1904 1803 2054 1844 cuiquam.

1148 1844 1340 1883 Quamquam
1356 1842 1393 1872 ab
1409 1852 1508 1883 impio
1526 1853 1593 1884 rege
1608 1844 1737 1877 dicitur,
1758 1843 1911 1875 luculente
1922 1854 2022 1875 tamen
2033 1845 2110 1876 dici-

1148 1893 1204 1913 tur.
1228 1883 1354 1914 Addunt
1363 1884 1453 1914 etiarn
1465 1904 1473 1918 ‚
1495 1885 1756 1925 quemadmodum
1770 1895 1826 1915 nos
1836 1886 1992 1921 dicamus,
2013 1887 2110 1918 videri

1146 1926 1282 1966 quaedam
1294 1926 1388 1959 utilia,
1401 1936 1465 1966 quae
1477 1936 1540 1956 non
1551 1925 1606 1957 fint
1618 1937 1623 1956 ε
1635 1930 1649 1947 ²
1659 1927 1697 1957 sic
1708 1927 1735 1957 se
1746 1927 1854 1959 dicere,
1867 1929 1961 1959 videri
1973 1929 2111 1970 quaedam

1147 1967 1271 1998 honesta
1281 1988 1288 2001 ‚
1300 1978 1365 2009 quae
1378 1978 1439 1997 non
1450 1967 1519 1998 sint:
1533 1978 1564 1998 ut
1576 1969 1634 1999 hoc
1643 1970 1738 2009 ipsum
1751 1969 1866 1999 videtur
1875 1969 2013 2006 honestum
2024 1990 2033 2004 ,
2044 1981 2110 2000 con-

1141 2009 1274 2050 fiervandi
1287 2010 1476 2049 jurisjurandi
1494 2011 1578 2050 causti
1596 2011 1634 2040 ad
1650 2011 1809 2040 cruciatum
1827 2011 1965 2050 revertisse
1976 2024 1987 2040 .·
2008 2012 2057 2043 sed
2075 2010 2110 2043 fi:

1147 2062 1210 2081 non
1222 2052 1382 2082 honestum
1396 2063 1401 2080 :
1420 2054 1488 2092 quia
1500 2072 1508 2086 ,
1523 2053 1650 2093 quodper
1660 2054 1722 2082 vim
1733 2051 1850 2089 hostium
1862 2054 1922 2092 efflet
1932 2053 2030 2083 astum
2040 2074 2049 2088 ‚
2060 2064 2109 2083 νι-

1146 2101 1209 2123 tum
1219 2093 1268 2132 effe
1278 2104 1329 2123 non
1338 2092 1444 2122 debuit.
1468 2094 1593 2124 Addunt
1603 2104 1692 2125 etiam
1705 2115 1714 2129 ‚
1734 2094 1878 2136 quidquid
1887 2096 1969 2126 valde
1980 2097 2052 2125 utile
2058 2095 2109 2138 fir,

1145 2135 1241 2174 idfiert
1254 2135 1392 2172 honestam
1402 2156 1409 2169 ,
1422 2136 1541 2177 etiamsi
1548 2132 1630 2165 anteit
1639 2147 1691 2166 non
1704 2138 1853 2167 videretur.
1880 2140 1953 2168 Haec
1963 2138 2024 2169 fere
2034 2148 2110 2168 con-

1144 2187 1186 2208 tra
1198 2180 1365 2218 Regulum.
1388 2178 1444 2208 Sed
1456 2181 1553 2218 prima
1563 2179 1732 2209 videamus.
1756 2181 1831 2209 Non
1846 2178 2029 2222 fuitJupiter
2045 2190 2109 2210 me-

1142 2220 1274 2250 tuendus
1283 2239 1291 2253 ,
1314 2229 1351 2249 ne
1361 2221 1452 2250 iratus
1462 2229 1583 2252 noceret
1596 2231 1601 2249 :
1625 2224 1677 2261 qui
1687 2230 1785 2261 neque
1796 2222 1879 2252 irasci
1891 2223 1963 2252 solet
1978 2242 1987 2255 ‚
2011 2232 2110 2263 neque

1142 2271 1260 2291 nocere.
1286 2263 1360 2292 Haec
1378 2262 1502 2302 quidem
1524 2264 1598 2293 ratio
1620 2272 1684 2292 non
1707 2264 1801 2303 magis
1819 2272 1924 2295 contra
1942 2264 2107 2305 Regulum,

1142 2303 1234 2345 quam
1245 2313 1348 2334 contra
1358 2304 1675 2345 omnejusjurandum
1686 2304 1771 2336 valet
1796 2304 1845 2336 sed
1868 2315 1878 2335 1
1892 2315 1913 2335 N
1928 2315 1941 2344 J
1955 2316 1972 2336 u
1985 2316 2007 2335 R
2019 2315 2058 2344 Ε]
2071 2314 2108 2335 u=

1146 2356 1167 2376 R
1180 2355 1202 2375 A
1213 2355 1234 2375 N
1245 2356 1265 2375 D
1276 2356 1294 2375 o
1306 2365 1315 2379 ‚
1333 2356 1396 2376 non
1407 2348 1457 2386 qui
1470 2355 1568 2376 metus
1580 2367 1587 2380 ‚
1601 2346 1649 2377 sed
1660 2356 1725 2387 quae
1735 2348 1781 2376 vis
1792 2345 1826 2377 sit
1838 2366 1846 2380 ‚
1859 2347 1947 2378 debet
1956 2348 2100 2388 intelligi.

1145 2387 1189 2418 est
1206 2390 1289 2418 enim
1304 2388 1519 2428 jusjurandum
1530 2408 1539 2422 ‚
1560 2387 1722 2419 affirmatio
1738 2389 1885 2430 religiosa.
1909 2389 1991 2430 quod
2006 2398 2108 2420 autem

1147 2428 1305 2463 affirmate,
1316 2428 1394 2470 quasi
1404 2430 1461 2460 deo
1472 2430 1555 2465 teste,
1566 2431 1751 2471 promiseris:
1761 2431 1791 2461 id
1804 2431 1970 2462 tenendum
1981 2430 2033 2462 est.
2044 2432 2109 2471 jam

1148 2476 1232 2503 enirn
1245 2481 1308 2501 non
1320 2472 1354 2502 ad
1366 2474 1440 2502 iram
1451 2472 1590 2506 deorum,
1601 2482 1666 2513 quae
1677 2473 1761 2502 nulla
1771 2472 1813 2503 est
1824 2484 1830 2502 z
1845 2473 1893 2503 sed
1904 2473 2107 2514 adjustitiam,

1148 2514 1181 2544 δε
1192 2514 1226 2544 ad
1240 2512 1329 2543 fidem
1341 2515 1478 2553 pertinet,
1502 2524 1572 2544 nam
1582 2514 1720 2555 praeclare
1732 2517 1866 2544 Ennius:

1191 2558 1214 2583 O
1218 2555 1289 2595 fides
1298 2556 1377 2584 alma
1387 2576 1396 2590 ,
1411 2559 1424 2583 3
1434 2564 1503 2597 apra
1509 2557 1603 2597 pinnis
1614 2576 1622 2590 ‚
1636 2556 1876 2595 &jusjurandum
1885 2556 1973 2596 Jovis
1982 2559 1995 2585 ι’

1148 2599 1208 2639 Qi
1227 2599 1316 2638 igitur
1327 2598 1538 2638 jusjurandum
1554 2599 1646 2629 violat
1658 2617 1666 2632 ‚
1687 2601 1713 2628 is
1724 2598 1829 2628 Fidem
1841 2601 1954 2640 violat,
1974 2609 2063 2640 quam
2075 2601 2111 2630 in

1127 2664 1128 2670 ,
1148 2642 1187 2670 Ca
1211 2641 1298 2669 itolio
1315 2640 1448 2671 vicinam
1478 2642 1580 2670 ovisO
1603 2648 1622 2670 t.
1637 2642 1718 2670 Max.
1745 2643 1818 2671 utin
1829 2643 1954 2671 Catonis
1973 2643 2110 2672 oratione

151 2681 227 2711 talis.
250 2691 360 2711 manere
371 2683 399 2710 in
407 2682 504 2722 patria
515 2702 522 2715 ,
537 2681 584 2719 effi
595 2681 670 2711 domi
675 2681 731 2721 fine
741 2691 805 2710 cum
814 2691 899 2710 uxore
908 2700 916 2715 ‚
932 2691 996 2711 cum
1005 2680 1111 2711 liberis:
1126 2673 1128 2707 ἶ
1189 2649 1207 2679 p
1458 2641 1475 2682 J
1515 2681 1523 2686 “
1582 2650 1600 2680 p
1731 2641 1742 2680 (

1147 2681 1200 2722 est)
1213 2682 1340 2722 majores
1363 2681 1458 2712 nostri
1476 2681 1534 2712 esse
1552 2683 1724 2713 voluerunt.
1747 2684 1878 2713 Atenim
1891 2693 1928 2713 ne
1941 2685 2031 2713 iratus
2041 2686 2110 2724 qui-

1146 2724 1216 2753 dem
1226 2724 1419 2765 Jupiterplus
1428 2724 1548 2765 Regulo
1559 2723 1723 2757 nocuisset,
1743 2728 1836 2765 quam
1856 2724 1909 2755 fibi
1929 2727 2033 2756 nocuit
2049 2725 2110 2765 ipse

1147 2768 1294 2807 Regulus.
1319 2767 1404 2796 Certe
1416 2786 1424 2799 ,
1448 2764 1467 2796 si
1478 2767 1556 2796 nihil
1569 2767 1684 2796 malum
1695 2765 1765 2797 esset
1777 2786 1785 2800 ,
1808 2766 1863 2797 nisi
1875 2767 1991 2797 dolere·
2013 2766 2047 2796 Id
2058 2777 2110 2797 au*

1145 2816 1206 2838 tem
1226 2812 1243 2835 4
1255 2817 1320 2838 ηοη
1340 2807 1436 2838 modo
1456 2818 1520 2838 non
1534 2808 1691 2838 summum
1707 2808 1822 2839 malum
1835 2829 1844 2843 ,
1865 2808 1913 2839 sed
1926 2819 1980 2839 nec
1993 2809 2110 2839 malum

1143 2850 1267 2891 quidem
1288 2848 1347 2881 else
1366 2869 1375 2885 ,
1399 2853 1533 2880 maxima
1550 2849 1726 2881 auctoritate
1744 2851 1919 2892 philosophi
1939 2849 2108 2882 affirmant:

2033 2903 2111 2934 quo-

1187 2992 1212 3016 ζ.
1233 2988 1314 3018 <Apta
1327 2984 1435 3019 pinula]
1457 2986 1528 3012 Bene
1549 2985 1602 3011 haec
1621 2985 1739 3021 explicat
1759 2985 1881 3012 Muretus
1902 2985 2025 3012 lib.xiv.
2046 2986 2107 3011 Var.

1150 3015 1212 3046 left.
1223 3030 1279 3057 cap.
1292 3030 1318 3057 3.
1338 3022 1427 3055 itaque
1438 3021 1523 3048 miror
1533 3021 1605 3059 quod
1617 3021 1704 3048 Aldus
1721 3021 1814 3057 Nepos
1826 3029 1906 3058 neget
1925 3021 1949 3048 se
1959 3021 2111 3057 intelligere

1150 3056 1212 3092 quid
1226 3057 1267 3088 sit,
1280 3065 1340 3090 apra
1348 3058 1437 3090 riunir.

1183 3100 1211 3126 4.
1232 3096 1283 3120 Non
1295 3095 1358 3119 madh
1367 3103 1412 3119 non
1423 3094 1542 3127 fiemmum
1560 3095 1676 3130 malim]
1697 3094 1824 3123 Alterum
1842 3104 1888 3121 mn
1905 3092 2115 3130 abcstpr.1'ala-

1147 3129 1217 3162 tino,
1228 3139 1313 3167 neque
1325 3129 1427 3167 scmper
1440 3129 1610 3157 necessarium
1622 3131 1669 3158 est.

1468 3167 1659 3195 Tttttttz
2018 3166 2116 3191 1ssCrſtr³

2153 964 2170 995 (ἢ)

2130 972 2147 996 Γ)

2130 2150 2173 2184 29
