2337 3400
236 150 328 210 506
643 141 712 187 M.
792 135 842 182 T
880 149 912 180 u
947 148 978 179 L
1014 147 1044 177 L
1082 136 1110 176 τ’
1137 146 1155 176 1

234 237 301 268 (με
321 225 456 256 feruntur
473 224 528 255 ita,
551 222 605 250 vix
622 227 655 249 ut
671 217 777 258 quini,
800 218 810 236 ¹
822 215 945 245 &hiex
956 212 1013 243 alia
1022 211 1119 244 tribu,
1138 211 1190 250 qui

239 267 410 307 suffragium
427 265 522 294 ferant
541 283 550 296 ,
570 262 761 301 reperiantur.
805 260 852 287 De
875 266 924 286 me
945 276 953 289 ‚
982 264 1073 295 quern
1092 261 1192 292 tyran—

241 319 315 341 num
329 328 337 341 ,
356 316 443 347 arque
458 313 623 344 ereptorem
642 301 785 332 libertatis
798 297 857 329 esse
870 297 984 328 dicebat
998 316 1007 331 ,
1026 298 1059 326 in
1068 295 1120 325 illa
1133 295 1194 323 rui-

239 362 276 382 na
286 348 455 389 reipublicae
465 347 544 377 dixit
553 346 581 376 se
591 345 689 385 legem
699 340 806 372 tulisse.
829 342 904 380 Qis
917 338 958 369 est
969 358 978 372 ‚
991 336 1081 379 quise
1091 357 1101 371 ,
1121 334 1193 367 curn

241 400 345 423 contra
355 399 404 419 me
413 389 561 419 ferebatur
574 407 582 421 ‚
603 384 689 416 iniss'e
708 382 881 423 suffragium
898 379 1075 411 confiteatur
1089 382 1101 408 ἓ
1122 377 1195 408 cum

243 442 344 463 autem
364 431 400 462 de
420 441 470 461 me
487 430 597 460 eodem
615 437 653 458 ex
672 424 926 456 senatusconsulto
940 442 949 456 ,
971 423 1105 453 comitiis
1125 429 1198 450 cen-

243 475 360 505 turiatis
370 493 379 507 ‚
397 472 546 503 ferebatur
555 492 567 504 ,
583 472 650 512 quis
659 467 702 499 est
712 489 721 502 ‚
742 468 867 508 quinon
879 463 1050 506 profiteatur
1061 463 1088 493 se
1098 461 1197 493 affuis-

239 517 271 547 se
286 535 296 550 ,
315 516 348 546 &
360 513 531 555 suffragium
542 513 578 543 de
596 511 686 542 salute
705 519 772 539 mea
785 507 902 538 tulisse?
925 509 998 537 Utra
1010 507 1101 546 igitur
1114 503 1197 542 causa

236 557 379 599 popularis
397 557 486 587 debet
501 555 614 585 videri:
632 555 664 583 in
678 561 736 593 qua
751 560 859 581 omnes
875 547 1043 579 honestates
1059 549 1198 577 civnatis,

245 609 355 630 omnes
363 607 460 629 aetates
471 619 481 632 ,
502 605 610 627 omnes
619 594 740 626 ordines
753 592 812 623 una
821 591 1035 622 consentiunt?
1053 599 1091 619 en
1101 590 1133 618 in
1143 597 1201 628 qua

246 644 344 672 Furiae
352 642 505 670 concitatae
516 659 524 672 ‚
545 646 687 678 tanquam
702 635 736 666 ad
747 634 838 664 funus
847 635 919 673 reip.
930 632 1114 662 convolant?
1137 633 1199 661 An,

247 682 338 713 sicubi
353 682 445 712 aderit
456 682 573 712 Gellius
585 700 594 714 ,
614 680 710 709 homo
728 677 761 707 &
776 676 863 706 fratre
878 675 1020 715 indignus
1033 693 1040 706 ‚
1061 674 1127 702 viro
1140 672 1199 700 ela-

247 723 363 756 riffimo
374 744 382 757 ‚
401 732 487 764 atque
497 725 616 762 optimo
625 720 748 751 consule
760 738 768 752 ,
789 718 821 747 δε
832 717 938 747 ordine
948 714 1074 756 equestri
1085 734 1094 748 ,
1115 714 1200 752 cujus

245 767 299 796 ille
317 765 434 795 ordinis
451 774 567 795 nornen
585 765 694 794 retinet
707 781 715 795 ‚
736 768 912 790 ornamenta
929 756 1075 788 confecit:
1098 754 1129 784 id
1147 756 1203 783 erit

245 807 408 848 populare?
431 806 473 837 est
490 808 574 836 enim
594 806 691 834 homo
710 801 763 832 iste
780 801 895 841 populo
912 802 1056 829 Romano
1074 796 1201 826 deditus.

250 850 339 880 Nihil
349 849 412 879 vidi
425 850 532 890 magis.
551 848 685 888 quicum
695 846 759 881 ejus
768 842 965 873 adolescentia
973 842 1007 870 in
1016 836 1202 878 ampliffimis

244 891 418 921 vhonoribus
427 891 539 921 summi
549 891 606 919 viri
618 909 626 921 ‚
637 890 671 917 L.
682 886 810 924 Philippi
822 904 830 917 ,
843 884 960 916 vitrici,
974 881 1078 911 florere
1088 879 1203 919 potuis-

244 934 291 963 set
301 953 310 967 ‚
332 932 426 973 usque
438 942 474 962 eo
487 941 552 961 non
563 930 622 960 fuit
635 928 784 969 popularis
795 946 802 959 2
823 934 856 955 ut
868 925 947 954 bona
957 923 1032 963 βίης
1046 919 1201 952 comesset.

247 974 357 1005 deinde
371 984 409 1004 ex
423 975 542 1013 impuro
556 971 740 1002 adolescente
753 989 761 1001 ‚
780 968 812 997 &
822 966 988 1006 petulante,
1011 963 1203 1004 posteaquam

247 1026 313 1047 rem
333 1024 486 1056 paternam
504 1014 563 1044 2ab
583 1013 746 1042 idiotarum
764 1009 880 1039 divitiis
898 1007 933 1037 ad
953 1006 1204 1047 philosophorum

248 1058 382 1098 regulam
392 1057 543 1097 perduxit:
570 1054 741 1084 Graeculum
753 1052 781 1081 sc
790 1071 798 1084 ,
810 1059 895 1091 atque
904 1049 1039 1079 otiosum
1048 1048 1140 1087 putari
1151 1056 1207 1075 vo-

249 1101 315 1130 luit:
325 1099 424 1129 studio
439 1099 602 1128 litterarum
617 1096 643 1125 se
658 1092 761 1124 subito
772 1092 896 1122 dedidit.
924 1095 936 1119 3
949 1091 1037 1120 Nihil
1052 1090 1120 1119 sane
1130 1091 1207 1118 Atta:

246 1141 400 1182 juvabant.
424 1138 591 1180 anagnostae
603 1157 611 1170 ‚
632 1136 729 1166 libelli
742 1138 832 1165 etiam
844 1143 897 1174 pro
908 1135 983 1163 vino
994 1132 1067 1171 saepe
1077 1131 1205 1172 oppigne-

251 1181 389 1212 rabcmrur
405 1192 416 1208 .·
438 1180 577 1211 manebat
595 1178 784 1209 insaturabile
795 1177 963 1207 abdomen,
985 1173 1210 1213 copiaedencie-

250 1224 337 1254 bant.
357 1225 457 1263 itaque
476 1223 592 1262 semper
610 1220 778 1250 versabatur
795 1220 828 1248 in
851 1217 899 1257 spe
918 1226 1020 1246 rerum
1041 1222 1208 1244 novarum:

252 1268 317 1295 otio
329 1285 341 1299 ,
361 1265 394 1295 &
405 1264 616 1305 tranquillitate
634 1261 805 1301 reipublicae
821 1257 1057 1289 consenescebat
1102 1258 1210 1295 Ecquae

253 1307 361 1338 seditio
373 1316 520 1347 umquam
533 1305 592 1335 fuit
603 1325 611 1337 ‚
631 1305 663 1333 in
677 1313 734 1343 qua
745 1311 810 1331 non
820 1301 871 1330 ille
882 1301 1021 1339 princeps
1035 1301 1045 1327 ?
1068 1307 1154 1337 ecqui
1166 1295 1211 1325 se-

251 1349 378 1379 ditiosus
389 1369 398 1382 ‚
412 1350 460 1378 cui
471 1348 522 1378 ille
532 1356 596 1377 non
605 1345 785 1376 familiaris?
799 1352 898 1383 ecquae
908 1341 1079 1371 turbulenta
1086 1340 1206 1370 concio,

251 1392 337 1431 cujus
347 1391 398 1420 'ille
411 1399 473 1420 non
484 1390 669 1419 concitator?
687 1388 737 1415 cui
754 1385 831 1415 bene
845 1384 924 1414 dixit
941 1391 1089 1422 umquam
1104 1380 1209 1410 bono?

245 1432 330 1463 .bene
343 1432 442 1462 dixit?
464 1430 565 1461 immo
575 1450 583 1464 ‚
604 1439 694 1470 quem
708 1427 822 1457 fortem
833 1446 841 1459 ‚
866 1425 899 1454 &
909 1424 1027 1453 bonum
1037 1425 1137 1452 civem
1149 1430 1212 1451 non

251 1472 488 1514 petulantissime
497 1471 540 1502 est
548 1471 709 1502 ‘infestatus
723 1472 732 1498 ?
747 1470 799 1509 qui
810 1488 818 1501 ‚
834 1465 964 1497 utcredo
977 1485 986 1498 ‚
1001 1475 1065 1494 non
1075 1463 1215 1494 libidinis

252 1516 337 1546 causa
347 1535 357 1548 ‚
378 1515 426 1545 sed
441 1524 473 1545 ut
485 1513 636 1555 poplicola
650 1511 800 1542 videretur
814 1530 823 1543 ,
844 1509 1017 1538 libertinam
1032 1506 1120 1536 duxit
1138 1515 1215 1534 uxo-

254 1567 331 1587 rem.
357 1560 384 1587 Is
396 1557 431 1587 de
443 1567 492 1587 me
502 1555 676 1595 suffragium
690 1553 777 1585 tulit,
798 1553 823 1581 is
832 1549 935 1582 affuit,
960 1547 1217 1586 isinterfuitepu-

255 1599 295 1629 lis
306 1619 316 1633 ,
336 1598 369 1629 &
382 1597 633 1640 gratulationibus
646 1594 868 1635 parricidarum.
893 1594 925 1621 in
935 1600 996 1631 quo
1007 1599 1106 1619 tamen
1117 1588 1159 1618 est
1170 1598 1218 1617 me

255 1641 336 1671 ultus
348 1660 356 1672 ‚
374 1640 447 1670 cum
457 1640 513 1669 illo
524 1648 575 1669 ore
585 1639 734 1667 inimicos
741 1634 783 1665 est
795 1643 880 1664 meos
889 1633 1023 1663 saviatus.
1046 1633 1098 1672 qui
1111 1651 1123 1663 ‚.
1137 1628 1216 1671 quasi

257 1692 325 1712 mea
337 1682 424 1721 culpa
437 1681 515 1711 bona
527 1678 705 1721 perdiderit,
727 1678 765 1706 ita
783 1676 823 1706 ob
843 1685 908 1706 eam
928 1674 1020 1714 ipsam
1040 1673 1156 1703 causam
1177 1670 1219 1701 est

258 1725 337 1753 mihi
348 1725 492 1753 inimicus
503 1742 511 1756 ‚
531 1723 600 1762 quia
609 1720 688 1750 nihil
700 1719 796 1749 habet.
820 1720 930 1747 Uirum
942 1726 997 1757 ego
1008 1715 1062 1745 tibi
1073 1716 1219 1754 patrimo-

259 1767 348 1795 nium
359 1766 474 1804 eripui,
494 1764 594 1796 Gelli,
613 1772 651 1792 an
663 1770 694 1791 tu
703 1758 863 1791 comedisti
876 1762 885 1788 ?
904 1759 976 1799 quid
989 1760 999 1786 ?
1017 1766 1049 1786 tu
1060 1766 1131 1786 meo
1139 1756 1218 1794 peri-

250 1807 329 1837 -culo
342 1827 349 1837 ,
361 1815 465 1847 gurges
477 1826 484 1837 .
496 1816 529 1835 ac
539 1814 648 1844 vorago
657 1803 853 1842 patrimonii,
871 1799 1026 1830 heiuabare
1038 1808 1044 1826 :
1063 1806 1095 1827 ut
1107 1818 1114 1830 ,
1133 1796 1152 1825 si
1164 1806 1218 1836 ego

252 1849 363 1879 «ποθῇ-11
374 1847 589 1887 rempublicam
601 1854 704 1876 contra
722 1852 749 1873 te
761 1863 769 1876 ‚
791 1843 823 1872 δε
833 1841 973 1883 gregaleis
988 1848 1054 1869 tuos
1067 1837 1219 1868 defendis—

259 1891 320 1921 sem
334 1909 342 1923 ‚
363 1892 393 1919 in
413 1890 532 1919 civitate
551 1886 608 1917 efl'e
625 1896 674 1916 me
697 1886 816 1915 nolles?
837 1893 865 1914 te
875 1892 969 1912 nemo
981 1890 1107 1911 tuorum
1118 1879 1219 1909 videre

253 1932 339 1961 vult:
361 1940 470 1961 omnes
487 1930 622 1962 aditum,
644 1928 816 1958 sermonem
828 1945 837 1959 ‚
856 1921 1044 1965 congressum
1063 1931 1150 1952 tuum
1168 1921 1217 1951 fu-

251 1975 342 2014 giunt
354 1983 358 2001 z
380 1982 407 2003 te
418 1973 526 2003 sororis
538 1970 617 2001 filius
627 1968 787 2000 Postumus
799 1988 808 2001 ‚
821 1967 993 1997 adolescens
1003 1966 1098 2006 gravis
1109 1984 1117 1997 ‚
1130 1963 1218 1993 senili

254 2014 372 2055 judicio
383 2035 391 2047 ,
411 2015 546 2047 notavit,
567 2011 638 2043 cum
654 2013 688 2041 in
702 2020 813 2052 magno
826 2017 956 2039 numero
968 2015 1101 2037 tutorem
1115 2005 1217 2035 liberis

256 2067 310 2086 mon
324 2055 459 2092 institnit*
483 2055 540 2086 Sed
554 2055 648 2084 elatus
661 2053 735 2083 odio
746 2072 755 2086 ‚
776 2052 808 2081 &
822 2060 892 2081 meo
904 2070 913 2083 ‚
935 2049 967 2079 &
977 2048 1149 2089 reipublicae
1158 2057 1217 2077 no-

259 2100 343 2128 rn'me
354 2118 363 2132 ‚
381 2107 513 2138 quorum
529 2097 582 2127 ille
596 2097 653 2126 utri
668 2093 701 2125 sit
714 2095 869 2124 inimicior
881 2112 888 2125 ³
908 2091 1020 2122 nescio.
1043 2090 1128 2130 plura
1137 2088 1215 2123 dixi,

256 2149 351 2181 quam
371 2139 534 2170 dicendum
555 2137 633 2170 fuit,
654 2139 687 2166 in
703 2133 928 2166 furiosiffirnum
940 2153 949 2167 ,
968 2141 1056 2173 atque
1072 2129 1218 2173 egentiffi-

260 2191 349 2211 inum
360 2191 538 2221 ganeonem.
561 2180 638 2211 Illuc
646 2186 777 2208 revertor
788 2188 793 2206 ;
808 2184 910 2206 contra
920 2185 969 2205 me
979 2184 1050 2204 cum
1062 2172 1216 2207 umerum,

259 2232 344 2263 capta
355 2220 437 2255 urbe,
450 2232 536 2263 atque
547 2219 690 2261 oppressa,
703 2219 838 2249 Gellium
849 2238 857 2251 ,
869 2216 1051 2247 Firmidium
1062 2235 1071 2249 ‚
1082 2217 1217 2248 Titium,

260 2264 396 2303 ejusdem
409 2264 494 2294 modi
503 2266 603 2293 Furias
614 2283 623 2296 ‚
640 2263 703 2292 illis
712 2260 903 2290 mercenariis
913 2257 1050 2299 gregibus
1060 2257 1149 2287 duces
1160 2276 1168 2290 ,
1185 2257 1219 2287 &

263 2305 400 2336 auslores
410 2304 496 2336 fuifl‘e
506 2325 515 2339 ‚
525 2304 596 2335 esim
609 2304 670 2344 ipse
681 2303 756 2333 lator
765 2301 842 2331 nihil
852 2301 887 2331 ab
898 2301 1009 2329 horum
1022 2297 1217 2338 turpitudine,

258 2348 397 2380 audacia,
417 2346 553 2378 sordibus
567 2347 744 2376 abhorreret.
768 2346 808 2373 At
820 2362 828 2376 ,
850 2340 920 2372 cum
936 2341 972 2370 de
992 2340 1135 2381 dignitate
1153 2349 1220 2369 mea

258 2389 426 2420 ferebatur:
446 2398 539 2419 nerno
558 2387 612 2417 sibi
628 2396 684 2417 nec
699 2385 877 2416 valitudinis
890 2381 1120 2412 excusationem
1131 2399 1140 2413 ,
1163 2390 1219 2410 nec
1246 2404 1248 2406 ,

260 2431 441 2464 seneehiris,
463 2431 528 2461 satis
545 2428 655 2469 justam
673 2428 799 2468 putavit.
828 2434 923 2456 nemo
940 2423 1017 2457 fuit,
1038 2423 1090 2463 qui
1109 2422 1136 2452 se
1156 2431 1220 2451 non

259 2483 358 2514 remp.
377 2483 498 2503 mecum
519 2470 608 2501 simul
626 2479 764 2501 revocare
782 2471 816 2498 in
838 2468 900 2498 suas
922 2466 1003 2496 sedes
1021 2465 1216 2495 arbitraretur.

201 2522 244 2555 53
264 2515 430 2545 Videamus
438 2523 520 2544 nunc
529 2514 654 2543 comitia
663 2510 898 2552 magistratuum.
912 2510 980 2538 Fuit
989 2507 1151 2547 collegium
1164 2514 1218 2534 nii-

261 2567 313 2597 per
333 2557 524 2587 tribunitium
537 2575 545 2589 ‚
566 2557 598 2585 in
616 2564 678 2595 quo
698 2562 754 2594 ties
774 2551 925 2584 minime,
945 2551 1140 2579 vehementer
1158 2547 1218 2576 duo
1241 2577 1243 2586 Ι

261 2599 417 2638 populares
427 2597 683 2628 existimabantur.
707 2604 746 2625 ex
761 2596 806 2624 his
817 2613 826 2627 ,
845 2596 897 2634 qui
915 2592 1071 2632 populares
1086 2599 1149 2619 non
1167 2590 1219 2619 ha—

261 2641 406 2670 bebantur
416 2660 424 2673 ‚
445 2640 554 2679 quibus
568 2641 599 2668 in
615 2638 670 2668 'illo
683 2646 789 2679 genere
802 2634 1022 2667 condudtaium
1032 2633 1217 2662 concionum

261 2679 440 2712 consistendi
452 2681 576 2726 potestas
591 2689 654 2710 non
664 2688 724 2709 erat
736 2700 745 2711 ,
765 2678 841 2708 duos
854 2677 870 2708 a
882 2676 996 2716 populo
1008 2677 1100 2704 Rom.
1111 2681 1218 2712 praeto-

261 2733 307 2754 res
318 2722 407 2752 video
417 2721 474 2751 esse
483 2722 588 2752 fastos:
599 2722 642 2754 &‚
655 2730 801 2761 quantum
813 2717 1002 2750 sermonibus
1010 2716 1104 2756 vulgi,
1114 2715 1146 2744 &
1156 2713 1218 2745 suf-

261 2764 360 2804 fragiis
373 2764 538 2805 intelligere
554 2766 636 2803 potui
646 2783 654 2797 ‚
669 2773 728 2802 pra:
739 2763 766 2792 se
776 2763 905 2801 populus
915 2762 1007 2789 Rom.
1019 2758 1148 2790 ferebat,
1164 2755 1216 2786 sibi

261 2807 350 2836 illum
370 2809 401 2835 in
420 2806 571 2835 tribunatu
589 2808 621 2835 C.
633 2806 768 2835 Domitii
785 2806 924 2833 animum
943 2799 1128 2831 constantem
1148 2819 1157 2832 ,
1184 2798 1216 2828 &

264 2850 414 2889 egregium
427 2869 437 2881 ,
454 2847 486 2877 &
497 2849 687 2888 QAncharii
698 2845 808 2879 fidem,
829 2856 861 2876 ac
869 2843 1104 2875 fortitudinem,
1122 2843 1214 2871 etiam

1233 130 1777 180 Crcanonrs

1234 210 1255 241 fi
1268 210 1346 241 nihil
1360 220 1443 252 agere
1452 209 1630 251 potuissent,
1649 222 1750 245 tamen
1761 212 1909 243 voluntate
1917 211 1976 256 ipftz
1985 218 2101 254 gratum
2111 211 2186 242 fuiti-

1236 254 1273 300 se.
1295 254 1362 300 Jam
1373 254 1410 282 de
1421 255 1451 282 C.
1463 254 1579 300 Fannio
1588 265 1653 296 quae
1664 255 1697 286 sit
1706 256 1891 287 existimatio
1901 275 1910 289 ,
1927 255 2067 285 videmus
2079 264 2084 283 τ
2102 253 2189 295 quod

1234 294 1381 343 judicium
1394 294 1497 341 populi
1507 298 1600 341 Rorn-
1610 298 1643 326 in
1655 298 1821 329 bonoribus
1834 298 1897 337 ejus
1909 296 2045 327 futurum
2060 295 2093 326 sit
2103 315 2111 330 ‚
2132 305 2187 326 ne·

1238 339 1317 367 mini
1334 336 1462 366 dubium
1481 336 1538 367 esse
1554 337 1651 369 debet.
1683 340 1788 381 Qid?
1810 340 1966 380 populares
1979 339 2024 368 illi
2040 337 2100 368 duo
2113 336 2187 378 quid

1238 380 1383 419 egerunt?
1401 378 1491 427 alter,
1511 381 1564 420 qui
1583 388 1684 411 tamen
1703 382 1731 412 se
1748 384 1957 414 continuerat,
1975 381 2077 410 tulerat
2092 379 2190 409 nihil:

1241 421 1365 451 senserat
1380 429 1496 466 tantum
1510 421 1547 451 de
1560 422 1707 462 republica
1719 423 1798 453 aliud
1810 443 1819 456 ,
1837 432 1924 464 atque
1938 423 2077 452 homines
2089 420 2192 461 exspe-

1241 462 1358 493 &abant
1368 482 1376 495 ,
1392 462 1481 492 vir&
1492 462 1590 492 bonus
1601 483 1609 497 ,
1626 464 1817 494 &innocens
1828 485 1836 498 ,
1853 465 1885 494 δε
1897 465 1984 494 bonis
1993 465 2067 494 viris
2077 463 2193 503 semper

1240 504 1380 544 probatus
1396 515 1401 532 :
1424 503 1507 544 quod
1524 503 1631 544 parum
1649 505 1790 536 videlicet
1807 506 1959 536 intellexit
1977 508 2009 535 in
2029 505 2194 538 tribunatu,

1242 545 1316 586 quid
1335 555 1399 592 verer
1414 545 1511 589 populo
1530 547 1701 586 probaretur
1712 567 1720 581 ,
1744 546 1867 587 &quod
1878 547 1966 576 illurn
1979 545 2037 576 effe
2046 547 2194 586 populum

1243 590 1339 618 Rom.
1350 598 1402 628 qui
1413 598 1445 617 in
1454 597 1603 618 concione
1614 598 1673 619 erat
1684 610 1692 622 ‚
1709 589 1901 618 arbitrabatur
1910 607 1918 621 ,
1937 597 2000 617 non
2012 590 2110 617 tenuit
2123 597 2194 617 eum

1242 630 1345 659 locum
1358 649 1366 662 ‚
1390 631 1422 674 in
1432 639 1523 670 quem
1535 651 1543 663 ,
1567 628 1620 659 nisi
1630 631 1779 670 popularis
1796 629 1852 660 esse
1871 628 2013 659 voluisset
2023 648 2031 662 ,
2050 627 2196 659 facillime

1243 670 1431 711 pervenisset.
1454 673 1526 702 alter
1537 692 1549 705 i
1560 674 1612 712 qui
1623 675 1663 702 ita
1672 673 1700 702 se
1712 674 1743 702 in
1753 672 1888 712 populari
1898 669 2146 711 rarionejad'tarat,
2166 678 2200 700 ut

1243 714 1371 753 auspicia
1381 733 1390 746 ,
1410 714 1506 755 legem
1520 715 1632 744 AEli'am
1643 734 1653 747 >
1668 714 1783 744 senatus
1792 712 1996 744 auEtoritatem
2007 732 2016 747 ‚
2029 711 2206 746 consulem‚.

1245 756 1390 795 collegaS‚
1411 755 1564 785 bonorum
1582 756 1731 795 judicium
1746 776 1755 789 ,
1775 756 1853 785 nihil
1872 763 2006 795 putaret,
2026 754 2199 785 aedilitatem

1245 798 1353 836 petivit
1370 807 1441 826 cum
1461 797 1550 827 bonis
1567 800 1640 827 viris
1651 818 1658 831 ‚
1681 798 1713 827 δε
1726 797 1904 827 horninibus
1917 798 2022 836 primis
2036 815 2046 830 ,
2066 795 2115 826 sed
2134 804 2200 825 non

1246 836 1489 884 praestantiffimis
1504 839 1611 879 opibus
1623 859 1631 873 ,
1652 840 1684 869 &
1696 842 1784 881 gratia
1796 850 1801 868 :
1822 838 1935 869 tribum
1947 838 2028 868 suam
2040 847 2103 867 non
2112 837 2182 867 tulit
2194 846 2202 866 ε

1246 880 1410 910 Palatinam
1420 880 1551 921 denique
1561 901 1570 914 ‚
1581 891 1731 922 perquam
1741 890 1848 911 omnes
1858 880 1917 910 '111ae
1926 878 2021 919 pestes
2030 888 2136 909 vexare
2145 887 2203 918 po-

1247 921 1353 968 pulum
1364 924 1459 952 Romi
1470 922 1643 953 dicebantur
1655 943 1665 956 ,
1680 922 1825 962 perdidit:
1840 932 1896 952 nec
1905 921 2067 961 quidquam
2078 921 2140 950 illis
2151 929 2205 950 co-

1249 964 1363 997 mitiis,
1384 963 1465 1004 quod
1479 964 1552 993 boni
1572 967 1630 994 viri
1645 965 1778 998 vellent,
1798 963 2007 1003 nisirepulsam
2021 983 2028 996 ,
2049 962 2125 992 tulit.
2149 962 2207 991 Vi-

1249 1004 1326 1034 detis
1345 1006 1453 1045 igitur,
1471 1006 1619 1045 populum
1630 1007 1728 1046 ipsum
1741 1027 1751 1039 ‚
1772 1008 1854 1036 utita
1863 1005 1980 1038 dicam,
1998 1005 2060 1044 jam
2073 1013 2136 1033 non
2148 1001 2205 1033 esse

1251 1046 1425 1086 popularem
1439 1057 1445 1076 ι
1459 1049 1512 1088 qui
1521 1050 1560 1077 ita
1569 1049 1763 1078 vehementer
1772 1057 1824 1077 eos
1836 1067 1844 1081 ,
1862 1048 1914 1087 qui
1925 1047 2080 1086 populares
2092 1045 2206 1075 haben-

1254 1097 1316 1134 tur,
1329 1088 1457 1134 respuat:
1473 1099 1524 1118 eos
1533 1098 1632 1119 autem
1643 1110 1651 1123 ,
1663 1091 1715 1130 qui
1725 1091 1752 1118 ei
1762 1091 1862 1130 generi
1871 1088 2076 1121 adversantur,
2091 1088 2206 1117 honore

1253 1127 1577 1170 digniffimosjudicet.
1600 1134 1766 1160 Veniamus
1779 1131 1814 1160 ad
1828 1130 1925 1160 ludos.
1950 1132 2121 1160 Facitenim
2134 1150 2142 1162 ‚
2158 1129 2208 1169 ju-
2226 1133 2277 1165 54

1253 1171 1333 1201 dices
1351 1190 1359 1203 ‚
1383 1170 1477 1200 vester
1496 1173 1529 1201 in
1551 1182 1600 1201 me
1617 1174 1816 1202 “s-animorum
1834 1192 1843 1204 ‚
1869 1172 2087 1211 oculorumque
2104 1171 2209 1210 conje-

1253 1212 1329 1245 ἐῖυε,
1343 1221 1375 1241 ut
1386 1213 1463 1241 mihi
1474 1214 1532 1249 jam
1544 1213 1632 1243 licere
1642 1223 1747 1253 putem
1759 1210 1921 1242 remiffiore
1931 1214 1973 1241 uti
1985 1222 2091 1253 genere
2105 1212 2210 1242 dicen-

1251 1254 1292 1284 di.
1317 1255 1520 1285 Comitiorum
1533 1274 1541 1288 ,
1556 1255 1588 1284 &
1600 1257 1785 1284 concionum
1797 1252 2025 1295 significationes
2036 1274 2046 1286 ,
2057 1253 2212 1283 interdurn.

1252 1306 1320 1325 vera
1329 1296 1396 1325 sunt
1407 1316 1416 1328 ‚
1429 1306 1661 1336 nonnumquam
1672 1297 1786 1325 vitiata
1794 1316 1803 1330 2
1814 1305 1899 1337 atque
1909 1304 2052 1334 corruptae
2066 1305 2071 1324 t
2087 1296 2214 1325 theatra-

1253 1339 1297 1367 les
1309 1358 1317 1371 ,
1333 1337 1559 1379 gladiatoriique
1569 1337 1720 1368 consessus
1730 1358 1738 1371 2
1751 1338 1890 1368 dicuntur
1899 1339 2032 1367 omnino
2041 1337 2134 1367 solere
2144 1356 2153 1370 ,
2168 1337 2214 1366 le-

1253 1382 1342 1411 vitate
1352 1380 1575 1410 nonnullorum
1585 1400 1594 1414 ,
1608 1389 1705 1409 emtos
1714 1380 1830 1418 plausus
1844 1379 1876 1408 ὃς
1886 1379 1992 1408 exileis
2003 1398 2011 1412 ,
2028 1379 2148 1409 &raros
2159 1387 2215 1408 ex·-

1256 1423 1353 1453 citare.
1376 1429 1507 1451 attamen
1516 1421 1603 1452 facile
1613 1420 1656 1451 est
1666 1442 1674 1456 ‚
1692 1422 1763 1451 cum
1774 1421 1805 1450 id
1817 1419 1849 1450 fit
1861 1440 1869 1453 ,
1885 1419 2144 1460 quemadmodum
2155 1439 2165 1454 ‚
2179 1419 2215 1450 &

1256 1465 1270 1494 a
1290 1464 1400 1504 quibus
1421 1461 1488 1497 fiat,
1511 1464 1544 1493 δε
1562 1463 1634 1504 quid
1654 1467 1766 1504 integra
1786 1462 1950 1492 multitudo
1968 1462 2054 1492 faciat
2071 1482 2080 1496 ‚
2103 1461 2217 1493 videre.

1261 1505 1341 1547 Qid
1352 1514 1407 1546 ego
1418 1514 1499 1534 nunc
1509 1506 1607 1535 dicam
1620 1525 1629 1538 ‚
1649 1505 1758 1545 quibus
1770 1514 1839 1533 viris
1850 1513 1920 1537 ‚aut
1929 1504 1977 1533 cui
1987 1506 2086 1545 generi
2097 1505 2216 1534 civium

1260 1550 1398 1578 maxime
1414 1546 1602 1587 applaudatur
1621 1550 1632 1575 ἓ
1654 1548 1812 1576 neminem
1833 1544 1964 1575 vestrum
1983 1546 2068 1576 rallit.
2102 1543 2135 1574 fit
2153 1547 2213 1575 hoc

1260 1590 1326 1620 sane
1340 1589 1406 1618 leve
1418 1599 1424 1617 :
1442 1589 1523 1628 quod
1537 1599 1600 1618 non
1615 1591 1654 1618 ita
1668 1587 1710 1618 est
1720 1608 1733 1621 ‚i
1749 1589 1894 1628 quoniam
1906 1589 2025 1627 optimo
2036 1588 2144 1628 cuique
2154 1588 2216 1616 im-

1260 1632 1399 1672 pertitur:
1420 1630 1488 1664 sed,
1509 1628 1530 1659 si
1543 1629 1585 1660 est
1597 1631 1662 1660 leve
1674 1650 1684 1663 ‚
1701 1631 1824 1659 homini
1835 1632 1916 1671 gravi
1929 1631 1995 1659 leve
2009 1627 2067 1658 est:
2088 1631 2114 1658 ei
2128 1626 2214 1662 vero,

1261 1676 1312 1714 qui
1326 1671 1435 1712 pendet
1449 1672 1465 1701 a
1477 1672 1566 1702 rebus
1579 1670 1734 1702 levissimis
1748 1683 1754 1700 '.
1776 1673 1828 1711 qui
1840 1681 1959 1701 rumore
1973 1692 1984 1704 ‚
2003 1671 2034 1699 &
2047 1674 2089 1708 (ut
2103 1668 2155 1709 ipsi
2168 1669 2216 1699 lo-

1261 1715 1407 1756 quuntur)
1416 1713 1517 1743 favore
1526 1715 1631 1753 populi
1645 1722 1761 1743 tenetur
1771 1732 1780 1745 ‚
1793 1713 1825 1741 &
1839 1712 1957 1742 ducitur
1969 1723 1974 1740 :
1992 1712 2129 1751 plausum
2140 1731 2148 1745 ,
2161 1711 2218 1739 im-

1261 1755 1488 1785 mortalitatem:
1508 1754 1628 1784 sibilum
1641 1775 1649 1787 ‚
1671 1761 1789 1783 mortem
1805 1754 1901 1783 videri
1917 1751 2031 1783 necess'e
2050 1752 2106 1782 est.
2128 1756 2176 1782 Ex
2190 1760 2220 1782 te

1261 1800 1368 1839 igitur,
1387 1799 1491 1826 Scaure
1504 1817 1512 1829 ‚
1532 1795 1720 1836 potissimum
1734 1804 1836 1836 quaero
1850 1815 1858 1828 ‚
1880 1796 1932 1835 qui
1942 1795 2032 1824 ludos
2041 1791 2220 1834 apparatiffk·

1263 1849 1330 1869 mos
1341 1858 1349 1872 ‚
1369 1836 1737 1878 magnificentissimosque
1747 1835 1843 1866 fecisti
1853 1857 1863 1870 ,
1875 1839 1975 1877 ecquis
1984 1835 2111 1866 istorum
2121 1845 2220 1876 popu-

1262 1882 1370 1911 larium
1381 1889 1448 1910 tuos
1460 1880 1546 1909 ludos
1555 1879 1735 1920 adspexerit:
1754 1880 1855 1918 ecquis
1866 1879 1894 1908 se
1904 1879 2016 1908 theatro
2026 1897 2037 1911 ,
2046 1880 2220 1918 populoque

1262 1926 1395 1953 Roman.
1405 1921 1602 1952 commiserit.
1626 1921 1690 1961 Ipse
1699 1921 1751 1950 ille
1761 1920 1896 1950 maxime
1908 1919 2008 1950 ludius
2018 1939 2027 1953 ,
2041 1929 2106 1949 non
2115 1919 2221 1950 solum-

1262 1964 1407 2005 spec‘htor
1417 1984 1425 1997 ,
1436 1963 1486 1994 sed
1496 1963 1578 1993 alitor
1587 1984 1597 1997 .
1608 1963 1640 1993 δε
1651 1972 1785 1993 acroama
1795 1964 1861 2002 :qui
1875 1963 1980 1992 omnia
1990 1962 2098 1992 sororis
2109 1961 2218 1991 embo-

1261 2008 1301 2037 lia
1311 2008 1399 2037 novit
1412 2016 1418 2035 z
1438 2007 1490 2046 qui
1506 2007 1539 2034 in
1552 2014 1664 2036 coetum
1681 2005 1845 2035 mulierum
1860 2013 1915 2043 pro
1929 2003 2044 2043 psaltria
2052 2002 2218 2033 adducitur:

1263 2059 1319 2080 nec
1331 2057 1399 2078 tuos
1413 2048 1500 2078 ludos
1512 2046 1647 2087 adspexit
1658 2048 1691 2076 in
1707 2046 1762 2076 illo
1775 2046 1890 2075 ardenti
1902 2045 2054 2075 tribunatu
2067 2045 2121 2074 suo
2132 2065 2142 2077 2
2164 2053 2222 2075 nec

1263 2092 1343 2121 ullos
1353 2091 1428 2120 alios
1439 2110 1450 2123 ²
1459 2087 1514 2119 nisi
1523 2099 1575 2119 eos
1586 2109 1596 2122 ,
1608 2091 1624 2119 a
1633 2088 1742 2129 quibus
1751 2089 1805 2117 vix
1813 2089 1902 2117 vivus
1911 2085 2026 2128 effugit.
2048 2086 2159 2121 Semel,
2169 2087 2219 2116 in-

1262 2143 1352 2173 quam
1365 2153 1375 2165 ‚
1395 2133 1423 2162 se
1440 2131 1520 2161 ludis
1537 2132 1634 2161 homo
1651 2130 1801 2170 popularis
1813 2127 1963 2159 commisit
1976 2130 2128 2162 omnino,
2146 2126 2221 2158 cum

1263 2178 1315 2205 5=in
1327 2174 1443 2214 templo
1454 2173 1735 2203 Honoris-Virtutis
1747 2191 1756 2204 ‚
1774 2172 1872 2200 honos
1886 2168 2087 2200 habitusess‘et
2099 2170 2216 2203 virtuti,
2228 2194 2229 2197 ,

1264 2220 1295 2247 C.
1307 2227 1372 2258 quae
1383 2219 1417 2245 M
1420 2215 1707 2248 arii‚conservatoris
1718 2215 1768 2249 hui
1772 2223 1806 2242 us
1814 2214 1933 2252 imperii
1943 2232 1957 2244 2
1967 2218 2221 2245 monumentum,

1264 2260 1413 2298 municipi
1423 2259 1486 2298 ejus
1497 2277 1506 2290 ,
1527 2257 1560 2287 ὅ(
1574 2256 1744 2296 reipublicae
1756 2253 1908 2284 defensori
1923 2253 2023 2283 sedem
2040 2252 2076 2283 ad
2094 2252 2219 2283 salutem

1263 2298 1442 2340 praebuiffet.
1466 2302 1536 2340 Qo
1544 2298 1669 2338 quidem
1679 2305 1814 2334 tempore
1823 2315 1831 2329 ³
1842 2293 1914 2335 quid
1923 2295 2053 2334 populus
2061 2295 2220 2325 Romanus
2238 2305 2257 2336 5
2262 2304 2286 2336 ,ι

1264 2342 1372 2371 sentire
1390 2341 1418 2370 se
1436 2339 1600 2370 ostenderit
1613 2358 1622 2372 ‚
1646 2346 1771 2377 utroque
1789 2339 1821 2366 in
1839 2346 1946 2377 genere
1965 2336 2144 2366 declaratum
2165 2335 2218 2366 est:

1264 2383 1365 2422 primo
1375 2401 1385 2415 ‚
1404 2380 1476 2410 cum
1487 2400 1496 2413 ‚
1515 2379 1617 2410 audito
1630 2382 1657 2410 S.
1668 2382 1701 2409 C.
1716 2388 1767 2408 ore
1781 2376 1832 2418 ipsi
1844 2397 1856 2410 2
1871 2386 1957 2418 atque
1973 2377 2087 2408 absenti
2105 2377 2220 2408 senatui

1263 2424 1380 2464 plausus
1401 2421 1443 2452 est
1461 2422 1497 2452 ab
1515 2420 1658 2452 umversls
1677 2421 1777 2451 datus:
1798 2419 1928 2453 deinde,
1947 2419 2018 2450 cum
2036 2419 2223 2450 senatoribus

1264 2464 1386 2507 singulis
1403 2463 1567 2504 speetatum
1587 2463 1604 2494 ὲ
1622 2463 1721 2493 senatu
1739 2460 1945 2491 redeuntibus.
1968 2460 2047 2492 Cum
2061 2459 2133 2491 vero
2146 2461 2220 2501 ipse,

1265 2518 1317 2548 qui
1336 2506 1425 2536 ludos
1437 2505 1577 2539 faciebat,
1597 2505 1703 2536 consul
1715 2502 1834 2533 assedit:
1856 2501 1983 2537 stantes,
2003 2503 2057 2537 ὃς,
2077 2504 2219 2534 manibus

1264 2547 1365 2589 paffis,
1385 2550 1488 2588 gratias
1502 2556 1639 2589 agentes,
1661 2546 1901 2585 &lacrymantes
1915 2545 2042 2586 gaudio,
2063 2545 2144 2574 suam
2155 2549 2221 2586 erga

1265 2601 1314 2620 me
1334 2590 1574 2620 benivolentiam
1594 2609 1604 2623 ,
1633 2599 1666 2619 ac
1687 2585 1923 2617 misericordiam
1945 2587 2138 2617 declararunt.
2168 2589 2224 2621 At,

1263 2632 1334 2662 cuin
1346 2633 1397 2662 ille
1406 2630 1587 2662 furibundus
1599 2651 1608 2664 ,
1629 2631 1750 2660 incitata
1763 2629 1814 2658 illa
1828 2628 1877 2658 sua
1890 2628 2011 2659 vecordi
2026 2636 2129 2658 mente
2139 2647 2148 2662 ‚
2168 2637 2221 2658 ve-

1264 2673 1360 2704 niss'et:
1369 2675 1423 2704 vix
1434 2674 1463 2704 se
1471 2675 1600 2714 populus
1609 2676 1768 2703 Romanus
1777 2671 1883 2700 tenuit:
1894 2673 1947 2700 vix
1958 2671 2100 2700 homines
2108 2669 2218 2700 odium

1264 2717 1350 2746 suum
1368 2714 1383 2745 a
1401 2725 1525 2756 corpore
1540 2716 1604 2753 ejus
1619 2723 1739 2754 impuro
1751 2732 1759 2746 ‚
1777 2720 1863 2752 atque
1876 2712 2002 2742 infando
2012 2709 2216 2751 represserunt.

1262 2767 1351 2788 voces
1360 2757 1484 2798 quidem
1495 2777 1504 2791 ,
1516 2758 1548 2787 &
1557 2757 1724 2797 palmarum
1735 2756 1867 2784 intentus
1877 2772 1885 2786 ,
1897 2755 1930 2784 &
1939 2751 2151 2782 mat'edic‘i‘omm
2160 2747 2221 2781 eld-

1262 2810 1365 2829 morem
1374 2808 1482 2830 omnes
1491 2798 1699 2840 profuderunt.
1723 2795 1778 2826 Sed
1788 2793 1861 2836 quid
1871 2804 1926 2836 ego
1935 2795 2040 2836 populi
2049 2796 2142 2824 Rom.
2152 2795 2220 2824 ani-

1261 2852 1347 2872 mum
1359 2862 1368 2876 ‚
1386 2843 1589 2882 virtutemque
1600 2847 1813 2871 commemoro
1824 2856 1835 2870 2
1852 2836 2018 2868 libertatem
2027 2837 2092 2877 jam
2101 2845 2140 2865 ex
2150 2835 2220 2865 diu-

2134 2885 2222 2908 turna

308 2965 331 2981 ι,
352 2957 454 2980 Ethicx
466 2956 643 2991 ‹transitu-ila]
665 2957 754 2992 Vulgo
767 2959 827 2982 alm.
849 2955 1019 2982 sednostrum
1038 2954 1117 2980 restat
1137 2953 1164 2979 in
1176 2962 1224 2979 no-

268 3000 314 3020 no,
328 2990 437 3016 Erfird.
449 3000 477 3015 ac
487 2991 594 3017 (sembi.

267 3027 537 3096 νὸῗ,1ῒέζ»ὶὲἰξζαὲιυη
547 3028 664 3062 dimitiis]
686 3027 771 3054 Probe
783 3027 899 3064 explicat
907 3025 1044 3053 ViSlorius
1065 3024 1134 3051 libro
1145 3033 1222 3052 xxii.

307 3106 332 3132 3.
352 3100 422 3124 Nihil
432 3099 490 3131 sane
503 3101 563 3123 Atta
574 3098 726 3133 juvabant.]
749 3099 826 3125 Haud
846 3099 924 3125 aliter
946 3098 1015 3125 liber
1033 3096 1188 3123 &Vmor-is
1199 3105 1228 3121 ac

256 3133 378 3160 rsjenibl.
390 3143 447 3160 narn
462 3134 516 3159 l'al.
528 3143 589 3159 non.
602 3142 649 3159 are.
661 3135 741 3169 vulgo
753 3143 810 3161 erat
820 3137 835 3161 ὰ
847 3137 1021 3169 rejuveibatur.
1041 3133 1156 3160 nostram
1166 3141 1228 3168 pro-

268 3169 313 3197 bat
324 3169 494 3206 explicatque
505 3169 640 3196 Victorius
653 3170 724 3198 libro
734 3180 812 3198 xxii.
822 3180 879 3207 cap.
894 3179 935 3205 ¹7·
958 3169 1115 3198 Vincentius
1126 3171 1229 3197 Conta-

1266 2961 1343 2978 renus
1354 2950 1424 2978 libro
1434 2951 1456 2976 V
1459 2950 1539 2977 arior.
1551 2948 1666 2975 tentabit
1680 2949 1831 2974 nominabat.

1299 2995 1326 3020 4.
1348 2990 1498 3015 tAnimorum
1515 2987 1674 3019 oculorumque
1691 2982 1829 3015 confessus]
1851 2982 1891 3007 Ita
1902 2981 2040 3017 exemplat·
2052 2978 2220 3011 S,V3.&oris,

1265 3022 1418 3058 acceditque
1430 3022 1485 3048 Pal.
1497 3031 1592 3051 nonus,
1604 3022 1629 3046 in
1642 3030 1706 3055 quo,
1716 3021 1840 3046 contram.
1853 3017 1957 3053 vulgat-,i
1967 3020 2094 3043 contuitus.

1304 3069 1330 3092 5.
1348 3062 1376 3084 In
1387 3060 1465 3091 templo
1475 3058 1569 3083 Honoris
1579 3057 1677 3083 Vlsttutis
1690 3076 1697 3087 ‚
1707 3057 1775 3081 honos
1786 3056 1881 3080 habitas
1893 3072 1900 3085 ‚
1918 3054 1985 3087 &c]
2008 3053 2051 3079 Sic
2061 3049 2173 3078 E1·fiii·d¹.
2190 3051 2220 3077 &

1268 3094 1407 3121 Gemblac.
1426 3103 1485 3120 nain
1498 3094 1554 3119 Pal.
1566 3102 1648 3119 nonus
1667 3111 1674 3123 ‚
1693 3095 1718 3118 in
1730 3092 1807 3123 templa
1817 3091 1910 3116 Honoris
1922 3091 1989 3115 honos
1998 3089 2054 3114 hah.
2074 3089 2102 3114 S.
2111 3085 2184 3113 Viet.
2195 3089 2230 3119 hy

1267 3133 1346 3163 templo
1354 3134 1437 3157 virtus
1446 3130 1535 3157 honoris
1543 3131 1611 3156 hams
1621 3130 1681 3155 hab.
1689 3127 1771 3162 vulgo
1781 3132 1838 3154 erat
1849 3145 1858 3159 ,
1867 3129 1893 3153 ἐκ
1901 3127 1982 3159 templo
1990 3123 2091 3153 Vt'rtutk
2098 3125 2166 3150 hortos
2175 3123 2224 3148 ho-

1269 3167 1343 3194 himo.

2127 3203 2154 3223 ι.
2167 3193 2229 3220 Hl'ae
