2250 3358
691 103 1070 164 Htsr

122 204 226 252 nigrae
237 195 392 248 promisit
403 219 413 236 ‚
437 205 477 232 ut
492 192 656 232 Asconius
667 192 793 230 scribit.
819 193 1014 230 Decedebat
1029 209 1090 232 au-

120 265 189 289 tem
200 262 238 286 ea
246 249 354 296 spe,ut
366 245 425 282 fibi
437 244 707 293 populumRom
722 242 813 278 ultro
826 242 945 278 omnia
955 242 1090 279 delatu-

118 312 196 338 rum
209 306 353 346 putaret.
374 305 411 330 ac
425 293 508 329 cum
523 293 597 329 casu
614 291 735 327 diebus
747 291 786 326 iis
798 290 930 327 itineris
942 291 1088 327 faciendi

118 347 213 384 causa
225 372 234 387 ‚
260 343 420 381 Puteolos
444 341 586 379 veniffet
599 364 616 380 ,
637 339 792 376 concidit
805 352 904 388 paene
916 364 926 378 ‚
949 339 1032 376 cum
1044 353 1087 378 ex

117 409 159 433 eo
170 394 312 444 quidam
324 390 500 441 quaesisset,
512 403 585 440 quo
597 389 654 425 die
666 391 784 425 Roma
794 388 924 430 exiffet,
936 391 969 425 ὅ(
979 402 1083 426 num·

115 444 200 494 quid
223 444 260 479 in
272 455 312 479 ea
321 441 403 477 effet
414 440 499 477 novi
513 464 522 478 ,
544 438 641 487 quod
652 438 719 486 ipse
731 451 793 486 pro
807 437 947 474 Plancio
959 449 1085 476 narrat,

115 496 152 530 &
160 492 361 529 Plutarchus
372 490 409 526 in
420 490 490 527 vita
498 489 622 526 scribit.
635 488 730 523 Cum
745 487 764 522 ἐ
776 487 889 523 Sicilia
900 487 932 523 se
941 487 1084 534 recepis-

113 543 162 579 {et
175 568 184 583 ‚
197 541 273 590 jam
295 539 478 578 videbatur
499 537 641 575 facultas
662 536 719 573 illa
742 536 880 572 dicendi
893 536 959 572 effe
970 537 1083 590 perfe-

115 593 180 631 cta,
190 593 226 629 δί
238 589 363 626 habere
374 587 610 624 maturitatem
621 585 799 634 quandam
810 585 919 624 suam,
935 596 974 620 ut
986 596 1032 621 ait
1045 586 1081 621 in

114 641 231 676 Bruto·
245 638 323 675 Fuit
331 639 400 675 hoc
408 650 502 674 anno
511 636 692 673 Tribunus
703 633 1082 684 pleb.L-Quintius‚ho-

113 701 173 725 mo
186 688 339 725 maxime
351 686 522 735 popularis
531 709 541 723 ,
561 687 597 721 &
608 682 650 720 ad
661 681 931 736 inflammandos
944 683 1080 720 animos

113 737 348 773 multitudinis
376 732 656 772 accommodatus
672 745 679 768 ε
704 745 764 780 qui
788 743 979 768 conciones
990 746 1082 782 quo-

112 786 197 823 tidie
210 786 377 822 seditiosas
401 786 436 821 &
456 782 672 819 turbulentas
686 780 853 820 habebat,
879 780 1006 817 Cicero
1018 795 1082 830 pro

113 835 292 871 Cluentio·
303 836 410 870 Hunc
422 833 497 869 aaa
510 830 614 867 Sullae
626 829 818 866 rescindere
830 855 840 870 ‚
864 841 903 866 ac
916 830 1083 879 reipubli-

110 896 158 920 cae
172 884 295 920 statum
306 894 451 919 movere
464 883 500 918 δε.
513 880 712 928 perturbare
724 889 927 920 conantem,
953 880 1083 916 Lucul-

109 934 162 968 lus
186 931 306 968 consul
326 931 367 967 ab
387 932 526 978 incepto
548 929 694 965 deduxit
708 953 718 967 ‚
741 929 884 964 auetore
897 928 1082 965 Plutarcho

110 981 148 1016 in
161 980 322 1017 Lucullo.
336 980 431 1016 Hinc
444 981 563 1016 Macer
571 978 662 1026 apud
675 977 874 1013 Sallustium
889 991 895 1013 :
914 978 1083 1014 Lucullus

108 1030 244 1078 quantis
257 1029 379 1066 animis
392 1028 469 1065 ierit
480 1029 518 1063 in
533 1030 571 1063 L.
584 1027 776 1075 Quium
788 1052 799 1068 ,
824 1026 968 1064 vidistis,
985 1027 1083 1064 Idem

107 1078 274 1125 Qintius
297 1088 462 1126 patronus
477 1076 544 1113 fuit
568 1075 753 1125 Oppianici
767 1101 778 1117 ,
801 1075 860 1124 qui
884 1076 952 1112 hoc
976 1090 1082 1116 anno,

108 1129 218 1164 Verre
243 1138 388 1174 praetore
412 1126 548 1163 urbano
563 1151 573 1167 ,
594 1124 849 1161 condemnatus
860 1124 930 1166 est,
956 1125 1081 1162 Cicero

106 1189 171 1226 pro
184 1175 351 1213 Cluentio
363 1202 373 1218 ,
389 1177 425 1213 ὃς
438 1174 605 1212 Asconius
618 1174 656 1211 in
669 1174 808 1210 Verrin.
824 1185 854 1209 2.
868 1175 1015 1211 Verrem
1029 1176 1082 1211 his

108 1225 305 1262 consulibus
322 1235 506 1274 praetorem
521 1224 697 1260 urbanum
710 1222 812 1259 fuiffe
823 1247 833 1262 ‚
856 1224 1082 1272 cognoscitur

107 1275 211 1312 etiam
225 1274 374 1312 Verrina
385 1274 525 1323 septima
536 1298 547 1313 ‚
573 1273 634 1310 ubi
647 1273 774 1309 Cicero
787 1272 926 1321 inquit:
959 1275 1079 1311 Nemo

105 1335 178 1360 tam
195 1323 386 1360 rusticanus
399 1324 509 1359 homo
524 1325 564 1359 L.
578 1322 729 1359 Lucullo
749 1323 784 1359 &
797 1323 848 1358 M.
863 1322 970 1359 Cotta
980 1335 1076 1360 coss.

105 1375 261 1409 Romam
283 1385 327 1410 ex
348 1372 421 1409 ullo
443 1371 637 1421 municipio
652 1370 845 1408 vadimonii
858 1372 956 1408 causa
968 1373 1076 1412 venit,

104 1422 191 1471 quin
213 1421 310 1458 sciret
323 1445 334 1461 ‚
351 1420 433 1470 jura
444 1421 564 1458 omnia
574 1420 692 1470 populi
703 1420 859 1457 Romani
873 1431 962 1459 nutu
972 1432 1076 1472 atque

103 1471 247 1507 arbitrio
259 1471 464 1507 Chelidonis
475 1470 704 1508 meretriculae
716 1470 915 1518 gubernari.

152 1522 233 1557 Hoc
265 1520 369 1558 etiam
395 1531 556 1570 tempore
578 1522 629 1557 M.
650 1519 826 1556 Antonius
853 1519 963 1568 gratia
983 1520 1074 1558 Cot-

103 1579 149 1606 tae
171 1569 320 1606 consulis
333 1571 369 1607 &
381 1570 529 1618 Cethegi
542 1569 693 1606 faffione
706 1569 744 1605 in
756 1569 874 1606 senatu
886 1593 896 1608 ‚
920 1570 1073 1606 curatio-

104 1631 188 1656 nem
210 1619 331 1656 nauus
342 1619 450 1656 totius
462 1632 533 1656 orae
545 1618 727 1656 maritimae
742 1644 752 1660 ,
776 1618 929 1655 Siciliam
943 1621 979 1656 ὅτ,
989 1632 1075 1668 pro-

104 1667 236 1705 vincias
257 1681 381 1705 omnes
403 1668 632 1718 depopulatus
660 1667 709 1705 est
719 1692 730 1707 ,
753 1668 787 1705 &
806 1667 849 1704 ad
872 1680 1072 1706 extremum

102 1716 254 1753 inferens
265 1717 486 1755 Cretensibus
507 1718 640 1755 bellum
653 1742 664 1757 ‚
684 1730 721 1754 re
741 1717 831 1754 male
841 1716 952 1764 gesta,
971 1731 1070 1755 mor·

104 1765 151 1802 bo
162 1766 315 1806 interiit,
338 1767 505 1805 Asconius
516 1767 555 1804 in
568 1768 668 1803 Verr.
693 1766 816 1803 Livius
829 1766 905 1806 libr.
919 1768 1071 1813 97·F10-

102 1828 161 1851 rus
184 1816 273 1853 libro
293 1829 321 1860 3.
345 1816 456 1865 capite
479 1829 510 1863 7.
541 1815 709 1854 Meminit
727 1814 880 1864 Vellejus
898 1817 1073 1854 &Cicero

104 1865 205 1901 Verr.
219 1878 250 1909 4.
276 1864 345 1901 Ubi
360 1868 412 1903 M.
423 1866 569 1903 Antonii
581 1864 762 1903 infinitum
775 1865 963 1914 imperium
975 1865 1073 1904 dicit.

100 1913 170 1949 Hic
183 1914 356 1951 Antonius
368 1926 463 1962 pater
473 1916 541 1952 fuit
553 1914 759 1952 M.Antonii
775 1915 975 1952 Triumviri
987 1939 998 1955 ‚
1011 1917 1072 1965 qui

99 1961 137 1996 in
162 1962 337 1998 Plutarchi
360 1965 517 1999 Antonio
539 1963 691 2006 καπνός
711 1963 877 2000 mendose
894 1977 958 2011 pro
986 1970 1071 2011 Κρη-

101 2008 187 2050 mm}
209 2009 425 2047 nominatur.
458 2013 555 2048 Tum
577 2024 720 2060 quoque
742 2012 1070 2049 Metellus&Pom-

97 2056 195 2107 pejus
216 2058 251 2093 in
275 2058 436 2106 Hispania
469 2059 511 2094 ab
540 2059 722 2094 obfidione
748 2060 925 2106 Calagurii
951 2061 1071 2108 oppidi

96 2105 228 2156 depulfi
239 2131 249 2145 ‚
279 2106 392 2143 coaffl
415 2105 558 2143 fuerunt
585 2106 732 2143 diversas
760 2107 919 2153 regiones
942 2119 1069 2155 petere,

98 2155 262 2192 Metellus
285 2155 488 2192 ulteriorem
511 2155 710 2204 Hispaniam
731 2178 741 2194 2
776 2154 962 2204 Pompejus
984 2158 1067 2193 Gal-

97 2205 179 2240 liam
190 2230 200 2246 ,
225 2206 367 2241 austere
379 2204 481 2241 Livio
493 2205 569 2241 libr·
591 2216 612 2248 9
623 2217 649 2249 3-
673 2206 794 2253 Itaque
807 2214 885 2240 tum
897 2206 1069 2243 exercitus

97 2253 252 2302 Pompeii
266 2254 448 2303 hyemavit
458 2254 495 2289 in
510 2253 631 2293 Gallia,
642 2253 726 2290 cum
739 2256 790 2290 M.
800 2253 966 2302 Fontejus
982 2268 1067 2303 prae-

97 2314 155 2339 tor
164 2315 241 2339 eam
252 2303 475 2351 provinciam
485 2303 661 2341 obtineret
672 2327 682 2343 ‚
705 2314 744 2340 ut
757 2303 884 2340 Cicero
895 2317 960 2352 pro
974 2307 1066 2342 Fon-

97 2351 169 2400 tejo
182 2352 341 2388 ostendit.

143 2455 238 2489 Anno
248 2450 336 2489 urbis
348 2452 688 2552 nczxxxicciceronis
704 2461 842 2492 xxxiv.
854 2463 951 2489 coss.

527 2512 652 2543 uerunt,

140 2568 192 2605 M.
217 2569 503 2607 TERENTIUS
537 2569 714 2605 VARRO
743 2570 1016 2613 LUCULLUS‚

341 2619 385 2656 C.
412 2619 600 2656 CASSIUS
628 2620 805 2656 VARUS.

96 2702 219 2781 DE
231 2700 284 2736 his
295 2700 424 2737 Cicero
436 2714 499 2750 pro
511 2700 678 2737 Cluentio
692 2714 699 2736 ε
715 2699 780 2737 Sed
790 2712 908 2750 quaero
921 2699 941 2738 a
953 2701 1064 2742 vobis,

191 2762 280 2786 num
291 2749 388 2786 istam
401 2750 515 2799 legem
528 2763 573 2786 ex
582 2749 647 2786 isto
661 2750 782 2787 S.C.L.
793 2751 963 2787 Lucullus
975 2763 1064 2787 con-

94 2800 166 2839 sul,
194 2799 304 2834 homo
326 2799 586 2847 sspientiffimus
611 2799 754 2836 tulerit?
777 2812 866 2836 num
881 2812 975 2836 anno
987 2799 1066 2848 post

96 2850 146 2885 M·
160 2847 327 2884 Lucullus
338 2850 373 2885 &
384 2849 426 2886 C.
437 2849 570 2886 Caffius
582 2852 595 2886 ?
607 2849 757 2885 Eosdem
770 2862 777 2885 :
792 2849 940 2885 Verrina
951 2849 1065 2888 tertia,

93 2899 145 2934 Μ.
158 2897 367 2934 Terentium
380 2899 416 2935 Sc
427 2899 469 2935 C.
479 2897 632 2935 Caffium
643 2898 806 2934 nominat
818 2924 828 2940 ‚
841 2898 859 2934 a
872 2898 998 2948 quibus
1007 2898 1063 2937 lex

93 2947 319 2984 frumentaria
329 2947 494 2984 Terentia
502 2947 655 2985 &Cassia
663 2948 730 2985 lata
738 2947 817 2989 fuit,
830 2947 952 2997 detqua
961 2948 1065 2984 Cice-

97 3009 139 3032 ro
150 2995 298 3032 Verrina
306 2996 427 3044 quinta
440 3021 449 3035 ‚
460 2999 494 3034 &
504 2997 654 3046 stptima.
679 2997 747 3034 fuit
757 2996 853 3034 enim
867 2999 919 3034 M.
928 2997 1064 3034 Lucul-

31 3040 35 3042 ’
96 3044 161 3082 lus,
173 3044 281 3081 frater
291 3047 331 3081 L.
344 3045 497 3085 Luculli,
507 3046 547 3082 in
558 3047 811 3083 Terentiorum
824 3046 991 3083 familiam
1003 3046 1063 3083 ad-

95 3102 249 3146 optatus..
268 3093 391 3149 Eidem
404 3095 649 3150 Macedon-iam
673 3094 823 3150 evenisse
837 3122 856 3150 ‚¹
870 3095 1063 3150 Eutropius

94 3139 142 3177 lib
158 3141 316 3181 6·scribit.
327 3145 421 3182 Hinc
435 3145 561 3184 Cicero
572 3157 611 3184 in
623 3146 761 3191 Verr.4·
774 3147 877 3186 Dixit
886 3145 955 3185 hoc
967 3145 1063 3186 idem

1148 128 1186 166 O
1259 127 1304 167 R
1380 129 1402 167 I
1481 131 1516 168 A
1527 155 1536 167 .
2046 138 2068 174 1
2083 139 2114 193 ς’

1140 202 1192 236 M.
1207 200 1374 238 Lucullus
1387 224 1396 239 ‚
1409 200 1442 238 se
1453 201 1496 238 de
1507 201 1559 238 his
1572 201 1695 240 Dionis
1706 202 1944 242 incommodis
1960 217 2023 255 pro
2039 208 2107 244 ho-

1138 249 1236 294 spitio
1249 274 1260 288 ,
1273 249 1371 299 quod
1392 249 1451 287 fibi
1473 263 1556 288 cum
1580 264 1622 288 eo
1635 251 1716 289 esset
1728 280 1737 294 ‚
1755 251 1831 302 jam
1842 266 1920 292 ante
1934 258 2112 305 cognosse.

1139 298 1234 343 Qud
1248 299 1415 336 Lucullus
1429 300 1579 350 quitum
1600 301 1636 338 in
1650 303 1857 340 Macedonia
1874 304 1941 341 fuit
1955 331 1963 347 ‚
1988 307 2112 344 melius

1136 344 1209 378 haec
1224 349 1393 393 cognovit
1407 373 1418 388 ‚
1432 362 1538 399 quam
1548 351 1777 391 tunonensi,
1790 353 1848 401 qui
1865 356 1991 391 Romae
2006 355 2113 393 fuisti?

1135 394 1213 427 Hoc
1223 405 1316 447 anno
1326 396 1457 434 bellum
1468 399 1504 435 in
1517 399 1611 436 Italia
1620 399 1639 436 ὲ
1648 400 1894 449 gladiatoribus
1905 403 1994 440 duce
2005 407 2109 453 Spar-

1132 450 1208 494 taco
1234 453 1422 481 excitatum
1437 447 1484 483 est
1496 472 1505 486 ‚
1520 448 1616 498 quod
1632 449 1758 487 Cicero
1771 452 1809 487 in
1823 451 2014 489 Maniliana
2029 457 2108 491 Sei·-

1133 489 1201 525 vile
1220 502 1332 527 vocat.
1351 492 1394 528 de
1418 508 1489 542 quo
1509 496 1622 546 sci-ipsi
1644 498 1680 536 in
1694 499 1755 536 ult.
1768 512 1841 549 cap.
1855 500 1913 538 lib.
1928 514 1960 543 5.
1976 503 2107 540 Orofii.

1134 539 1269 592 Eodem
1281 551 1440 595 tempore
1453 546 1490 578 L·
1504 546 1687 590 Lucullus,
1699 550 1758 599 qui
1771 551 1892 587 consul
1907 564 1999 587 anno
2009 552 2108 601 supe—

1133 601 1225 625 riore
1251 601 1376 626 contra
1388 591 1626 630 Mithridatem
1639 599 1813 644 profer-stus
1825 610 1896 636 erat
1910 626 1920 640 ‚
1940 599 1982 636 ad
1995 602 2106 650 Cyzi-

1132 649 1215 674 cum
1234 639 1372 694 urbem·
1386 640 1579 678 exercitum
1604 643 1679 690 ejus
1689 647 1780 683 fame
1790 647 1955 698 ferroque
1967 649 2109 690 delevit,

1131 687 1275 741 audiere
1291 689 1399 724 Livio
1415 690 1491 725 libr.
1502 702 1535 734 9-
1549 693 1642 727 Nam
1654 705 1735 730 cum
1748 698 1854 733 totius
1867 697 2016 747 impetus
2026 699 2106 736 belli

1130 735 1172 771 ad
1182 737 1449 785 Cyzicenorum
1460 739 1594 776 moenia
1603 742 1814 784 constitisset,
1825 759 1970 796 eamque
1979 748 2106 785 urbem

1130 783 1190 820 sibi
1204 785 1421 824 Mithridates
1432 786 1517 824 Afiae
1542 788 1689 837 januam
1712 791 1786 828 fore
1811 797 1993 841 putavisset
2004 823 2013 838 ‚
2038 812 2107 846 qua

1129 831 1269 871 effraaa
1279 837 1315 871 &
1326 835 1460 873 revulsa
1472 860 1482 875 ‚
1504 848 1578 874 tota
1590 850 1719 886 pateret
1740 843 1920 889 provincia
1931 863 1940 887 3
1954 846 2106 894 pei-seila

1130 882 1171 919 ab
1189 884 1341 937 Lucullo
1358 885 1432 921 haec
1445 885 1525 922 sunt
1537 888 1670 927 omnia,
1683 901 1723 925 ut
1735 890 1816 926 urbs
1827 890 2106 933 fidelissimorum

1129 932 1303 986 sociorum
1329 933 1575 972 defenderetur
1585 961 1595 975 ‚
1621 948 1661 973 ut
1670 951 1794 975 omnes
1803 941 1912 989 copiae
1923 943 2010 990 regis
2023 945 2104 981 diu-

1127 983 1292 1018 turnitate
1304 982 1494 1020 obsidionis
1506 986 1798 1024 consumerentur
1809 1015 1818 1029 ‚
1844 990 1890 1025 ait
1903 990 2028 1027 Cicero
2040 1007 2104 1041 pro

1129 1032 1285 1067 Murena.
1298 1033 1445 1070 eandem
1455 1046 1531 1070 rem
1538 1047 1603 1081 pro
1616 1034 1691 1085 lege
1702 1037 1845 1074 Manilia
1855 1041 1888 1076 &
1900 1052 1964 1088 pro
1976 1042 2103 1078 Archia

1127 1092 1392 1118 commemorat.

1177 1183 1271 1216 Anno
1280 1180 1367 1218 urbis
1379 1193 1568 1278 DCLXXXJ
1580 1185 1736 1222 Ciceronis
1749 1196 1862 1222 xxxv.
1876 1197 1971 1225 coss.

1557 1244 1683 1275 uerunt,

1153 1298 1193 1334 L.
1220 1300 1426 1337 GELLIUS
1453 1303 1745 1341 POPLICULA.
1769 1304 1850 1340 CN.
1876 1304 2074 1343 CORNE-

1243 1350 1352 1386 LIUS
1398 1352 1664 1388 LENTULUS
1691 1353 1987 1391 CLODIANUS.

1125 1422 1245 1501 DE
1259 1421 1311 1458 his
1326 1420 1452 1458 Cicero
1465 1421 1502 1459 in
1516 1422 1616 1459 Verr.
1630 1435 1660 1466 4-
1685 1425 1804 1473 Itaque
1816 1424 1851 1460 in
1866 1427 1994 1462 Senatu
2007 1439 2096 1464 con-

1215 1469 1317 1506 tinuo
1342 1471 1605 1508 Cnffaentulus
1617 1496 1628 1511 ‚
1651 1473 1685 1509 δε
1709 1475 1749 1509 L.
1768 1473 1902 1511 Gellius
1929 1474 2099 1522 [Lucullus

1120 1518 1271 1567 impressi
1287 1519 1364 1556 libri
1378 1520 1560 1557 Ciceronis
1579 1520 1743 1558 mendose
1754 1521 1883 1559 habent
1896 1550 1905 1565 ‚
1930 1526 2012 1561 cum
2025 1549 2035 1565 ‚
2059 1531 2099 1564 L.

1118 1570 1238 1607 Gellius
1261 1567 1299 1605 in
1321 1569 1462 1606 vetustis
1487 1569 1580 1606 reste
1592 1571 1749 1620 legatur]
1772 1571 1942 1610 Confiiles
1963 1573 2098 1613 faciunt

1120 1617 1338 1656 mentionem
1350 1642 1360 1657 ‚
1385 1619 1518 1667 placere
1533 1619 1637 1657 statui
1649 1646 1658 1660 ,
1685 1619 1711 1656 fi
1726 1621 1882 1658 Patribus
1895 1623 2098 1673 conscriptis

1122 1667 1301 1705 videretur
1309 1695 1323 1710 ,
1331 1680 1375 1705 ne
1385 1667 1538 1706 absentes
1547 1668 1710 1706 homines
1721 1669 1756 1706 in
1767 1683 1831 1719 pro
1838 1672 1959 1708 vinciis
1971 1673 2020 1709 rei
2032 1672 2097 1710 fie-

1120 1728 1198 1754 rent
1209 1730 1329 1754 rerum
1341 1717 1550 1767 capitalium.
1567 1718 1679 1755 Iidem
1689 1718 1726 1755 in
1739 1730 1826 1756 orat·
1837 1733 1901 1769 pro
1914 1720 2020 1758 Balbo
2031 1723 2096 1759 ali-

1118 1766 1255 1816 quoties
1266 1768 1506 1805 nominantur.
1533 1769 1574 1804 In
1589 1778 1709 1817 quarta
1720 1768 1854 1814 veroin
1869 1771 2028 1809 Verrem:
2042 1774 2093 1809 M.

1121 1816 1277 1853 Lollium
1287 1816 1486 1854 Palicanum
1504 1817 1800 1866 Tribunumpleb.
1823 1820 1893 1854 hoc
1908 1833 2001 1856 anno
2013 1820 2096 1857 fuis-

1119 1865 1150 1902 se
1163 1889 1173 1905 ,
1185 1866 1438 1915 cognoscimus
1450 1878 1557 1916 quem
1567 1866 1719 1904 laboraff
1713 1880 1732 1904 e
1744 1893 1753 1909 ,
1767 1878 1808 1904 ut
1820 1868 2022 1906 Tribunitia
2030 1883 2096 1920 po·

1119 1911 1218 1952 testas
1229 1915 1360 1964 populo
1382 1915 1623 1953 restitueretur
1634 1942 1658 1957 ‚.
1669 1916 1844 1954 Asconius
1856 1917 1893 1954 in
1905 1919 2097 1957 Verrinam

1118 1965 1269 2012 primam
1281 1964 1406 2001 scribit.
1419 1967 1472 2001 De
1485 1964 1610 2001 eodem
1625 1964 1752 2002 Cicero
1764 1966 1800 2002 in
1814 1968 1934 2003 Bruto.
1957 1969 2098 2016 Aptior,

1120 2014 1236 2061 inquit
1248 2039 1258 2054 ‚
1284 2014 1390 2049 etiam
1400 2014 1577 2049 Palicanus
1590 2014 1730 2049 auribus
1742 2014 1999 2062 imperitorum.
2012 2020 2094 2054 Hoc

1118 2074 1212 2096 anno
1226 2061 1396 2097 Lucullus
1417 2061 1656 2098 Mithridatem
1668 2062 1704 2097 in
1722 2063 1875 2099 Pontum
1888 2064 2096 2110 persecutus,

1119 2121 1201 2144 eum
1214 2109 1413 2156 leg-ionibus
1425 2110 1595 2145 Romanis
1608 2109 1768 2158 patefecit
1777 2135 1787 2150 ,
1799 2112 1950 2160 quiante
1960 2116 2094 2162 populo

1118 2159 1224 2193 Rom.
1238 2169 1280 2193 ex
1293 2156 1393 2193 omni
1403 2157 1497 2195 aditu
1506 2158 1639 2195 clausus
1648 2158 1770 2201 fuerat,
1786 2171 1826 2197 ut
1837 2161 1883 2199 ait
1894 2162 2020 2201 Cicero
2030 2176 2096 2212 pro

1116 2206 1191 2255 lege
1203 2205 1348 2243 Manilia
1358 2230 1369 2246 ‚
1385 2208 1420 2244 δι
1428 2220 1492 2257 pro
1502 2208 1640 2245 Archia.

1163 2309 1259 2343 Anno
1266 2304 1354 2343 urbis
1366 2317 1562 2401 nchxxuf.
1572 2309 1730 2345 Ciceronis
1741 2321 1872 2347 xxxvi.
1888 2322 1991 2352 coss.

1553 2367 1680 2399 uerunt,

1096 2422 1099 2486 ]
1163 2430 1205 2467 c.
1241 2431 1468 2468 AUFIDIUS
1498 2433 1741 2476 ansTEs,
1779 2435 1814 2470 P.
1843 2434 2041 2472 CORNE-

1310 2481 1421 2518 LIUS
1459 2483 1724 2520 LENTULUS
1752 2483 1889 2520 SURA.

1125 2554 1366 2637 ORESTES
1376 2552 1488 2601 gentis
1503 2554 1652 2590 Aureliae
1665 2565 1866 2602 cognomen
1880 2554 1928 2590 est
1943 2569 1950 2591 :
1963 2553 2018 2591 sed
2030 2555 2086 2592 hic

1219 2602 1359 2639 Orestes
1368 2604 1386 2639 a
1395 2602 1463 2638 Cn.
1477 2599 1618 2639 Aufidio
1627 2602 1821 2652 adoptatus,
1833 2614 1873 2640 ut
1886 2604 2012 2640 Cicero
2022 2618 2088 2652 pro

1113 2650 1223 2687 domo
1235 2651 1292 2693 ait,
1306 2650 1537 2700 Cn.Aufidius
1552 2651 1688 2688 Orestes
1700 2651 1813 2688 dietus
1822 2652 1899 2689 fuit.
1912 2652 1977 2691 Cn.
1993 2655 2085 2690 Ore--

1111 2700 1196 2739 ster),
1210 2713 1292 2737 cum
1306 2701 1489 2737 Tribunus
1506 2700 1595 2749 pleb.
1608 2701 1675 2738 effe
1687 2714 1760 2737 non
1772 2700 1946 2750 potuisset,
1959 2702 2087 2738 consu-

1114 2750 1184 2786 lem
1206 2750 1339 2787 fasiiim
1352 2776 1362 2792 ,
1386 2750 1432 2786 ait
1444 2749 1570 2786 Cicero
1592 2764 1658 2800 pro
1671 2750 1822 2787 Plancio.
1846 2750 1945 2787 Idem
1958 2761 2088 2797 praetor

1113 2799 1267 2836 urbanus
1284 2800 1352 2836 fuit
1370 2812 1463 2836 anno
1486 2798 1582 2836 urbis
1605 2811 1788 2837 DCLXXVI·
1808 2811 1848 2836 ut
1871 2813 1914 2837 ex
1943 2801 2084 2836 Valerio

1113 2848 1171 2884 hb.
1177 2861 1206 2894 7.
1217 2861 1323 2898 cap.7.
1335 2859 1483 2898 apparet.
1506 2850 1542 2886 Ρ.
1554 2849 1727 2896 Lentulus
1738 2861 1821 2885 cum
1832 2848 1981 2885 Catilina
1993 2861 2081 2885 con·
2117 2886 2120 2887 ⁷

1108 2897 1245 2947 juravit
1256 2924 1266 2940 ,
1279 2909 1382 2947 atque
1394 2899 1413 2935 a
1424 2897 1598 2935 Cicerone
1608 2896 1763 2935 Consule
1774 2898 1811 2934 in
1825 2910 1961 2934 carcere
1972 2897 2082 2934 stran-

1114 2947 1252 2996 gulatus
1265 2947 1343 2989 fuit,
1355 2958 1395 2984 ut
1405 2947 1548 2984 inferius
1557 2946 1832 2984 dice1nus.Unde
1842 2948 1937 2984 Surae
1946 2959 2061 2995 cogno
2068 2967 2083 2974 ·

1094 2994 1095 3000 ¹
1115 3009 1197 3033 men
1208 2997 1405 3036 invenerit,
1429 2996 1633 3034 Plutarchus
1654 2997 1690 3032 in
1705 2996 1879 3033 Cicerone
1890 2997 1960 3032 hoc
1973 2995 2082 3031 modo

1114 3046 1259 3094 exponit
1273 3059 1280 3081 τ
1307 3046 1403 3083 Cum
1427 3046 1576 3083 Sullanis
1600 3045 1817 3095 temporibus
1842 3044 1992 3094 quaestor
2004 3056 2080 3081 ma-

1114 3108 1221 3143 gnam
1232 3095 1305 3132 vim
1318 3096 1474 3144 pecuniae
1486 3095 1634 3145 publicae
1645 3093 1879 3131 consumfiflet
1886 3104 1988 3142 atque
1997 3104 2077 3145 per-

1113 3143 1248 3184 didiffet
1260 3171 1272 3190 ,
1293 3144 1389 3185 Sulla
1410 3144 1447 3183 id
1470 3157 1563 3196 aegre
1584 3145 1720 3189 ferens,
1743 3143 1916 3182 rationem
1930 3142 1971 3227 ag>
1983 3153 2025 3175 eo
2030 3152 2076 3226 tiri

1966 3200 2028 3228 cna
2045 3201 2071 3226 u
