2337 3400
113 931 149 955 ΙΙ

169 105 267 171 936
577 92 1080 142 M.Tux.r„11

166 195 224 216 tur.
237 183 380 224 quoniam
395 181 422 208 iu
437 187 464 208 te
479 175 637 207 retinendo
647 172 706 203 fuit
716 171 781 203 Assa
791 169 1014 211 felicionquam
1027 178 1083 199 nos
1093 170 1126 200 in

165 224 360 257 deducendo:
381 218 506 259 pertice,
529 226 560 246 ut
578 217 679 245 lit-titia
697 215 860 254 provincia:
874 211 1055 242 desiderium
1066 221 1126 241 no·
1146 219 1149 247 ⁴,

166 267 258 297 strum
280 265 419 293 leniatur.
443 261 566 290 Etenim
587 256 607 286 si
630 259 662 286 in
679 254 903 296 promerendo,
925 263 956 284 ut
976 253 1034 283 tibi
1046 254 1120 282 tanti

165 310 293 337 honores
314 304 510 334 haberentur,
531 301 635 341 quanti
655 297 733 328 haud
754 297 814 327 scio
829 306 866 326 an
879 296 1020 328 nemini,
1039 293 1122 324 fuisti
1147 280 1150 310 l

165 349 307 378 oninium
322 341 582 386 diligentissimus:
606 339 708 370 mulio
720 348 867 378 majorem
880 339 913 368 in
923 339 970 366 his
979 334 1125 366 honoribus

164 389 267 419 tuendis
286 387 426 417 adhibere
448 384 636 426 diligentiam
649 381 748 412 debes.
773 383 811 411 Et
821 379 946 420 quidem
960 378 997 408 de
1008 377 1064 409 isto
1075 388 1128 417 ge-

165 441 236 461 nere
256 431 409 459 honorum
428 427 503 467 quid
526 426 666 456 sentirem
679 443 688 456 ‚
709 420 807 461 scripsi
820 422 856 451 ad
867 430 894 452 te
905 421 987 451 ante.
1010 420 1129 460 semper

166 483 217 503 eos
229 472 340 511 putavi,
358 468 378 499 si
390 478 523 510 vuigaies
534 466 636 498 ess'ent,
651 465 757 495 vileis:
774 463 794 493 fi
803 465 951 503 temporis
962 462 1044 492 causa
1055 472 1131 492 con-

167 514 370 545 stituerentur,
383 511 475 540 leveis
491 521 496 539 :
513 508 534 538 si
544 508 615 538 vero
634 507 685 546 (id
697 505 778 547 quod
790 507 828 536 ita
838 504 952 535 fastum
964 503 1018 543 est)
1028 504 1132 533 merim
1150 505 1151 520 ³

166 564 222 585 tuis
242 553 432 584 tribuerentur
447 571 455 586 ‚
478 549 690 582 existimabam
700 548 830 579 multam
843 547 898 577 tibi
909 550 940 577 in
952 548 997 576 liis
1006 548 1132 576 honori—

171 598 228 628 bus
245 596 364 628 tuendis
385 603 506 633 operam
525 591 583 622 esse
603 590 788 631 ponendam.
812 592 910 630 Qare
929 591 1075 629 quoniam
1097 590 1130 617 iu

169 639 234 669 istis
254 638 379 668 urbibus
398 646 469 666 cum
490 636 611 665 summo
623 635 755 673 imperio
770 651 779 665 ‚
800 630 985 671 &potestate
996 630 1128 662 versat-m,
1149 654 1151 668 ,

168 683 201 711 111
212 680 321 721 quibus
332 688 394 709 tuas
406 680 531 708 virtutes
540 675 736 708 consecratas,
749 673 782 704 δε
794 677 804 692 ¹
817 675 852 703 in
861 673 989 703 deorum
1001 681 1132 702 numero
1149 669 1151 673 ’

172 723 330 754 collocatas
342 720 426 751 vides
441 730 446 748 z
468 722 501 748 in
514 717 659 748 omnibus
669 716 769 749 rebus,
779 725 850 756 quas
862 715 966 745 statues
978 734 987 747 ‚
998 723 1070 754 quas
1079 712 1130 743 de-

167 774 268 795 cernes
282 784 290 798 ,
312 772 384 804 quas
393 771 458 803 ages
471 781 478 795 ‚
498 759 572 801 quid
585 761 673 790 tantis
686 758 832 787 hominum
839 755 1011 799 opinionibm
1021 775 1029 790 ‚
1042 758 1131 785 tantis

168 807 205 836 de
218 816 245 836 te
255 805 378 845 judiciis
389 824 398 837 ‚
421 805 510 834 tantis
519 801 688 832 honoribus
699 799 805 830 debeas
815 819 824 831 ‚
852 799 1011 840 cogitabis.
1034 797 1069 826 ld
1079 806 1131 826 au-

169 857 231 878 tem
253 849 308 877 erit
326 845 477 881 eiusmodi
494 864 502 878 ,
525 854 566 873 ua·
585 850 749 872 consumas
760 850 908 871 OMNiBus
921 860 928 874 ‚
953 849 984 870 ut
995 839 1130 868 medeare

169 888 378 920 incommodis
396 889 559 917 hominum
573 904 580 917 ,
600 883 756 924 provideas
779 883 882 915 saluti,
904 892 936 912 tit
956 891 982 911 te
991 888 1134 922 parentem
1151 903 1152 906 ,

170 931 244 962 Asia:
256 932 288 961 85
298 931 358 960 dici
372 950 380 963 ‚
394 930 425 959 Sc
437 928 537 958 haberi
549 927 634 957 velis.
655 929 752 965 Atque
763 925 835 954 huic
848 933 906 954 tuae
917 924 1087 956 voluntati,
1098 932 1130 951 ac
1150 927 1152 949 ί

169 975 336 1014 diligentiae
353 970 560 1002 difficultatem
587 976 728 1008 magnam
739 964 1040 1005 afferuntpublicani.
1062 966 1130 1004 qui-

169 1016 227 1046 bus
245 1013 265 1044 fi
285 1014 493 1045 adversamur:
514 1010 654 1040 ordinem
673 1009 709 1038 de
727 1008 818 1038 nobis
836 1007 952 1048 optime
974 1008 1131 1039 meritum,

172 1058 206 1088 &
226 1067 277 1097 per
297 1066 352 1086 nos
373 1064 442 1084 cum
463 1051 524 1092 rep.
546 1050 766 1090 conjunGtum‚
787 1050 822 1080 &
843 1049 980 1082 anobis,
1003 1048 1130 1087 &irrep

169 1099 389 1138 disjungemus.
422 1095 465 1124 sin
484 1104 584 1125 autem
604 1092 749 1123 omnibus
762 1094 796 1121 in
820 1091 907 1122 rebus
922 1091 1131 1130 obsequemur:

169 1140 310 1171 funditus
330 1149 381 1168 eos
400 1139 492 1178 perire
513 1138 680 1176 patiemur,
702 1143 833 1174 quorum
844 1143 907 1163 non
923 1132 1018 1162 modo
1030 1131 1128 1162 saluti,

170 1183 221 1213 sed
236 1202 244 1216 ‚
267 1183 357 1212 etiam
370 1183 384 1198 ²
396 1178 570 1209 commodis
588 1177 742 1207 consulere
754 1175 860 1205 debem
867 1185 909 1204 us.
940 1176 1014 1203 Haec
1024 1172 1066 1202 est
1077 1181 1135 1202 una

171 1226 181 1262 (
196 1223 215 1253 si
226 1224 294 1253 veri}
306 1224 432 1263 cogitare
445 1220 609 1258 volumus)
631 1221 665 1248 in
676 1227 741 1248 toto
751 1218 882 1256 irnperio
894 1225 947 1246 tuo
959 1213 1130 1245 difficultas.

170 1268 255 1297 Nam
272 1275 344 1294 essa
359 1271 598 1293 Ausi-maurnai
613 1272 622 1295 3
646 1261 803 1290 continere
814 1260 934 1288 omneis
944 1256 1132 1297 cupiditates;

171 1309 241 1338 suos
252 1308 387 1337 coercere
399 1318 407 1340 ·‚
423 1307 500 1344 juris
514 1303 697 1344 aequabilem
710 1311 810 1331 tenere
822 1302 970 1330 rationem
983 1310 992 1332 3
1010 1297 1132 1328 facilem

170 1358 199 1379 te
219 1350 252 1379 in
276 1349 365 1378 rebus
384 1346 624 1388 cognoscendis,
646 1346 677 1373 in
687 1342 867 1373 hominibus
882 1339 1060 1372 audiendis,
1082 1338 1134 1368 ad-

172 1391 388 1431 mittendisque
406 1388 536 1429 praebere
548 1399 556 1422 3
575 1387 748 1427 piaeclarum
761 1386 855 1425 magis
866 1383 908 1413 est
920 1404 928 1417 ,
949 1386 1039 1423 quam
1051 1379 1133 1411 diffi-

173 1434 242 1463 cile.
266 1443 331 1463 non
353 1430 396 1462 est
414 1432 498 1460 enim
518 1428 647 1469 positum
660 1430 694 1457 in
706 1428 804 1457 labore
813 1427 915 1466 aliquo
930 1445 938 1459 ‚
959 1425 1008 1454 sed
1020 1434 1052 1453 in
1061 1433 1133 1463 qua-

173 1475 243 1505 dam
256 1473 436 1504 indii&ione
450 1474 547 1502 animi
563 1492 571 1504 ,
590 1479 675 1511 atque
685 1469 851 1499 voluntate.
875 1468 930 1497 Illa
938 1467 1022 1497 causa
1033 1465 1133 1505 publi-

172 1526 320 1547 canorum
332 1523 476 1556 quantam
486 1513 674 1543 acerbitatem
686 1509 788 1541 afferat
799 1511 890 1540 sociis
900 1529 907 1542 ‚
922 1508 1133 1538 intelleximus

173 1568 213 1588 ex
224 1558 342 1588 civibus
357 1577 364 1589 ,
378 1558 430 1596 qui
440 1565 534 1594 nuper
546 1556 577 1583 in
589 1554 730 1593 portoriis
741 1552 831 1581 Italia:
843 1550 997 1582 tollendis,
1008 1560 1060 1578 non
1071 1557 1133 1577 ram

173 1600 206 1628 de
212 1599 434 1640 portorio‚quizm
444 1596 475 1625 ds
485 1596 616 1625 nonnullis
626 1595 736 1633 injuriis
742 1594 912 1634 portitorum
919 1590 1128 1632 querebantur.

180 1645 193 1669 3
214 1644 310 1680 Quare
332 1650 395 1670 non
408 1648 516 1680 ignoro
530 1657 538 1670 ‚
558 1636 631 1677 quid
645 1637 733 1666 sociis
744 1635 854 1665 accidat
865 1636 897 1663 in
911 1635 1026 1663 ultimis
1036 1633 1132 1665 term,

175 1681 247 1713 cum
261 1682 407 1712 audierim
420 1684 452 1709 in
463 1679 546 1709 Italia
557 1678 690 1719 querelas
703 1679 828 1707 civium.
854 1678 914 1705 Hic
925 1685 953 1705 te
964 1678 1004 1704 ita
1013 1674 1133 1707 vei-sari,

176 1734 210 1754 ut
229 1725 261 1754 δε
280 1723 448 1763 publicanis
469 1720 625 1751 satisfacias
637 1739 646 1752 ‚
673 1719 849 1758 (pracsertim
859 1717 990 1757 publicis
1001 1717 1079 1746 male
1089 1726 1134 1745 re-

176 1766 306 1804 demtis)
328 1764 361 1794 &
380 1765 478 1794 socios
488 1764 582 1802 perire
593 1770 658 1790 non
669 1760 743 1789 sinas
755 1780 764 1793 ,
783 1760 895 1788 divinae
906 1758 1061 1797 cujusdam
1074 1759 1134 1787 vii·-

174 1809 247 1838 1utis
260 1805 317 1837 effe
327 1806 446 1836 videtur
455 1824 463 1837 ,
476 1804 506 1833 id
517 1803 569 1836 est,
584 1812 650 1832 tuae.
674 1805 717 1831 Ac
729 1800 863 1840 primum
876 1802 998 1833 Gi‘aec'is,
1012 1799 1041 1829 id
1051 1799 1133 1840 quod

173 1847 394 1880 acerbiffimum
414 1845 458 1877 est
467 1866 476 1879 ‚
497 1845 580 1885 quod
592 1844 660 1874 sunt
669 1843 827 1882 vcfi'tigales
838 1863 846 1875 ,
869 1852 932 1871 non
946 1852 983 1871 ita
993 1844 1132 1871 acerbum

174 1891 271 1921 videri
291 1890 396 1922 debet,
416 1886 572 1929 propterea
595 1885 677 1926 quod
696 1884 757 1914 sine
775 1886 905 1923 imperio
921 1884 1132 1923 populiRom.

173 1933 235 1964 suis
258 1932 399 1963 institutis
410 1951 418 1964 ‚
438 1939 490 1970 per
501 1929 528 1959 se
538 1926 592 1969 ipsi
601 1930 641 1957 ita
654 1926 785 1957 fuerunt.
810 1928 937 1956 Nomen
947 1934 1047 1955 autern
1058 1925 1133 1964 pub-

173 1976 266 2005 licani
278 1973 428 2014 aspernari
438 1981 502 2002 non
513 1969 654 2011 poliunt,
668 1971 720 2010 qui
729 1967 862 2008 pendere
872 1966 923 2007 lpfi
933 1966 1060 2008 veestigal
1071 1965 1132 1998 fine

174 2017 339 2058 publicano
358 2025 421 2046 nori
433 2021 595 2054 potuerunt
606 2032 614 2045 ‚
633 2011 715 2052 quod
726 2012 763 2040 iis
774 2010 926 2051 aequaliter
936 2010 1016 2040 Sulla
1026 2008 1135 2040 descri-

174 2060 280 2100 pserat.
306 2060 380 2088 Non
399 2056 457 2087 efi'e
478 2065 578 2085 autem
588 2055 719 2083 leniores
729 2054 760 2082 in
770 2052 928 2092 exigendis
939 2050 1135 2092 vestigalibus

175 2103 296 2130 Graecos
308 2120 316 2133 ‚
338 2099 428 2140 quiim
449 2096 567 2128 nostros
586 2096 764 2136 publicanos
776 2114 784 2128 ,
804 2096 875 2124 hinc
884 2094 1014 2134 intelligi
1026 2093 1134 2132 potest,

175 2141 260 2183 quod
272 2144 379 2172 Caunii
392 2149 485 2181 nuper
498 2148 606 2169 omnes
617 2157 625 2171 ,
647 2147 684 2167 ex
696 2138 802 2167 insulis
813 2157 822 2170 ‚
841 2146 906 2177 quae
917 2145 999 2165 erant
1009 2136 1046 2165 ab
1055 2137 1136 2166 Sulla

176 2183 309 2215 Rhodiis
321 2183 479 2215 attributae,
491 2180 692 2221 confugerunt
701 2180 737 2209 ad
749 2179 896 2211 senatum,
908 2177 984 2207 nobis
996 2184 1030 2206 ut
1041 2175 1135 2218 potins

176 2224 307 2265 vestiga!
316 2245 325 2258 ,
346 2224 434 2266 qu'am
451 2223 566 2253 Rhodiis
570 2222 724 2263 penderent.
749 2224 846 2260 Qare
857 2230 972 2250 nomen
983 2219 1135 2259 publicani

177 2277 277 2309 neque
298 2268 321 2297 ii
339 2267 450 2296 debent
472 2268 613 2297 horrere,
642 2264 819 2304 quisempei·
833 2261 993 2303 ve&igales
1004 2260 1134 2291 fuerunt:

178 2306 275 2350 neque
294 2310 317 2339 ii
329 2309 474 2348 aspernari
487 2328 496 2342 ‚
516 2316 567 2347 qui
578 2315 629 2345 per
639 2308 666 2335 le
677 2305 805 2345 pendere
819 2303 944 2344 vestigari
955 2313 1018 2333 non
1029 2312 1136 2342 potue-

178 2360 250 2383 runt
265 2360 378 2390 :neque
390 2351 549 2379 iirecusate
560 2367 568 2381 ‚
581 2349 632 2387 qui
643 2346 878 2386 postulaverunt.
903 2346 1047 2375 Simul&
1060 2344 1136 2375 illud

180 2391 246 2423 Afiia
253 2394 381 2433 cogitet,
394 2391 508 2420 nullam
520 2392 535 2421 a
545 2391 573 2420 se
584 2398 682 2428 neque
694 2388 765 2417 belli
776 2390 905 2420 externi,
918 2397 1016 2427 neque
1026 2387 1136 2416 discor-

179 2434 297 2466 diarum
329 2432 562 2463 domesticarum
585 2431 782 2459 calamitatem
802 2428 970 2459 abfuturam
993 2426 1096 2461 fuisse,
1118 2426 1137 2457 si

181 2478 240 2506 hoc
262 2476 393 2515 imperio
411 2484 477 2504 non
498 2481 653 2508 teneretur.
676 2471 709 2501 id
720 2480 820 2500 autem
832 2472 995 2510 imperium
1008 2468 1080 2499 cum
1091 2480 1138 2500 re-

180 2520 270 2549 tineri
291 2517 350 2547 sine
369 2516 567 2558 ve&igalibus
579 2514 668 2543 nullo
682 2512 777 2542 modo
787 2510 873 2552 poll'it
885 2532 894 2544 ,
915 2521 1012 2550 AEQio
1026 2521 1139 2541 Animo

182 2569 294 2590 PARTE
311 2568 445 2597 ALiQA
465 2566 596 2588 suoauM
616 2564 797 2585 FRucruuM
810 2574 818 2587 ,
842 2563 958 2583 PACEM
972 2563 1044 2583 smi
1059 2563 1138 2583 sEM-

182 2611 367 2633 PITERNAM
386 2609 548 2630 REmMAr
569 2619 578 2632 ‚
603 2607 716 2636 ATQE
744 2605 866 2626 οτιυΜ.
898 2595 988 2635 Quod
1008 2594 1027 2624 si
1047 2605 1139 2636 genus

184 2643 333 2684 ipsum‚&
344 2652 461 2672 nomen
474 2641 626 2681 publicani
636 2649 700 2669 non
711 2640 818 2679 iniquo
827 2641 931 2668 animo
941 2637 1140 2670 sustinebunt,

184 2694 327 2725 poterunt
338 2687 376 2714 iis
388 2704 396 2718 ,
410 2684 517 2724 confimo
530 2704 537 2716 ‚
551 2681 740 2725 &prudentia
750 2691 798 2710 tua
809 2680 920 2720 reliqua
931 2678 1026 2709 videri
1036 2681 1142 2709 mitio-

186 2737 224 2756 ra.
247 2725 372 2757 Poss'nnt
395 2728 425 2755 in
446 2725 637 2765 [motionibus
656 2722 802 2753 faciendis
822 2731 885 2751 non
908 2723 1003 2762 legem
1015 2720 1143 2760 spectare

186 2769 352 2798 censoriam
365 2787 374 2800 ,
387 2767 434 2797 sed
446 2770 547 2807 potius
557 2764 807 2796 commoditatem
821 2761 1004 2794 conficiendi
1016 2766 1140 2804 negotii,

187 2810 221 2838 δί
242 2810 449 2839 liberationem
461 2808 618 2838 molestiae.
641 2810 730 2837 Potes
740 2816 828 2836 etiam
841 2815 871 2834 tu
885 2805 914 2834 id
924 2804 1019 2835 facere
1031 2824 1039 2838 ‚
1060 2806 1141 2845 quod

189 2850 222 2879 δε
234 2849 327 2880 fecisti
339 2852 453 2891 egregie
467 2871 475 2883 ,
498 2851 529 2880 &
541 2851 629 2882 racis,
645 2858 675 2878 ut
686 2857 910 2878 commemoies
922 2866 930 2880 ‚
950 2855 1057 2886 quanta
1068 2846 1143 2877 sitin

188 2891 356 2931 publicanis
370 2893 496 2933 dignitas
508 2912 515 2925 ‚
527 2901 673 2933 quantum
687 2900 741 2920 nos
754 2891 799 2919 illi
811 2889 910 2918 ordini
923 2888 1096 2923 debeamus,
1111 2899 1143 2920 ut

189 2941 309 2963 remoto
320 2934 448 2972 imperio
460 2953 468 2967 ‚
491 2944 523 2965 ac
534 2944 564 2965 vi
575 2932 725 2974 potestatis
737 2952 745 2966 ‚
766 2929 932 2962 &fascium
946 2950 955 2964 ‚
966 2929 1144 2970 publicanos

1146 91 1699 142 Cicnnou1s

1166 183 1236 221 eum
1258 173 1370 202 Graecis
1391 173 1483 214 gratia
1491 181 1580 214 atque
1590 174 1768 206 auetoritate
1777 174 1951 218 conjungas.
1974 173 2030 207 Sed
2041 175 2074 206 &
2087 174 2128 207 ab

1167 217 1204 245 iis
1214 235 1221 249 ‚
1237 215 1273 245 de
1283 213 1394 254 quibus
1406 215 1522 253 optime
1535 223 1566 244 tu
1578 218 1703 246 meritus
1712 227 1743 247 es
1754 238 1763 251 ,
1782 218 1814 248 &
1824 220 1877 259 qui
1891 218 1945 248 tibi
1957 219 2063 248 omnia
2071 216 2126 247 de·

1168 257 1242 287 bent
1254 277 1262 290 ,
1286 257 1343 286 hoc
1354 264 1433 295 petas
1445 276 1453 289 ‚
1472 264 1504 284 ut
1515 265 1730 288 εΑοιωτΑ-πε
1739 261 1787 290 sua
1799 279 1807 293 ‚
1826 269 1883 290 nos
1895 269 1958 290 eam
1971 257 2127 290 neceffitu-

1167 298 1272 329 dinem
1286 318 1296 331 ,
1316 307 1382 338 quae
1395 296 1437 326 est
1446 296 1536 326 nobis
1546 306 1618 326 cum
1627 299 1797 337 publicanis
1810 320 1819 335 ,
1840 301 1978 332 obtinere
1990 301 2129 336 ,‘&con-

1169 342 1283 371 servare
1295 341 1451 379 patiantur.
1475 338 1532 368 Sed
1543 337 1616 379 quid
1627 349 1681 380 ego
1695 349 1722 369 te
1733 342 1794 372 haec
1807 343 1912 374 hortor
1922 363 1931 377 ,
1945 353 2011 383 quae
2021 352 2053 372 tu
2063 352 2128 372 non

1171 381 1269 413 modo
1288 382 1385 411 facere
1404 389 1490 420 potes
1511 388 1560 410 tua
1581 380 1688 419 sponte
1709 379 1769 411 fine
1779 385 1953 425 cujusquam
1963 386 2129 425 praeceptis,

1170 424 1220 454 sed
1241 424 1331 454 etiam
1352 432 1459 463 magna
1480 421 1545 461 jam
1557 431 1594 451 ex
1605 431 1687 462 parte
1699 422 1846 462 perfecisti
1857 430 1868 452 ἒ
1887 436 1950 456 non
1962 436 2045 456 enim
2056 423 2132 456 desi-

1170 465 1250 496 stunt
1262 466 1352 495 nobis
1361 474 1446 505 agere
1456 463 1592 504 quotidie
1602 467 1708 505 gratias
1719 465 1976 500 honestiffimae‚&
1987 470 2130 498 maximae

1171 508 1323 538 societates
1336 517 1341 535 t
1365 506 1446 547 quod
1456 505 1580 546 quidem
1593 507 1670 535 mihi
1684 506 1797 536 idcirco
1808 508 1967 545 jucundius
1980 509 2032 542 est,
2045 508 2128 550 quod

1172 551 1254 580 idern
1265 548 1380 591 faciunt
1392 549 1501 578 Graeci.
1526 556 1620 576 DxFFi
1629 557 1710 577 CILE
1722 557 1778 577 1-:sr
1792 558 1891 578 autem
1904 559 1935 579 ea
1947 569 1955 583 ,
1967 560 2032 591 quae
2041 561 2130 581 com-

1171 591 1274 622 modis
1285 611 1294 625 ,
1316 591 1446 620 utilitate
1458 609 1466 623 ‚
1479 589 1511 619 δε
1522 589 1614 628 prope
1627 598 1732 619 natura
1741 589 1857 621 diversa
1869 590 1936 620 sunt
1946 611 1955 624 ,
1977 593 2132 622 voluntate

1171 634 1367 674 conjungere.
1392 635 1431 661 At
1442 641 1475 662 ea
1486 630 1610 671 quidem
1624 650 1633 664 ‚
1644 641 1710 672 quae
1722 631 1806 671 supra
1816 632 1923 672 scripta
1935 632 2012 666 sunt,
2023 643 2086 663 non
2098 643 2131 664 ut

1171 684 1198 706 te
1209 674 1396 705 instituerem
1411 693 1419 707 ,
1443 670 1543 712 scripsi
1574 679 1583 711 l
1596 682 1693 713 neque
1706 683 1789 702 enim
1802 674 1961 713 prudentia
1971 683 2019 704 tua
2032 675 2131 714 cujus-

1170 727 1262 758 quam
1275 724 1418 756 praecepta
1430 713 1572 745 desiderat
1585 716 1593 753 )
1607 714 1655 744 sed
1667 725 1716 744 mc
1727 717 1759 744 in
1770 715 1927 745 scribendo
1938 725 2132 746 commemo-

1173 762 1248 790 ratio
1269 768 1326 789 tuae
1347 759 1470 788 virtutis
1489 755 1649 786 dele-&wit
1670 767 1676 785 :
1698 767 1882 798 quamquam
1904 760 1936 787 in
1957 758 2004 787 his
2024 758 2132 788 litteris

1172 802 1295 842 longior
1314 799 1377 833 fui,
1399 800 1489 840 quam
1509 808 1558 828 aut
1568 798 1677 828 vellem
1690 818 1700 832 ,
1720 808 1768 828 aut
1779 799 1870 839 quam
1882 809 1931 829 me
1943 801 2044 839 putavi
2054 798 2130 829 fore.

1176 846 1284 873 Unum
1297 841 1351 875 est,
1362 841 1445 882 quod
1457 840 1512 870 tibi
1523 850 1578 880 ego
1589 849 1752 880 praecipere
1762 851 1825 870 non
1837 840 1980 874 desinam,
1993 851 2090 882 neque
2100 850 2129 871 te

1173 887 1267 925 patiar
1287 884 1455 924 (quantum
1485 884 1518 911 in
1550 891 1600 911 me
1620 884 1696 922 erit)
1717 892 1787 912 cum
1809 885 1987 923 exceptione
2007 883 2130 913 laudari.

1173 928 1388 958 omnewenim‚
1399 926 1450 965 qui
1458 923 1547 954 istinc
1555 926 1699 957 veniunt,
1713 926 1752 954 ita
1763 924 1800 953 de
1814 934 1862 954 tua
1874 933 1994 958 virtute,
2008 927 2133 966 integri-

1173 978 1247 1002 tate,
1267 970 1454 998 humanitate
1474 975 1720 996 commemorant
1730 985 1738 999 ,
1758 975 1791 995 ut
1812 968 1844 996 in
1856 970 1913 996 tuis
1924 967 2053 997 summis
2066 967 2131 997 lau-

1173 1010 1261 1040 dibus
1279 1010 1432 1049 excipiant
1450 1017 1542 1037 unam
1558 1008 1744 1036 iracundiam.
1767 1008 1849 1048 quod
1863 1011 1970 1038 vitium
1984 1029 1992 1043 ‚
2013 1007 2130 1039 cumin

1172 1053 1227 1082 hac
1236 1054 1352 1092 privata
1365 1070 1374 1084 ,
1385 1049 1618 1090 quotidianaque
1631 1059 1692 1078 vita
1702 1051 1776 1079 levis
1786 1048 1844 1079 effe
1856 1052 1951 1081 animi
1964 1071 1972 1085 ‚
1984 1060 2070 1091 atque
2080 1053 2132 1080 in-

1174 1093 1258 1123 firmi
1269 1093 1389 1122 videtui·
1404 1102 1408 1120 :
1431 1099 1495 1120 turn
1508 1089 1583 1119 vero
1595 1099 1767 1119 NIHILEST
1780 1100 1840 1121 tam
1857 1091 1995 1124 deforme
2008 1112 2017 1126 ‚
2036 1092 2129 1133 quam

1173 1135 1210 1164 ad
1230 1136 1388 1165 summum
1408 1133 1573 1172 imperium
1593 1133 1682 1161 etiam
1704 1132 1891 1163 acerbitatem
1903 1144 2014 1164 naturae
2023 1135 2131 1173 adjun-

1172 1186 1251 1218 gere.
1274 1179 1372 1215 Qare
1392 1174 1467 1204 illud
1489 1183 1553 1203 non
1575 1173 1732 1213 suscipiam
1744 1193 1752 1207 ‚
1773 1182 1805 1204 ut
1815 1194 1824 1207 ,
1846 1185 1911 1215 qua:
1931 1176 1968 1206 de
1977 1175 2130 1207 iracundia

1173 1219 1232 1248 dici
1244 1217 1341 1248 solent
1350 1218 1366 1247 a
1375 1214 1553 1246 doetiffimis
1565 1215 1791 1249 hominibus,ea
1802 1216 1858 1246 tibi
1870 1227 1953 1247 nunc
1963 1227 2127 1258 exponam,

1172 1259 1244 1290 cum
1264 1260 1297 1289 ὃς
1307 1260 1400 1289 nimis
1412 1259 1521 1297 longus
1531 1255 1588 1287 effe
1598 1258 1696 1287 nolim
1710 1277 1718 1291 ‚
1746 1257 1778 1287 &
1789 1268 1827 1288 ex
1838 1259 2130 1299 multorumscriptis

1173 1312 1206 1332 ea
1223 1301 1310 1332 facile
1335 1299 1423 1341 poffis
1443 1299 1631 1340 cognoscere.
1652 1299 1745 1333 illud,
1768 1299 1850 1340 quod
1861 1300 1903 1331 est
1913 1301 2045 1341 epistolae
2053 1310 2127 1341 pro-

1174 1346 1286 1384 prium,
1300 1353 1332 1374 ut
1343 1346 1380 1375 is,
1393 1342 1427 1372 ad
1438 1351 1530 1383 quem
1543 1341 1679 1371 scribitur
1691 1361 1699 1374 ‚
1711 1341 1748 1371 de
1758 1344 1794 1371 iis
1805 1342 1904 1377 rebus,
1916 1353 1988 1386 quas
1998 1345 2127 1385 ignorat,

1173 1388 1284 1416 certior
1305 1384 1354 1415 fiat
1364 1405 1372 1418 ‚
1394 1383 1688 1424 praetermittendum
1710 1381 1767 1412 ess'e
1786 1393 1848 1413 non
1861 1394 1943 1424 puto.
1967 1387 2015 1416 Sjc
2024 1385 2059 1415 ad
2070 1394 2128 1414 nos

1173 1437 1284 1458 omnes
1301 1427 1365 1457 fere
1385 1425 1527 1456 deferunt
1541 1444 1549 1458 ³
1569 1425 1643 1453 nihil
1662 1423 1726 1454 cam
1746 1424 1820 1465 absit
1840 1427 2004 1460 iracundia,
2027 1434 2054 1456 te
2061 1425 2128 1463 fieri

1170 1469 1240 1511 poffi
1250 1469 1413 1508 jucundius.
1433 1467 1482 1507 scd
1489 1466 1554 1496 cism
1579 1474 1606 1496 re
1614 1467 1734 1506 alicujus
1745 1466 1908 1505 improbitas
1918 1490 1926 1502 ,
1947 1468 2128 1509 perversitas—

1173 1522 1227 1552 que
1244 1511 1442 1543 commoverit,
1465 1509 1501 1548 (ic
1519 1517 1546 1538 te
1563 1509 1658 1537 animo
1676 1510 1792 1538 incitari
1803 1529 1812 1543 ,
1832 1518 1867 1538 ut
1884 1510 1920 1539 ab
1939 1509 2064 1540 omnibus
2074 1518 2127 1539 tim

1172 1553 1335 1593 defideretur
1359 1552 1531 1580 humamtaae.
1556 1553 1653 1591 Qiate
1672 1553 1817 1591 quoniam
1838 1561 1871 1581 in
1892 1562 1955 1582 eam
1976 1554 2127 1583 rationem

1173 1598 1243 1625 vitae
1254 1604 1311 1624 nos
1323 1603 1386 1623 non
1399 1602 1457 1623 tam
1469 1591 1614 1632 cupiditas
1624 1592 1757 1632 quaedam
1770 1593 1885 1633 gloriae,
1897 1594 1986 1634 quam
1997 1603 2044 1624 res
2054 1594 2125 1633 ipfit,

1174 1646 1206 1667 ac
1215 1635 1338 1667 fortuna
1348 1635 1474 1665 deduxit
1486 1654 1494 1667 .
1519 1634 1738 1674 utsempiternus
1745 1634 1834 1673 firmo
1844 1636 2008 1665 hominurn
2019 1635 2056 1665 de
2067 1644 2127 1665 no-

1176 1679 1221 1709 bis
1232 1678 1348 1708 futui-us
1360 1675 1395 1707 sit
1408 1687 1413 1706 :
1434 1685 1591 1707 caveamus
1602 1696 1610 1709 ‚
1631 1686 1776 1716 quantum
1790 1675 1908 1707 efficere
1919 1697 1927 1710 ,
1939 1677 1971 1706 ὃς
1983 1676 2128 1717 consequi

2153 851 2192 886 ¹3

1174 1719 1332 1760 possumus
1343 1739 1351 1753 ‚
1373 1729 1410 1748 ne
1420 1718 1501 1759 quod
1512 1718 1545 1746 in
1556 1717 1648 1747 nobis
1659 1716 1772 1759 infigne
1781 1720 1893 1748 vitium
1903 1717 1990 1748 fuifl'e
2001 1718 2125 1749 dicatur.
2162 1736 2165 1741 >

1180 1764 1289 1802 Neque
1308 1770 1363 1801 ego
1382 1761 1440 1790 hoc
1459 1768 1542 1789 nunc
1558 1759 1711 1788 contendo
1731 1779 1739 1792 ,
1761 1760 1844 1800 quod
1865 1759 1983 1790 fortasse
2000 1760 2072 1790 cum
2091 1762 2127 1790 in

1175 1813 1261 1832 omni
1281 1811 1403 1834 natura,
1424 1810 1489 1831 tum
1506 1802 1568 1840 jam
1586 1802 1618 1830 in
1640 1799 1740 1831 nostra
1758 1810 1841 1831 aetate
1862 1811 2123 1835 mrmmmznsr,

1178 1853 1323 1874 MUTARE
1338 1853 1487 1873 ANIMUM
1503 1861 1512 1875 ,
1531 1851 1612 1872 ETSI
1636 1852 1725 1880 Qun
1745 1852 1801 1871 asi·
1819 1852 1965 1873 paunus
1977 1852 2129 1873 inst-runt

1176 1896 1331 1916 M0R1iius
1345 1905 1354 1920 ‚
1377 1895 1414 1915 11>
1433 1883 1552 1915 suni-ro
1573 1893 1748 1914 EVELLERE
1761 1884 1825 1914 :sed
1836 1894 1864 1914 te
1876 1885 1952 1915 illud
1961 1885 2125 1919 admoneo,

1175 1938 1225 1962 ut,
1248 1926 1269 1957 fi
1288 1929 1346 1958 hoc
1366 1928 1455 1967 plene
1477 1935 1571 1956 vitare
1590 1936 1653 1956 non
1664 1935 1749 1966 potes
1761 1947 1770 1960 ,
1792 1925 1874 1967 quod
1885 1926 1954 1957 ante
1964 1935 2125 1966 occupatur

1175 1973 1296 2001 animus
1306 1970 1342 2000 ab
1352 1968 1506 2000 iracundia
1517 1988 1526 2002 ,
1537 1968 1627 2008 quam
1638 1968 1797 2008 providere
1808 1969 1884 1999 ratio
1895 1970 1994 2008 potuit
2004 1988 2013 2002 ‚
2025 1978 2063 1998 ne
2073 1978 2127 1999 oc·

1174 2021 1330 2052 cuparetur
1342 2023 1347 2040 :
1362 2021 1391 2042 te
1400 2012 1467 2041 ante
1479 2019 1646 2050 compares,
1658 2010 1840 2052 quotidieque
1849 2004 2131 2044 meditereffefistenss

1173 2054 1246 2084 dum
1259 2053 1317 2084 effe
1327 2053 1498 2084 iracundiae:
1508 2062 1640 2093 cumque
1654 2063 1686 2083 ea
1696 2054 1832 2083 maxime
1845 2055 1983 2084 animum
1996 2062 2129 2091 moveat,

1176 2106 1243 2127 tum
1269 2096 1324 2127 tibi
1356 2094 1414 2126 effe
1431 2094 1658 2136 diligentiflime
1678 2104 1846 2125 MNGUAM
1864 2092 2136 2125 CONTINENDAMtv

1176 2149 1240 2179 quae
1262 2138 1386 2179 quidem
1405 2139 1483 2167 mihi
1503 2139 1596 2167 virtus
1616 2146 1678 2166 non
1699 2137 1852 2167 interdum
1872 2138 1978 2167 minor
1996 2136 2128 2170 videtur,

1176 2181 1266 2221 quam
1278 2182 1410 2210 omnino
1420 2189 1485 2209 non
1497 2179 1589 2209 irasci.
1614 2181 1695 2208 Nam
1708 2179 1783 2209 illud
1793 2188 1858 2208 non
1870 2177 1969 2209 solum
1981 2177 2024 2207 est
2031 2180 2130 2218 gravi-

1176 2224 1243 2252 tatis
1263 2243 1272 2256 ‚
1300 2221 1350 2252 sed
1369 2231 1602 2262 nonnumquam
1622 2222 1710 2250 etiam
1732 2221 1934 2251 lentitudinis.
1974 2219 2128 2250 Moderari

1180 2263 1254 2295 vcro
1267 2264 1299 2294 δε
1310 2265 1426 2296 animo,
1439 2263 1472 2293 ὅτ.
1482 2261 1697 2295 orationi‚cum
1710 2260 1745 2292 lis
1755 2264 1908 2296 iratus,aut
1919 2263 2009 2291 etiam
2020 2270 2129 2294 tacere,

1178 2307 1210 2336 &
1222 2315 1324 2336 tenere
1336 2308 1366 2335 in
1378 2306 1427 2335 sua
1437 2304 1580 2345 potestate
1591 2314 1710 2334 motum
1723 2305 1838 2337 animi,
1859 2304 1892 2334 &
1903 2303 2042 2333 dolorem
2056 2323 2064 2336 ,
2078 2301 2129 2332 etfi

1178 2358 1242 2378 non
1252 2347 1294 2378 est
1302 2346 1580 2388 persestaefapienriae,
1594 2355 1693 2376 tamen
1706 2345 1748 2376 est
1759 2356 1822 2375 non
1834 2345 1994 2374 mediocris
2005 2346 2130 2385 ingenii.

1179 2393 1277 2430 Atque
1296 2392 1329 2418 in
1346 2391 1405 2419 hoc
1424 2398 1531 2429 gtuere
1554 2387 1653 2418 multo
1674 2396 1700 2417 te
1717 2386 1775 2417 ess'e
1793 2389 1853 2426 jam
1873 2386 2131 2420 commodiorem,

1180 2432 1394 2470 mitioremque
1412 2433 1562 2459 nuntiant.
1586 2430 1689 2459 Nullae
1707 2438 1763 2459 tua:
1782 2430 2026 2458 vehementiores
2037 2429 2134 2458 animi

1181 2474 1400 2502 concitationes
1411 2491 1420 2504 ‚
1444 2472 1526 2501 nulla
1536 2470 1696 2501 maledieta
1704 2470 1738 2500 ad
1751 2479 1806 2500 nos
1817 2490 1826 2504 ‚
1838 2471 1929 2500 nullae
1939 2470 2134 2500 contumeliae

1181 2512 1372 2554 perferuntur
1385 2525 1389 2542 ;
1401 2522 1466 2553 quae
1476 2511 1545 2542 cum
1558 2513 1722 2542 abhorrent
1734 2513 1877 2546 alitteris,
1889 2512 1924 2542 ab
1935 2513 2132 2544 humanitate,

1182 2565 1247 2585 tum
1271 2553 1345 2585 vero
1363 2555 1705 2596 contrariafitnti'mperio
1719 2574 1727 2586 ‚
1748 2564 1781 2583 ac
1790 2554 1940 2594 dignitati.
1963 2551 2133 2585 narnfiim·

1182 2597 1342 2637 placabiles
1362 2596 1525 2627 iracundiae
1533 2595 1590 2625 sint
1600 2616 1608 2630 ,
1627 2597 1744 2626 sumina
1755 2596 1796 2626 est
1807 2591 1959 2627 acerbitas.
1981 2594 2023 2624 sm
2033 2603 2134 2624 autern

1183 2639 1360 2671 exorabiles,
1372 2639 1490 2668 summa
1501 2638 1605 2668 levitas
1617 2648 1622 2666 :
1634 2648 1699 2678 quae
1709 2646 1810 2667 tamen
1830 2639 1926 2676 (utin
1938 2637 2023 2667 malis
2035 2637 2044 2674 )
2055 2645 2134 2665 acer-
2151 2648 2154 2654 ¹

1184 2681 1269 2710 bitati
1280 2680 1490 2720 anteponenda
1502 2679 1554 2709 cst.
1577 2679 1633 2710 Sed
1644 2690 1789 2720 quoniam
1801 2682 1917 2720 primus
1926 2687 2020 2708 annus
2032 2677 2136 2707 habuit

1182 2723 1218 2753 de
1229 2723 1281 2752 hac
1291 2721 1519 2762 reprehensione
1529 2721 1695 2761 plurimum
1707 2720 1958 2754 sermonis,credo
1969 2727 2137 2758 propterca,

1182 2764 1264 2805 quod
1277 2764 1330 2794 tibi
1340 2765 1503 2794 hominum
1515 2764 1633 2803 injuriae
1647 2784 1654 2796 ,
1666 2763 1748 2803 quod
1758 2764 1899 2794 avaritiae,
1909 2760 1990 2800 quod
2004 2760 2137 2795 insolen-

1183 2816 1233 2840 tia,
1245 2815 1352 2846 praetcr
1362 2807 1542 2845 opinionem
1554 2805 1712 2838 accidebat,
1726 2803 1964 2834 &intolerabilis
1973 2802 2137 2832 videbatur:

1185 2848 1329 2878 secundus
1348 2858 1448 2878 autern
1459 2847 1558 2876 multo
1569 2847 1683 2878 lenior,
1704 2843 1785 2885 quod
1801 2844 1834 2873 &
1851 2844 2012 2884 consuetudo
2024 2863 2033 2878 ‚
2046 2843 2080 2875 ὸ·
2091 2852 2139 2873 raa

1186 2891 1225 2919 tio
1238 2910 1246 2923 ,
1271 2890 1303 2920 &
1323 2890 1376 2928 (ut
1387 2899 1442 2930 ego
1453 2889 1599 2927 arbitror)
1610 2896 1684 2916 meae
1695 2895 1812 2927 quoque
1824 2886 1929 2917 littera:
1941 2895 1967 2915 te
1980 2887 2140 2925 patientio-

1187 2942 1251 2962 tem
1263 2952 1272 2966 ‚
1295 2931 1505 2971 lenioremque
1526 2928 1677 2959 fecerunt:
1701 2929 1804 2957 tertius
1822 2937 1916 2958 annus
1934 2929 1974 2958 ita
1984 2926 2041 2957 effe
2052 2927 2141 2958 debet

2031 2979 2140 2999 emen-

229 3073 252 3090 1.
272 3065 399 3089 lndcorum
419 3074 510 3090 mamre
529 3068 649 3091 collocatas
660 3066 756 3100 vider]
778 3066 893 3101 Egregie
913 3065 1032 3102 explicat
1044 3065 1145 3102 Lipsius
1166 3066 1168 3084 l
1187 3066 1302 3091 commodis·
1312 3064 1460 3097 consulemm.
1479 3061 1640 3097 praetulerim
1653 3070 1795 3097 utrumque
1807 3063 1926 3093 vulgato.

188 3100 274 3127 noster
285 3100 354 3125 libro
367 3109 389 3125 1.
412 3100 564 3126 Elector-iim
578 3111 633 3136 cap.
650 3110 689 3134 14.

223 3145 254 3163 ².
272 3139 354 3163 Etiam
363 3136 476 3162 commodis
489 3137 601 3170 consider:
619 3138 750 3173 debr-mm]
773 3138 830 3166 Pal.
841 3146 883 3174 pr.
894 3138 954 3173 cons.
965 3144 1079 3165 tenemur.
1091 3137 1141 3166 sec.

1222 3109 1235 3136 3
1243 3120 1249 3126 ,
1267 3102 1348 3132 Qare
1356 3108 1400 3124 non
1409 3101 1495 3131 ignom,
1505 3098 1635 3131 quidsotiis
1647 3117 1655 3128 ‚
1666 3099 1733 3132 [lfa]
1755 3098 1834 3124 Tolle
1846 3090 1889 3123 ἧοπ
1898 3102 1973 3131 ignwo
1985 3118 1993 3130 ,
2011 3099 2039 3124 8(
2051 3096 2139 3127 anima

1184 3135 1323 3164 clausulam
1334 3134 1556 3170 interrogatione,
1568 3133 1585 3161 si
1595 3134 1666 3170 cupis
1677 3133 1785 3170 dignam
1797 3134 1890 3163 Tullio
1899 3134 2073 3163 sententiam..
2118 3143 2121 3146 ·

2029 3170 2146 3203 1.Qare

2159 2687 2204 2720 ¹4

2319 231 2326 254 ὲ

2318 261 2325 277 ι

2308 295 2316 311 ¹i

2313 172 2322 184 ‘
2316 96 2333 155 επ...
2310 0 2337 82 *³⁹3²

2328 225 2337 262 -40
