2337 3400
163 192 405 238 pernecess‘urius:
430 197 540 229 meque
561 180 790 225 diligentisssme
806 179 940 210 observat
953 177 1072 218 &ipse‚
1089 175 1122 207 &

119 1175 158 1207 33

125 1646 171 1678 34

129 2009 170 2041 35

574 106 642 154 M.
714 101 1080 149 Tunntx

167 128 261 175 7³³0

1159 98 1707 149 thnnortts

1171 179 1284 209 eumin
1294 179 1409 209 civium
1421 180 1632 211 Romanorum
1652 189 1781 211 numero
1800 179 1933 212 haberes.
1957 181 2126 223 ceterisque

166 241 203 269 L,
215 238 343 268 Flavius,
355 237 442 262 trater
451 239 526 269 ejus·
545 230 732 267 Quapropter
742 223 837 254 velim
847 222 972 251 honoris
987 219 1125 267 meicau-
1172 223 1203 251 in
1215 221 1302 251 rebus
1313 219 1367 250 tibi
1387 229 1458 249 eum
1470 222 1508 250 ita
1516 221 1702 252 commendo
1714 243 1722 256 ‚
1743 232 1774 252 ut
1793 223 1904 256 maiore
1920 221 2019 252 studio
2029 227 2130 254 nerni-

169 279 206 311 sa,
216 277 324 318 quibus
336 265 421 304 re'bus
431 269 571 302 honeste.
583 269 614 298 &
625 276 679 308 pro
690 275 740 296 tua
749 265 893 305 dignitate
902 271 1023 303 poteris,
1034 270 1125 301 quam
1172 273 1243 293 nem
1254 261 1507 293 commendarim·
1533 262 1735 294 Gratiffimum
1747 265 1825 294 mihi
1834 264 1938 294 feceris
1953 284 1960 298 ‚
1977 263 1995 294 si
2007 274 2076 295 eum
2090 267 2129 295 ita

168 312 469 350 honorificentissime
481 333 489 347 ‚
505 312 638 352 &quam
656 306 860 338 libcralniime
879 307 911 334 C.
922 304 1060 334 Flavium
1073 311 1128 332 tra-

169 359 239 390 &es
262 358 296 389 Id
310 358 387 387 mihi
406 354 443 386 fic
461 357 661 395 eritgratum,
685 358 717 379 ut
727 350 835 391 gratius
852 344 910 376 effe
931 345 1009 375 nihil
1028 342 1126 384 possit.

169 400 225 432 Sed
235 409 370 440 praeterea
381 398 436 427 tibi
449 394 570 426 affirmo
583 414 590 428 ,
602 402 699 433 neque
714 394 744 421 id
753 389 921 420 ambitione
931 386 1076 418 adduEtus
1085 384 1130 416 fa—

169 445 230 475 cio,
246 442 293 472 sed
305 451 374 471 cum
385 438 598 470 familiaritate,
611 435 643 464 &
656 431 870 463 necess'itudine
881 449 889 463 ,
902 439 966 460 tum
977 430 1067 459 ctiam
1078 437 1131 457 ve-

169 486 254 515 ritate
266 494 271 512 ι
297 493 324 512 te
332 492 370 512 ex
381 484 413 512 C.
426 481 523 511 Flavii
533 476 636 508 officio
647 495 657 508 .
678 476 709 504 ὃς
722 474 908 504 observantia
917 491 926 505 ‚
948 471 981 501 &
994 479 1132 511 praeterea

170 525 327 565 splendore
340 544 349 558 ,
367 532 453 565 atque
468 524 547 553 inter
566 519 633 551 suos
652 518 742 560 gratia
752 536 762 551 ,
783 523 924 555 magnam
944 514 1130 553 voluptatem

171 566 230 598 efle
241 576 407 608 capturum.

316 624 453 654 M.T.C.
478 621 662 652 ACILIO
690 619 834 649 PROC.
866 616 937 646 S.P.
952 615 992 643 D.

220 683 251 710 N
272 678 409 711 Halesina
418 678 550 710 civitate,
563 684 623 706 tam
633 673 709 703 lauta
719 692 727 706 ,
743 680 863 711 tamque
873 668 972 714 nobili
985 685 993 699 ‚
1006 673 1135 704 conjun—

219 721 364 753 &iffimos
386 719 482 750 habeo
508 718 541 748 δε
565 716 695 756 hospitio
717 735 726 747 ,
755 713 787 742 &
805 711 1005 741 lamiliaritate
1032 709 1078 736 M.
1102 705 1135 735 δι’

175 762 209 795 C.
223 764 346 795 Clodios
356 782 364 796 ,
385 763 584 802 Archagatum
598 778 606 791 ,
627 757 660 787 &
679 755 851 786 Philonem.
877 752 925 781 sed
937 758 1057 782 vereor,
1084 757 1134 794 ne,

196 808 245 836 uia
255 805 439 845 complureis
456 803 510 833 tibi
527 798 675 841 praecipue
696 794 884 839 commendo
896 813 904 826 ,
925 799 1080 831 exaequare
1090 799 1136 818 vr—

174 816 244 879 {ear
263 847 432 878 ambitione
448 843 576 886 quadam
597 837 882 881 commendationes
902 843 1007 880 measa
1029 840 1135 878 quana—

178 900 268 931 quatn
279 889 295 919 a
306 899 333 919 te
343 887 469 929 quidem
479 883 631 916 cumulate
644 877 790 911 satisfit&
803 879 894 910 mihi,
907 877 939 906 δε
950 883 1026 904 meis
1035 883 1137 919 omni-

179 931 246 962 bus.
269 931 327 962 Sed
338 931 431 960 velim
443 927 479 958 fic
490 925 655 957 existimes,
667 924 743 952 hanc
751 920 902 950 familiam
914 938 923 951 ,
936 918 968 947 δε
978 917 1045 950 hos,
1060 915 1139 961 mihi

178 973 318 1004 maxime
337 971 393 1002 effe
404 970 472 1009 conj
478 967 586 998 unfitos
604 963 747 996 vetustate
760 982 770 996 ,
790 959 911 993 officim,
924 958 1138 1006 benivolentia.

179 1015 385 1057 Qamobrem
397 1021 466 1052 peto
478 1010 493 1040 a
503 1020 531 1040 te
542 1011 576 1038 in
589 1007 737 1046 majorem
749 1004 876 1035 modum
892 1022 900 1035 ‚
912 1010 945 1031 ut
959 1003 1005 1030 his
1017 1020 1025 1033 ,
1038 1009 1140 1029 omni-

178 1057 235 1088 bus
250 1059 282 1086 in
295 1055 391 1088 rebus,
404 1061 551 1094 quantum
562 1059 611 1080 tua
625 1048 698 1078 fides
708 1045 892 1088 dignitasque
906 1045 1041 1089 patietur,
1052 1050 1141 1070 com-

179 1098 297 1129 modes.
321 1097 355 1127 Id
371 1095 390 1125 si
399 1095 506 1125 seceris
517 1114 525 1126 ‚
548 1094 604 1122 erit
614 1091 694 1120 mihi
706 1085 971 1119 vehementissime
980 1092 1104 1126 gratum.

313 1157 356 1184 M.
375 1155 463 1184 T.C.
496 1151 676 1182 ACILIO
705 1149 842 1179 PROC.
877 1148 904 1175 S.
922 1146 952 1174 P·
971 1145 1012 1173 D.

270 1205 444 1236 not-acilio
456 1203 576 1233 Nasone
596 1209 664 1230 utor
683 1194 934 1228 familiarissime,
956 1195 996 1223 ita
1013 1191 1141 1231 prorsus,

186 1205 302 1283 Cut
315 1248 399 1277 illius
411 1245 526 1276 ordinis
545 1243 631 1273 nullo
645 1240 836 1271 familiarius.
865 1240 945 1267 Nam
959 1235 992 1265 δε
1004 1237 1145 1264 humant—

179 1295 239 1322 tate
248 1291 313 1329 ejus
325 1309 332 1322 ‚
355 1289 386 1318 &
395 1287 542 1328 probitate
555 1287 586 1314 in
597 1281 816 1314 consuetudine
834 1278 1010 1320 quotidiana
1020 1285 1146 1316 magno-

179 1342 248 1373 pere
267 1330 409 1361 dele&or.
430 1329 519 1359 Nihil
537 1329 601 1368 jam
620 1334 696 1365 opus
717 1322 759 1353 est
776 1320 944 1362 exspeStare
963 1328 991 1349 te
1000 1338 1014 1366 ⁸,
1036 1317 1146 1358 quibus

181 1376 252 1404 eum
263 1373 360 1403 verbis
375 1372 430 1402 tibi
443 1368 660 1401 commendem
673 1387 681 1400 ,
691 1376 753 1407 quo
765 1364 802 1394 sic
815 1373 877 1393 utar
887 1383 896 1397 ‚
911 1359 1059 1408 utysctip‘si.
1085 1361 1146 1406 121-

181 1416 232 1446 bet
243 1417 309 1444 isin
323 1406 477 1454 provinei’a
485 1421 535 1442 tua
551 1412 679 1451 negotia,
692 1418 757 1449 quae
768 1414 925 1447 procurant
934 1404 1046 1451 liberti,
1061 1401 1146 1448 Hila-

183 1466 247 1490 rus,
259 1457 441 1496 Antigonus,
453 1451 662 1484 Demostratus
675 1459 767 1491 :quos
776 1448 843 1481 tibi,
854 1453 1032 1492 negotiaque
1042 1452 1148 1490 omnia

185 1499 327 1531 Nasonis,
342 1507 408 1527 non
417 1497 499 1527 secus
510 1493 697 1525 commendo
708 1512 716 1525 ,
728 1501 759 1521 ac
771 1489 790 1519 si
801 1499 868 1518 mea
879 1488 984 1518 estent-
1011 1482 1147 1516 Gratxffi-

185 1549 273 1570 mum
287 1538 475 1569 mihifeceris
488 1557 496 1570 ‚
509 1535 530 1566 si
544 1536 723 1566 intellexero
736 1553 744 1565 ,
756 1533 830 1561 hanc
846 1528 1147 1561 commendationem

189 1590 336 1622 magnum
351 1580 427 1620 apud
439 1588 466 1609 te
475 1578 597 1618 pondus
607 1573 750 1606 habuiss'e.

329 1633 468 1663 M.T.C.
501 1631 681 1662 ACILIO
713 1627 1008 1658 PRoc.s.1’.D.

279 1687 401 1714 virum
421 1683 498 1713 mihi
511 1682 675 1721 hospitium
686 1678 728 1709 cst
738 1688 807 1709 cum
821 1677 941 1717 Lysone
953 1694 962 1708 ‚
974 1674 1101 1714 Lysonis
1115 1670 1150 1702 fi-

280 1726 335 1758 lio,
350 1726 524 1764 Lilybitano
538 1744 545 1756 ,
561 1723 704 1762 valdeque
722 1721 758 1751 ab
768 1730 805 1749 eo
823 1719 982 1762 observor:
1005 1717 1151 1761 cognoni-

190 1779 247 1809 que
259 1768 385 1808 dignum
398 1769 430 1796 ὅς
440 1775 530 1805 patre,
543 1765 575 1794 &
585 1774 654 1794 avo.
679 1762 722 1792 est
733 1764 816 1791 enim
831 1757 1018 1790 nobilifltma
1026 1758 1149 1787 familia.

189 1813 376 1851 Qapropter
384 1806 573 1838 comi-nendo
587 1805 640 1835 tibi
651 1806 801 1843 majorem
816 1805 848 1831 in
859 1800 988 1830 modum
999 1808 1063 1829 rem
1075 1818 1083 1831 ‚
1095 1798 1151 1845 do-

188 1860 335 1890 mumque
347 1851 427 1889 ejus:
451 1857 619 1890 magnoque
630 1856 718 1886 opere
727 1845 777 1874 abs
788 1853 815 1873 te
827 1853 908 1883 peto,
918 1851 1013 1874 cures,
1026 1850 1057 1870 ut
1067 1844 1092 1869 is
1104 1849 1151 1868 in-

191 1893 314 1935 telligat,
329 1901 428 1921 meam
443 1888 745 1921 commendationem
758 1894 898 1915 maximo
909 1883 962 1913 fibi
972 1883 1048 1924 apud
1060 1891 1087 1911 te
1097 1901 1106 1915 ‚
1119 1880 1151 1911 ὃς

190 1932 380 1975 adjumento,
398 1934 430 1963 &
444 1940 624 1962 ornamento
634 1927 732 1959 fuiss‘e.
756 1928 843 1957 Vale.

327 1992 470 2020 M.T.C.
503 1989 688 2019 AC1L10
720 1987 861 2017 PRoc.
893 1971 1021 2014 s.p.1‘>.

304 2044 439 2072 Avianus
448 2041 633 2071 Philoxenus
644 2058 652 2071 ‚
676 2039 817 2077 antiquus
827 2035 869 2066 est
880 2036 984 2076 hospes
996 2043 1082 2065 meus
1093 2053 1103 2068 ,
1122 2032 1155 2063 &

288 2081 407 2124 ‘praeter
430 2083 612 2121 hospitium,
646 2080 729 2110 valde
752 2081 842 2108 etiam
864 2077 1037 2107 familiaris:
1063 2085 1154 2116 quem

193 2125 286 2155 Caesar
297 2134 370 2155 meo
390 2123 539 2154 beneficio
557 2125 589 2153 in
609 2120 874 2152 Novocomenseis
893 2120 1004 2149 retulit.
1029 2121 1156 2148 Nomen

192 2175 294 2196 autem
316 2168 426 2196 Aviani
444 2165 558 2195 secutus
578 2163 621 2194 cst
635 2184 643 2197 ,
675 2162 757 2203 quod
777 2163 904 2192 homine
924 2162 1011 2190 nullo
1029 2160 1096 2200 plus
1114 2158 1156 2188 est

199 2208 269 2237 usus
280 2227 287 2240 ‚
307 2210 397 2248 quam
408 2208 512 2237 Flacco
524 2208 641 2235 Aviano
654 2225 662 2238 ‚
674 2214 743 2234 meo
753 2223 762 2237 ,
773 2202 1033 2244 quemaflmodum
1046 2211 1072 2231 te
1086 2201 1157 2230 scire

193 2249 330 2281 arbitror,
342 2246 585 2278 familiarissimo.
608 2250 683 2287 Qae
697 2255 751 2286 ego
761 2247 868 2275 omnia
883 2245 1012 2285 collegi,
1026 2253 1057 2272 ut
1068 2244 1158 2272 intel-

195 2291 303 2332 ligeres
312 2310 321 2322 ‚
333 2300 397 2320 non
410 2290 562 2331 vulgarem
574 2287 630 2318 efl'c
640 2287 941 2318 commendationem
957 2288 1032 2315 hanc
1047 2294 1157 2314 meam.

196 2335 271 2363 Peto
282 2334 371 2371 igitur
390 2332 498 2364 abste,
519 2330 709 2360 utomnibus
728 2329 814 2358 rebus
826 2347 833 2360 ,
854 2328 934 2367 quod
946 2326 1005 2357 fine
1022 2324 1161 2355 molestia

196 2383 251 2404 tua
259 2373 354 2404 facere
364 2372 467 2412 poffi5,
477 2374 504 2402 ei
515 2370 697 2402 commodes
708 2389 717 2403 ‚
732 2369 894 2409 habeasque
905 2372 939 2398 in
949 2371 1079 2397 numer'o
1090 2376 1160 2396 tuo-

197 2425 284 2446 rum:
308 2414 502 2455 perficiasque
514 2433 522 2446 ‚
548 2413 737 2452 utintelligat
749 2431 757 2444 ,
780 2412 948 2440 haslitteras
960 2418 1039 2439 meas
1052 2417 1162 2448 magno

198 2456 253 2487 fibi
263 2457 328 2487 usui
341 2455 438 2487 fuisse.
459 2457 524 2486 Erit
535 2456 565 2484 id
580 2455 655 2484 mihi
668 2454 813 2493 majorem
828 2453 859 2481 in
875 2451 1001 2481 modum
1012 2458 1141 2491 gratum.

347 2516 489 2544 M.T.C.
513 2515 690 2545 ACILIO
722 2514 867 2543 PROC.
899 2512 1022 2542 S.P.D.

291 2568 350 2595 UM
371 2566 530 2595 Demetrio
548 2567 634 2606 Mega
651 2565 728 2595 mihi
747 2563 898 2594 vetustum
919 2563 1083 2603 hospitium
1105 2562 1164 2593 est:

292 2606 477 2637 familiaritas
487 2616 586 2636 autem
599 2616 687 2640 tanta,
701 2615 811 2646 quanta
819 2615 889 2635 cum
901 2607 1004 2636 Siculo
1017 2606 1112 2634 nullo.
1128 2608 1165 2636 Ei

194 2649 365 2678 ,Dolabella
382 2658 484 2690 rogatu
497 2658 566 2678 meo
580 2649 735 2678 civitatem
750 2647 765 2677 a
776 2648 885 2677 Caesare
901 2649 1087 2687 impetravit:
1110 2657 1168 2687 qua

203 2691 237 2718 in
247 2700 276 2719 re
286 2700 342 2731 ego
351 2689 490 2720 interfui.
504 2693 606 2731 Itaque
617 2700 698 2720 nunc
710 2692 740 2720 P.
757 2689 916 2719 Cornelius
929 2698 1059 2719 vocatur.
1072 2691 1166 2718 Cum—

205 2740 263 2774 que
273 2741 391 2771 propter
401 2732 545 2772 quosdam
558 2732 694 2762 sordidos
708 2733 850 2761 homines
861 2751 869 2764 ‚
882 2733 933 2772 qui
943 2731 1064 2761 Caesaris
1076 2731 1168 2761 bene-

209 2774 274 2802 ncia
284 2773 462 2807 vendebant,
475 2773 605 2804 tabulam
619 2793 627 2807 ‚
648 2776 746 2813 inqua
756 2775 884 2803 nomina
901 2774 1021 2802 civitate
1039 2772 1167 2803 donato-

205 2822 273 2842 rum
286 2815 375 2844 ineisa
385 2814 497 2848 ess'ent,
516 2816 622 2845 revelli
637 2813 772 2852 iuffill'et:
795 2815 894 2844 eidem
907 2814 1074 2844 Dolabellae
1089 2834 1097 2848 ,
1118 2824 1167 2844 me

206 2854 345 2884 audiente
355 2875 364 2889 ‚
379 2858 469 2887 Caesar
479 2857 577 2889 dixit,
601 2857 677 2886 nihil
689 2855 757 2889 effe,
769 2857 849 2897 quod
859 2857 895 2886 de
907 2858 993 2897 Mega
1001 2865 1165 2886 vereretur:

208 2894 390 2927 beneficium
408 2899 496 2928 suurn
520 2900 554 2929 in
566 2909 602 2929 eo
621 2908 752 2929 manere.
777 2899 845 2928 Hoc
867 2907 893 2928 te
916 2898 986 2932 scire
1004 2898 1109 2932 volui,
1134 2907 1166 2928 ut

250 3038 271 3055 ι.
293 3033 402 3063 Hippiam
410 3034 615 3067 P1{·ilo:.-cnifi'i:aem
625 3035 802 3070 Calaffimem]
814 3036 867 3067 ,Sic
879 3036 983 3063 invenit
992 3037 1018 3063 in
1032 3036 1081 3062 suis
1093 3037 1166 3063 libi-is
1188 3060 1189 3063 ,

207 3064 356 3106 ν’ἰᾶρνὶυᾰ,
368 3068 543 3104 expressitque
557 3071 648 3096 Lamb,
661 3082 706 3097 nos
718 3073 742 3098 in
755 3072 876 3098 Palatino
887 3071 972 3103 sexto„
986 3072 1048 3099 sicu-t
1059 3073 1084 3099 in
1101 3073 1166 3099 Hit-

210 3104 501 3143 toipianoCrdafflm’ftm
519 3105 690 3133 ostendimus.
712 3107 738 3133 fii
752 3107 816 3143 quid
827 3116 953 3144 pgaetcrca
971 3109 996 3134 in
1020 3108 1057 3134 liis
1067 3108 1165 3145 &pisto-

207 3136 252 3170 lrs,
264 3147 320 3174 qua:
330 3138 386 3166 fere
398 3140 549 3167 nominibus
562 3141 699 3169 clientium
710 3151 790 3179 atque
800 3144 946 3171 amicorum
959 3151 1022 3172 totae
1033 3152 1164 3172 contexta)

1177 304 1306 335 [radians
1322 322 1330 336 ‚
1351 303 1559 348 utintelligat,
1579 313 1680 335 meam
1698 306 2000 337 commendationem
2018 315 2131 350 magno

1175 354 1357 377 ornamento
1367 343 1380 374 f
1383 343 1464 375 uifle.

1315 403 1453 433 M.T.C.
1486 403 1665 433 ACILIO
1696 405 1836 434 PROC.
1865 407 1989 436 S.P.D.

1177 465 1186 482 ¹
1307 470 1430 491 tpprM
1441 480 1449 493 ‚
1464 461 1626 491 Philoxeni
1636 459 1734 491 filium
1745 481 1755 495 ‚
1767 462 1956 493 Calafflnum
1965 464 2128 504 hospitem.

1307 503 1338 532 ὃς
1350 500 1545 532 necessarium
1558 504 1732 536 meum,t1bi
1743 504 1928 534 commendo
1941 507 1972 535 in
1982 507 2131 542 majorem

1179 545 1320 574 modum.
1347 545 1419 579 Eius
1429 544 1508 586 bona
1519 563 1527 578 ‚
1545 544 1804 585 quemadmodum
1815 545 1850 575 ad
1861 555 1909 575 me
1919 545 2012 577 delata
2022 558 2067 578 res
2077 547 2131 581 est.

1182 586 1301 626 publice
1312 584 1497 625 poffidentur
1506 587 1605 616 alieno
1616 589 1755 620 nomine,
1765 596 1868 617 contra
1877 587 1954 628 leges
1964 588 2134 619 Calafflno-

1180 638 1257 658 rum.
1281 628 1315 657 Id
1337 626 1358 656 fi
1378 630 1416 657 ita
1438 627 1481 658 est
1500 647 1508 660 ‚
1530 630 1620 658 etiam
1640 626 1700 658 fine
1720 638 1787 658 mea
1808 629 2075 661 commendatione
2096 631 2133 661 ab

1178 671 1315 710 aequitate
1334 678 1383 699 tua
1402 679 1447 699 res
1466 670 1528 709 ipsa
1548 672 1705 709 impetrare
1729 670 1835 703 debet,
1866 679 1898 700 ut
1917 672 1944 700 ei
1965 671 2133 702 subvenias.

1181 714 1313 752 Qoquo
1335 711 1430 741 modo
1446 721 1550 744 autem
1567 712 1595 741 se
1612 722 1658 742 res
1677 711 1781 745 habet,
1800 711 1949 751 petoate,
1969 714 2135 743 uthonoris

1181 754 1243 783 mei
1252 753 1336 783 causa
1347 772 1356 786 ‚
1381 763 1452 782 eum
1463 753 1602 793 expedias
1618 773 1627 787 ,
1639 763 1815 794 tantumque
1825 755 1853 783 ei
1865 754 2044 784 commodes
2054 754 2086 784 δε
2103 756 2137 784 in

1181 796 1233 824 hac
1241 805 1281 827 re,
1295 795 1326 825 δε
1337 797 1368 824 in
1378 797 1646 835 ceteris,quantum
1656 804 1706 825 tua
1717 794 1992 836 fide5‚dignitasquc
2000 797 2137 836 patietur.

1179 836 1213 867 td
1225 837 1303 867 mihi
1313 837 1506 867 vehementer
1516 846 1632 879 gratum
1643 838 1710 868 erit.

1333 895 1471 925 M.T.C.
1495 897 1672 926 ACILIO
1694 897 1835 927 PROC.
1859 897 1975 926 S.P.D.

1186 948 1261 1025 L
1298 952 1442 984 Bruttius,
1467 961 1558 993 eques
1575 954 1670 982 Rom.
1691 952 1864 982 adolescens
1883 951 2028 982 omnibus
2050 950 2138 982 rebus

1273 994 1422 1026 'ornatus‚
1437 996 1469 1022 in
1481 995 1556 1023 meis
1567 992 1802 1024 familiariffimis
1816 993 1867 1027 est,
1880 1004 1989 1034 meque
2001 993 2136 1024 observat

1186 1032 1431 1079 diligentiffime:
1450 1036 1534 1072 cujus
1552 1045 1623 1065 cum
1641 1044 1720 1074 patre
1734 1045 1838 1076 magna
1850 1037 1927 1065 mihi
1938 1037 1994 1064 luit
2004 1036 2140 1066 amicitia

1187 1075 1246 1109 iam
1269 1076 1339 1105 inde
1362 1076 1377 1106 ὲ
1396 1075 1541 1116 quaestura
1560 1086 1626 1107 mea
1644 1076 1799 1107 Sicilienfi.
1824 1079 1963 1107 Omnino
1980 1087 2061 1106 nunc
2077 1077 2139 1116 ipse

1188 1117 1318 1161 Bruttius
1333 1119 1441 1147 Romae
1461 1127 1584 1148 mecum
1602 1117 1663 1148 est:
1683 1119 1731 1149 sed
1750 1127 1851 1148 tamen
1861 1118 1989 1148 domum
2001 1120 2084 1157 ejus,
2106 1119 2140 1149 δε

1186 1167 1250 1186 rem
1267 1158 1448 1189 ramiliarem
1463 1179 1472 1192 ‚
1494 1159 1526 1189 &
1544 1169 1748 1199 procuratores
1768 1160 1823 1189 tibi
1833 1159 2063 1189 siccommendo
2075 1180 2084 1193 ,
2107 1168 2142 1190 ut

1189 1200 1302 1237 majore
1337 1199 1436 1230 studio
1455 1201 1670 1231 commendare
1689 1211 1753 1231 non
1772 1199 1890 1241 poffim.
1931 1199 2141 1231 Grat2ffimum

1189 1242 1266 1271 mihi
1280 1240 1387 1272 feceris
1398 1261 1406 1275 ‚
1429 1241 1447 1271 si
1458 1244 1566 1272 curaris
1578 1263 1586 1275 ,
1605 1252 1638 1272 ut
1648 1244 1797 1284 intelligat
1804 1245 1935 1272 Bruttius
1947 1263 1955 1276 .
1981 1242 2010 1272 id
2021 1243 2104 1283 quod
2113 1243 2141 1272 ei

1186 1285 1304 1323 recepi,
1324 1285 1400 1314 hanc
1418 1293 1517 1314 meam
1537 1284 1837 1315 commendationem
1855 1283 1908 1314 fibi
1929 1294 2040 1325 magno
2059 1284 2154 1324 adju-v

1188 1334 1294 1355 mento
1303 1324 1401 1356 fuisse.

1335 1384 1476 1415 M.T.C.
1503 1387 1682 1416 ACILIO
1704 1387 1844 1416 PROC.
1866 1388 1991 1417 S.P.D.

1212 1463 1225 1469 ,
1285 1437 1315 1464 U
1330 1443 1356 1463 M
1384 1433 1500 1465 familia
1527 1438 1667 1466 Titurnia
1684 1435 1869 1466 necessitudo
1889 1437 1967 1466 mihi
1986 1435 2144 1468 intercedit

1278 1485 1380 1506 vetus:
1399 1486 1437 1506 ex
1454 1487 1510 1517 qua
1528 1479 1661 1519 reiiquus
1672 1478 1714 1508 est
1725 1481 1768 1508 M.
1782 1481 1941 1508 Titurnius
1951 1477 2070 1512 Rufus,
2090 1480 2144 1519 qui

1190 1520 1266 1546 mihi
1277 1520 1366 1547 omni
1379 1518 1546 1559 diligentia,
1559 1529 1644 1560 atque
1660 1519 1763 1550 officio
1774 1520 1817 1550 est
1831 1520 1969 1550 tuendus.
1992 1519 2044 1550 Est
2055 1523 2144 1561 igitur

1189 1561 1219 1588 in
1239 1568 1288 1588 tua
1305 1559 1446 1598 potestate
1458 1581 1467 1593 ,
1489 1562 1581 1590 utille
1593 1565 1625 1591 in
1636 1562 1761 1591 mesatis
1772 1560 1823 1591 sibi
1837 1560 2057 1601 praefidiiputet
2073 1559 2143 1591 efle-

1190 1603 1378 1641 Qapropter
1397 1611 1466 1631 cum
1479 1602 1532 1631 tibi
1545 1612 1612 1632 com
1620 1603 1771 1633 mendoin
1787 1604 1932 1642 majorem
1948 1603 2077 1632 modum
2093 1602 2144 1633 :&

1186 1643 1235 1672 abs
1248 1651 1274 1672 te
1281 1651 1351 1682 peto
1361 1662 1368 1676 ‚
1381 1641 1503 1676 efficias,
1517 1653 1549 1673 ut
1558 1646 1583 1673 is
1593 1645 1894 1674 commendationem
1906 1645 1982 1674 hanc
1993 1645 2140 1686 intelligat

1190 1682 1244 1713 sibi
1262 1692 1373 1724 magno
1393 1685 1569 1724 adjumento
1588 1684 1686 1716 fuiss'e.
1710 1688 1775 1717 Erit
1790 1686 2147 1728 mihivehementergra·

1191 1735 1266 1755 tum.

1242 1784 1286 1812 M.
1298 1787 1337 1814 T.
1348 1787 1380 1815 C.
1404 1787 1673 1826 QANCHARIO
1687 1806 1696 1820 ‚
1716 1789 1804 1826 QF.
1827 1788 1940 1817 PROC.
1963 1789 1990 1817 S.
2002 1789 2033 1816 P.
2048 1788 2089 1816 D.

1305 1834 1338 1864 &
1349 1837 1383 1865 C.
1394 1836 1534 1865 Aurelios
1546 1855 1554 1869 ‚
1579 1838 1616 1866 L.
1631 1835 1710 1866 filios
1721 1857 1731 1870 ‚
1750 1836 1860 1877 quibus
1869 1836 1903 1866 ὅτ.
1914 1834 1981 1876 ipfis
1992 1856 2001 1870 ‚
2024 1836 2148 1878 &patre

1283 1878 1367 1906 ‘eoru
1373 1885 1414 1910 m,
1426 1879 1492 1907 viro
1500 1878 1629 1917 optimo,
1638 1877 1869 1908 familiarissime
1881 1872 2149 1911 utoncommendo

1193 1920 1247 1948 tibi
1270 1919 1416 1957 majorem
1434 1921 1466 1948 in
1475 1919 1602 1949 modum
1615 1940 1623 1953 ‚
1644 1920 1857 1950 adolescenteis
1869 1920 2014 1950 omnibus
2023 1923 2150 1960 optimis

1192 1960 1302 1990 artibus
1312 1969 1434 1990 ornatos
1442 1980 1450 1993 ‚
1466 1970 1551 1990 meos
1558 1960 1799 2000 perneceffarios‚
1813 1970 1861 1992 tua
1873 1963 2004 1992 amicitia
2013 1961 2150 2002 digniss't-

1197 2012 1276 2031 mos.
1299 2003 1329 2032 Si
1348 2002 1408 2032 ulla
1426 2012 1493 2032 mea
1501 2003 1577 2042 apud
1589 2011 1616 2032 te
1624 2003 1853 2033 commendatio
1863 2004 1957 2033 valuit
1967 2023 1976 2036 ‚
1995 2005 2075 2045 quod
2087 2005 2148 2034 scio

1198 2044 1307 2073 multas
1326 2043 1494 2083 plurimum
1515 2043 1638 2074 valuifle
1654 2046 1735 2075 :haec
1745 2045 1894 2079 utvaleat,
1913 2055 1998 2086 rogo.
2021 2045 2111 2085 Qod
2126 2044 2148 2075 fi

1194 2095 1245 2115 eos
1255 2084 1435 2118 honorifice,
1449 2086 1669 2127 liberaliterque
1684 2086 1830 2116 tractaris:
1849 2087 1882 2117 &
1893 2087 1948 2116 tibi
1958 2087 2149 2126 gratissimos‚

1194 2127 1608 2199 geptimosqbieladolescenteis
1618 2128 1664 2169 adj
1669 2137 1804 2163 unxeris,
1819 2129 1853 2159 δε
1863 2129 1941 2159 mibi
1949 2127 2149 2169 gratissimum

1225 2178 1308 2199 ceris.
1367 2179 1381 2198 a
1396 2179 1422 2198 e.

1354 2229 1399 2257 M.
1413 2230 1451 2258 T.
1465 2230 1498 2259 C.
1520 2229 1872 2262 LCULLEOLO,
1889 2230 2007 2259 S.P.D.

1291 2283 1356 2310 ΗΔΕ
1374 2278 1469 2309 fecisti
1490 2282 1526 2310 L.
1546 2282 1667 2310 Lucceii
1687 2280 1773 2310 causa
1792 2280 1862 2309 scire
1874 2288 1902 2309 te
1912 2279 1999 2320 plane
2009 2280 2102 2314 volo,
2124 2289 2153 2311 tc

1293 2322 1414 2360 homini
1434 2319 1601 2360 gratissimo
1620 2319 1840 2351 commodafl'e:
1864 2320 1896 2350 δε
1915 2321 2069 2362 cumipsi,
2086 2332 2153 2362 quae

1200 2364 1297 2394 fecisti
1310 2383 1318 2396 ,
1337 2371 1467 2401 pergrata
1480 2362 1546 2391 sunt
1560 2373 1565 2390 :
1579 2371 1643 2392 tum
1655 2362 1817 2402 Pompejus
1829 2381 1838 2396 ,
1847 2364 2094 2404 quotiescumque
2106 2373 2157 2394 me

1203 2405 1285 2436 videt
1308 2423 1317 2437 ‚
1338 2403 1439 2442 (videt
1459 2412 1557 2433 autem
1578 2403 1673 2443 saepe)
1692 2406 1798 2444 gratias
1819 2404 1874 2434 tibi
1897 2407 1954 2445 agit
1974 2404 2154 2446 singulareis.

1204 2446 1292 2477 Addo
1305 2447 1394 2474 etiam
1407 2444 1493 2478 illud,
1506 2444 1587 2485 quod
1599 2443 1913 2484 tibijucundissimurn
1925 2444 1981 2476 efl'e
1990 2446 2071 2477 certo
2082 2447 2155 2481 scio,

1206 2486 1254 2517 me
1264 2487 1363 2527 ipsum
1373 2496 1410 2515 ex
1422 2495 1470 2516 tua
1479 2497 1543 2527 erga
1554 2488 1720 2516 Lucceium
1731 2487 1914 2528 benignitate
1925 2509 1932 2522 ,
1956 2490 2091 2520 maxima
2098 2498 2156 2519 vo-

1206 2531 1313 2568 luptate
1329 2525 1416 2557 affici.
1449 2528 1538 2568 Qod
1558 2527 1686 2568 superest
1704 2548 1712 2562 ,
1731 2539 1913 2569 quamquam
1936 2531 2013 2560 mihi
2032 2540 2095 2560 non
2113 2528 2156 2560 est

1205 2571 1334 2601 dubium
1345 2590 1352 2603 ,
1364 2571 1440 2610 quin
1449 2580 1518 2599 cum
1530 2570 1615 2600 antea
1625 2570 1824 2603 nostracausa,
1836 2572 1985 2610 nuncjam
1998 2574 2088 2602 etiam
2099 2579 2157 2601 tuae

1208 2612 1381 2643 constantiae
1397 2614 1506 2652 gratia,
1528 2612 1682 2642 mansurus
1698 2610 1732 2641 sis
1745 2614 1777 2642 in
1788 2610 1891 2642 eadem
1902 2611 1954 2643 ista
1963 2613 2152 2644 liberalitate:

1209 2664 1309 2685 tamen
1327 2653 1378 2683 abs
1398 2663 1426 2683 te
1447 2654 1644 2683 vehementer
1661 2656 1750 2684 etiam
1769 2663 1855 2694 atque
1863 2656 1954 2684 etiam
1964 2664 2054 2694 peto,
2073 2662 2104 2684 ut
2113 2663 2158 2688 ea,

1208 2708 1272 2737 quse
1283 2694 1374 2725 initio
1384 2693 1537 2725 ostendisti
1549 2716 1557 2729 ‚
1582 2695 1721 2735 deinceps
1731 2695 1827 2725 fecisti
1837 2716 1846 2728 ‚
1869 2695 1904 2725 ad
1915 2698 2031 2725 exitum
2046 2698 2157 2736 augeri,

1206 2740 1241 2769 ἃ
1252 2738 1399 2769 cumulari
1409 2746 1461 2776 per
1472 2746 1498 2767 te
1510 2738 1595 2767 velis.
1619 2737 1652 2767 Id
1664 2738 1695 2767 &
1708 2740 1839 2767 Lucceio
1850 2757 1859 2770 ‚
1871 2737 1902 2766 &
1915 2739 2062 2776 Pornpeio
2071 2737 2158 2767 valde

1230 2790 1323 2811 ratum
1337 2779 1400 2808 fore
1413 2798 1421 2812 ‚
1433 2787 1521 2819 teque
1530 2777 1604 2818 apud
1617 2789 1666 2808 eos
1676 2778 1810 2818 praeclare
1818 2776 1983 2818 pofiturum
1994 2789 2051 2808 con.
2057 2777 2158 2812 firmo,

1209 2791 1242 2853 {c
1263 2821 1405 2862 spondeo.
1430 2823 1477 2850 Dc
1494 2830 1524 2849 re
1548 2819 1610 2849 ubl.
1630 2819 1725 2860 deq-ue
1744 2821 1791 2848 his
1808 2820 1950 2859 negotiis,
1969 2822 2160 2861 cogitationi-

1211 2864 1321 2904 busque
1339 2861 1450 2893 nostris
1468 2829 1688 2901 pesssripscram
1709 2860 1744 2890 ad
1765 2869 1793 2890 te
1811 2859 1971 2901 dilxgenter
1980 2864 2080 2902 paucis
2089 2861 2159 2895 ante.

1207 2907 1313 2937 diebus
1325 2916 1330 2935 2
1343 2904 1448 2944 easque
1460 2904 1572 2934 litteras
1581 2901 1718 2933 dederam
1728 2903 1828 2942 pueris
1839 2911 1907 2932 tuis.

1207 3037 1278 3069 sunt,
1290 3039 1458 3065 immutatum
1471 3037 1554 3064 fuerit
1567 3057 1574 3068 ,
1585 3036 1611 3063 id
1621 3037 1683 3064 scias
1696 3047 1742 3063 nos
1752 3038 1914 3066 azieloritnte
1923 3039 1980 3066 ruff.
1992 3041 2164 3076 &pi-menna:

1207 3075 1238 3099 P.
1249 3073 1390 3104 V'ifflorio,
1405 3074 1461 3099 vivo
1471 3072 1504 3099 ad
1517 3083 1629 3109 unguem
1647 3073 1719 3100 sufflo
1732 3075 1759 3100 &
1769 3082 1892 3102 actuum
1904 3095 1912 3107 ,
1924 3075 2020 3102 fecisse.
2043 3086 2100 3103 nam
2113 3076 2163 3103 sm—

1204 3109 1328 3172 guloigtn't
1341 3109 1455 3151 rationes
1466 3117 1588 3146 promere
1598 3129 1608 3142 ‚
1618 3109 1753 3138 immeusae
1761 3111 1841 3139 molis
1852 3119 1983 3140 mwmn
1997 3110 2061 3139 offe:
2069 3133 2075 3139 .
2096 3113 2164 3138 vul-

1205 3154 1240 3181 go
1252 3156 1258 3173 ;
1295 3151 1424 3172 amanum-

2032 3192 2055 3209 ι.
2068 3185 2160 3209 Lucius

2153 408 2191 443 37

2159 897 2201 940 38

2165 1403 2208 1436 39

2165 1800 2213 1832 40

2174 2247 2213 2279 4¹
