2360 3400
519 97 865 146 Tuscut..

208 187 311 218 ecunia
324 204 334 218 ,
354 181 427 226 quid
439 181 621 223 relinquitur
631 201 639 216 ‚
651 181 733 222 quod
746 182 1008 214 extimescendum
1019 182 1074 214 fit?
1093 192 1147 213 ex-

198 231 286 260 ilium
308 248 316 261 ‚
343 225 434 256 credo
455 236 460 254 z
479 224 560 265 quod
581 226 613 254 in
633 226 779 255 maximis
801 225 889 254 malis
909 224 1035 255 ducitur.
1069 225 1104 255 Id
1122 223 1142 255 si

182 279 304 312 propter
319 268 446 298 alienam
460 287 467 301 ‚
493 267 525 297 &
544 264 690 296 offensam
710 268 815 307 populi
825 267 1012 297 voluntatem
1026 267 1142 298 malum

183 311 244 342 est:
262 310 352 352 quarn
374 307 408 340 fir
429 319 462 340 ea
481 308 722 343 contemnenda,
744 309 845 348 paullo
866 309 935 338 ante
956 307 1073 338 distum
1086 307 1141 338 est.

184 357 197 373 ¹
209 355 261 384 Sin
272 350 367 382 abesse
378 353 471 391 patria
482 351 627 381 miserum
642 349 684 381 est
696 351 807 390 :plenae
821 350 1002 380 miserorum
1014 352 1141 389 provin-

175 396 234 426 ‘ciae
251 394 338 425 sunt:
353 403 393 424 ex
413 393 522 434 quibus
533 392 699 423 admodum
709 394 795 432 pauci
807 394 837 421 in
848 393 972 432 patriam
985 401 1141 422 revertun-

178 445 237 467 tur.
273 439 314 466 At
333 435 497 466 multantur
516 434 606 464 bonis
625 435 752 464 exsules.
783 434 864 472 Quid
883 442 970 465 tum?
991 443 1140 473 parumne

177 478 276 509 multa
294 478 331 508 de
349 477 501 507 toleranda
520 485 688 516 paupertate
707 476 870 507 dicuntur?
889 476 952 515 jam
971 474 1042 506 vero
1063 475 1139 506 exfi-

179 521 257 551 lium
271 541 278 554 ,
290 518 311 549 fi
321 529 421 550 rerum
432 528 577 553 naturam,
592 528 656 548 non
668 519 871 558 ignominiam
885 518 1022 547 nominis
1033 519 1139 558 quaeri-

176 572 247 593 mus
261 583 270 596 ‚
284 565 299 581 ²¹
309 570 454 603 quantum
465 561 594 591 demum
606 560 766 601 aperpetua
774 561 1014 600 peregrinatione
1027 558 1140 590 differt?

175 606 210 634 in
228 614 285 645 qua
303 612 402 634 aetates
420 604 484 634 suas
502 603 675 643 philosophi
696 600 876 632 nobilissimi
893 602 1136 636 consumserunt,

175 648 361 677 Xenocrates
384 665 392 679 ,
412 648 540 675 Crantor
562 664 570 678 ‚
591 642 749 678 Arcesilas,
769 643 926 683 Lacydes,
948 643 1134 677 Aristoleles,

174 686 401 729 Theophrastus
412 708 419 720 ‚
440 688 544 721 Zeno,
559 687 716 717 Cleanthes
729 707 738 720 ,
757 684 935 725 Chrysippus
946 705 955 719 ,
969 687 1135 726 Antipater,

173 729 338 761 Carneades
358 750 367 763 ,
387 730 553 762 Panaetius,
574 728 800 761 Clitomachus,
826 728 930 760 Philo,
953 729 1134 761 Antiochus,

171 771 353 803 Pofidonius
366 791 375 805 ,
396 769 633 801 innumerabiles
644 770 695 799 alii
708 781 713 799 :
729 772 780 810 qui
794 769 884 799 semel
895 767 994 810 egreffi
1006 789 1015 803 ,
1041 779 1133 800 nurn-

172 824 263 855 quam
284 813 413 844 domum
433 811 587 842 revertere.
614 815 627 838 3
638 813 678 841 At
686 813 769 841 enim
781 810 841 841 fine
852 812 1020 851 ignominia
1037 818 1051 832 ὃ*
1067 809 1133 841 affi-

171 866 239 886 cere
257 856 430 895 sapientem.
453 853 491 883 de
514 853 646 892 sapiente
664 853 748 882 enim
768 854 831 882 haec
851 854 955 882 omnis
971 855 1067 883 oratio
1077 852 1130 887 est,

171 900 221 928 cui
236 898 305 936 jure
323 896 353 925 id
362 894 494 924 accidere
502 903 565 924 non
576 892 673 932 poffit.
696 895 838 933 namjure
854 894 1044 925 exsulantem
1054 905 1130 925 con-

170 939 259 969 solari
278 947 343 968 non
363 944 491 976 oportet.
516 933 673 966 Postremo
692 935 728 965 ad
751 937 874 965 omneis
893 936 973 965 casus
983 935 1130 968 facillima

164 980 245 1010 'ratio
263 978 306 1010 est
327 988 453 1011 eorum,
477 979 530 1018 qui
550 977 585 1007 ad
596 977 782 1017 voluptatem
791 987 824 1007 ea
837 975 991 1012 referunt,
1010 988 1076 1019 quae
1087 979 1132 1009 se-

168 1031 302 1062 quuntur
311 1022 343 1051 in
353 1020 424 1054 vita,
433 1024 451 1046 4
461 1029 503 1054 ut,
513 1029 706 1061 quocumque
716 1019 778 1049 haec
788 1019 856 1049 loco
865 1019 1079 1059 suppeditetur,
1090 1022 1134 1052 ibi

166 1062 253 1094 beate
272 1071 382 1104 queant
404 1063 517 1093 vivere.
541 1063 646 1102 Itaque
664 1060 700 1092 ad
717 1070 847 1092 omnem
856 1063 1008 1093 rationem
1017 1065 1130 1094 Teucri

165 1114 231 1137 vox
239 1104 463 1136 accommodari
479 1102 584 1143 potest,
1036 1114 1039 1117 -

264 1147 365 1177 Patria
375 1144 418 1176 εἷς’
428 1166 436 1179 ,
457 1145 628 1187 ubicumque
638 1144 682 1175 eff
692 1144 766 1175 bene.

162 1191 298 1221 Socrates
316 1188 441 1230 quidem
460 1187 533 1218 cum
554 1196 726 1229 rogaretur,
745 1187 880 1228 cujatem
899 1188 929 1218 se
940 1186 998 1219 esse
1008 1187 1128 1220 diceret.

164 1231 359 1262 Mundanum
374 1251 382 1265 ,
400 1231 511 1271 inquit.
534 1232 627 1260 totius
646 1231 731 1260 enirn
756 1229 867 1260 mundi
885 1230 913 1260 se
924 1231 1056 1261 incolam
1068 1252 1077 1264 ,
1096 1232 1129 1262 &

161 1275 265 1304 civem
275 1272 475 1304 arbitrabatur.
491 1272 573 1314 Qid
584 1271 782 1302 T.Albt.1tius?
791 1282 896 1302 nonne
905 1274 1011 1303 animo
1019 1274 1128 1314 aequis-

163 1314 242 1346 fimo
253 1316 381 1346 Athenis
389 1314 477 1344 exsul
487 1313 764 1354 philosophabatur?
772 1315 820 1344 cui
832 1322 932 1344 tamen
941 1314 1126 1355 illudipsum

162 1367 229 1388 non
238 1355 404 1390 accidistet,
423 1354 486 1385 fiin
497 1356 599 1395 repub.
622 1355 795 1396 quiescens,
816 1356 1063 1398 Epicurilegibus
1072 1367 1126 1397 pa-

161 1397 276 1429 ruiffet.
329 1397 361 1428 ui*
381 1399 466 1428 enim
484 1397 599 1427 beatior
608 1399 771 1436 Epicurus,
792 1397 874 1437 quod
894 1400 926 1427 in
938 1401 1028 1438 patria
1038 1400 1127 1429 vive-

162 1440 238 1474 bat,
253 1444 267 1468 5
276 1440 366 1481 quam
380 1437 467 1479 Quod
486 1439 614 1468 Athenis
633 1438 826 1468 Metrodorus
838 1440 849 1467 ?
866 1440 1006 1469 autPlato
1019 1442 1126 1470 Xeno-

144 1490 269 1512 Jcratem
283 1481 441 1514 vincebat,
451 1488 502 1510 aut
511 1480 640 1510 Polemo
649 1478 808 1509 Arcefilam
820 1498 829 1512 ,
844 1489 906 1520 quo
916 1479 986 1510 esset
998 1481 1126 1512 beatior?

157 1524 271 1561 Quanti
291 1521 363 1554 vero
385 1521 438 1553 ista
455 1522 562 1552 civitas
577 1520 752 1552 aestimanda
766 1519 827 1554 est,
849 1531 887 1551 ex
896 1531 954 1562 qua
964 1522 1038 1552 boni
1050 1542 1060 1555 ‚
1082 1524 1125 1553 sa—

155 1564 331 1606 pientesque
340 1564 513 1605 pelluntur?
527 1566 706 1594 Demaratus
715 1562 840 1604 quidem
853 1564 1014 1603 Tarquinii
1027 1583 1035 1597 ,
1047 1566 1123 1605 regis

154 1605 274 1640 nostri,
291 1616 374 1647 pater
383 1627 392 1641 ,
413 1615 574 1647 tyrannum
586 1605 758 1646 Cypsellum
779 1604 862 1645 quod
872 1604 948 1635 ferre
959 1615 1023 1635 non
1037 1615 1123 1646 pote-

153 1656 216 1683 rat,
239 1647 318 1690 fugit
328 1650 512 1691 Tarquinios
521 1649 670 1679 Corintho
684 1667 693 1681 ,
715 1647 748 1678 &
768 1647 812 1677 ibi
829 1647 892 1678 suas
902 1645 1038 1678 fortunas
1047 1658 1122 1679 con-

156 1689 271 1726 stituit,
293 1702 327 1723 ac
345 1691 458 1722 liberos
475 1691 650 1730 procreavit.
673 1692 760 1720 Num
772 1688 1036 1728 stulteanteposuit
1044 1689 1122 1720 exfi-

96 1732 137 1774 38
150 1733 189 1763 lii
203 1733 371 1764 libertatem
391 1731 567 1765 domesticae
578 1732 714 1763 servituti
726 1733 737 1760 ?
751 1732 820 1772 Jam
831 1730 904 1761 verb
914 1738 1006 1760 morus
1015 1733 1118 1767 animi,

147 1775 351 1815 fillicirudines
363 1796 372 1810 ,
394 1773 623 1815 egritudinesque
644 1771 781 1802 obliviane
794 1773 937 1802 leniuntur
950 1793 958 1806 ,
982 1773 1121 1803 ΐναάαὲἕίε

148 1817 257 1851 animis
275 1818 315 1847 ad
330 1817 518 1859 voluptatem.
539 1818 615 1846 Non
634 1813 696 1844 fine
711 1815 796 1845 causa
807 1816 899 1855 igitur
912 1817 1058 1855 Epicurus
1067 1825 1120 1846 au-

152 1860 202 1890 sus
224 1859 391 1893 estdicere,
413 1859 529 1900 semper
546 1859 580 1888 in
603 1856 740 1898 pluribus
761 1856 850 1887 bonis
867 1854 926 1886 esse
937 1857 1114 1896 sapientem,

148 1902 221 1942 quia
238 1901 356 1943 semper
373 1900 408 1933 fit
423 1903 458 1933 in
475 1899 694 1942 voluptatibus.
718 1901 766 1932 Ex
790 1909 852 1942 quo
873 1897 1117 1941 efficiputatille,

147 1943 231 1984 quod
242 1945 406 1985 quaerimus
419 1964 427 1979 ,
446 1953 480 1976 ut
490 1945 605 1984 sapiens
616 1945 731 1984 semper
739 1943 843 1974 beatus
854 1941 896 1973 fit.
919 1944 1052 1973 etiamne
1063 1964 1071 1977 ‚
1095 1941 1116 1974 fi

148 1984 279 2017 senfibus
300 1987 413 2019 carebit
432 1988 590 2018 oculorum
603 2007 612 2020 ‚
631 1985 651 2016 fi
674 1986 816 2016 aurium?
834 1986 945 2017 Etiam.
968 1995 1040 2016 nam
1061 1984 1116 2017 ista

145 2028 208 2068 ipsa
216 2030 398 2061 contemnit.
419 2028 559 2060 Primum
571 2030 655 2059 enim
669 2049 678 2062 ,
690 2028 845 2059 horribilis
856 2027 909 2058 ista
919 2030 1032 2058 caecitas
1043 2029 1114 2069 qui-

144 2066 202 2102 bus
214 2070 335 2104 tandem
352 2080 429 2102 caret
448 2070 678 2112 voluptatibus?
695 2069 766 2100 cum
777 2070 899 2111 quidam
910 2072 998 2101 etiam
1009 2070 1111 2111 dispu-

142 2121 225 2149 tent,
249 2113 538 2155 ceterasvoluptates
550 2115 582 2143 in
600 2112 668 2153 ipsis
677 2113 808 2144 habitare
821 2111 971 2143 sensibus:
987 2123 1052 2154 quae
1061 2123 1114 2145 au-

938 101 1515 160 QuAEsrtoNuM
1583 108 1732 155 Ltn.
1782 109 1838 157 V.

1992 142 1995 143 ⁷
2039 129 2057 160 1
2073 131 2165 182 109

1193 191 1253 215 tem
1266 184 1404 226 adspe&u
1415 189 1616 230 percipiantur
1625 209 1635 224 ‚
1658 200 1690 221 ea
1700 199 1764 221 non
1776 191 1884 223 versari
1895 191 1927 222 in
1938 193 2098 225 oculorum
2114 196 2163 226 ul-

1193 226 1412 265 laiucunditate
1428 240 1434 259 ι
1457 239 1532 261 urea
1543 250 1550 264 ‚
1573 241 1639 272 qua:
1653 232 1809 273 gustemus
1820 253 1828 267 ,
1841 232 2038 269 olfaciamus,
2052 236 2162 268 traae-

1191 276 1259 313 tuus
1270 288 1277 301 ,
1290 270 1460 306 audiamus,
1478 274 1511 302 in
1522 283 1554 303 ea
1564 274 1625 313 ipsa
1639 294 1647 307 ,
1661 274 1713 304 ubi
1723 274 1870 306 sentimus
1882 297 1890 310 ‚
1902 285 1981 316 parte
1991 279 2157 314 versentur,

1189 318 1221 338 in
1233 311 1329 340 oculis
1349 314 1405 343 tale
1420 314 1498 343 nibil
1516 313 1558 344 fit.
1582 318 1703 346 animus
1713 318 1820 357 accipit
1830 328 1895 359 quae
1906 318 2056 350 videmus.
2079 323 2159 352 Ani—

1188 359 1242 380 mo
1261 361 1361 382 autem
1385 356 1491 385 multis
1502 357 1625 391 modis,
1645 359 1791 399 variisque
1800 359 1944 391 delectari
1958 361 2157 395 licet,·etiam

1187 389 1206 420 sl
1221 402 1283 422 non
1298 394 1471 427 adhibeatur
1484 398 1648 438 adspe&us.
1673 401 1799 441 Loquor
1807 403 1892 432 enim
1904 402 1941 432 de
1949 402 2041 434 deero
2053 403 2158 435 homi-

1186 442 1223 463 ne
1236 453 1249 466 ,
1266 434 1299 464 δε
1314 436 1432 467 erudito
1446 458 1455 472 ‚
1478 442 1526 469 cui
1548 442 1651 471 vivere
1659 441 1702 472 est
1713 462 1721 474 ,
1741 444 1879 484 cogitare.
1904 445 2153 484 sapientisautem

1183 477 1326 516 cogitatio
1349 488 1413 509 non
1434 480 1529 511 ferme
1548 482 1582 512 ad
1602 482 1846 525 investigandum
1858 485 2156 519 adhibetoculosad-

1184 526 1319 562 vocatos.
1343 523 1456 557 etenim
1475 523 1503 562 si
1521 534 1576 552 nox
1595 535 1647 554 non
1667 526 1775 555 adimit
1783 527 1880 555 vitam
1890 526 2021 563 beatam,
2040 530 2154 560 curdies

1182 557 1258 606 noste
1276 559 1382 599 similis
1400 563 1510 592 adimat
1531 568 1541 593 ἓ
1570 575 1640 596 nam
1662 567 1738 598 illud
1759 570 1910 608 Antipatri
1927 571 2085 610 Cyrenaici
2105 573 2150 604 est

1180 599 1305 647 quidem
1324 603 1429 641 paullo
1451 605 1618 637 obscaenius
1630 628 1638 641 ‚
1664 609 1711 639 sed
1727 619 1791 640 non
1800 610 2150 645 absurdasententiaest:

1180 651 1265 687 cujus
1275 646 1437 676 caecitatem
1447 646 1519 676 cum
1531 650 1716 680 mulierculae
1726 651 1959 684 lamentarentur
1969 674 1977 687 ,
1990 654 2153 696 Qidagi-

1181 690 1219 712 rts
1231 686 1386 732 :Uinquiu
1404 698 1441 716 an
1460 688 1539 718 vobis
1557 691 1633 719 nulla
1650 693 1764 722 viderur
1781 694 1913 736 voluptas
1932 695 1982 734 effi
1998 694 2150 727 nostuma?

1180 727 1313 765 Appium
1333 729 1457 767 quidem
1479 733 1729 768 veteremillum,
1752 737 1911 775 quicaecus
1921 748 2019 769 annos
2031 739 2150 770 multos

1178 766 1256 815 suit,
1270 768 1302 798 δε
1314 778 1352 798 ex
1362 771 1578 811 magistratibus
1593 794 1600 807 ‚
1623 774 1657 805 &
1667 785 1706 805 ex
1724 777 1811 806 rebus
1832 778 1921 819 gestis
1933 781 2149 822 intelligimus,

1178 819 1212 838 in
1225 809 1281 839 illo
1306 811 1360 841 suo
1378 813 1444 843 casu
1453 823 1509 844 nec
1516 816 1631 854 privato
1644 837 1653 850 ,
1674 827 1730 848 nec
1738 819 1861 857 publico
1874 830 1999 852 munere
2006 821 2147 854 defuisti*-

1177 848 1194 870 5
1205 853 1242 898 G.
1256 851 1345 883 Drusi
1365 859 1380 883 7
1393 855 1524 886 domum
1535 858 1683 898 compleri
1705 859 1720 889 a
1730 861 1952 893 consultoribus
1967 865 2086 896 solitam
2098 875 2148 896 ac-

1177 903 1330 933 cepimus:
1350 896 1421 927 cum
1434 917 1442 931 ,
1461 908 1594 939 quorum
1611 910 1656 930 res
1676 898 1766 935 esset,
1790 903 1901 943 suaipfi
1913 915 1977 935 non
1988 907 2143 942 videbant,

1175 945 1290 966 caecum
1302 938 1482 970 adhibebant
1493 940 1614 971 ducem.
1628 944 1729 972 Pueris
1739 943 1839 978 nobis,
1852 947 1906 975 Cn.
1918 946 2058 978 Aufidius
2070 959 2144 989 prae-

1176 979 1272 1008 torius
1290 979 1324 1009 &
1343 983 1376 1011 in
1396 981 1494 1012 senatu
1516 983 1694 1014 sententiam
1716 985 1852 1020 dicebat,
1874 997 1931 1018 nec
1950 993 2056 1021 amicis
2066 991 2144 1023 deh'-

1175 1019 1350 1053 berantibus
1363 1023 1461 1054 deerat
1474 1044 1481 1056 ,
1506 1024 1538 1055 &
1549 1027 1684 1056 Graecam
1696 1027 1842 1059 scribebat
1852 1029 2009 1062 historiam
2020 1053 2028 1065 ‚
2051 1033 2083 1063 &
2094 1035 2144 1064 vi>-

1174 1061 1261 1092 debat
1274 1064 1306 1093 in
1319 1065 1434 1096 litteris.
1458 1061 1472 1085 3
1483 1067 1635 1097 Diodotus
1645 1070 1763 1099 Stoicus
1773 1089 1782 1103 ,
1793 1080 1887 1101 caecus
1901 1092 1910 1106 ,
1922 1074 2036 1104 multos
2044 1084 2143 1107 annos

1172 1107 1189 1130 9
1198 1103 1283 1134 domi
1296 1106 1402 1138 nostrae
1414 1109 1506 1138 vixit.
1525 1111 1555 1139 Is
1565 1109 1635 1139 vero
1644 1131 1652 1143 ‚
1662 1111 1744 1151 quod
1755 1112 1899 1143 credibile
1910 1116 1965 1145 vix
1976 1114 2057 1151 effer,
2068 1116 2142 1149 cum

1173 1147 1205 1175 in
1224 1147 1415 1190 philosophia
1435 1150 1534 1180 multo
1556 1152 1646 1181 etiam
1667 1154 1762 1193 magis
1782 1152 1913 1189 affidue,
1933 1157 2024 1197 quarn
2043 1168 2140 1194 antea,

1171 1188 1334 1220 versaretur
1343 1211 1351 1225 ‚
1373 1191 1406 1222 ὃς
1425 1192 1498 1223 ciim
1511 1191 1621 1223 fidibus
1630 1195 1886 1235 Pythagoreorum
1898 1207 1983 1229 more
1993 1209 2137 1235 uteretur,

1171 1239 1302 1271 cumque
1311 1233 1419 1264 eilibri
1430 1233 1565 1266 noetus,
1588 1234 1693 1266 &dies
1704 1236 1890 1277 legerentur,
1912 1241 2023 1280 quibus
2035 1243 2066 1272 in
2077 1242 2141 1272 stu-

1170 1271 1227 1302 diis
1247 1274 1344 1304 oculis
1362 1285 1427 1306 non
1447 1276 1564 1318 egebat:
1590 1279 1697 1308 ¹0turn
1717 1278 1871 1319 quodfine
1880 1283 1977 1312 oculis
1987 1281 2142 1324 fieripoffe

1168 1315 1222 1344 vix
1233 1314 1362 1350 videtur,
1371 1320 1545 1359 geometriae
1560 1328 1673 1350 munus
1685 1321 1838 1355 tuebatur,
1852 1323 1951 1354 verbis
1959 1328 2137 1367 praecipiens

1167 1355 1685 1402 discentibus,unde‚quo,quamque
1696 1362 1809 1393 lineam
1820 1364 1992 1396 scriberent.
2005 1369 2140 1400 ¹¹Ascle-

1167 1398 1286 1437 piadem
1296 1399 1398 1431 ferunt
1407 1422 1416 1436 ‚
1438 1412 1502 1432 non
1511 1402 1680 1444 ignobilem
1693 1424 1701 1438 ,
1725 1406 1892 1436 Eretricum
1903 1409 2136 1450 philosophum,

1167 1439 1239 1469 cum
1253 1441 1377 1481 quidam
1393 1453 1554 1484 quaereret‚
1575 1445 1648 1485 quid
1661 1447 1688 1476 ei
1698 1449 1811 1477 caecitas
1821 1448 1964 1480 attulisset
1980 1471 1988 1483 ,
2010 1452 2135 1492 respon-

1166 1480 1251 1515 disse,
1260 1490 1343 1524 puero
1352 1491 1386 1512 ur
1395 1495 1448 1514 uno
1457 1485 1522 1522 effer
1533 1487 1704 1516 comitatior.
1728 1491 1771 1518 Ut
1781 1491 1865 1519 enim
1877 1492 1925 1520 vel
1937 1492 2054 1523 summa
2061 1503 2135 1534 pau-

1164 1532 1260 1562 pertas
1279 1525 1442 1555 tolerabilis
1461 1526 1497 1557 sit
1517 1547 1526 1560 ,
1557 1525 1578 1556 s1
1600 1528 1708 1562 liceat,
1728 1529 1810 1569 quod
1829 1531 2007 1570 quibusdam
2020 1536 2135 1566 Graecis

1164 1565 1316 1604 quotidie:
1344 1565 1382 1597 fic
1400 1569 1517 1598 caecitas
1527 1567 1596 1598 ferri
1606 1568 1696 1599 facile
1705 1569 1811 1609 poffit,
1831 1570 1926 1602 finon
1937 1573 2139 1606 defintsubsre

1163 1607 1211 1635 dia
1220 1607 1434 1639 valitudinum.
1458 1611 1656 1641 Democritus
1668 1611 1839 1643 luminibus
1849 1613 1958 1645 amiffis
1971 1635 1980 1650 ,
2003 1617 2068 1648 alba
2078 1619 2136 1649 sci-

1164 1648 1251 1683 licet,
1276 1651 1309 1681 &
1327 1659 1386 1681 atra
1395 1651 1564 1682 discernere
1573 1661 1636 1683 non
1646 1661 1761 1693 poterat
1775 1664 1781 1684 z
1800 1664 1829 1686 at
1839 1654 1910 1686 vero
1922 1657 2001 1689 bona
2012 1679 2021 1693 ‚
2044 1661 2133 1692 mala:

1164 1699 1245 1730 aequa
1258 1711 1266 1725 ‚
1277 1694 1383 1734 iniqua
1395 1703 1401 1722 :
1415 1693 1538 1724 honesta
1549 1714 1558 1728 ,
1573 1697 1686 1735 turpia:
1700 1696 1785 1727 utilia
1794 1698 1923 1729 inutilia:
1936 1709 2054 1741 magna,
2064 1711 2133 1742 pai·-

1163 1741 1198 1762 va
1207 1742 1339 1772 poterat:
1362 1735 1396 1766 &
1418 1734 1479 1766 fine
1498 1738 1642 1768 varietate
1655 1738 1794 1769 colorum
1808 1738 1913 1770 licebat
1923 1743 2023 1773 vivere
2034 1743 2132 1775 beate:

1163 1772 1224 1804 fine
1244 1778 1373 1807 notione
1394 1787 1499 1808 rerum
1516 1788 1581 1808 non
1599 1779 1716 1810 licebat.
1743 1782 1841 1821 Atque
1868 1783 1918 1812 hic
1930 1784 2131 1825 virimpediri

1161 1818 1257 1846 animi
1279 1818 1372 1849 etiarn
1391 1821 1486 1850 aciem
1507 1819 1647 1861 adspectu
1665 1822 1827 1853 oculorum
1847 1823 2060 1857 arbitrabatur:
2081 1828 2129 1863 ὃς,

1162 1860 1190 1877 ¹²
1200 1857 1272 1889 cum
1281 1860 1332 1891 alii
1343 1861 1429 1902 saepe,
1441 1862 1522 1904 quod
1533 1871 1600 1894 ante
1609 1863 1701 1904 pedes
1709 1862 1781 1895 ess'et
1790 1884 1799 1899 ,
1810 1875 1875 1896 non
1885 1866 2031 1902 viderent,
2047 1873 2056 1889 ¹
2064 1873 2076 1897 3
2089 1871 2129 1900 il-

1160 1900 1187 1930 le
1196 1899 1380 1934 infinitatem
1392 1913 1518 1935 omnem
1530 1905 1771 1947 peregrinabatur
1781 1928 1789 1941 ,
1802 1916 1836 1938 ut
1846 1909 1930 1940 nulla
1938 1910 1971 1940 in
1981 1913 2131 1943 excremi-

1161 1951 1218 1973 tate
1227 1944 1406 1977 consisteret.
1431 1947 1590 1978 Traditum
1614 1947 1657 1978 est
1675 1951 1767 1979 etiam
1783 1969 1792 1983 ,
1815 1952 1987 1983 Homerum
2011 1962 2127 1986 caecum

1160 1984 1257 2016 fuifl'e.
1281 1990 1322 2018 At
1334 1988 1554 2029 ejuspiEturam
1566 2010 1575 2024 ,
1598 2000 1663 2020 non
1673 1989 1786 2031 poefim
1801 2011 1808 2025 ,
1819 1993 1969 2024 videmus.
1994 1997 2068 2038 Qae
2079 2006 2126 2027 re·-

1157 2029 1209 2070 gi'o
1221 2049 1230 2063 ,
1251 2039 1316 2070 quae
1334 2041 1402 2065 ora,
1421 2033 1475 2072 qui
1495 2032 1578 2062 locus
1599 2034 1740 2067 Graeciae,
1765 2037 1868 2074 ¹4quae
1880 2036 1991 2075 species
2001 2036 2123 2073 formae‚

1158 2081 1223 2112 quae
1234 2081 1332 2114 pugna
1342 2094 1350 2107 ,
1373 2084 1439 2115 quae
1449 2076 1524 2104 acies
1536 2095 1544 2108 ,
1555 2074 1635 2115 quod
1647 2078 1809 2116 remigium
1823 2097 1830 2109 ,
1842 2080 1894 2117 qui
1904 2087 2007 2109 motus
2018 2080 2125 2111 homi-

1159 2123 1236 2144 num
1248 2134 1257 2149 ,
1269 2118 1321 2156 qui
1332 2115 1462 2147 ferarum
1474 2137 1483 2151 ‚
1495 2119 1607 2147 nonita
1616 2116 1756 2158 expffiius
1770 2118 1811 2149 est
1824 2138 1833 2153 ,
1847 2129 1879 2149 ut
1888 2140 1896 2154 ‚
1908 2130 1974 2161 quae
1985 2122 2046 2161 ipse
2056 2132 2123 2154 nou

2033 2164 2121 2195 vide-

179 2228 205 2246 ι.
223 2223 265 2247 Sin
282 2221 356 2255 abeffe
366 2220 454 2253 patria*
471 2221 579 2253 miserum
595 2219 656 2254 eff]
677 2220 772 2247 Delevi
794 2219 1005 2256 praepositionem
1016 2220 1032 2247 ἃ
1047 2230 1098 2248 nou

139 2256 312 2283 necessariam
323 2266 356 2283 ex
368 2263 485 2291 quatuor
495 2257 564 2283 Pali.

175 2300 204 2318 2.
223 2293 347 2326 Qantum
364 2293 454 2317 demum
463 2291 479 2317 ἃ
495 2298 611 2326 perpetua
623 2294 810 2325 peregrinatiane
820 2292 899 2325 differt
909 2292 943 2326 ἓ]
967 2292 1023 2319 Pal.
1036 2302 1102 2329 qua-

136 2333 201 2355 tuor
212 2329 314 2364 priores
325 2335 442 2363 quantum
460 2328 548 2354 damna
560 2329 612 2362 (vel
625 2348 633 2360 ‚
651 2330 766 2361 dampna>
780 2336 896 2362 perpetua
909 2333 1029 2362 peregi-iu.
1048 2329 1101 2362 diff

136 2363 247 2391 Vaticau
253 2385 259 2391 .
268 2372 386 2399 quantum
395 2365 484 2389 damna
492 2363 508 2389 ἃ
513 2372 580 2398 perp.
590 2367 705 2397 peregrin.
716 2364 768 2397 dtff.

172 2407 186 2434 3
195 2419 200 2425 .
221 2404 269 2428 w
277 2404 336 2426 enim
345 2402 358 2416 *θ
364 2402 549 2435 stnetjgnominia
557 2404 648 2434 afficere
655 2402 669 2416 ⁴*
676 2401 817 2434 sapientem.
837 2400 864 2426 de
868 2400 975 2434 sapiente
985 2403 1045 2427 enim
1055 2401 1100 2427 haec

134 2436 207 2461 amnis·
216 2439 291 2462 oratio
300 2437 360 2470 effi]
382 2436 422 2461 Ut
441 2437 527 2471 reperi
545 2437 571 2464 in
584 2436 641 2463 mff.
660 2437 697 2463 ita
707 2436 838 2464 edendum
854 2437 990 2471 judicavi:
1013 2438 1099 2464 exstat

133 2478 223 2498 autem
236 2471 269 2498 fic
287 2472 313 2498 in
326 2472 412 2498 Palat.
431 2470 481 2498 sec.
501 2480 566 2500 tert.
586 2479 674 2508 quart.
695 2473 790 2507 partim
802 2473 890 2509 quint.
912 2473 991 2500 Fabr.
1010 2475 1097 2501 Vatic.

134 2508 235 2543 vulgo:
257 2511 291 2534 A!
300 2511 360 2534 enim
377 2510 390 2523 ²⁸
411 2517 456 2532 mn
467 2509 519 2541 fine
527 2512 654 2542 ignnmt'm‘a
663 2511 750 2542 afficere
763 2512 849 2542 poterit
852 2510 996 2543 sapientem.
1015 2510 1041 2535 de
1048 2511 1097 2544 sa-

128 2546 207 2576 plente
217 2546 278 2569 enim
288 2547 323 2570 eft*
330 2546 375 2570 hac
383 2546 457 2569 omnis
467 2548 552 2571 oratio.
572 2545 703 2572 Lambiuo
714 2546 832 2580 impense
844 2546 931 2580 placet
941 2546 1097 2579 conjectura

131 2580 249 2606 Manutii
261 2590 267 2606 :
289 2584 336 2607 (At
345 2582 405 2605 enim
413 2589 458 2605 non
468 2583 513 2606 erit
518 2582 570 2615 fim-
579 2584 715 2616 Ignominia.
726 2582 856 2615 Ignominia
864 2583 953 2615 afficere
958 2584 1095 2616 poteritsa-

125 2618 230 2649 flentem
242 2620 253 2642 ?
261 2616 399 2649 desapiente
408 2618 478 2641 enim.

167 2659 196 2685 4.
217 2655 246 2677 Ut
254 2661 389 2686 quocunque
397 2652 494 2677 haecloco
505 2652 694 2687 fiappea'itetur]
715 2653 815 2689 Recepi
828 2662 861 2680 ex
871 2652 986 2680 Vic‘iorii
997 2652 1096 2681 editio-

130 2695 165 2714 ne
176 2707 185 2721 ,
206 2687 320 2714 Palatini.
332 2695 438 2723 quai-to,
451 2688 571 2715 Vaticau.
583 2689 661 2715 Fabr.
674 2689 756 2724 vulgo
769 2700 775 2716 :
790 2689 949 2723 stappeditent.

168 2732 195 2757 ς.
215 2725 294 2758 ¹&gam
302 2724 363 2758 quod
379 2724 478 2749 Athenis
497 2726 647 2751 Metrodorus
659 2726 693 2759 ἓ]
716 2726 757 2752 lta
769 2725 896 2752 ordinant
906 2726 1022 2753 Visstorii
1034 2725 1093 2753 edi-

129 2759 170 2785 tio
181 2779 190 2791 ,
210 2755 268 2787 Pal.
287 2759 395 2787 secund.
417 2768 506 2796 quart.
525 2761 613 2796 quint.
635 2761 716 2797 vulgo
728 2771 736 2793 3
757 2771 831 2797 quam
840 2763 992 2789 Metrodorus
1002 2782 1011 2795 ‚
1034 2764 1098 2799 quiid

129 2796 242 2823 «Athenas
253 2801 264 2822 ,2

164 2832 192 2858 6.
211 2833 464 2867 GaJDrufidomum]
485 2832 528 2858 Sic
556 2833 766 2868 raeitlegendum
779 2833 836 2860 Pal.
856 2839 943 2870 quart.
955 2835 1001 2870 qui
1014 2844 1092 2871 rege-

126 2865 302 2902 titGaJerufi.
324 2868 381 2896 Pal.
392 2875 457 2895 terr.
469 2869 536 2896 Gem
559 2869 578 2896 l.
598 2872 680 2903 atrust.
701 2869 765 2896 Fab.
777 2872 862 2903 atrisii.
885 2871 968 2897 Mart.
988 2874 1093 2906 Gatrusi.

126 2901 186 2929 Pal.
196 2901 246 2930 sec.
256 2906 373 2940 Gratrufi.
387 2904 478 2940 vulgo:
492 2908 519 2931 C.
531 2912 609 2931 antem
619 2907 698 2939 Drusi.
710 2906 914 2942 interpolatitie.

163 2945 192 2973 7.
211 2942 307 2965 Domum
315 2943 420 2974 compleri
438 2939 454 2967 ei
464 2943 630 2976 consultoribus
641 2942 766 2977 ftliram]
788 2941 888 2969 immisi
907 2945 937 2971 τὺ
949 2941 964 2968 ὰ
975 2951 1009 2969 ex
1021 2943 1088 2972 Pau.

127 2974 249 3011 quinque
258 2974 357 3002 Gembi
367 2977 468 3004 Mai-tin
475 2996 481 3004 .

164 3010 192 3037 8.
211 3011 323 3037 Diodotus
330 3014 528 3048 satiem-uem]
549 3013 590 3041 Ut
600 3013 738 3040 vinstorius
749 3014 777 3041 &
789 3014 914 3042 Lambin.
933 3014 1088 3048 ediderunt,

125 3046 333 3083 exprimendum
344 3046 429 3075 duxi:
450 3050 513 3084 quia
522 3049 556 3076 lic
565 3059 674 3086 qnoque
684 3051 762 3078 Fabr.
783 3050 898 3078 Pamin.
912 3060 971 3078 nam
982 3050 1090 3080 secimd.

125 3084 249 3116 vindam,
260 3082 343 3118 vulg-'o
354 3083 479 3110 Diodorus.
576 3097 579 3100 ·

1186 2230 1228 2247 10.
1247 2226 1303 2248 *Tum
1315 2223 1376 2256 quod
1386 2225 1437 2256 stne
1455 2224 1525 2249 oeulis
1535 2226 1596 2258 fieri
1608 2223 1668 2257 poffe
1684 2226 1731 2248 vix
1739 2222 1863 2256 viduum]
1886 2223 1926 2249 Le
1932 2223 2043 2251 viculum
2070 2234 2117 2251 are·-

1147 2258 1254 2284 ticulani
1266 2265 1316 2283 tum
1326 2268 1374 2295 pro
1386 2267 1465 2285 tamen
1474 2259 1746 2292 innnutaV1‚jubente
1756 2268 1785 2286 ac
1795 2267 1898 2295 praecum
1904 2266 1929 2286 te
1940 2259 2031 2288 solerti
2052 2271 2110 2288 imo

1145 2292 1249 2320 editore
1261 2294 1397 2327 Vitotorio,
1409 2297 1468 2322 tum
1481 2303 1596 2331 quatuor
1607 2295 1676 2321 Pail.
1687 2294 1833 2331 prioribus.

1183 2338 1222 2356 11.
1234 2331 1500 2365 eAsilepiademftrunt
1510 2342 1555 2359 non
1565 2333 1683 2366 ignobilem
1695 2351 1702 2363 ,
1714 2334 1847 2358 Eretricum
1856 2332 2041 2367 Phiibfivphum]
2053 2333 2114 2360 Re-

1142 2366 1212 2392 timii
1223 2366 1366 2394 lechonem
1381 2367 1495 2394 Viam-ii
1509 2388 1516 2400 ,
1534 2377 1613 2405 quau-i
1632 2369 1661 2394 δε
1673 2368 1820 2395 Lambinus
1840 2367 1964 2404 sequutus
1976 2369 2028 2396 est:
2050 2370 2114 2405 quia
2145 2392 2148 2396 .

1141 2403 1235 2438 parum
1257 2403 1314 2439 opis
1335 2405 1350 2430 a
1370 2403 1446 2431 libris
1458 2404 1526 2431 Pali.
1537 2404 1647 2441 aliisque
1659 2424 1667 2436 ,
1687 2413 1800 2441 quorum
1817 2405 1895 2441 prim.
1906 2411 1937 2431 ut
1955 2405 1983 2430 Sc
1995 2405 2110 2433 vffiiorii

1139 2441 1277 2466 hereticum,
1287 2447 1351 2467 tert.
1364 2442 1514 2474 hamarum,
1526 2441 1597 2477 quod
1609 2441 1732 2478 proxime
1743 2441 1844 2468 accedit
1858 2441 1910 2467 veri
1916 2441 1973 2467 rati.
1993 2441 2110 2469 Palatii-‚i

1140 2483 1228 2510 quart.
1240 2478 1326 2503 Mart.
1337 2480 1468 2504 metricum.
1486 2477 1568 2504 Fabr.
1578 2477 1687 2505 Gembl.
1697 2481 1814 2503 criticum.
1835 2477 1921 2503 Palat.
1932 2477 2020 2513 quint.
2032 2480 2108 2504 medi-

1140 2521 1202 2538 cum.
1223 2520 1253 2539 ut
1267 2513 1295 2539 Sc
1306 2513 1452 2540 Lambinus
1473 2514 1497 2541 in
1513 2514 1615 2550 prima:
1637 2523 1682 2540 non
1700 2515 1819 2546 ignobilem
1836 2514 1948 2538 medicum
1966 2514 1996 2543 &-
2008 2515 2110 2549 philfii-

1134 2548 1218 2580 phum.
1240 2549 1322 2584 vulgo
1336 2569 1345 2582 ,
1363 2559 1403 2576 nec
1413 2553 1577 2577 inexercitum.
1597 2549 1668 2586 quod
1679 2559 1726 2586 per
1736 2559 1778 2576 me
1789 2550 1888 2585 placeat
1899 2550 2009 2577 Scliotto
2018 2549 2067 2578 lib.
2078 2559 2107 2578 2.
2118 2560 2121 2571 ’ν

1141 2592 1255 2620 capa-1.
1276 2585 1433 2612 Nodorum.

1179 2629 1221 2646 12..
1242 2620 1301 2647 Cim
1310 2624 1355 2649 alii
1363 2623 1424 2656 quod
1430 2629 1487 2648 ante
1493 2623 1560 2655 pedes
1569 2622 1622 2655 effer
1632 2631 1677 2647 non
1686 2620 1804 2655 videret]
1826 2621 1869 2647 Sic
1879 2620 2000 2647 ordinavi
2012 2631 2045 2649 ex
2056 2623 2107 2649 Vi*-

1140 2655 1219 2683 &orii
1232 2656 1299 2684 edit.
1310 2658 1379 2684 l’all.
1389 2667 1430 2694 pr.
1441 2665 1504 2684 tert.
1514 2658 1602 2693 quint.
1615 2658 1692 2685 Fabr.
1706 2658 1786 2692 vulgo
1800 2667 1805 2683 :
1819 2658 1882 2690 qnod
1889 2658 1939 2689 effer
1949 2666 2014 2685 ame.
2037 2659 2107 2685 Pro.

1139 2700 1208 2728 pert.
1220 2697 1298 2722 orate
1305 2696 1373 2727 pedes
1382 2695 1441 2722 cacis
1450 2695 1632 2728 Itccebatfimita
1640 2694 1704 2720 nobis
1714 2704 1721 2719 .-
1730 2695 1842 2720 Terenti
1856 2692 1972 2730 Adelph.
1983 2693 2039 2722 ast,
2048 2695 2105 2724 ΠΕ

1140 2728 1173 2754 sc.
1207 2749 1213 2756 .

1186 2737 1199 2764 3
1315 2768 1375 2799 Istuc
1384 2767 1508 2800 effsapere
1518 2785 1526 2797 ‚
1544 2775 1589 2792 non
1599 2767 1660 2800 quod
1668 2765 1797 2799 antepedes
1807 2765 1869 2791 morib
1880 2768 1921 2792 eft

1314 2804 1396 2828 Videre
1407 2823 1415 2835 ,
1421 2803 1464 2836 fid
1471 2806 1542 2828 eiiam
1552 2804 1596 2828 illa
1606 2803 1820 2836 qixaejitturasunt.

1138 2837 1205 2864 Fer&
1224 2844 1252 2863 u!
1261 2839 1348 2864 Gl‘oecl
1369 2843 1415 2871 πρὸ
1433 2840 1510 2865 ποδῶν
1522 2858 1530 2870 ,
1547 2842 1595 2873 πρὸ
1614 2843 1706 2873 χειρῶν,
1727 2837 1922 2872 ῑιτδοΡῙῚοΕῘΘΞ.
1940 2838 2002 2865 lde&
2013 2839 2104 2866 mim-*¹8

1136 2872 1263 2900 assentior
1273 2874 1341 2901 Pall.
1354 2875 1402 2901 sec.
1414 2882 1477 2901 tert.
1490 2874 1686 2911 repraesentaturi
1698 2883 1705 2904 3
1716 2873 1777 2908 quod
1784 2880 1840 2899 ante
1848 2875 1899 2907 effer
1911 2893 1918 2906 ,
1928 2884 1973 2900 non
1981 2875 2104 2903 viderem,

1175 2917 1216 2945 13.
1241 2911 1280 2935 Ille
1296 2913 1441 2944 infinitatem
1458 2920 1544 2936 omnem
1558 2909 1785 2943 peregrinabatur]
1816 2908 1964 2937 Insolenter
1983 2910 2103 2944 dierum,

1136 2945 1178 2971 cui
1189 2953 1219 2972 ut
1228 2945 1394 2973 succurreret
1406 2946 1551 2973 Lambinus
1563 2966 1571 2977 ‚
1592 2946 1657 2972 nihil
1668 2946 1830 2973 intentatum
1843 2964 1851 2977 ,
1867 2946 1909 2972 ‘nil
1924 2946 2005 2982 liquit
2024 2948 2103 2975 inau'-

1133 2981 1188 3007 l'um
1201 2992 1209 3008 :
1230 2983 1327 3018 quippe
1338 2982 1405 3018 legit
1416 2993 1422 3009 :
1443 2984 1480 3008 ille
1488 2985 1675 3016 ininfinitarem.
1695 2981 1738 3008 sed
1747 2980 1798 3008 illo
1807 2981 1902 3008 melius
1914 2983 1992 3009 Fabr.
2005 2985 2042 3009 ille
2056 2990 2110 3016 per·

1132 3020 1286 3051 infinitatem.
1308 3019 1364 3044 Pal.
1377 3019 1440 3045 vero
1452 3019 1539 3053 quint.
1551 3020 1615 3044 illam
1624 3020 1768 3053 infinitatem
1777 3017 1846 3054 ‚rqui
1855 3018 1883 3044 ὃ(
1896 3027 1959 3046 mox
1971 3018 2038 3055 legit
2049 3029 2056 3047 ε
2072 3028 2101 3046 ιιι-ε

1133 3053 1200 3079 nulla'
1208 3056 1357 3080 extremitate
1367 3056 1499 3089 consisteret.
1833 3063 1835 3068 ·

1174 3096 1216 3122 14.
1236 3091 1292 3122 Qae
1303 3093 1392 3124 species
1405 3092 1504 3124 stirme,
1523 3099 1574 3125 φα
1586 3090 1701 3125 pugnam]
1721 3091 1785 3116 Vet.
1807 3089 1887 3116 codd.
1906 3091 1937 3116 ὅτ
1954 3090 2032 3118 Fabr.
2051 3100 2103 3125 (με

186 3120 455 3154 .‘Dominos1¹raevixit¹.]
468 3118 512 3146 Sic
520 3119 620 3148 reffius
632 3129 687 3149 vet.
697 3122 758 3149 cod.
769 3123 918 3159 Panuint.
929 3123 982 3159 ipsc
994 3123 1090 3151 Lamb.
1127 3127 1217 3165 species
1233 3127 1357 3163 firmaque
1371 3135 1452 3162 pugne
1463 3144 1473 3160 ,
1491 3135 1543 3154 non
1554 3126 1661 3154 *melius
1680 3126 1804 3164 vulgata:
1826 3120 1929 3157 causam
1947 3125 2041 3155 norint
2058 3126 2098 3153 so.-

124 3162 221 3194 quippe
231 3155 289 3186 Pal.
299 3163 389 3195 quart.
407 3158 486 3192 nostra
495 3157 571 3185 domui
579 3160 656 3192 vixit.
676 3159 776 3196 vulgo:
800 3162 880 3194 nostra
890 3160 949 3188 domi
959 3163 1037 3189 vixit.

1132 3169 1247 3199 pientes.

2004 3206 2027 3226 ³2
2037 3197 2113 3232 Μὰ·

1442 3198 1612 3229 Aaaaaaa
1632 3206 1649 3236 3
