2295 3400
220 117 316 149 210
654 98 1151 148 MTunnxx

221 183 342 214 :andem
360 190 449 223 poena
463 180 627 214 afficietur?
645 192 695 213 aut
710 192 772 223 quo
789 182 905 222 judicio
916 182 1127 215 damnabitur?
1149 184 1180 214 Si
1197 177 1201 191 ¹

221 227 298 257 hanc
317 227 344 255 ei
363 235 425 255 rem
442 227 665 265 privatim-Sex.
681 225 809 254 Roscius
829 224 1044 258 mandaviffet‚
1067 234 1099 255 ut
1108 235 1180 256 cum

223 267 417 310 Chrysogono
426 265 604 307 transigeret,
615 275 701 313 atque
712 266 861 297 decideret
870 287 878 300 ‚
892 268 983 308 inque
993 277 1058 298 eam
1067 270 1133 298 rem*
1145 265 1181 298 fi-
1200 272 1203 284 ·

223 309 295 339 dem
307 310 398 342 suam,
411 307 504 350 siquid
517 318 589 347 :pus
599 307 657 337 essse
668 317 790 348 putaret,
808 310 1026 349 interponeret:
1046 309 1098 339 ilie
1109 330 1116 343 ‚
1128 311 1181 350 qui

223 351 285 382 sese
304 350 452 380 faciurum
471 347 636 390 recepisset:
657 359 761 380 nonne
770 348 790 380 si
802 360 840 380 ex
849 360 887 381 eo
898 353 1021 392 negotio
1031 352 1181 382 tantulum

224 394 259 423 in
270 403 332 422 rem
344 393 425 422 suam
436 389 625 422 convertisset
637 413 645 425 ‚
665 391 821 422 damnatus
830 402 882 433 per
890 393 1032 424 arbitrum
1044 414 1052 426 ‚
1074 393 1107 424 &
1118 403 1182 423 rem

223 434 401 467 restitueret,
413 434 445 463 &
455 432 618 469 honestatem
626 444 731 463 omnem
740 435 884 464 amitteret
895 438 906 464 ἓ
930 438 1022 466 Nunc
1032 446 1097 466 non
1108 437 1184 466 hanc

223 478 253 506 ei
264 486 326 506 rem
338 479 404 506 Sex.
416 476 541 505 Roscius
554 476 707 506 mandavit
717 496 725 510 ,
742 476 790 506 scd
803 496 810 510 ,
824 476 854 507 id
865 477 946 518 quod
959 477 1058 508 multo
1068 479 1182 519 gravius

223 516 278 551 est,
289 518 349 558 ipse
358 520 427 547 Sex.
439 517 566 547 Roscius
575 527 644 547 cum
656 517 735 548 fama
746 538 754 551 ‚
764 520 825 549 vita
834 539 842 552 ,
856 519 1003 561 bonisque
1013 520 1157 550 omnibus
1167 519 1184 550 ἐι

222 601 300 632 scius
311 611 373 631 non
382 601 519 640 paullum
530 601 630 632 nescio
640 601 713 643 quid
724 604 756 632 in
767 612 831 632 rem
845 603 927 633 suam
945 606 1096 634 convertit
1106 615 1114 638 3
1136 603 1184 633 sed

223 643 306 673 hunc
323 642 461 673 funditus
479 645 585 673 evertit
603 643 709 674 bonis:
730 644 790 685 ipse
801 647 853 675 tria
863 645 971 685 praedia
982 644 1033 675 sibi
1045 644 1185 685 depastus

224 683 269 715 est
282 685 486 715 :voluntatem
498 685 709 719 decurionum,
721 696 753 716 ac
763 689 953 727 municipum
967 689 1112 717 omnium
1121 697 1186 717 tan-

154 722 208 768 '40
227 726 332 760 tidem,
343 729 447 768 quanti
457 725 548 757 fidem
561 727 642 757 suam
655 747 664 761 ,
683 727 763 758 fecit.
792 728 898 759 Videte
909 729 967 766 jam
978 728 1067 769 porro
1078 739 1184 762 cetera,

219 768 349 810 judices,
361 769 575 810 utintelligatis
585 768 658 811 fingi
668 768 852 800 maleficium
863 771 985 801 nullum
1003 770 1084 812 poss'e
1096 791 1105 805 ‚
1125 781 1186 812 quo
1206 771 1207 779 ¹

222 810 279 842 istc
290 811 349 841 sese
360 821 424 841 non
433 813 653 842 contaminarit.
685 814 721 841 In
731 811 819 841 rebus
830 813 1001 843 minoribus
1012 812 1187 853 sbriumflzl-

223 856 286 886 lere,
299 853 488 895 turpissimum
496 852 550 887 eff,
561 863 703 894 aequeque
715 862 810 894 turpe,
822 863 909 895 atque
918 854 1005 889 illud,
1017 855 1053 884 de
1063 865 1124 896 quo
1134 864 1187 884 an-

225 895 255 925 te
267 895 333 925 dixi
345 905 350 924 t
362 906 460 936 neque
471 896 580 935 injuria
592 906 597 924 :
614 904 767 936 propterea
776 896 858 936 quod
868 897 1018 926 auxilium
1029 895 1081 926 sibi
1092 897 1120 927 se
1130 907 1187 937 pu-

225 944 267 967 tat
276 937 456 974 adjunxifl'e,
467 939 596 978 quicum
605 939 697 968 altero
708 948 770 967 rem
782 941 1031 969 communicavit.
1046 939 1092 969 Ad
1102 940 1186 976 cujus

223 979 319 1020 igitur
330 977 421 1009 sidem
431 979 585 1020 confugiet
595 1000 604 1012 ‚
625 978 695 1009 cum
706 989 757 1019 per
766 981 830 1018 ejus
841 979 932 1010 fidem
943 981 1078 1014 laeditur,
1099 983 1148 1011 cui
1158 981 1186 1011 se

222 1022 433 1053 commiserit?
456 1024 548 1062 Atqui
566 1031 599 1051 ea
618 1021 684 1051 sunt
694 1022 955 1053 animadvertendi
963 1032 1078 1063 peccata
1089 1025 1186 1052 maxi-

221 1061 286 1096 me,
298 1073 361 1104 quae
373 1061 556 1093 difficillime
566 1072 778 1102 praecaventur.
801 1067 911 1095 TECTI
931 1075 1004 1095 ESSE
1024 1075 1068 1094 An
1087 1074 1186 1094 ΑΜΕ-

221 1113 283 1135 Nos
302 1103 458 1144 poffumus
470 1115 474 1134 z
494 1106 596 1134 intimi
607 1105 700 1135 multa
711 1107 853 1145 apertiora
863 1106 994 1140 videant,
1010 1105 1124 1136 neceffe
1133 1105 1184 1136 est.

223 1145 341 1176 socium
362 1145 434 1176 vero
451 1156 551 1176 cavere
572 1144 624 1187 qui
643 1145 820 1187 possumus?
839 1158 930 1188 quem
942 1151 1031 1178 etiam
1043 1147 1063 1178 si
1075 1150 1186 1178 metui—

223 1198 293 1218 mus
304 1209 312 1222 ‚
333 1189 379 1227 jus
397 1187 490 1218 callen
503 1188 651 1218 lauimus.
681 1188 776 1219 Reete
788 1190 1013 1231 igiturmajores
1024 1200 1093 1220 eum
1104 1209 1112 1222 ‚
1134 1191 1186 1230 qui

215 1230 515 1272 sbriumfescllissct,in
526 1231 654 1258 virorum
664 1228 795 1260 bonorum
806 1241 915 1260 numero
926 1242 976 1260 non
984 1239 1125 1274 putarunt
1136 1233 1187 1260 lya-

221 1272 281 1303 beri
300 1281 426 1316 oportere.
459 1275 499 1302 At
508 1271 580 1302 vero
592 1275 630 1302 T.
642 1273 769 1302 Roscius
779 1283 842 1302 non
852 1283 947 1303 unum
959 1276 1000 1303 rei
1010 1275 1186 1313 pecuniariae

221 1316 341 1347 socium
349 1314 457 1345 fefellit
466 1313 571 1355 (quod,
583 1313 696 1344 tametsi
707 1325 792 1356 grave
802 1313 854 1348 est,
868 1324 968 1345 tamen
979 1315 1081 1356 aliquo
1092 1315 1188 1345 modo
1208 1322 1209 1326 ¹

223 1356 307 1399 posse
323 1356 392 1388 ferri
406 1356 535 1397 videtur)
553 1355 665 1386 verum
674 1366 787 1386 novem
796 1358 939 1387 homines
950 1355 1184 1390 honestissimos,

224 1399 360 1439 ejusdem
373 1401 506 1429 muneris
516 1419 524 1432 ,
546 1398 703 1438 legationis
713 1418 722 1432 ,
735 1397 829 1428 officii
841 1419 849 1432 ,
860 1399 1128 1440 mandatorumque
1139 1399 1187 1429 so-

223 1443 302 1474 cios,
313 1441 453 1474 induxit,
466 1440 591 1480 decepit,
604 1439 737 1470 destituit
747 1460 755 1474 ‚
766 1440 937 1471 adversariis
948 1440 1069 1471 tradidit
1079 1461 1086 1474 ‚
1099 1443 1187 1470 omni

222 1482 329 1514 fraude
340 1485 372 1513 ὃ(
382 1481 505 1523 perfidia
515 1481 633 1512 fefellit.
657 1482 756 1523 quide
767 1483 832 1522 ejus
844 1483 949 1513 scelere
961 1483 1095 1523 suspicari
1107 1483 1185 1512 nihil

224 1535 405 1567 potuerunt:
425 1526 541 1555 socium
562 1523 657 1554 officii
676 1534 807 1554 metuere
826 1534 891 1554 non
911 1524 1078 1555 debuerunt
1091 1535 1096 1553 2
1122 1526 1186 1564 ejus

225 1567 374 1598 malitiam
387 1577 451 1597 non
461 1566 601 1596 viderunt
614 1577 618 1594 z
630 1568 759 1596 orationi
769 1576 852 1596 vanae
861 1566 1060 1597 crediderunt.
1084 1569 1186 1608 Itaque

223 1619 311 1640 nunc
320 1610 366 1639 illi
375 1611 516 1639 homines
528 1607 725 1638 honestiffimi
734 1618 854 1648 propter
862 1607 948 1639 istius
959 1608 1187 1651 insidiasparum

221 1657 365 1694 petantur
375 1652 453 1681 cauti
465 1672 472 1684 ,
484 1650 662 1691 providique
673 1649 772 1680 fuiss'e.
799 1650 856 1681 Iste
867 1671 875 1684 ,
887 1652 940 1691 qui
950 1649 1041 1681 initio
1051 1651 1188 1691 proditor

224 1693 296 1727 fuit,
308 1693 417 1735 deinde
429 1693 566 1734 perfuga:
589 1694 640 1733 qui
652 1691 753 1732 primo
764 1693 915 1723 sociorum
925 1691 1047 1723 consilia
1055 1693 1186 1724 adversa-

223 1738 279 1767 riis
307 1737 497 1765 enunciavit:
528 1734 636 1764 deinde
656 1735 825 1765 societatem
843 1745 913 1765 cum
930 1733 996 1774 ipsis
1016 1735 1188 1766 adversariis
1209 1745 1211 1756 1

225 1779 310 1811 coiit,
322 1786 410 1807 terret
421 1779 510 1806 etiam
521 1786 577 1806 nos
587 1796 596 1810 ,
608 1786 640 1806 ac
650 1778 781 1806 minatur
791 1796 799 1810 ,
814 1777 905 1807 tribus
915 1777 1034 1817 piaediis
1046 1798 1054 1810 ‚
1067 1778 1124 1807 hoc
1134 1776 1186 1811 est,

222 1820 459 1862 praemiufteieris,
472 1826 594 1848 ornatus.
610 1821 645 1848 In
655 1817 804 1858 ejusmodi
815 1820 886 1852 vita,
899 1819 1022 1856 judices,
1033 1821 1065 1849 in
1076 1820 1121 1849 his
1133 1829 1186 1853 tot,

224 1862 372 1902 tantisque
391 1860 510 1902 flagitiis
522 1880 530 1894 ,
549 1861 734 1901 hocquoque
745 1859 928 1890 maleficium
941 1881 949 1894 ‚
972 1861 1008 1891 de
1027 1871 1088 1902 quo
1104 1861 1188 1900 judi—

224 1905 309 1933 cium
319 1902 371 1937 est,
383 1904 542 1943 reperietis.
565 1904 690 1933 Etenim
700 1912 827 1943 quaerere
837 1905 877 1932 ita
885 1902 999 1933 debetis
1013 1914 1018 1932 ;
1031 1903 1082 1933 ubi
1093 1904 1188 1934 multa

223 1945 311 1977 avarQ:
322 1965 330 1979 ‚
350 1946 445 1975 multa
453 1944 607 1978 audaSter,
627 1944 722 1974 multa
743 1944 879 1985 improbe
890 1964 898 1978 ‚
919 1946 1014 1975 multa
1031 1944 1187 1985 perfidiose

224 1986 304 2018 faEta
312 1987 421 2017 videtis
433 2007 440 2020 ,
454 1986 494 2016 ibi
501 1987 590 2026 [belm
600 1997 710 2028 qnoque
719 1985 806 2016 latere
814 1988 891 2016 inter
900 1987 950 2016 illa
961 1996 1004 2017 tot
1013 1986 1120 2028 flagitia
1131 1997 1188 2027 pu-

224 2037 329 2060 tatote.
353 2027 486 2059 Tametsi
498 2030 555 2058 hoc
565 2029 689 2069 quidem
701 2029 832 2059 minime
844 2030 930 2062 latet,
943 2028 1024 2069 qucd
1035 2031 1075 2059 ita
1083 2039 1188 2069 prorn-

224 2080 326 2112 ptum,
338 2071 371 2101 ὃς
381 2069 564 2112 propositum
578 2070 618 2100 est
629 2091 636 2104 ,
651 2079 683 2099 ut
693 2080 754 2099 non
766 2080 804 2100 ex
814 2070 876 2099 illis
888 2069 1047 2100 maleficiis
1058 2091 1066 2104 ,
1080 2081 1145 2112 quae
1155 2073 1187 2101 in

224 2113 281 2143 illo
291 2112 405 2143 constat
416 2111 484 2145 effe,
506 2113 564 2142 hoc
573 2112 757 2152 intelligatur
768 2122 773 2140 ·.
785 2110 893 2145 verum
905 2122 942 2142 ex
953 2113 1011 2143 hoc
1020 2115 1110 2143 etiam
1123 2134 1132 2146 ,
1145 2117 1155 2132 ¹
1168 2112 1189 2143 fi

227 2154 311 2195 quod
324 2155 446 2184 illorum
457 2152 535 2183 forte
543 2153 662 2183 dubital*
670 2155 947 2186 itur,convincatur.
960 2154 1041 2195 Qid
1053 2154 1186 2188 tandem,

227 2196 341 2237 quaeso,
353 2196 487 2230 iudices?
506 2205 581 2225 num
591 2204 639 2225 aut
649 2195 700 2224 ille
712 2194 815 2224 lanista
825 2197 954 2225 omnino
964 2196 1023 2231 jam
1035 2198 1049 2214 ²
1059 2196 1074 2225 a
1082 2196 1188 2236 gladiis

226 2236 368 2268 receffiss‘c
387 2237 523 2267 videtur:
543 2247 591 2267 aut
604 2236 656 2267 iste
666 2237 830 2276 discipulus
840 2236 980 2278 magistro
990 2239 1140 2267 tantulum
1151 2237 1188 2267 de

227 2288 287 2310 arte
298 2279 462 2310 concedere
474 2285 482 2311 Ξ
507 2282 559 2308 Par
567 2278 610 2309 est
619 2280 746 2312 avaritia,
760 2277 864 2308 fimilis
875 2278 1050 2318 improbitas
1061 2299 1069 2312 ,
1081 2279 1186 2314 eadem

230 2321 428 2362 impudentia,
437 2322 557 2362 gemina
566 2321 694 2351 audacia.
718 2322 853 2353 Etenim,
864 2322 1008 2361 quoniam
1021 2320 1112 2350 fidem
1124 2331 1189 2350 ma·-

227 2363 310 2406 gistri
321 2363 483 2405 cognostis,
494 2363 663 2404 cognoscite
674 2372 755 2392 nunc
765 2362 902 2402 discipuli
913 2363 1090 2402 aequitatem.
1112 2364 1187 2392 Dixi

225 2408 291 2448 jam
303 2414 387 2436 antea
397 2425 404 2439 ‚
423 2406 494 2445 saepe
506 2415 634 2434 numero
644 2404 806 2444 postulatos
816 2402 873 2434 effe
884 2404 919 2434 ab
930 2404 991 2434 istis
1003 2404 1078 2435 duos
1090 2405 1188 2434 servos

229 2450 263 2479 in
273 2447 389 2489 quaestu
402 2457 482 2477 nem.
506 2456 536 2477 tu
548 2447 672 2486 semper,
687 2449 724 2477 T.
738 2446 849 2480 Rosci,
860 2445 1004 2476 recusasti.
1027 2456 1127 2488 quaero
1137 2447 1188 2477 abs

230 2499 271 2523 te,
283 2492 356 2523 iinc,
368 2491 417 2531 qui
428 2488 624 2528 postulabant,
636 2488 754 2530 indigni
766 2497 857 2522 erant,
867 2491 920 2529 qui
931 2495 1142 2529 impetrarent?
1153 2498 1190 2518 :in

231 2531 287 2562 iste
300 2541 363 2561 non
373 2531 596 2564 commovebat,
607 2541 660 2570 pro
671 2540 732 2571 quo
742 2529 929 2570 postulabant
940 2534 951 2560 ?
961 2541 998 2560 an
1007 2541 1052 2561 res
1063 2531 1122 2571 ipsa
1133 2530 1187 2561 tibi

230 2575 335 2614 iniqua
345 2573 499 2603 videbatui·
512 2576 522 2602 ?
542 2571 729 2613 postulabant
739 2574 879 2602 homines
887 2571 1066 2603 nobiliffimi
1078 2593 1086 2606 ,
1104 2581 1189 2614 atque

230 2617 419 2656 integerrimi
431 2614 536 2644 nostra·
545 2617 672 2644 civitatis
682 2635 690 2648 ‚
701 2624 776 2655 quos
784 2615 846 2653 jam
857 2623 939 2645 antea
950 2617 1108 2645 nominavi
1121 2625 1125 2644 :
1138 2615 1190 2655 qui

227 2658 272 2689 ita
281 2660 423 2687 vixerunt
433 2678 441 2690 ,
454 2657 580 2697 talesque
590 2656 604 2687 a
615 2657 728 2697 populo
738 2658 882 2687 Romano
889 2666 1038 2697 putantur,
1050 2665 1090 2691 ut,
1102 2656 1190 2698 quid-

230 2698 305 2740 quid
315 2698 459 2732 dicerem,
472 2708 563 2728 nemo
573 2698 644 2729 ess'et
653 2720 661 2733 ‚
681 2700 732 2740 qui
741 2709 805 2728 non
816 2709 924 2741 aquam
933 2706 1055 2740 putaret.
1086 2698 1190 2730 Postu-

230 2741 332 2772 labant
342 2749 441 2771 autem
452 2751 505 2780 pro
516 2741 642 2771 homine
654 2741 824 2771 miserrimo
835 2761 843 2775 ,
870 2750 955 2782 atque
973 2739 1187 2774 infelicissimo,
1211 2742 1213 2753 ⁴

232 2784 287 2824 qui
305 2783 353 2812 vel
372 2782 432 2822 ipse
450 2782 509 2812 sese
525 2785 556 2812 in
567 2785 728 2813 cruciatum
739 2783 799 2813 dari
809 2793 929 2823 cuperet
940 2804 948 2817 ‚
970 2783 1044 2813 dum
1055 2783 1090 2813 de
1100 2785 1189 2823 patris

234 2833 333 2855 morte
344 2833 529 2865 quaereretur.
550 2827 610 2855 Res
620 2825 709 2865 porro
720 2825 769 2855 abs
780 2835 807 2856 te
817 2826 967 2865 ejusmodi
976 2825 1187 2866 postulabatur,

231 2867 354 2897 utnihil
362 2864 522 2901 interesset,
533 2875 634 2898 utrum
646 2878 710 2899 cam
720 2877 785 2898 rem
796 2868 940 2899 recusares
950 2888 958 2903 ,
967 2878 1006 2899 an
1014 2868 1046 2898 de
1056 2866 1190 2907 maleficio

1231 100 1757 149 Cxcznonrs

1222 183 1385 225 confiterere.
1397 188 1472 235 Qae
1481 185 1553 216 cum
1564 186 1604 216 ita
1613 183 1678 220 sint,
1690 195 1792 228 quaero
1802 184 1852 216 abs
1863 193 1901 220 te,
1914 194 2004 228 quam
2015 184 2056 218 ob
2065 186 2183 219 eausam

1224 229 1373 259 recusatis.
1404 231 1484 259 Cum
1503 228 1651 259 occiditur
1667 231 1733 259 Sex.
1752 229 1881 259 Roscius
1892 249 1901 262 ,
1921 228 2037 259 ibidem
2048 228 2180 260 fuerunt.

1224 273 1332 301 Servos
1343 270 1420 311 ipsos
1431 290 1440 304 ,
1458 270 1540 312 quod
1550 269 1586 300 ad
1599 280 1648 300 me
1657 273 1771 304 attinet,
1783 281 1880 312 neque
1891 281 1992 313 arguo,
2005 281 2102 311 neque
2113 280 2183 311 pur-

1225 323 1272 354 go.
1296 316 1306 340 3
1318 311 1400 354 quod
1418 312 1435 342 a
1454 312 1542 342 vobis
1561 312 1620 342 hoc
1628 314 1752 353 pugnari
1761 313 1852 343 video
1862 332 1871 346 ,
1892 323 1930 343 ne
1941 315 1972 342 in
1984 312 2185 354 quaest‘ionem

1227 354 1531 394 dentumfirspiciofhm
1540 352 1593 383 eff.
1608 353 1690 394 quod
1700 354 1773 384 vero
1783 354 1859 395 apud
1869 365 1923 385 vos
1934 358 1963 395 ip
1970 356 2013 385 sos
2024 357 2056 385 in
2067 356 2186 384 honore

1227 405 1310 427 tanto
1321 397 1338 427 s
1336 406 1399 430 unt,
1410 395 1547 436 professio
1556 394 1670 426 necess'e
1682 395 1734 430 est,
1749 397 1840 427 sciant
1849 397 2058 438 aliquid,quod
2068 394 2088 426 fi
2099 396 2187 426 dixe·

1228 440 1288 468 rint
1296 459 1304 472 ,
1323 439 1528 478 perniciosum
1540 438 1627 468 vobis
1637 437 1772 468 futurum
1783 437 1827 469 sit.
1859 441 1894 468 In
1912 439 2035 468 dominos
2053 439 2138 479 quari
2154 437 2187 468 de

1204 488 1205 516 j
1224 481 1309 521 servu
1319 481 1451 521 iniquum
1460 478 1512 509 eff.
1535 483 1624 510 Anne
1634 483 1773 520 quaeritur
1786 484 1797 509 ἓ
1807 483 1876 511 Sex.
1890 484 1974 511 enim
1984 481 2111 511 Roscius
2121 489 2189 510 reus

319 561 322 564 ι
374 561 378 564 ἡ
526 561 529 564 ¹
1205 548 1206 552 ,
1228 521 1283 552 es:-
1307 525 1414 563 Neque
1427 524 1510 551 enim
1523 543 1531 555 ,
1543 532 1613 552 curn
1624 522 1660 552 de
1671 523 1729 552 hoc
1739 525 1880 564 quaeritur
1891 542 1900 556 ‚
1913 533 1967 552 vos
1977 522 2120 553 dominos
2130 520 2189 552 effe

223 558 439 589 decurionibus
447 558 567 598 publice
580 560 691 590 Roscio
702 560 856 591 mandatus
866 560 917 592 est:
930 562 963 592 δε
973 572 1010 592 ex
1020 572 1057 592 eo
1066 565 1104 592 T.
1119 564 1184 592 Ro-
1204 563 1205 571 ¹

1231 564 1340 594 dicitis.
1365 567 1445 594 Cum
1457 564 1653 605 Chrysogono
1664 564 1741 594 sunt.
1771 567 1815 595 Ita
1826 565 1931 595 credo:
1952 565 2058 594 litteris
2069 573 2188 598 eorum,

1230 607 1263 636 δε
1273 607 1438 637 urbanitate
1449 606 1659 648 Chrysogonus
1670 606 1790 636 ducitur
1799 627 1807 640 ‚
1838 616 1870 636 ut
1880 609 1957 637 inter
1967 607 2034 636 suos
2045 608 2190 637 omnium

1229 648 1403 679 deliciarum
1415 668 1424 682 ,
1444 657 1531 689 atque
1542 648 1785 677 omniumarrium
1793 649 1920 689 puerulos
1929 669 1938 682 ,
1958 658 1997 678 ex
2009 657 2054 678 tot
2071 648 2190 689 elegan-

1230 688 1347 721 tiffimis
1356 689 1481 720 familiis
1491 689 1673 723 leEtoswelit
1683 691 1738 720 hos
1747 691 2012 723 versari,homines
2022 689 2106 730 paene
2117 699 2191 729 ope·

1229 734 1320 763 iarios
1333 753 1340 765 ,
1352 742 1390 762 ex
1403 734 1546 762 Amerina
1556 730 1713 772 disciplina
1721 731 1936 772 patrisfamiliae
1944 732 2095 763 rusticani.
2115 734 2191 762 Non

1231 773 1274 804 est
1283 776 1322 804 ita
1332 772 1480 814 prosena,
1491 773 1604 811 judices
1616 785 1621 803 :
1640 777 1658 800 4
1667 784 1731 804 non
1741 774 1784 804 est
1794 773 1967 808 verisimile,
1979 783 2011 804 ut
2021 773 2191 814 Chrysogo—

1232 826 1288 846 nus
1298 817 1408 846 horum
1418 816 1528 846 litteras
1539 815 1692 850 adamarit,
1704 825 1753 846 aut
1764 818 1983 847 humanitatem
1995 827 2000 845 ε
2016 826 2094 849 non,
2105 824 2138 845 ut
2147 815 2190 845 rei

1230 857 1388 888 familiaris
1408 860 1531 899 negotio
1547 857 1736 899 diligentiam
1755 860 2006 900 cognoriteorum
2015 878 2024 891 ‚
2044 858 2076 887 δε
2087 855 2191 888 fidem.

1231 899 1274 930 est
1284 899 1426 941 quiddam
1438 920 1446 933 ‚
1458 898 1539 941 quod
1551 900 1724 930 occultatur.
1745 900 1826 941 quod
1838 910 1899 941 qu‘)
1911 898 2068 930 studiofius
2076 899 2112 929 ab
2122 894 2193 939 ipfis

1230 943 1411 982 opprimitur
1419 962 1426 975 ‚
1448 943 1481 972 &
1492 941 1682 972 absconditur
1691 962 1699 976 ,
1721 953 1748 972 eo
1767 943 1855 982 magis
1873 943 1974 971 eminet
1984 963 1993 975 ,
2018 942 2052 974 ὠ·
2068 947 2191 983 apparet.

1232 983 1314 1025 Qid
1326 986 1437 1025 igitur?
1461 984 1671 1025 Chrysogonus
1693 985 1738 1014 sui
1757 982 1900 1015 maleficii
1919 983 2091 1014 occultandi
2107 982 2192 1013 causa
2207 994 2253 1027 42

1230 1025 1431 1067 quaestionem
1442 1026 1477 1056 de
1490 1027 1536 1055 his
1546 1026 1647 1056 haberi
1655 1036 1719 1057 non
1726 1027 1792 1056 vult
1803 1029 1814 1055 ?
1827 1025 1968 1059 minime,
1978 1025 2106 1064 judices.
2126 1033 2193 1055 non

1232 1070 1265 1098 in
1276 1070 1397 1098 omneis
1407 1068 1534 1098 arbitror
1543 1069 1648 1098 omnia
1656 1069 1831 1098 convenire.
1865 1071 1928 1107 Ego
1939 1070 1970 1097 in
1982 1067 2194 1109 Chrysogono,

1231 1109 1314 1150 quod
1335 1109 1370 1140 ad
1388 1120 1436 1139 me
1454 1111 1578 1144 attinet,
1600 1110 1678 1139 nihil
1689 1110 1840 1149 ejusmodi
1851 1110 1999 1149 suspicor:
2016 1114 2116 1149 *neque
2135 1109 2194 1138 hoc

1232 1153 1311 1181 mihi
1320 1161 1404 1181 nunc
1412 1149 1548 1190 primum
1559 1153 1592 1181 in
1604 1160 1740 1181 mentem
1750 1154 1835 1181 venit
1844 1151 1952 1181 dicere.
1992 1148 2192 1184 Meministis,
2208 1164 2211 1165 ⁷

1233 1203 1283 1222 mc
1294 1194 1334 1222 ita
1344 1191 1524 1222 distribuisse
1536 1194 1626 1222 initio
1635 1194 1751 1223 causam
1765 1213 1774 1226 ‚
1787 1195 1819 1223 in
1828 1195 1945 1222 crimen
1957 1203 1962 1222 :
1981 1193 2067 1230 cujus
2077 1200 2138 1222 tota
2146 1201 2193 1221 ar-

1231 1236 1419 1275 gumentatio
1436 1232 1576 1274 permissa
1599 1236 1709 1264 Erucio
1727 1233 1786 1265 est:
1806 1235 1838 1264 &
1862 1236 1894 1264 in
1912 1234 2064 1264 aud-iciam
2076 1254 2085 1267 ,
2106 1234 2194 1274 cujus

1231 1285 1326 1316 partes
1336 1275 1610 1316 Rosciisimpositae
1619 1276 1698 1306 sunt.
1722 1276 1868 1317 quidquid
1889 1275 2046 1310 maleficii,
2064 1276 2194 1309 sceleris,

1232 1318 1322 1348 caedis
1342 1319 1414 1352 erit,
1435 1319 1592 1358 proprium
1603 1317 1634 1347 id
1645 1318 1827 1348 Rosciorum
1840 1316 1898 1348 effe
1908 1318 2039 1348 debebit.
2065 1318 2195 1348 nimiam

1208 1394 1209 1399 ¹
1231 1361 1355 1401 gratiam
1364 1376 1379 1393 ,s
1393 1361 1619 1400 potentiamque
1631 1360 1817 1400 Chrysogoni
1829 1380 1837 1392 ‚
1854 1360 1986 1389 dicimus
1996 1360 2028 1390 &
2039 1359 2128 1389 nobis
2137 1358 2194 1389 ob-

1234 1401 1306 1432 stare
1317 1421 1325 1435 ,
1347 1402 1380 1431 &
1389 1400 1511 1441 perferri
1522 1401 1609 1431 nullo
1621 1401 1715 1431 modo
1725 1399 1807 1441 poss'e
1820 1413 1824 1430 ;
1850 1401 1882 1431 &
1894 1402 1909 1431 31
1920 1401 2007 1431 vobis
2019 1421 2028 1435 ,
2046 1402 2194 1442 quoniam

1232 1442 1359 1484 potestas
1368 1443 1433 1473 data
1443 1442 1485 1473 est
1495 1463 1504 1477 ,
1518 1453 1582 1473 noti
1595 1441 1689 1472 modo
1699 1442 1859 1477 infirmari,
1870 1442 1976 1473 verum
1989 1446 2080 1473 ctiam
2090 1441 2195 1473 vindi-

1232 1487 1289 1516 cari
1302 1494 1448 1525 oportere.
1468 1488 1533 1527 Ego
1544 1483 1582 1515 fic
1591 1484 1734 1515 existimo
1746 1496 1752 1514 t
1762 1487 1815 1525 qui
1825 1488 1917 1526 quaeri
1927 1486 2001 1515 velit
2009 1495 2048 1515 ex
2059 1487 2106 1518 iis,
2116 1493 2194 1526 quos

1232 1526 1347 1559 constat
1357 1548 1366 1561 ,
1387 1526 1459 1557 cum
1469 1527 1562 1557 caedes
1571 1525 1648 1557 faeta
1659 1525 1693 1556 fit
1702 1547 1711 1561 ‚
1731 1525 1848 1557 affuiffe
1859 1547 1869 1560 ,
1889 1537 1961 1557 eum
1969 1537 2076 1567 cupere
2085 1536 2194 1558 verum

1233 1571 1374 1600 invenire
1386 1580 1390 1598 :
1403 1571 1454 1611 qui
1465 1569 1587 1603 recuset,
1600 1579 1670 1598 eum
1681 1567 1830 1608 profesto,
1841 1568 1955 1599 tametsi
1966 1569 2059 1599 verbo
2069 1579 2133 1598 non
2141 1578 2196 1599 au-

1234 1611 1310 1646 deat,
1323 1620 1423 1642 tamen
1434 1622 1460 1640 re
1470 1611 1530 1652 ipfiz
1539 1611 1571 1640 de
1581 1609 1716 1649 maleficio
1722 1612 1773 1651 sno
1783 1609 1917 1649 confiteri.
1945 1613 2022 1641 Dixi
2033 1609 2134 1644 initio,
2145 1611 2194 1650 ju-

1232 1653 1325 1687 dices,
1337 1654 1419 1683 nolle
1429 1663 1480 1683 me
1489 1654 1573 1693 plura
1582 1653 1618 1684 de
1627 1652 1755 1683 istorum
1764 1653 1870 1683 scelere
1879 1652 1988 1686 dicere,
2005 1652 2097 1694 quam
2108 1651 2195 1684 causa

1233 1694 1395 1736 postularet
1404 1715 1413 1729 ,
1423 1706 1455 1726 ac
1464 1693 1613 1725 necefflms
1625 1695 1685 1735 ipsa
1693 1704 1821 1736 cogeret.
1847 1698 1928 1725 Nam
1939 1695 1971 1726 δε
1982 1695 2085 1725 multae
2094 1704 2140 1724 res
2148 1692 2195 1725 af-

1232 1737 1302 1768 ferri
1313 1735 1434 1778 poss‘unt
1443 1758 1452 1770 ‚
1465 1737 1497 1767 &
1510 1747 1692 1778 unaquaeque
1701 1747 1802 1767 earum
1813 1737 1919 1767 multis
1929 1747 2000 1767 cum
2010 1736 2195 1777 argumentis

1234 1780 1293 1810 dici
1303 1779 1411 1820 potest.
1435 1777 1550 1808 Verum
1563 1789 1617 1820 ego
1626 1799 1634 1813 ,
1651 1779 1732 1819 quod
1744 1780 1858 1809 invitus
1869 1799 1877 1811 ‚
1889 1789 1921 1809 ac
1931 1777 2091 1809 neceffarib
2101 1777 2192 1812 facio,

1234 1832 1330 1862 neque
1342 1821 1394 1851 diu
1405 1841 1413 1855 ‚
1432 1831 1530 1862 neque
1539 1820 1699 1862 diligenter
1705 1820 1800 1851 facere
1810 1819 1944 1861 pofl'um.
1967 1831 2034 1861 quae
2051 1820 2196 1860 piaeteriri

1235 1865 1321 1893 nullo
1332 1863 1427 1893 modo
1438 1872 1586 1903 poterant,
1596 1873 1628 1893 ea
1637 1862 1752 1896 leviter,
1762 1863 1877 1902 judices
1885 1883 1893 1897 ,
1904 1865 1987 1905 attigi
1999 1873 2004 1891 :
2028 1872 2094 1903 quae
2102 1859 2197 1902 pofita

1236 1906 1304 1936 sunt
1322 1907 1356 1935 in
1375 1905 1594 1945 suspicionibus
1605 1924 1614 1938 ,
1633 1904 1669 1935 de
1680 1904 1790 1946 quibus
1802 1903 1947 1945 sicoepero
1958 1904 2056 1935 dicere
2066 1924 2074 1938 ‚
2097 1904 2196 1944 pluri-

1235 1947 1289 1977 bus
1299 1947 1398 1977 verbis
1407 1946 1441 1977 sit
1449 1945 1654 1977 differendum
1664 1966 1673 1980 ,
1692 1957 1726 1977 ea
1743 1946 1848 1977 vestris
1866 1948 1997 1989 ingeniis
2006 1966 2014 1980 ‚
2036 1944 2194 1984 conjerstu-

1234 2000 1332 2030 raeque
1340 1990 1514 2019 committo.
1534 1990 1634 2019 Venio
1647 1999 1729 2019 nunc
1738 1987 1772 2018 ad
1782 1988 1857 2019 illud
1866 1999 1961 2018 nomen
1970 1998 2087 2017 aureum
2097 1989 2192 2027 Chry-
2205 1994 2248 2030 43

1234 2031 1341 2072 sogoni
1351 2051 1360 2065 ,
1381 2031 1435 2061 sub
1450 2040 1512 2072 quo
1531 2033 1660 2061 nomine
1679 2040 1741 2061 tota
1758 2030 1880 2061 societas
1899 2030 2052 2061 statuitur:
2070 2029 2106 2060 de
2116 2039 2190 2071 quo,

1229 2073 1346 2113 judices
1357 2093 1366 2107 ,
1386 2083 1483 2113 neque
1493 2072 1650 2113 quomodo
1657 2072 1756 2102 dicam
1766 2092 1775 2106 ,
1793 2083 1890 2113 neque
1898 2071 2055 2113 quomodo
2065 2080 2192 2106 taceam.

1233 2117 1359 2154 reperire
1370 2113 1501 2154 poffum.
1531 2116 1654 2144 sienim
1665 2122 1747 2144 taceo
1758 2125 1767 2148 3
1784 2114 1833 2143 vel
1847 2116 2014 2143 maximam
2021 2122 2135 2153 partem
2145 2123 2194 2143 re-

1233 2156 1351 2197 linquo.
1375 2154 1417 2184 sin
1427 2165 1528 2185 autem
1539 2155 1609 2185 dico
1621 2167 1629 2189 3
1649 2165 1767 2189 vereor,
1778 2165 1815 2185 ne
1827 2165 1890 2185 non
1901 2156 1952 2185 ille
1963 2155 2043 2185 solus
2054 2154 2097 2194 (id
2108 2154 2192 2196 quod

1232 2197 1267 2227 ad
1279 2208 1328 2226 me
1345 2198 1422 2226 nihil
1440 2198 1558 2237 attinet)
1575 2197 1624 2227 sed
1635 2197 1686 2226 alii
1696 2207 1816 2238 quoque
1826 2197 1924 2236 plures
1935 2197 2019 2227 laesos
2029 2196 2057 2227 se
2066 2195 2126 2227 effe
2134 2206 2193 2237 pu·

1233 2247 1305 2269 tent.
1334 2237 1464 2268 Tametsi
1474 2240 1512 2268 ita
1522 2238 1548 2268 se
1558 2248 1603 2268 res
1611 2238 1699 2269 habet
1710 2260 1718 2272 ,
1741 2248 1772 2269 ut
1782 2240 1859 2268 mihi
1870 2240 1903 2268 in
1913 2248 2114 2270 communem
2122 2248 2193 2269 cau·

1233 2281 1293 2311 sam
1305 2279 1453 2310 serstorum
1464 2280 1627 2310 dicendum
1643 2280 1719 2310 nihil
1740 2279 1927 2321 magnopere
1939 2280 2084 2311 videatur.
2115 2282 2192 2311 Haec

1233 2324 1318 2352 enim
1337 2322 1420 2352 causa
1437 2332 1516 2352 nova
1531 2321 1669 2363 profesto
1679 2343 1687 2356 ‚
1713 2323 1746 2353 δε
1773 2321 1927 2364 singularis
1943 2321 1998 2352 est.
2030 2324 2190 2353 Bonorum

1232 2367 1300 2395 Sex.
1312 2364 1415 2394 Roscii
1432 2373 1531 2394 emtor
1548 2363 1591 2394 est
1609 2364 1831 2407 Chrysogonus.
1863 2363 2003 2395 Primum
2021 2364 2080 2394 hoc
2089 2363 2193 2395 videa-

1234 2416 1312 2439 mus,
1323 2405 1386 2445 ejus
1398 2407 1534 2436 hominis
1543 2406 1623 2437 bona
1632 2417 1689 2448 qua
1699 2408 1812 2437 ratione
1819 2408 1989 2440 venierunt,
2002 2415 2051 2436 aut
2061 2415 2194 2447 quomo-

1232 2448 1272 2478 do
1283 2449 1386 2478 venire
1396 2458 1557 2488 potuerunt
1568 2452 1579 2477 ἓ
1599 2452 1696 2489 Atque
1707 2450 1765 2479 hoc
1774 2450 1887 2479 nonita
1896 2458 2026 2490 quaeram
2039 2468 2048 2482 ,
2062 2447 2192 2487 judices,

1233 2499 1265 2520 ut
1275 2490 1304 2520 id
1315 2489 1412 2519 dicam
1425 2486 1481 2520 ell'e
1491 2491 1638 2531 indignum
1648 2511 1656 2524 ,
1668 2491 1782 2520 hominis
1791 2491 1936 2520 innocentia
1946 2488 2015 2519 bona
2025 2488 2136 2527 veniffi.
2160 2490 2191 2521 Si

1233 2534 1316 2562 enim
1327 2533 1388 2562 haec
1397 2532 1566 2565 audientur,
1578 2543 1609 2563 ac
1620 2533 1712 2564 libere
1721 2533 1873 2564 dicentur:
1885 2542 1949 2563 non
1959 2531 2018 2562 fuit
2025 2540 2124 2562 tantus
2131 2531 2191 2562 ho-

1234 2584 1287 2604 mo
1297 2577 1364 2604 Sex.
1376 2574 1543 2605 Rosciusin
1554 2577 1672 2605 civitate
1683 2595 1691 2609 ‚
1713 2584 1746 2606 ut
1756 2575 1791 2606 de
1800 2585 1838 2606 eo
1849 2572 2039 2615 potissimum
2056 2582 2192 2614 conque-

1234 2626 1343 2646 ramur.
1366 2615 1482 2646 Verum
1491 2618 1548 2647 hoc
1558 2613 1614 2658 ego
1645 2627 1736 2651 uaero,
1748 2615 1801 2659 qui
1809 2625 1972 2657 potuerunt
1980 2615 2035 2646 ista
2043 2615 2104 2655 ipsa
2112 2615 2189 2686 lelge,

1234 2668 1299 2699 qua:
1318 2658 1354 2688 de
1373 2658 1588 2699 proscriptione
1605 2662 1634 2689 ei
1657 2680 1666 2694 ‚
1687 2658 1746 2689 sive
1764 2660 1880 2690 Valeria
1888 2657 1931 2688 est
1941 2678 1950 2692 ,
1969 2656 2027 2688 sive
2037 2659 2136 2687 Corne
2151 2658 2190 2691 ia,

1234 2701 1310 2739 (non
1320 2702 1403 2730 enim
1413 2703 1504 2736 novi,
1526 2711 1581 2731 nec
1591 2702 1664 2742 scio)
1682 2699 1789 2732 verum
1800 2700 1853 2731 ista
1861 2701 1922 2741 ipsa
1930 2701 1993 2742 lege
2003 2719 2012 2733 ‚
2030 2698 2111 2729 bona
2120 2701 2190 2739 Seir-

1235 2743 1337 2772 Roscii
1355 2744 1456 2772 venire
1477 2742 1528 2784 qui
1545 2747 1731 2784 potuerunt?
1753 2744 1902 2783 Scriptum
1920 2745 2006 2773 enim
2026 2742 2066 2771 ita
2083 2740 2191 2771 dicunt

1233 2783 1288 2814 ess'e
1298 2805 1306 2818 ‚
1341 2788 1392 2815 Ur
1423 2795 1542 2816 EORUM
1573 2795 1663 2815 BONA
1685 2794 1843 2816 VENEANT
1863 2805 1872 2819 ,
1904 2794 1966 2825 Q}
1990 2791 2191 2814 PROSCRIPTI.

1236 2837 1320 2857 SUNT
1332 2838 1337 2856 ·.
1347 2824 1450 2869 quoin
1460 2837 1590 2858 numero
1599 2831 1668 2859 Sex.
1679 2827 1805 2859 Roscius
1816 2837 1880 2857 non
1889 2825 1949 2857 est:
1967 2828 2039 2856 Αυτ
2055 2832 2187 2862 EORUM,

1238 2879 1299 2910 Ql
1334 2879 1371 2900 IN
1403 2879 1699 2902 ADVERSARIORUM
1736 2878 1918 2900 PRAEsmns
1947 2877 2060 2898 occlsx
2092 2875 2188 2897 SUNT·
2231 2896 2237 2900 ,
2284 2883 2287 2899 i

2100 2910 2191 2938 Dum

277 3011 287 3029 1
295 3022 301 3028 .
319 3006 345 3028 si
354 3004 508 3037 quodiam-um
525 3006 581 3034 {iv-re
591 3006 763 3043 dubitabitur]
786 3009 845 3036 Mss.
857 3009 1133 3045 nosti-i,editionesque
1143 3019 1189 3036 an-

1272 3018 1297 3046 3.
1317 3009 1405 3043 Qoda
1415 3011 1481 3036 vobis
1491 3012 1530 3036 hoc
1542 3011 1646 3043 pugnari
1663 3008 1756 3043 videm]
1776 3005 1837 3034 Mis.
1848 3005 1929 3034 nostri
1940 3005 2087 3032 &avorum
2097 3001 2192 3031 saeculo

235 3038 343 3074 tiquatae
356 3058 363 3069 ³
376 3041 468 3073 fiquod
475 3042 605 3068 Arimi-um,
634 3043 718 3070 sorsin
732 3064 740 3075 ‚
755 3046 777 3079 fi
792 3055 835 3079 quo
845 3047 870 3072 de
879 3048 978 3072 illorum.
1006 3046 1168 3074 Gulielmius
1179 3055 1188 3077 3
1232 3054 1303 3074 ortae
1313 3046 1374 3073 edd.
1385 3045 1400 3072 ἃ
1410 3049 1474 3073 vobrs
1483 3048 1619 3079 oppugylarl'.

233 3074 306 3112 quod
319 3082 404 3101 tamen
415 3075 514 3103 dudum
526 3076 693 3114 displicuerat
705 3081 869 3108 Hotomano.

272 3120 300 3136 2.
320 3114 344 3137 A
356 3112 442 3144 gladiis
452 3115 552 3147 recessisse}
561 3115 685 3149 videtur]
706 3116 789 3143 Iidem
802 3118 861 3144 libri
873 3127 976 3155 omues,
986 3119 1053 3151 item
1063 3118 1115 3150 cufi

234 3144 288 3176 fide
299 3146 420 3177 ViCtotio
431 3168 441 3184 ‚
451 3148 466 3176 ὰ
472 3144 604 3186 gladiatore
612 3153 690 3189 “'ffiffl
700 3171 709 3188 ,
719 3152 761 3182 rel
771 3156 882 3192 recqffissc.
1123 3127 1191 3158 1³¹ae-

1270 3090 1298 3115 4.
1319 3087 1370 3109 Non
1380 3086 1415 3108 ef?
1422 3084 1546 3117 ver-fimile
1556 3101 1564 3113 ,
1583 3088 1611 3107 ut
1619 3081 1770 3115 Chrysbgonm
1781 3081 1864 3105 horum
1874 3097 1882 3110 ,
1900 3077 1967 3112 ὧι]
1989 3075 2134 3103 Lambinus
2144 3073 2190 3102 ab-

1233 3119 1298 3154 jecit
1310 3138 1319 3151 ‚
1337 3121 1460 3156 vcrifimile
1471 3138 1480 3156 ‚
1499 3128 1546 3149 ceu
1563 3116 1679 3156 spurium
1699 3135 1709 3152 ,
1729 3122 1823 3146 contra
1839 3114 1922 3146 libros
1940 3114 1999 3145 saue
2016 3112 2127 3150 scriptos
2144 3118 2192 3138 cu-

1238 3153 1338 3192 sosque.
2089 3181 2203 3213 ’.Μαῖα
