2297 3389
527 139 789 185 onwm
833 152 897 184 IN
945 140 998 186 L
1045 140 1443 188 CA‘riLru'AM
1488 143 1716 190 Primi.

124 223 138 242 ¹
150 219 303 255 subsellia,
324 229 415 252 vacua
428 218 506 251 fana
529 219 617 250 sunt?
635 222 650 238 ²
663 218 746 260 quod
766 229 876 251 omnes
895 222 1083 256 consulares,

123 266 177 305 qui
187 264 244 294 tibi
254 263 381 304 persaepe
389 262 425 293 ad
435 262 548 292 caedem
557 260 713 291 constituti
724 260 846 292 fuerunt
857 282 865 295 .
882 265 896 289 3
905 261 1083 303 simulatque

124 304 274 339 affedisti,
292 314 407 345 partem
428 302 514 333 istam
527 302 738 333 subselliorum
758 303 890 337 nudam,
907 313 995 344 atque
1017 307 1082 334 ina-

125 358 200 379 nem
228 347 412 387 reliquerunt
437 349 448 375 ,²
472 348 544 385 Qi9
560 344 682 375 tandem
710 347 814 374 animo
833 346 891 375 hoc
909 345 964 375 tibi
982 344 1082 375 feren-

129 389 204 421 dum
217 390 321 429 patae?
341 386 424 417 Servi
443 387 592 417 mehercle
611 388 673 416 mei
692 384 714 416 fi
733 395 783 416 me
794 385 850 416 isto
865 385 953 426 padio
964 395 1081 417 metue-

125 441 194 463 rent
202 451 212 465 ,
223 438 256 460 ut
264 438 292 460 te
302 437 445 459 metuunt
452 437 561 459 omnes
571 429 652 458 cives
661 429 716 462 tui,
731 428 861 458 domum
876 438 976 458 meam
985 429 1078 458 relin-

126 471 279 515 quendam
296 480 451 511 putarem:
468 480 499 501 tu
520 470 575 500 tibi
592 470 698 500 urbem
719 480 785 500 non
803 470 975 500 arbitraris?
992 470 1025 501 δε
1037 490 1045 504 ,
1062 469 1083 499 si

126 525 178 546 me
194 514 274 543 meis
288 512 408 543 civibus
427 513 561 552 4injuria
575 510 732 552 ficspedi‘um
749 520 810 542 tam
826 514 971 553 graviter,
994 521 1082 553 atque

124 554 278 586 offensum
289 553 423 585 viderem
435 565 443 589 3
456 564 552 585 carere
563 564 612 584 me
621 553 739 594 aspeEtu
748 556 863 584 civium
874 573 882 587 ,
901 554 993 595 quam
1004 553 1082 585 infe-

126 597 178 629 stis
189 597 285 627 oculis
295 598 438 626 omnium
451 596 587 636 conspici
599 596 732 626 mallem.
757 605 788 626 tu
808 596 880 626 cum
900 596 1083 626 conscientia

123 639 272 670 scelerum
295 647 416 668 tuorum
437 639 575 680 agnoscas
601 638 709 668 odium
727 640 871 668 omnium
889 637 1003 677 justum
1017 657 1025 671 ,
1048 638 1080 668 &

121 682 185 723 jam
196 680 251 712 tibi
260 679 312 710 diu
320 679 457 711 debitum
470 701 478 714 ‚
502 680 620 710 dubitas
631 700 639 714 ‚
658 689 788 721 quorum
800 681 930 709 menteis
941 698 949 712 ,
967 679 1079 709 sensus-

123 733 183 765 que
191 723 330 753 vulneras
341 742 349 756 ,
367 732 474 752 eorum
491 721 663 762 adspeRum
676 741 684 754 ,
704 721 948 761 praesentiamque
965 722 1080 751 vitare?

123 767 156 797 Si
166 774 193 795 te
202 773 337 805 parentes
347 766 508 798 timerent,
527 773 613 804 atque
623 761 753 792 odiss'ent
764 764 806 792 tui
817 782 824 795 ‚
850 772 946 802 neque
957 772 1008 792 eos
1018 763 1079 793 ulla

123 808 241 838 ratione
258 807 372 846 placare
383 805 498 846 poss'cs:
516 815 548 835 ut
565 806 693 845 opinor,
714 803 750 833 ab
770 814 863 833 eoram
882 804 962 832 oculu
978 803 1076 846 aliqui)

123 848 285 879 concederes.
309 857 391 878 nunc
412 857 440 878 te
464 849 572 888 patria,
591 856 657 887 quae
676 848 852 876 communis
871 844 913 876 est
930 848 1073 876 omnium

123 889 263 922 nostrum
277 899 397 930 parens,
416 889 498 922 odit,
517 899 550 918 ac
565 889 692 918 metuit:
716 887 750 918 δε
765 887 883 927 jamdiu
894 887 931 917 de
950 897 977 918 te
995 889 1075 918 nihil

119 932 254 974 judicat,
266 930 321 962 nisi
331 931 367 961 de
377 930 535 970 parricidio
545 930 596 960 suo
606 930 735 971 cogitare
747 940 752 958 :
774 930 865 968 hujus
876 939 907 959 tu
918 940 1014 970 neque
1024 940 1075 960 au-

123 974 292 1005 §toritatem
303 972 441 1003 verebere
450 991 458 1006 ‚
477 982 575 1013 neque
580 971 732 1012 judicium
743 971 862 1012 sequere
874 992 883 1004 ,
902 981 1000 1012 neque
1010 974 1073 1002 vim

121 1016 331 1058 pertimesces?
353 1017 427 1053 Quae
436 1023 555 1047 tecum,
580 1014 724 1047 Catilina,
745 1011 783 1043 fic
792 1015 868 1054 agit,
883 1013 1072 1054 &quodam-

124 1057 220 1088 modo
239 1059 324 1087 tacita
341 1056 485 1097 loquitur.
516 1058 697 1086 5NULLUM
726 1064 880 1095 AfflQor
897 1064 967 1094 JAM
987 1058 1074 1085 annis

120 1099 237 1131 facinus
253 1097 386 1131 exstitit,
406 1096 462 1128 nifi
472 1107 524 1138 per
535 1106 580 1128 te:
600 1098 720 1127 nullum
733 1096 880 1137 flagitium
891 1096 952 1127 fine
960 1106 988 1127 te
1000 1108 1005 1127 z
1019 1097 1074 1128 tibi

118 1144 176 1173 uni
195 1141 363 1171 multorum
382 1142 497 1170 civium
515 1149 619 1173 neces,
641 1139 697 1169 tibi
715 1141 835 1170 vexatio
852 1160 861 1172 ‚
886 1139 1076 1180 direptioque

121 1185 274 1216 sociorum
287 1203 295 1216 ‚
317 1183 458 1225 impunita
459 1182 527 1222 fuir
537 1201 545 1215 ‚
571 1192 604 1212 ac
614 1181 722 1212 libera:
746 1190 777 1211 tu
790 1191 854 1211 non
865 1181 963 1211 solum
975 1181 1010 1211 ad
1021 1192 1075 1211 ne-

120 1225 277 1269 gligendas
294 1225 372 1266 leges
383 1245 391 1257 ‚
412 1234 444 1254 ac
457 1222 635 1264 quaestiones
646 1243 655 1257 ,
673 1221 782 1253 verum
801 1224 892 1253 ctiam
910 1221 971 1254 6ad
990 1233 1076 1254 ever-

119 1267 224 1300 tendas
236 1287 245 1301 ‚
261 1264 680 1308 perfringendasquevaluisti.
703 1266 858 1305 Superiora
875 1265 944 1299 illa,
966 1275 1074 1306 quam-

119 1319 213 1353 quam
226 1308 346 1339 ferenda
355 1318 420 1338 non
430 1307 571 1341 fuerunt,
592 1316 713 1341 tamen,
734 1316 768 1337 ut
777 1309 880 1346 potui,
903 1307 967 1337 tuli.
991 1317 1074 1338 nunc

118 1362 193 1384 vero
203 1361 253 1383 me
263 1359 357 1381 totam
367 1348 425 1380 effe
438 1351 471 1379 in
482 1357 565 1379 metu
574 1357 732 1389 propterte
743 1359 851 1378 unum:
872 1349 1015 1390 quicquid
1028 1352 1074 1379 in-

117 1395 283 1434 crepuerit,
304 1392 462 1422 Catilinam
479 1393 598 1421 timeri:
626 1391 747 1421 nullum
775 1391 873 1420 videri
899 1401 1005 1422 eontra
1025 1401 1075 1421 me

117 1434 279 1468 confilium
292 1435 363 1465 iniri
372 1431 455 1473 pofle
466 1454 476 1467 ‚
494 1432 576 1474 quod
594 1432 673 1463 aruo
691 1433 799 1463 scelere
816 1432 970 1463 abhorreat
980 1445 988 1467 3
1007 1443 1071 1463 non

118 1478 161 1509 est
169 1476 339 1507 ferendum.
362 1475 568 1516 Qamobrem
579 1474 712 1508 discede,
734 1483 762 1505 at
785 1485 822 1504 ue
839 1476 921 1505 hunc
938 1476 1017 1505 mihi
1036 1477 1075 1505 ti-

78 1529 83 1532 ·
117 1528 238 1551 morem
249 1520 346 1558 eripe:
366 1516 499 1551 fiverus,
519 1527 557 1547 ne
575 1519 746 1557 opprimam
779 1527 811 1546 m
823 1517 934 1557 falsus,
959 1526 992 1547 ut
1007 1527 1072 1548 tan-

77 1568 96 1602 8
117 1562 188 1593 dem
196 1559 360 1602 aliquando
375 1561 482 1590 timere
499 1557 642 1590 definam.
666 1561 741 1590 Haec
760 1557 781 1589 fi
798 1568 898 1589 tecum
909 1579 917 1593 ‚
938 1568 971 1589 ut
985 1559 1071 1594 dixi,

116 1606 208 1645 patria
218 1602 356 1643 loquatur
365 1622 372 1635 ,
386 1611 492 1631 nonne
502 1603 660 1642 impetrare
671 1600 775 1631 debeat
785 1622 794 1635 ,
804 1603 895 1631 etiarn
908 1599 929 1631 fi
942 1603 1007 1632 vim
1017 1602 1070 1632 ad-

111 1646 218 1677 hibere
229 1654 295 1674 non
303 1642 388 1684 poffit
400 1646 411 1671 ?
429 1643 510 1682 Quid
522 1649 532 1675 ,²
554 1642 637 1685 quod
649 1652 680 1673 tu
690 1651 717 1673 te
728 1643 788 1683 ipse
797 1645 830 1673 in
840 1642 1007 1676 custodiam
1019 1643 1071 1674 de-

113 1687 207 1719 disti?
229 1681 325 1727 quid?
350 1683 431 1727 quod
443 1706 450 1720 ‚
472 1688 601 1716 vitandae
617 1685 794 1725 suspicionis
808 1685 891 1715 causa
902 1705 910 1719 ‚
930 1685 1006 1726 apud
1023 1688 1069 1716 M.

113 1729 264 1770 Lepidum
273 1737 301 1758 te
311 1728 440 1758 habitare
448 1728 526 1758 velle
537 1726 662 1758 dixisti?
680 1727 695 1757 a
704 1737 765 1768 quo
776 1737 840 1757 non
848 1737 981 1768 receptus
994 1738 1003 1761 3
1024 1736 1069 1758 et—

113 1773 175 1803 iam
185 1770 219 1801 ad
229 1780 279 1800 me
288 1771 391 1815 venire
402 1770 486 1800 ausus
496 1779 545 1800 es:
565 1778 668 1810 atque,
690 1779 723 1799 ut
739 1769 827 1799 domi
839 1779 913 1800 meae
934 1778 961 1801 te
979 1768 1068 1800 affer-

111 1823 216 1845 varcm
230 1832 239 1846 ‚
256 1810 373 1853 rogasti.
397 1810 469 1842 cum
488 1811 503 1842 a
518 1821 568 1841 me
577 1821 697 1853 quoque
707 1811 738 1841 id
746 1811 921 1851 responsum
932 1810 1046 1843 tulifl'es
1057 1832 1066 1845 ‚

111 1865 164 1886 me
173 1854 261 1885 nullo
271 1854 366 1884 modo
373 1852 454 1894 poffe
462 1853 569 1884 iisdem
578 1853 738 1894 parietibus
748 1852 813 1883 tuto
824 1852 881 1883 effe
889 1861 1000 1888 tecum,
1011 1856 1064 1895 qui

110 1906 223 1939 magno
233 1898 265 1926 in
274 1897 408 1936 periculo
420 1894 510 1925 ess'em
522 1915 529 1929 ‚
550 1894 634 1936 quod
644 1896 741 1934 iifiiem
750 1894 886 1925 manibus
896 1897 1066 1926 continere-

110 1949 199 1970 mur:
217 1937 253 1969 ad
263 1940 324 1978 Q.
335 1937 496 1967 Metellum
507 1946 667 1978 praetorem
675 1937 803 1971 venisti3
823 1936 909 1977 aquo
928 1938 1066 1977 repudia-

111 1990 159 2013 tus
173 2001 182 2015 ‚
203 1980 239 2011 ad
251 1979 382 2010 sodalem
395 1987 483 2009 tuum
493 1998 502 2012 ,
520 1980 620 2008 virum
632 1980 786 2018 optimum
797 1998 805 2012 ‚
825 1981 871 2008 M.
884 1979 1062 2009 Marcellum

109 2024 193 2054 demi
216 2020 282 2052 rasti
293 2031 299 2050 2
310 2030 400 2062 quem
412 2029 443 2050 tu
453 2020 674 2050 vidilicet&ad
684 2019 916 2050 custodiendum
929 2029 956 2050 te
968 2040 976 2053 ‚
989 2020 1062 2050 dili-

105 2033 331 2108 gentisiimum,
354 2063 387 2093 δε
403 2062 438 2093 ad
460 2061 667 2102 suspicandum
680 2081 688 2096 ‚
718 2059 953 2103 ffigacfflimum,
976 2062 1009 2092 δε
1028 2062 1063 2093 ad

103 2105 323 2138 vindicandum
335 2123 343 2138 ,
356 2102 554 2135 fortissimum
563 2102 629 2134 fore
639 2102 755 2144 putasti.
781 2103 838 2135 Sed
858 2113 964 2143 QJAM
982 2113 1063 2134 Lon-

105 2159 152 2180 σε
168 2146 453 2180 videturacarcere,
472 2154 560 2186 atque
577 2145 733 2176 avinculis
750 2143 845 2176 abefl'e
864 2146 970 2176 debere
981 2166 989 2180 ‚
1009 2148 1061 2187 qui

104 2190 314 2232 seipsumjam
323 2188 451 2228 dignum
469 2187 808 2227 custodiajudicaverit?
834 2190 908 2227 Qua:
927 2187 998 2218 curn
1021 2197 1061 2218 ita

104 2232 180 2267 fixit,
204 2231 350 2264 Catilina,
374 2229 510 2263 dubitas,
529 2228 628 2259 7s1hic
639 2230 750 2259 morari
766 2239 852 2270 aequo
870 2230 976 2259 animo
994 2240 1058 2260 non

101 2284 208 2316 potes,
227 2273 307 2304 abire
316 2274 348 2302 in
358 2271 468 2312 aliquas
481 2279 582 2305 terras,
607 2271 744 2301 &vitam
762 2270 850 2301 istam
867 2273 973 2301 multis
991 2272 1059 2312 sup-

99 2318 202 2360 pliciis
215 2314 322 2356 justis,
349 2313 517 2355 debitisque
535 2322 668 2354 erepram
681 2333 691 2348 ,
717 2312 794 2354 fuga:
806 2332 814 2347 ‚
841 2313 1058 2355 solitudinique

135 2456 145 2473 1
154 2467 159 2473 .
177 2447 288 2480 subsellia
297 2445 453 2477 vacuasaffa
461 2444 547 2478 fian]
569 2443 648 2470 Fabr.
660 2444 735 2470 Hitt.
745 2444 850 2481 Uverd.
862 2445 926 2471 item
938 2445 995 2471 Pal.
1006 2455 1054 2472 no-

95 2492 158 2515 nus,
170 2492 217 2509 nec
228 2492 279 2508 non
291 2481 427 2507 Can-ionis
439 2489 468 2506 ac
477 2480 603 2506 Lambini
614 2480 671 2506 mss.
681 2481 901 2514 raacuqflfflafiem,
912 2489 941 2507 ut
952 2481 1037 2521 stipi-a.

134 2527 162 2545 2.
180 2519 329 2551 Qodonmes
340 2516 497 2550 confidant]
520 2517 607 2542 Antea
618 2517 797 2553 prremittatur
808 2526 815 2548 5
827 2518 885 2551 quid
893 2518 961 2551 quod.
972 2517 1014 2544 led
1026 2526 1056 2544 ea

95 2565 150 2583 non
161 2554 296 2581 invenim-
306 2552 332 2579 in
344 2551 400 2578 mss'.
412 2552 504 2578 nostris
515 2552 673 2578 aliorumve.

134 2599 160 2627 3.
180 2592 325 2623 simulatque
334 2588 411 2622 adsedi
430 2589 464 2622 ιζ]
496 2589 595 2614 Colon.
608 2588 767 2615 Balilicanus
781 2588 918 2622 ,subsedzsti
930 2600 935 2614 :
954 2599 1001 2615 nec
1012 2599 1054 2615 re-

91 2626 167 2663 fugit
187 2625 358 2653 Gulielmius.
380 2624 425 2650 etfi
436 2624 506 2651 enim
517 2625 622 2661 proprie
633 2625 914 2661 infidiam-:tun‚qualis
925 2626 967 2651 liic
977 2628 1054 2652 Cati-

92 2662 159 2696 lina,
171 2672 223 2689 non
235 2662 313 2688 nimis
323 2659 446 2687 abhorret
457 2662 472 2686 a
483 2662 621 2688 Senatore.
632 2670 690 2688 narn
703 2663 717 2687 a
730 2660 981 2695 iirblitlerefitbfillia.
1001 2671 1051 2688 un-

93 2699 127 2727 de
138 2698 278 2735 Pompeius
289 2698 414 2723 Senatum
425 2698 648 2730 lmgumfirbfillinm
660 2698 824 2723 nominabat.

128 2742 157 2770 4,
175 2737 271 2769 Injuria
277 2735 407 2767 spet‘latum
417 2740 466 2758 tam
473 2735 583 2766 graviter
595 2752 602 2765 ,
615 2741 682 2767 asopo.
694 2733 801 2768 qfflsrsirm
809 2733 942 2768 viderem]
957 2734 1050 2760 Mure-

92 2777 137 2798 tus
154 2771 248 2808 probat
267 2774 281 2796 e
301 2768 351 2795 suis
361 2769 484 2801 infensum.
504 2768 582 2795 male.
601 2769 747 2795 videndum
756 2770 845 2805 potius
854 2778 886 2795 an
897 2779 948 2796 uon
955 2772 1051 2802 spesin-

90 2813 143 2834 tum
153 2805 308 2834 mutandum
319 2805 482 2838 infispeffnm
493 2823 501 2835 ,
521 2804 592 2840 quod
604 2805 676 2832 estin
689 2806 744 2832 Pal.
756 2805 805 2832 sec.
819 2805 894 2831 sexto
905 2825 914 2838 ,
933 2805 1050 2839 decimo,

92 2843 173 2871 fab-s.
185 2842 287 2869 Uverd.
299 2851 360 2868 nain
371 2840 427 2866 Pal.
439 2850 522 2867 nonus
533 2848 654 2868 neutram
665 2851 756 2868 vocem
766 2840 895 2877 agnoscit.

132 2892 159 2917 5.
178 2885 274 2910 Nullum
284 2882 430 2916 aliquorjam
440 2882 508 2909 amu}
518 2883 640 2917 facinus]
654 2883 753 2909 Melius
764 2883 796 2909 fi:
808 2883 865 2910 mff.
877 2883 957 2909 nostri
968 2885 1049 2919 quarn

92 2926 124 2947 ut
133 2919 258 2947 hastenus
269 2918 370 2945 leftum
382 2927 390 2948 3
404 2920 554 2952 Nallzsmjam
564 2926 595 2944 tot
605 2928 679 2944 annos
688 2920 795 2950 flacinm.
815 2919 885 2955 quod
898 2927 985 2946 tamen
997 2930 1050 2946 non

90 2955 129 2982 est
140 2956 165 2982 in
177 2956 290 2983 exoletis
302 2954 472 2980 editionibus.
489 2957 571 2991 Supra
580 2955 661 2982 etiam
672 2954 798 2992 rescripsi,
808 2956 834 2981 de
843 2963 865 2981 te
874 2957 1032 2990 nihiljudicat
1041 2977 1050 2990 ,

93 2991 248 3018 volentibus
258 2990 349 3018 iisdem
362 2989 532 3017 membranis.

127 3031 156 3059 6.
175 3031 611 3066 Admincendasperfti71gendasque.]
628 3031 737 3059 Habent
749 3031 816 3059 istud
828 3032 897 3059 Pan,
908 3033 973 3060 item
985 3034 1049 3060 Μιι-

90 3068 155 3099 reti,
167 3076 215 3094 nec
224 3077 275 3094 non
286 3067 399 3094 aliorum
411 3066 468 3093 mss‘.
479 3067 638 3103 firmantque
650 3069 749 3095 vetuste
760 3069 838 3100 editi,
850 3069 897 3095 nili
909 3069 981 3104 quod
991 3071 1009 3095 ii
1020 3070 1054 3095 ad

88 3104 259 3130 devincendas.
280 3103 404 3138 vulgatur
415 3111 501 3130 tamen
513 3103 602 3140 passiin
614 3105 803 3131 adn-mendas.
824 3106 879 3132 imo
897 3106 942 3132 ubi
952 3114 1051 3142 praece-

89 3138 130 3165 dit
143 3149 150 3170 5
165 3140 286 3171 nonfhlnm
296 3139 329 3163 ad
336 3140 481 3172 negligendas
491 3141 547 3173 leger
561 3159 568 3171 ‚
577 3140 629 3171 &aa
650 3141 685 3167 est
696 3140 722 3166 in
734 3141 812 3167 Fabr.
824 3142 851 3167 8<
865 3142 939 3168 Hitt.
950 3143 983 3167 ad
991 3152 1049 3167 vcr-

87 3176 171 3204 undas
179 3177 251 3209 leges.-
268 3173 429 3204 Gulielmius
439 3175 549 3210 putabat
559 3184 652 3204 verum
662 3175 724 3210 esse,
736 3178 767 3203 ad
775 3178 922 3205 evertendas.
945 3186 975 3206 ut
984 3187 1053 3205 ever-

1995 161 2092 214 397

1130 223 1292 254 mandare?
1310 224 1421 259 Refer,
1450 226 1572 267 inqui&
1592 226 1628 257 ad
1648 226 1784 258 senatum
1802 226 1846 267 (id
1857 227 1939 258 enim
1950 229 2092 268 postulas,

1129 266 1179 299 &‚
1196 264 1215 295 si
1227 267 1276 296 hic
1294 267 1370 298 ordo
1383 268 1499 307 placere
1517 268 1570 298 fibi
1580 268 1764 303 decreverit,
1787 278 1816 299 tc
1832 271 1874 300 ire
1883 272 1917 301 in
1937 269 2090 312 exsilium)

1126 306 1401 347 obtemperaturum
1413 308 1471 340 ess'e
1481 310 1566 340 dicis.
1590 313 1665 341 Non
1675 309 1802 341 referam
1812 311 1843 342 id
1855 331 1864 346 ‚
1886 313 1968 353 quod
1980 313 2089 344 abhor-

1127 356 1170 377 ret
1180 348 1195 378 a
1209 351 1286 379 meis
1298 351 1437 381 moribus
1453 363 1458 381 ε
1477 352 1620 382 &tamen
1634 352 1741 383 faciam
1753 373 1763 386 ‚
1776 361 1807 383 ut
1822 354 1988 395 intelligas,
2013 356 2089 396 quid

1128 389 1158 418 hi
1169 389 1207 419 de
1217 399 1243 419 te
1253 391 1390 422 sentiant.
1414 393 1560 434 Egredere
1569 404 1607 424 ex
1616 395 1707 429 urbe,
1728 395 1872 426 Catilina:
1895 397 1988 428 libera
2006 408 2089 428 rem-

1126 430 1279 469 publicam
1291 442 1393 463 metu:
1417 436 1451 464 in
1464 434 1602 465 exsilium
1616 455 1625 470 ,
1654 435 1674 465 fi
1690 438 1765 467 hanc
1784 447 1894 467 vocem.
1913 436 2064 479 exspectas
2076 460 2086 474 ,

1125 471 1322 511 proficiscere.
1345 475 1426 514 Quid
1436 475 1497 508 est,
1517 478 1658 508 Catilina?
1681 479 1790 519 ecquid
1808 480 1953 514 attendis,
1974 482 2083 522 ecquid

1128 514 1341 544 animadvertis
1358 517 1469 545 horum
1486 517 1631 557 silentium
1643 522 1655 548 ?
1679 530 1849 559 patiuntur,
1878 531 1987 553 tacent.
2009 524 2084 564 quid

1127 555 1495 596 exspe&asau610ritatem
1513 559 1705 599 loquentium
1718 581 1725 594 ‚
1746 572 1876 602 quorum
1895 564 2085 596 voluntatem

1127 600 1283 627 tacitorum
1294 599 1454 638 perspicis?
1477 599 1546 629 Atfi
1558 602 1615 631 hoc
1631 602 1713 632 idem
1725 604 1795 634 huic
1812 605 1992 636 adolescenti
2003 610 2085 646 opri-

1128 648 1180 669 mo
1192 659 1200 672 ,
1218 642 1248 669 P.
1264 642 1368 670 Seittio
1379 660 1387 674 ,
1406 639 1427 670 fi
1436 640 1600 671 foi-rissimo
1611 644 1676 672 viro
1689 664 1697 676 ,
1710 646 1752 674 M.
1766 647 1910 677 Marcello
1918 647 2060 679 dixissem
2077 660 2084 666 ·

1122 681 1184 719 jam
1196 682 1273 711 mihi
1284 682 1403 712 consuli
1414 684 1473 713 hoc
1483 683 1547 723 ipso
1558 685 1714 724 intemplo
1725 705 1733 719 ‚
1749 688 1815 725 jure
1832 691 1952 728 optimo
1964 691 2082 722 senatus

1122 724 1198 756 vim,
1212 723 1244 753 ὃς
1256 734 1362 754 manus
1372 723 1527 754 intuliss'et.
1538 724 1574 755 de
1588 734 1615 755 te
1624 735 1725 756 autem
1738 747 1746 759 ,
1760 730 1895 764 Catilina,
1909 730 1974 760 clim
1983 733 2081 773 quies-

1122 772 1189 793 cunt
1202 785 1210 798 ‚
1228 764 1365 806 probant:
1383 765 1455 796 cum
1484 768 1655 807 patiuntur,
1680 767 1862 800 decernunt:
1878 772 1949 803 curn
1968 783 2082 808 tacent.

1120 807 1260 838 clamant.
1284 818 1383 848 neque
1402 809 1433 838 hi
1454 807 1554 838 solum
1572 828 1581 842 ‚
1596 819 1727 849 quorum
1747 811 1801 840 tibi
1810 813 1968 844 auFtoritas
1978 815 2020 846 est
2032 818 2080 846 vi-

1122 847 1230 879 delicet
1243 859 1306 880 cara
1316 869 1324 883 ‚
1337 852 1398 880 vita
1407 848 1550 880 vilissima
1562 861 1568 880 2
1591 850 1641 881 scd
1652 853 1743 881 etiam
1753 853 1798 882 illi
1808 856 1920 894 equites
1931 859 2078 891 Romani,

1121 890 1342 925 honestissimi,
1362 901 1449 932 atque
1469 893 1581 932 optimi
1596 894 1653 922 viri
1668 913 1676 926 ,
1697 896 1844 935 ceterique
1862 895 2017 928 fortissimi
2033 902 2078 929 ci-

1122 941 1171 961 ves
1183 952 1190 965 ,
1205 935 1257 973 qui
1266 933 1459 964 circumstant
1470 934 1621 964 senatum:
1644 945 1777 976 quorum
1788 946 1819 966 tu
1831 937 1863 967 δε
1876 937 2076 979 frequentiam

1119 974 1221 1004 videre
1233 995 1240 1008 ,
1264 975 1297 1005 &
1305 974 1400 1005 studia
1409 976 1571 1016 perspicere
1581 996 1590 1010 ,
1613 976 1646 1006 δεῖ
1657 987 1745 1007 voces
1754 978 1855 1018 paullo
1865 982 1933 1010 anti:
1949 982 2076 1012 exaudi-

1120 1026 1150 1045 re
1163 1016 1299 1056 potuisti.
1323 1027 1454 1058 quorum
1466 1028 1520 1058 ego
1528 1019 1582 1048 vix
1593 1018 1644 1048 abs
1654 1027 1682 1048 te
1691 1020 1806 1060 jamdiu
1825 1031 1950 1056 manuS,
1969 1033 2000 1053 ac
2018 1024 2077 1055 tela

1118 1060 1280 1088 contineo:
1304 1059 1424 1089 eosdem
1434 1060 1521 1090 facile
1539 1060 1682 1091 adducam
1695 1080 1703 1095 ,
1723 1071 1755 1092 ut
1768 1071 1795 1092 te
1813 1063 1896 1097 haec,
1915 1074 1980 1104 quae
1993 1065 2075 1104 jam-

1118 1100 1234 1139 pridem
1245 1099 1354 1130 vastare
1363 1100 1461 1131 studes
1473 1121 1481 1136 ‚
1501 1102 1723 1142 relinquentem
1734 1124 1743 1137 ,
1760 1105 1847 1145 usque
1859 1105 1997 1146 adportas
2009 1115 2075 1148 pro-

1113 1143 1284 1183 fhquantur.
1298 1146 1491 1183 Qamquam
1503 1144 1577 1184 quid
1586 1146 1736 1185 loquor?te
1747 1156 1779 1176 ut
1789 1147 1848 1177 ulla
1857 1157 1902 1177 res
1911 1147 2072 1190 frangat?tu
2089 1159 2115 1192 9

1121 1194 1154 1214 ut
1165 1194 1309 1225 umquam
1330 1195 1358 1214 te
1370 1187 1517 1227 corrigas?
1537 1194 1570 1216 tu
1583 1195 1616 1216 ut
1633 1187 1726 1217 ullam
1744 1187 1844 1228 fugam
1859 1189 2022 1222 meditere?
2039 1200 2074 1222 ut

1119 1226 1217 1256 ullum
1237 1236 1270 1256 tu.
1285 1225 1426 1257 exsilium
1438 1229 1570 1268 cogites?
1589 1223 1739 1259 ⁸Utinam
1759 1231 1814 1260 tibi
1832 1230 1919 1261 istam
1933 1241 2075 1264 mentem

1118 1267 1161 1297 dii
1171 1269 1358 1299 immortales
1368 1269 1456 1299 duint
1469 1272 1474 1298 l
1497 1268 1611 1300 tametsi
1620 1270 1711 1300 video
1720 1291 1730 1305 ‚
1748 1270 1768 1301 fi
1776 1282 1843 1302 mea
1851 1283 1924 1304 voce
1934 1276 2072 1313 perterri-

1120 1318 1165 1340 tus
1178 1311 1263 1340 irein
1272 1309 1412 1341 exsilium
1429 1313 1570 1342 animum
1587 1312 1744 1343 induxeris
1755 1333 1765 1347 ‚
1783 1324 1891 1355 quanta
1912 1315 2072 1356 tempestas

1118 1352 1243 1383 invidiae
1252 1353 1362 1387 nobis,
1381 1352 1515 1384 siminus
1532 1355 1566 1384 in
1584 1355 1710 1393 praesens
1721 1365 1856 1395 tempus,
1877 1360 1990 1388 recenti
2004 1368 2072 1388 me-

1119 1395 1216 1424 moria
1224 1395 1370 1425 scelerum
1382 1404 1505 1425 tuorum
1517 1416 1526 1429 ‚
1543 1404 1572 1426 at
1580 1397 1608 1424 in
1613 1395 1801 1438 posteritatem
1811 1399 1992 1439 impendeat.
2013 1400 2071 1431 Sed

1119 1435 1163 1466 est
1172 1437 1250 1465 mihi
1261 1438 1334 1466 tanti
1346 1457 1355 1470 ,
1376 1437 1548 1468 dummodo
1565 1437 1619 1468 ista
1635 1441 1745 1478 privata
1764 1438 1799 1470 fit
1815 1441 1983 1475 calamitas,
2003 1442 2037 1472 δε
2053 1442 2072 1473 a

1115 1478 1288 1518 reipublicae
1298 1480 1439 1519 periculis
1455 1480 1634 1520 sejungatur.
1648 1481 1704 1511 Sed
1722 1490 1754 1512 ut
1763 1483 1848 1512 vitiis
1858 1485 1916 1513 tuis
1924 1493 2071 1514 commo·

1113 1529 1200 1550 veare
1210 1540 1221 1553 ‚
1231 1521 1372 1563 utlegum
1383 1530 1486 1561 poenas
1495 1523 1682 1561 pertimescas
1693 1542 1702 1557 ,
1714 1532 1748 1553 ut
1755 1525 1943 1564 temporibus
1951 1525 2069 1565 reipub.

1115 1562 1260 1592 concedas
1270 1582 1278 1597 ‚
1291 1573 1355 1593 non
1365 1562 1407 1593 est
1414 1563 1638 1603 postulandum.
1662 1568 1677 1592 9
1686 1575 1785 1606 neque
1798 1568 1882 1596 enim
1891 1568 1916 1596 is
1926 1577 1957 1597 es
1969 1587 1978 1601 ‚
1989 1569 2074 1598 Cati-

1113 1604 1174 1634 lina
1183 1624 1195 1638 ,
1217 1613 1285 1634 utre
1294 1605 1446 1645 autpudor
1456 1605 1472 1635 a
1482 1606 1666 1645 turpitudine
1676 1626 1685 1640 ,
1704 1617 1753 1637 aut
1771 1617 1869 1638 metus
1887 1607 1903 1639 a
1911 1610 2047 1649 periculo
2058 1630 2070 1643 ,

1113 1655 1163 1676 aut
1171 1648 1246 1676 ratio
1255 1646 1270 1677 a
1278 1645 1380 1677 furore
1388 1649 1542 1678 revocarit.
1565 1648 1783 1685 Quamobrem,
1796 1659 1829 1679 ut
1838 1649 1910 1690 saepe
1916 1652 1980 1691 jam
1989 1651 2068 1686 dlxi,

1113 1687 1317 1727 proficiscere:
1335 1699 1385 1723 ac,
1406 1687 1426 1718 si
1438 1690 1516 1719 mihi
1526 1691 1675 1723 inimico,
1698 1699 1731 1720 ut
1740 1692 1878 1731 praedicas
1889 1713 1902 1726 5
1918 1701 1972 1723 tuo
1991 1703 2068 1724 con-

1113 1729 1182 1760 flare
1192 1731 1239 1760 vis
1249 1731 1396 1762 invidiam
1407 1742 1416 1766 ς
1434 1730 1513 1761 reeta
1522 1741 1609 1773 perge
1618 1734 1652 1762 in
1660 1731 1800 1769 ensi-lium
1813 1745 1818 1762 z
1836 1736 1890 1764 vix
1902 1734 1996 1765 feram
2008 1736 2070 1766 ser-

1113 1782 1220 1802 mones
1228 1774 1394 1803 hominnm
1408 1793 1416 1807 ,
1428 1771 1449 1803 fi
1459 1773 1488 1803 id
1499 1771 1605 1803 feceris
1619 1784 1624 1803 :
1643 1775 1697 1804 vix
1707 1776 1822 1805 molem
1834 1775 1918 1806 istius
1928 1777 2065 1812 invidiae,

1111 1812 1130 1843 fi
1142 1815 1174 1844 in
1188 1815 1340 1845 exsulium
1359 1817 1428 1845 ieris
1443 1813 1523 1854 juffu
1541 1816 1694 1850 consulis,
1714 1816 1877 1848 sustinebo.
1901 1818 1945 1848 fin
1963 1828 2065 1850 autem

1110 1857 1217 1886 servire
1228 1857 1394 1887 meaelaudi
1404 1877 1413 1891 ,
1433 1857 1465 1887 δε
1475 1857 1578 1899 gloriae
1589 1860 1685 1888 mavis
1697 1869 1702 1887 ε
1720 1859 1855 1901 egredere
1866 1871 1936 1891 cum
1946 1863 2064 1901 impor-

1108 1907 1179 1928 tuna
1189 1898 1396 1929 sceleratorum
1408 1909 1515 1930 manu:
1534 1899 1639 1930 confer
1655 1908 1684 1930 te
1701 1901 1737 1931 ad
1756 1903 1928 1932 Manlium:
1945 1906 2066 1934 concita

1108 1940 1240 1980 perditos
1250 1942 1358 1971 civeis:
1378 1941 1532 1971 secernere
1550 1941 1566 1971 a
1584 1941 1694 1971 bonis:
1712 1942 1792 1973 infer
1808 1945 1909 1983 patriae
1925 1944 2062 1976 bellum:

1108 1982 1222 2012 exsulta
1240 1984 1338 2022 impio
1355 1982 1535 2016 latrocinio,
1557 1992 1589 2012 ut
1606 1983 1622 2013 a
1640 1993 1690 2013 me
1709 1994 1775 2015 non
1792 1984 1912 2023 ejestm,
1936 1986 1971 2016 ad
1989 1987 2064 2016 alie—

1107 2033 1164 2053 nos
1176 2033 1181 2052 :
1198 2023 1248 2053 sed
1258 2025 1402 2053 invitatus
1414 2043 1422 2058 ,
1434 2024 1470 2054 ad
1481 2033 1549 2054 tuos
1558 2023 1610 2054 isse
1619 2025 1756 2055 videaris.
1779 2029 1975 2068 Qamquam
1985 2029 2062 2068 quid

1104 2074 1160 2106 ego
1170 2074 1196 2094 te
1208 2066 1336 2095 invitem
1348 2085 1356 2099 ‚
1366 2064 1382 2095 a
1391 2075 1523 2106 quo-Jam
1532 2066 1621 2096 sciam
1631 2065 1689 2096 esse
1699 2066 1865 2107 praemiss‘os
1876 2089 1885 2102 ,
1895 2071 1948 2110 qui
1957 2070 2013 2099 tibi
2021 2070 2060 2100 ad

1103 2106 1205 2136 forum
1218 2107 1377 2137 Aurelium
1388 2107 1625 2147 praestolarentur
1634 2111 1784 2140 armati?¹0
1797 2110 1885 2140 sciam
1892 2110 2010 2150 paciam
2024 2112 2060 2142 δε

1103 2147 1296 2179 constitutam
1306 2148 1362 2179 esse
1374 2159 1446 2179 cum
1454 2149 1574 2179 Manlio
1585 2150 1697 2181 diem&
1704 2161 1766 2191 quo
1777 2153 1871 2182 etiam
1889 2162 2057 2192 AquiLAm

1102 2191 1188 2220 illam
1198 2199 1366 2232 argenteam
1379 2210 1387 2224 ‚
1399 2201 1489 2232 quarn
1503 2191 1558 2221 tibi
1569 2211 1577 2225 ‚
1591 2202 1624 2222 ac
1633 2193 1690 2222 tuis
1700 2193 1845 2224 omnibus
1856 2195 2057 2234 perniciosam

1105 2231 1163 2262 esse
1172 2231 1310 2265 conlido,
1321 2233 1354 2263 &
1362 2232 1512 2263 funestam
1521 2231 1665 2267 futuram,
1677 2238 1725 2265 cui
1736 2235 1821 2265 dorni
1834 2245 1892 2266 tua:
1903 2237 2060 2267 sacrarium

1103 2274 1246 2304 scelerum
1260 2284 1383 2304 tuorum
1395 2273 1595 2306 constitutum
1608 2277 1667 2306 ruit
1676 2296 1684 2310 ,
1696 2277 1786 2307 sciam
1796 2275 1854 2307 effe
1863 2277 2060 2318 praemiffam?

1105 2318 1155 2346 Tu
1166 2325 1197 2346 ut
1205 2317 1256 2346 illa
1263 2316 1376 2347 diutius
1385 2326 1480 2347 carere
1491 2316 1579 2358 postis
1593 2338 1602 2352 ‚
1622 2328 1711 2359 quam
1720 2321 1875 2354 venerari,
1895 2320 1930 2351 ad
1946 2321 2061 2352 caedem

1968 2363 2064 2403 profi-

1094 2453 1134 2473 καί
1151 2447 1223 2484 leges
1242 2458 1272 2474 ac
1290 2448 1444 2484 qviaestiones
1459 2468 1467 2479 ‚
1487 2450 1531 2484 qni
1548 2447 1629 2475 efficit
1640 2458 1669 2475 n<
1684 2450 1741 2484 lege¹
1752 2449 1806 2476 lata
1815 2449 1848 2475 de
1859 2449 1997 2476 maleficiis
2008 2450 2060 2476 suis

1097 2492 1230 2518 quaeratur
1242 2495 1248 2511 :
1269 2492 1366 2510 evincat
1379 2504 1387 2516 ,
1406 2485 1451 2520 qui
1465 2484 1584 2520 legcjam
1595 2484 1648 2512 lata
1657 2486 1685 2511 ὃ(
1696 2486 1837 2521 quaestione
1848 2486 1993 2513 constituta
2001 2487 2057 2514 vim

1092 2519 1255 2553 judiciorum
1266 2519 1421 2557 perfringit.

1132 2564 1159 2590 7.
1180 2560 1204 2582 Si
1213 2559 1263 2582 heic
1273 2561 1361 2583 morari
1370 2566 1430 2590 aequo
1439 2559 1516 2582 ,mitto
1524 2556 1667 2590 κηρυκι]
1690 2555 1769 2582 Haud
1787 2556 1869 2582 aliter
1878 2556 1947 2583 Pals.
1960 2558 2054 2590 nostri,

1095 2591 1224 2628 editique.
1245 2602 1305 2619 nam
1316 2592 1463 2623 meror-ius,
1473 2595 1498 2617 si
1508 2595 1578 2617 emori
1585 2602 1644 2626 aequo
1655 2595 1730 2618 arima
1742 2611 1749 2624 ‚
1761 2593 1812 2623 <Ji-c.
1833 2591 2056 2629 sequentesssheic

1094 2633 1183 2660 emori,
1193 2630 1264 2665 quod
1276 2630 1414 2664 impugnat
1426 2627 1617 2663 Zinzerlingus
1628 2636 1711 2663 salute
1724 2637 1835 2654 xnvru.

1131 2663 1158 2690 8.
1178 2667 1272 2691 Utinam
1291 2667 1334 2690 ribi
1351 2668 1417 2698 istam
1436 2671 1531 2689 mentem
1541 2664 1574 2689 dii
1582 2666 1723 2689 imraomzles
1733 2665 1801 2689 duint
1810 2665 1843 2698 .']
1871 2664 2057 2701 suppeditavit

1095 2700 1159 2726 mihi
1180 2701 1245 2727 hanc
1264 2700 1407 2727 leffionem
1426 2700 1550 2733 Cujacius
1563 2719 1570 2731 ‚
1589 2698 1758 2734 affirmatque
1769 2700 1870 2727 exstare
1881 2701 1909 2728 in
1919 2701 1977 2728 mss'.
1988 2712 2056 2738 quos

1094 2737 1205 2763 excuffit
1215 2737 1265 2763 lib.
1277 2745 1335 2762 xri.
1348 2735 1488 2762 Emendat.
1498 2744 1603 2771 cap.32.
1615 2736 1688 2771 prius
1700 2735 1863 2771 legebamus,
1873 2737 2000 2770 donarent,
2009 2747 2057 2766 aur

1094 2773 1180 2798 darem
1192 2792 1198 2804 ‚
1209 2773 1319 2799 omnino
1330 2771 1432 2799 insulse,

1127 2817 1156 2843 9.
1177 2813 1256 2843 Neque
1267 2812 1325 2834 enim
1335 2809 1354 2834 ,is
1364 2817 1387 2833 es
1401 2809 1508 2833 Catilina
1520 2826 1527 2839 ,
1538 2814 1566 2832 ut
1574 2814 1596 2831 re
1607 2814 1649 2832 «rut
1662 2826 1671 2838 ,
1679 2807 1748 2842 dere]
1770 2808 1844 2836 Idem
1857 2809 1980 2844 Cujacius
1991 2819 2055 2845 pm..

1091 2844 1165 2870 ducit
1175 2854 1207 2871 ex
1219 2844 1309 2871 iisdem
1321 2844 1393 2878 libris
1407 2855 1412 2870 :
1425 2853 1497 2876 neque
1506 2846 1607 2876 enimsts
1621 2846 1769 2878 Catilina‚fi
1777 2851 1799 2869 re
1808 2852 1863 2875 aut,
1872 2846 1923 2875 (ly-e.
1935 2845 2054 2873 nondum

1090 2880 1171 2906 ausim
1183 2880 1265 2916 sequi.
1276 2881 1390 2907 alterum
1403 2879 1469 2905 illud
1484 2886 1574 2905 tuetur
1585 2878 1609 2906 st:
1621 2878 1678 2906 mss.
1689 2880 1784 2906 nostris
1795 2880 1930 2914 omnibus,
1942 2892 2054 2910 necnon

1089 2917 1156 2943 olim
1166 2917 1241 2943 cusis.
1263 2926 1323 2944 nain
1335 2915 1490 2952 posteriores
1501 2916 1609 2940 Casilina
1621 2935 1628 2947 ‚
1647 2916 1666 2942 is
1677 2925 1700 2941 ts
1711 2935 1719 2947 ,
1737 2917 1788 2947 &n

1129 2961 1170 2980 10.
1191 2957 1269 2978 Sciam
1278 2955 1372 2984 pariam
1381 2952 1410 2982 (ῥ’
1421 2951 1593 2985 constitutam]
1610 2953 1711 2979 Omnes
1722 2952 1778 2978 mss.
1794 2953 1873 2979 nostri
1885 2955 2056 2990 praemittunt

1088 2988 1138 3013 cam
1150 3008 1158 3020 ,
1178 2998 1262 3025 neque
1281 2988 1350 3015 secus
1361 2987 1510 3022 antiquitus
1531 2987 1656 3023 impressi.
1678 2988 1803 3016 emendat
1820 2989 1917 3016 leviter
1930 3010 1937 3023 ,
1952 2990 1994 3017 scd
2008 3000 2055 3017 ve·-

1089 3033 1116 3050 re
1127 3024 1288 3051 Gulielmius
1299 3044 1308 3057 ‚
1329 3026 1367 3049 cm'
1380 3024 1456 3057 silam
1470 3025 1569 3056 passam
1579 3043 1588 3055 ,
1607 3024 1660 3054 ἀνι.
1686 3024 1824 3052 manifeste
1843 3026 1914 3052 enim
1933 3035 2054 3062 captatur

1089 3061 1282 3093 ’πλόπῖωτον
1294 3086 1302 3100 ‚
1321 3066 1335 3091 a
1347 3074 1400 3100 quo
1413 3084 1421 3096 ,
1442 3064 1483 3091 cui
1496 3084 1504 3096 ,
1526 3065 1541 3091 a
1551 3074 1616 3101 quo.
1636 3066 1738 3093 Mureti
1749 3066 1881 3094 coi-resno
1893 3087 1902 3100 ‚
1912 3069 1939 3094 &
1952 3070 1967 3095 a
1977 3068 2055 3095 libris

1089 3104 1195 3141 longius
1205 3105 1315 3132 discedit
1328 3126 1335 3138 ,
1354 3107 1382 3132 &
1395 3106 1552 3133 sententiam
1564 3115 1673 3144 torquet
1687 3119 1693 3135 :
1717 3118 1796 3144 quam
1808 3117 1895 3136 tamen
1909 3110 2055 3136 Lambinus,

1084 3141 1139 3174 jam
1151 3141 1177 3167 in
1190 3140 1270 3168 libros
1283 3150 1428 3179 receperat,
1438 3144 1466 3170 &
1478 3143 1585 3180 quidem
1597 3153 1657 3171 cum
1669 3144 1780 3182 elogio,
1794 3151 1930 3182 tamquam
1940 3147 1958 3173 fi
1970 3148 1984 3172 a
1995 3146 2055 3172 niis.

1087 3177 1151 3206 esset
1163 3196 1170 3211 ,
1191 3187 1243 3206 noa
1255 3178 1270 3206 iv.
1279 3178 1445 3216 conj-terum.
1496 3216 1521 3245 D
1531 3215 1550 3244 d
1558 3215 1577 3243 d

1594 3224 1610 3252 3
1953 3225 1977 3243 ιι.
1996 3220 2049 3244 Nm
