2302 3353
540 122 624 166 AD
658 121 1077 175 HEREuuiUM,
1114 122 1312 169 LIBER
1345 121 1651 170 Tarutius.

128 215 206 241 mus,
218 205 276 236 hoc
285 203 328 235 est
337 223 346 238 ,
357 210 391 234 ut
398 211 519 234 utamur
526 204 677 243 principio
688 222 696 236 ,
716 203 885 232 narratione
895 222 904 236 ,
928 201 1087 236 divisione,

124 247 355 279 confirmatione
367 266 375 280 ‚
392 244 600 275 confutatione
611 265 619 278 ,
640 242 832 275 conclusione
843 254 849 272 :
871 245 903 272 δε
913 245 994 273 hunc
1006 244 1087 273 ordi-

1132 202 1203 234 fidet
1214 204 1351 235 habitum
1363 206 1487 240 iatione,
1500 204 1687 236 &industria
1696 212 1915 246 comparatum.
1929 207 1970 237 Ea
1981 207 2094 245 dividit

1132 248 1220 275 turin
1232 249 1299 276 treis
1310 249 1426 287 parteiS,
1438 247 1694 288 magnitudinem,
1708 246 1940 281 firmitudinem,
1953 251 2091 280 mollitii-

127 300 200 320 nem
211 309 219 321 ,
234 286 492 329 quemadmodum
503 294 684 326 praeceptum
695 284 737 315 est
747 284 815 315 ante
826 305 835 318 ,
857 287 890 314 in
901 284 1031 314 dicendo
1041 285 1087 314 se·
1130 286 1245 317 dinem.
1277 289 1520 329 Magnitudinem
1539 291 1622 319 vocis
1640 290 1777 320 maxime
1795 299 1946 329 comparat
1964 301 2066 322 natura
2079 310 2088 323 ς

125 340 260 371 quemur.
282 331 361 358 Item
372 338 410 358 ex
421 327 610 358 institutione
621 330 690 358 artis
701 348 710 361 ,
722 337 788 357 non
797 325 891 357 modo
903 335 977 356 totas
989 326 1086 356 caus-is

124 382 177 412 per
193 372 361 401 orationem
372 390 381 403 ‚
402 369 450 400 sed
468 380 520 409 per
538 368 664 411 singulas
686 378 805 410 quoque
816 369 1084 409 argumentationis

122 414 228 456 parteis
250 411 444 451 disponemus
456 432 463 444 ,
484 411 744 452 quemadmodum
756 413 789 440 in
798 410 930 440 secundo
941 409 1018 439 libro
1028 409 1084 438 do-

123 457 241 485 cuimus
254 473 262 487 2
274 453 304 483 id
314 452 358 483 est
367 473 375 486 ,
389 451 609 493 expositionem
621 473 630 486 ,
642 454 802 485 rationem,
816 450 1080 481 confirmationem

122 498 256 529 rationis,
267 495 769 534 exornationem,complexionem.
788 496 861 523 Haec
872 495 962 535 igitur
970 492 1080 532 duplex

123 536 274 578 dispositio
285 535 327 566 est
337 557 345 570 ,
370 540 380 556 ¹
393 546 451 566 una
461 539 682 576 perorationes,
693 536 780 566 altera
790 545 841 575 per
850 536 1082 576 argumentatio-

123 590 176 610 nes
187 599 195 613 ,
206 579 242 609 ab
253 577 443 608 institutione
452 580 519 608 artis
530 577 672 618 profeEta.
702 577 752 608 Est
762 586 862 607 autem
874 578 906 606 ὃς
914 577 970 606 alia
980 576 1080 615 dispo-

124 620 190 651 sitio
200 641 208 655 ‚
219 631 284 661 quae
296 640 304 654 ‚
316 618 389 650 cum
399 620 436 650 ab
445 620 551 650 ordine
561 619 719 650 artificioso
730 618 931 649 recedendum
942 617 984 647 est
993 637 1002 650 ,
1014 627 1079 647 ora-

123 665 197 694 toris
212 662 330 702 judicio
347 662 386 690 ad
405 670 510 703 tempus
527 661 787 692 accommodatur:
812 669 844 690 ut
854 659 875 689 si
883 659 900 689 a
909 661 1078 688 narratione

124 705 222 735 dicere
242 705 423 743 incipiamus
435 724 444 737 ‚
463 712 513 733 aut
521 704 556 733 ab
566 704 663 743 aliqua
673 700 838 732 firmissima
845 703 1078 741 argumentatio-

123 757 172 779 ne,
183 755 233 776 aut
241 745 256 775 ἒι
267 747 431 775 litterarum
441 746 604 784 aliquarum
615 745 789 774 recitatione
801 755 806 772 :
821 752 870 773 aut
880 742 901 772 si
911 741 1074 772 secundum

124 790 307 829 principium
318 785 547 817 confirmatione
558 795 685 816 utamur:
700 785 809 816 deinde
820 786 986 815 narratione
998 795 1004 813 :
1015 793 1075 817 aut,

123 829 144 860 si
153 840 243 871 quam
253 828 425 868 hujusmodi
435 829 688 867 permutationem
698 827 812 857 ordinis
823 826 967 856 faciamus
979 836 984 854 :
999 836 1077 866 quo-

124 883 193 902 rum
204 871 282 901 nihil
291 891 300 904 ,
313 868 367 899 nifi
377 871 459 899 caula
468 868 598 908 postulet
608 868 670 899 fieri
681 869 839 908 oportebit.
863 871 945 898 Nam
955 866 976 897 si
985 868 1077 897 vehe-

125 922 243 944 menter
251 921 333 942 aures
343 911 513 941 auditorum
523 911 634 941 obtusae
652 910 852 944 videbuntur,
876 919 962 950 atque
981 911 1077 938 animi

124 956 272 995 defatigati
281 953 316 983 ab
325 952 494 982 adversariis
505 953 698 982 multitudine
708 952 871 982 verborum
881 972 889 985 ,
911 950 1075 981 commode

123 999 287 1037 poterimus
296 995 445 1034 principio
462 994 646 1034 supersedere
657 1015 664 1028 ‚
688 995 720 1024 &
731 993 865 1024 exordiri
876 993 991 1024 causam
1002 991 1075 1022 aura

122 1039 289 1068 narratione
298 1056 306 1069 ,
319 1044 368 1066 aut
376 1036 411 1066 ab
421 1036 518 1076 aliqua
529 1035 614 1066 firma
623 1038 890 1076 argumentatione.
914 1034 1023 1064 deinde
1035 1055 1044 1068 ,
1056 1032 1077 1063 fi

124 1078 323 1115 commodum
334 1079 397 1110 erit,
409 1079 478 1118 quia
486 1087 551 1107 nori
562 1079 677 1118 semper
687 1076 801 1108 neceffe
811 1077 853 1108 est
862 1098 871 1111 ‚
891 1077 927 1107 ad
937 1078 1077 1116 principii

65 1125 107 1151 ¹0
123 1122 299 1153 sententiam
318 1122 424 1149 reverti
441 1119 551 1149 licebit.
595 1120 632 1150 Si*
643 1119 834 1150 causai‘iostra
843 1128 984 1160 magnam
995 1116 1077 1148 diffi-

121 1164 261 1195 cultatem
271 1161 423 1191 videbitur
430 1161 547 1194 habere,
561 1170 594 1191 ut
603 1172 696 1192 nemo
706 1171 778 1202 aequo
789 1163 882 1190 anima
891 1161 1075 1201 principium

121 1203 210 1246 poffit
217 1203 318 1234 audire
330 1213 335 1232 ς
354 1202 370 1233 ὲ
379 1204 545 1232 narratione
555 1201 626 1232 cum
637 1206 837 1243 inceperimus
848 1223 856 1236 ‚
878 1203 913 1232 ad
934 1203 1076 1242 principii

121 1248 300 1278 sententiam
309 1253 490 1275 revertamur
497 1245 608 1275 licebit.
627 1248 656 1275 Si
667 1247 793 1276 narratio
802 1243 907 1284 patum
917 1243 1077 1284 probabilis

121 1287 176 1322 est,
187 1287 379 1319 exordiemur
387 1286 422 1316 ab
431 1287 526 1326 aliqua
537 1285 622 1317 firma.
630 1289 897 1329 argumentatione.
923 1288 979 1316 His
990 1295 1076 1315 com-

123 1329 340 1361 mutationibus
353 1348 361 1362 ‚
384 1328 416 1358 &
437 1327 673 1359 transsationibus
682 1332 811 1370 partium
823 1329 898 1370 saepe
909 1331 953 1359 uti
962 1326 1076 1359 necesse

123 1370 250 1406 el't,cum
258 1372 318 1410 ipsa
326 1381 371 1400 res
381 1368 568 1400 artificiosam
578 1370 804 1411 dispositionem
815 1370 974 1401 artificiose
989 1379 1075 1400 com-

122 1423 237 1443 mutare
246 1414 334 1453 cogit.
359 1415 395 1442 In
403 1410 646 1447 confirmatione,
659 1414 691 1444 &
702 1414 907 1444 confutatione
918 1422 1077 1453 argumen-

120 1458 268 1486 tationum
279 1452 484 1494 dispositiones
492 1454 667 1493 hujusmodi
678 1458 821 1486 convenit
832 1456 938 1485 habere
949 1465 955 1483 :
967 1453 1077 1484 firmis—

120 1495 206 1527 simas
214 1497 484 1536 argumentationes
494 1496 522 1524 in
528 1498 626 1538 primia·
637 1497 671 1529 (φ
688 1496 820 1538 postremis
837 1498 929 1527 causae
946 1496 1077 1537 partibus

119 1539 265 1569 collocare
277 1549 282 1566 :
296 1537 483 1571 mediocreis‚
496 1538 635 1579 &neque
646 1540 781 1569 inutileis
790 1539 825 1569 ad
835 1539 1011 1572 dicendum,
1024 1548 1077 1567 ne-

121 1590 179 1621 que
187 1578 357 1610 necessarias
367 1579 402 1609 ad
412 1579 600 1618 probandum
611 1601 620 1614 ‚
640 1591 704 1621 quae
715 1580 736 1610 si
747 1582 899 1622 separatim
910 1591 943 1610 ac
953 1579 1073 1621 singulae

121 1623 266 1655 dicantur,
276 1620 404 1651 infirmae
413 1619 469 1650 fint
480 1641 488 1655 ,
499 1631 569 1651 cum
580 1625 683 1652 ceteris
693 1624 762 1662 conj
768 1622 864 1652 unfra:
875 1642 884 1656 ,
906 1621 999 1652 firmae
1011 1641 1020 1655 ‚
1042 1622 1074 1651 &

120 1663 287 1703 probabiles
297 1661 369 1693 fiant
378 1682 386 1697 ‚
405 1664 556 1703 interponi
567 1684 575 1698 ,
598 1664 630 1693 ὅτ.
641 1666 673 1694 in
684 1665 787 1695 medio
797 1665 937 1694 collocari
947 1672 1073 1703 oportet.

123 1715 193 1736 nam
204 1715 235 1735 re
245 1713 355 1735 narrata
364 1724 373 1738 >
394 1703 492 1734 statim
503 1705 652 1745 exspeEkat
660 1708 781 1736 animus
790 1706 932 1736 auditoris
942 1726 951 1740 ,
970 1715 1009 1735 ex
1019 1715 1076 1746 qua

119 1757 149 1778 re
160 1747 243 1778 causa
250 1745 420 1777 confirmari
430 1744 525 1786 poffit.
536 1749 722 1789 Qapropter
731 1747 879 1779 continuo
890 1747 1009 1777 firmam
1019 1749 1074 1776 :ili-

118 1799 209 1829 quam
218 1787 447 1829 oportetinferre
456 1791 755 1829 argumentationem.
776 1793 815 1821 Et
822 1800 966 1831 quomam
976 1797 1074 1829 nuper-

118 1830 189 1860 rime*
198 1830 314 1861 dietum
322 1829 409 1861 facile
419 1833 577 1861 memoriae
587 1831 830 1865 mandatur,utile
842 1831 896 1866 est,
908 1830 980 1862 cum
991 1831 1073 1861 dice-

117 1882 149 1902 re
160 1871 326 1903 desinamus
336 1893 345 1906 ‚
368 1881 518 1902 recentem
533 1873 664 1913 aliquam
684 1875 850 1915 relinquere
860 1875 893 1903 in
902 1875 1012 1903 animis
1022 1883 1073 1902 au-

118 1913 254 1944 ditorum
271 1914 347 1943 bene
367 1912 485 1949 firmam
502 1924 532 1943 ar
552 1917 801 1945 umentationem.
829 1918 902 1945 Haec
920 1913 1073 1955 dispositio

120 1955 268 1988 locorum,
280 1964 420 1995 tanquam
430 1925 572 1990 instruc'igio
581 1956 719 1990 miiitum,
729 1956 876 1987 facillime
887 1959 919 1986 in
929 1956 1070 1989 dicendo,

63 2002 75 2028 1
89 2001 101 2026 1
121 1994 193 2026 ficut
202 1997 252 2026 illa
261 1998 293 2025 in
301 1995 471 2036 pugnando,
482 2005 580 2034 parare
587 1999 697 2036 poterit
705 1997 873 2027 vi&oriam.
918 2001 1073 2028 PRONUN-

120 2047 316 2068 TIATIONEM
336 2036 425 2066 multi
434 2037 569 2066 maxime
579 2039 685 2067 utilem
695 2041 804 2068 oratori
814 2038 956 2068 dixerunt
965 2037 1070 2071 ess'c,&

117 2078 153 2109 ad
164 2078 400 2119 persuadendum
417 2077 586 2117 plurimum
605 2080 699 2109 valere
733 2084 746 2099 ²
756 2091 812 2110 nos
830 2079 952 2120 quidem
973 2089 1069 2109 unum

117 2121 154 2150 de
173 2122 308 2161 quinque
325 2119 412 2149 rebus
427 2120 596 2158 plurimum
616 2119 696 2159 poss'e
714 2132 778 2151 non
785 2121 872 2151 facile
884 2121 1049 2151 dixerimus
1060 2132 1069 2155 3

119 2165 132 2190 3
145 2172 200 2192 nec
219 2160 333 2203 egregie
352 2171 490 2202 magnam
509 2159 566 2190 effe
585 2163 743 2192 utilitatem
762 2165 795 2192 in
812 2164 1067 2202 pronuntiatione,

118 2202 255 2234 auda6ter
272 2201 563 2234 confirmaverimus.
585 2213 656 2233 nam
675 2204 846 2233 commoda:
866 2206 1068 2236 inventiones,

117 2246 151 2276 δε
161 2247 317 2276 concinnae
324 2245 486 2274 verborum
495 2244 681 2274 elocutiones
691 2266 700 2279 ‚
722 2245 753 2275 &
763 2248 892 2285 partium
901 2256 953 2275 cau
960 2246 993 2274 (τε
1002 2247 1070 2275 arti-

118 2286 226 2318 ficiosae
237 2285 489 2326 dispositiones,&
499 2287 608 2316 horum
620 2289 762 2317 omnium
773 2287 900 2328 diligens
910 2288 1068 2319 memoria,

119 2327 178 2359 sine
187 2330 439 2370 pronuntiatione,
450 2338 513 2357 non
521 2328 599 2367 plus,
611 2328 701 2369 quam
712 2327 770 2358 sine
780 2330 827 2358 his
838 2329 923 2359 rebus
932 2338 1069 2368 pronun-

119 2372 203 2400 tiatio
222 2371 283 2401 sola
299 2370 394 2400 valere
410 2371 529 2410 poterit.
554 2372 650 2410 Qare
661 2390 669 2403 ,
689 2372 758 2410 quia
768 2381 860 2400 nemo
870 2370 904 2400 tle
917 2381 949 2400 ca
958 2381 988 2399 re
998 2370 1068 2400 dili—

118 2421 220 2454 genter
236 2410 343 2451 scripsit
360 2415 442 2449 (nam
452 2421 560 2440 omnes
571 2421 623 2440 vix
633 2410 713 2451 poste
723 2421 863 2451 putarunt
874 2412 908 2441 de
920 2422 994 2442 voce
1004 2432 1012 2445 ,
1035 2412 1066 2441 δε

119 2455 215 2487 vultu,
227 2454 259 2484 ὃς
267 2453 348 2495 gestu
358 2453 491 2483 dilucide
500 2452 673 2485 scribi,cum
685 2455 729 2483 hae
740 2463 783 2483 res
794 2453 828 2483 ad
840 2454 939 2484 sensus
949 2453 1066 2484 nostros

119 2496 311 2536 pertinerent)
332 2495 363 2524 ὃς
380 2497 448 2535 quia
466 2504 644 2535 magnopere
663 2505 696 2524 ea
714 2505 777 2535 pars
794 2496 810 2525 ’ξι
822 2496 910 2525 nobis
920 2495 955 2525 ad
965 2495 1067 2525 dicen-

119 2538 192 2567 dum
203 2536 397 2577 comparanda
405 2536 448 2566 est
457 2556 466 2570 ,
478 2546 542 2566 nori
551 2537 734 2577 negligenter
743 2537 862 2566 videtur
870 2546 930 2567 tota
939 2547 982 2566 res
993 2547 1068 2566 con-

118 2577 277 2609 fideranda.
300 2578 457 2608 Dividitur
465 2580 553 2618 igitur
561 2581 767 2617 pronuntiatio
777 2580 810 2608 in
820 2578 1067 2619 vocufiguram,&

116 2629 226 2662 corporis
235 2628 354 2650 motum.
378 2622 483 2661 Figura
490 2622 573 2650 vocis
585 2640 593 2652 ,
606 2619 649 2650 est
657 2630 720 2661 quae
733 2621 819 2651 suum
830 2620 991 2663 quemdam
1001 2621 1068 2661 pos-

158 2724 180 2740 i.
209 2718 260 2739 Una
274 2722 316 2746 per
333 2716 447 2739 omniomi·
458 2733 465 2744 ,
485 2715 563 2738 altera
575 2721 619 2745 per
636 2713 873 2746 aigmnematinncs.]
895 2713 936 2737 Sic
956 2716 1068 2737 i‘ailatnii

120 2759 211 2776 omnes
222 2757 314 2785 practer
325 2749 476 2779 secundum,
490 2749 515 2774 iii
528 2758 580 2784 quo
593 2767 600 2778 ,
610 2749 719 2774 crationi:
731 2766 738 2778 ,
749 2749 876 2780 alfei-aper
885 2750 1070 2780 argum-mario-

118 2796 155 2811 ms
169 2794 262 2818 pai-tes.
282 2784 413 2814 Suffr'idus
430 2785 515 2811 noster
525 2785 563 2810 ait
573 2783 648 2810 fuiss‘e
667 2784 693 2809 in
713 2782 762 2809 suis
772 2787 897 2809 orationem
907 2784 933 2808 δε
945 2792 1070 2816 aigum-cn-

119 2825 227 2846 :aticmm
240 2831 248 2852 3
267 2819 338 2857 quod
359 2821 443 2850 verius
454 2819 503 2846 esse
516 2839 524 2852 ,
544 2829 577 2846 ex
589 2818 763 2855 superioribus
775 2819 880 2855 planum
893 2817 1000 2855 put-ibat
1011 2820 1069 2845 Gu-

118 2857 245 2884 helii-iius.

155 2901 170 2917 2
177 2913 183 2918 .
204 2897 249 2919 Nus
260 2893 349 2927 quidem
358 2902 430 2918 rmum
440 2893 465 2917 de
474 2894 576 2926 quinque
584 2893 653 2916 rebus*
656 2893 786 2923 plurimum
790 2891 860 2923 poff'c,
869 2900 925 2922 non,
935 2890 1001 2923 &tn-l
1023 2891 1068 2916 Sc-

120 2929 171 2954 cuti
184 2928 269 2954 sumus
280 2928 467 2954 auStOi'itateiii
482 2927 536 2953 i'al.
547 2927 647 2962 quarti,
657 2926 724 2952 sexti
738 2946 746 2958 ‚
756 2927 782 2952 &
796 2926 881 2953 Bruil.
893 2936 953 2953 nani
965 2934 1068 2962 recepta

121 2963 200 2992 leftio
211 2975 217 2990 :
230 2968 278 2990 Nos
287 2965 344 2998 quid
351 2973 424 2989 imum
435 2983 443 2995 ‚
452 2965 503 2994 (Ξττ,
516 2965 646 2995 plurimum
650 2964 720 2996 profit
731 2981 739 2994 ,
749 2972 794 2988 non
805 2982 814 2994 ,
824 2963 874 2992 ὡς,

156 3008 182 3030 a,
201 3004 249 3026 Nec
265 2999 487 3033 egregiemagnam]
507 2997 676 3024 Videturilla
686 2998 807 3033 negativa
818 2997 948 3025 aduersari
959 2997 1068 3033 periodo

120 3032 297 3062 subiti-vieini.
316 3037 343 3061 δε
366 3036 428 3061 vero
439 3035 496 3060 Pal.
507 3041 615 3069 quartus
626 3033 711 3062 serrat
723 3053 730 3066 ‚
748 3034 868 3067 &egregie
878 3053 886 3065 ‚
906 3042 936 3060 ut
947 3033 1067 3060 videatur

120 3070 368 3131 Ypsslheiffia'adhuc
378 3070 455 3096 litera
466 3071 481 3096 ii
494 3079 555 3096 voce
566 3069 734 3106 pra-cedenti,
745 3070 799 3105 quo
810 3070 948 3104 fieretscd3
969 3077 1015 3097 aut
1026 3079 1068 3095 rc-

131 3114 165 3130 eri
194 3115 227 3131 -ιιι
239 3115 281 3131 uin
294 3125 302 3136 .,
321 3112 357 3132 at.
651 3114 654 3115 ⁷
748 3113 752 3116 ’

155 3148 181 3176 4.
201 3144 346 3168 Exercitatio
363 3141 562 3176 declamationis]
580 3141 666 3168 palat.
687 3140 736 3168 sec.
755 3147 844 3178 quart.
856 3139 923 3168 sext.
935 3142 1071 3168 exercitatio
1106 3140 1256 3174 distionesg
1277 3138 1318 3167 seni
1330 3139 1403 3167 libris
1414 3140 1503 3168 inritis
1517 3150 1619 3176 ,neque
1632 3140 1736 3170 favente
1746 3142 1875 3170 orationis
1887 3149 2025 3168 contextu.

1071 2977 1075 2982 ’
1110 2965 1215 2999 Vulgitn
1226 2961 1329 2988 addidit
1341 2981 1348 2992 ,
1368 2965 1449 2986 vitare
1458 2962 1572 2988 Absarus.

1130 330 1273 358 nonnihil
1283 331 1357 359 hanc
1367 340 1462 371 auget,
1475 331 1523 361 sed
1535 332 1670 362 maxime
1682 332 1836 362 conservat
1845 342 1922 361 cura,
1945 334 2087 364 Firmitu-

1127 367 1232 398 dinem
1253 373 1335 399 vocis
1356 373 1490 402 maxime
1503 382 1605 403 natura
1614 383 1765 413 comparat
1773 394 1781 407 ‚
1803 374 1946 403 nonnihil
1955 374 2088 417 adauget,

1127 408 1160 438 δε
1170 410 1305 440 maxime
1320 414 1473 443 conservat
1490 418 1507 440 4
1517 416 1691 444 exercitatio
1710 415 1947 445 declamationis.
1979 418 2088 447 Molli-

1126 450 1263 481 tudinem
1275 455 1357 482 vocis
1370 473 1378 486 ‚
1391 455 1448 483 hoc
1458 454 1499 484 est
1514 476 1521 489 ,
1534 465 1564 485 ut
1574 467 1640 486 earn
1651 464 1777 498 torquere
1785 458 1817 486 in
1826 456 1956 487 dicendo
1965 467 2019 497 pro
2029 469 2088 488 no-

1126 491 1185 522 stro
1196 493 1363 523 commodo
1372 494 1514 532 poffimus
1525 517 1532 529 ,
1562 498 1697 528 maxime
1709 497 1797 528 saciet
1803 500 1976 529 exercitatio
1988 499 2086 530 decla-

1124 536 1278 564 mationis.
1301 537 1486 575 Qiapropter
1497 538 1533 566 de
1545 540 1752 579 magnitudine
1764 541 1846 570 vocis
1857 560 1866 574 ‚
1879 540 1912 570 δε
1922 539 2086 572 firmitudi-

1124 578 1171 605 nis
1190 585 1270 615 parte
1280 596 1289 609 ,
1311 579 1457 616 quoniam
1475 578 1563 608 altera
1572 590 1674 610 natura
1684 601 1692 614 ,
1711 582 1799 612 altera
1809 592 1877 612 cura
1885 592 2084 622 comparatur,

1122 618 1201 646 nihil
1210 617 1246 647 ad
1256 628 1312 647 nos
1323 620 1425 647 attinet
1435 628 1631 650 commonere
1643 642 1651 654 ,
1664 621 1717 651 nisi
1729 632 1761 652 ut
1771 624 1806 654 ab
1816 626 1853 653 iis
1864 644 1872 658 ‚
1893 626 1945 664 qui
1959 635 2023 654 non
2033 627 2080 655 in-

1123 659 1174 688 scii
1184 660 1253 688 sunt
1263 660 1326 697 ejus
1337 658 1472 693 artificii,
1494 663 1568 690 ratio
1578 664 1713 693 curanda:
1722 667 1805 694 vocis
1814 674 1936 705 petatur.
1981 669 2029 696 De
2048 677 2081 698 ea
2103 671 2113 695 1
2125 672 2143 697 2.

1120 709 1199 739 parte
1211 700 1407 731 firmitudinis
1418 722 1426 734 ‚
1448 712 1513 742 quae
1523 704 1710 734 conservatur
1720 708 1831 736 ratione
1842 707 2080 743 declamationis,

1122 743 1155 771 &
1164 742 1201 772 de
1212 743 1406 772 mollitudine
1415 753 1578 784 vocis,q·.1ae
1589 750 1722 775 maxime
1734 747 1887 778 necessiiria
1897 749 1940 779 est
1957 753 2080 785 oratori,

1119 786 1267 824 quoniam
1285 794 1319 814 ea
1336 795 1455 825 quoque
1475 786 1681 816 moderatione
1692 787 2079 831 declamationis‘compaia-

1120 835 1168 855 tur
1178 846 1186 859 ,
1200 825 1363 855 dicendum
1373 827 1501 856 videtur.
1526 829 1657 857 Firmam
1670 830 1757 869 igitur
1768 831 1900 861 maxime
1910 836 2078 871 poterimus

1119 868 1151 896 in
1170 867 1300 898 dicendo
1319 878 1427 897 vocem
1446 869 1618 899 conservare
1629 889 1636 902 ‚
1663 868 1683 899 si
1695 869 1784 910 quam
1796 875 1928 903 maxime
1940 874 2034 905 sedata
2044 876 2079 905 &-

1120 908 1250 948 deprefi'a
1258 919 1332 939 voce
1342 911 1488 949 principia
1497 910 1644 940 dicemus.
1666 921 1737 941 nam
1750 912 1896 943 laeduntur
1905 918 2014 945 arteriae
2025 937 2033 950 ,
2056 915 2077 946 fi

1118 950 1276 991 antequam
1288 951 1349 981 leni
1359 961 1434 981 voce
1443 952 1599 991 permulsae
1610 953 1687 986 sunt,
1699 956 1756 983 acri
1767 955 1896 984 clamore
1906 958 2078 996 complean-

1119 1001 1174 1022 tur.
1206 994 1678 1034 Etiamintervallislongioribus
1690 997 1733 1024 uti
1743 998 1914 1026 conveniet.
1935 1008 2079 1029 recreatur

1118 1036 1202 1064 enim
1212 1044 1274 1064 vox
1283 1035 1397 1074 spiritu,
1411 1036 1443 1065 δε
1454 1037 1566 1065 arteriae
1575 1036 1727 1066 reticendo
1736 1038 1937 1078 acquiescunt.
1958 1042 1995 1069 Et
2004 1050 2077 1070 con-

1118 1078 1239 1106 tinuum
1251 1076 1415 1107 clamorem
1426 1077 1623 1111 remitte-rm&
1632 1078 1667 1107 ad
1678 1079 1849 1109 sermonem
1860 1079 1975 1110 transire
1988 1091 2077 1121 opor-

1119 1127 1168 1148 tet:
1183 1120 1424 1156 (commutationes
1434 1121 1519 1149 enim
1531 1118 1689 1153 faciunt,ut
1700 1124 1712 1147 5
1722 1121 1809 1151 nullo
1817 1131 1925 1161 genere
1936 1125 2017 1152 vocis
2029 1123 2073 1152 ef-

1118 1159 1184 1190 fuso
1195 1162 1226 1190 in
1237 1162 1325 1189 omni
1335 1171 1408 1191 voce
1420 1163 1527 1202 integri
1536 1160 1625 1191 simus
1638 1182 1645 1195 ,
1658 1163 1667 1201 )
1689 1162 1721 1191 &
1741 1171 1836 1193 acutas
1856 1166 1938 1193 vocis
1951 1162 1967 1183 ⁶
1978 1165 2077 1195 excla-

1118 1203 1267 1232 mationes
1278 1204 1380 1232 vitare.
1404 1202 1482 1232 initus
1492 1205 1576 1232 enim
1591 1202 1632 1237 tit,
1645 1203 1676 1233 δέ
1686 1205 1878 1234 vulnerantur
1887 1207 1997 1235 arteriae
2007 1217 2075 1236 acu-

1119 1253 1145 1274 ta
1156 1264 1164 1277 ,
1185 1253 1271 1284 :itque
1280 1252 1425 1275 attenuata
1436 1246 1529 1274 nimis
1538 1246 1748 1287 acclamatione
1760 1267 1768 1279 ,
1793 1246 1824 1275 &
1835 1245 1922 1287 siquis
1934 1248 2075 1286 splendor

1118 1285 1159 1316 est
1168 1288 1262 1319 vocis,
1274 1287 1460 1316 consumitur
1469 1297 1531 1316 uno
1540 1287 1669 1317 clamore
1681 1288 1845 1318 universus.
1870 1291 1908 1318 Et
1917 1300 1978 1319 uno
1988 1290 2074 1329 spiri-

1117 1336 1149 1358 tu
1168 1330 1359 1357 continenter
1376 1329 1471 1359 multa.
1480 1328 1576 1358 dicere
1588 1330 1620 1358 in
1631 1339 1764 1359 exrrema
1773 1332 1917 1360 convenit
1926 1334 2072 1361 oratione.

1117 1369 1215 1400 fauces
1224 1372 1308 1399 enirn
1319 1369 1479 1403 calefiunt,
1493 1370 1524 1400 &
1535 1373 1645 1400 arteria:
1654 1372 1842 1411 complentur
1852 1391 1861 1404 ,
1874 1372 1905 1401 &
1916 1383 1976 1402 vox
1987 1394 1996 1407 ,
2008 1384 2074 1415 quae

1117 1412 1196 1442 varie
1207 1411 1323 1442 trao'tata
1332 1412 1374 1442 est
1384 1432 1392 1446 ‚
1416 1412 1566 1442 reducitur
1575 1415 1606 1442 in
1616 1413 1768 1453 quendam
1779 1413 1886 1444 sonum
1897 1415 2074 1455 aequabilem

1115 1463 1201 1495 :itque
1211 1453 1395 1484 constantem
1403 1477 1409 1482 .
1432 1457 1512 1494 Saepe
1522 1465 1612 1483 rerum
1625 1465 1734 1485 natura:
1744 1475 1753 1489 ‚
1764 1458 1854 1496 gratia
1862 1456 1997 1496 quaedam
2006 1457 2071 1496 jure

1117 1496 1338 1529 debetur-,velut
1346 1496 1451 1526 accidit
1461 1498 1492 1525 in
1504 1498 1558 1526 hac
1567 1507 1606 1526 re.
1619 1507 1688 1526 nam
1699 1508 1764 1538 qua:
1773 1497 1909 1527 diximus
1917 1498 1952 1528 ad
1962 1509 2069 1528 vocem

1116 1537 1287 1567 servandam
1297 1536 1432 1577 prodesse
1443 1558 1452 1571 ,
1474 1543 1487 1566 7
1498 1538 1601 1568 eadem
1612 1540 1738 1568 attinent
1756 1539 1791 1569 ad
1811 1540 1982 1570 suavitatem
2002 1551 2073 1579 pro·

1116 1581 1318 1610 nunciationis
1330 1590 1335 1608 :
1356 1589 1388 1609 ut
1399 1600 1406 1614 ,
1426 1579 1506 1619 quod
1520 1579 1624 1610 nostrii:
1634 1591 1702 1610 voci
1711 1579 1817 1620 prosit,
1829 1581 1910 1611 idem
1921 1583 2073 1622 voluptate

1116 1621 1258 1651 auditoris
1267 1621 1414 1660 probetur.
1439 1622 1521 1651 Utile
1532 1621 1574 1651 est
1582 1622 1615 1651 ad
1627 1621 1849 1652 firmitudinem
1860 1625 1943 1653 vocis
1954 1644 1962 1657 ‚
1976 1623 2072 1655 sedata·

1117 1673 1178 1692 vox
1187 1665 1219 1692 in
1229 1665 1391 1702 principio.
1410 1663 1482 1704 quid
1492 1664 1644 1693 insuavius
1654 1684 1662 1697 ,
1675 1663 1767 1705 quam
1778 1665 1892 1694 clamor
1900 1667 1933 1694 in
1943 1665 2071 1695 exordio

1116 1705 1206 1735 causae
1226 1707 1237 1733 Ρ
1262 1705 1421 1735 Intervalla
1438 1715 1544 1735 vocem
1563 1704 1760 1736 confirmant:
1786 1706 1889 1737 eadem
1909 1707 2067 1737 sententias

1116 1747 1328 1777 concinniores
1346 1745 1492 1777 divisione
1502 1746 1631 1776 reddunt
1640 1768 1648 1780 ‚
1671 1748 1703 1777 δε
1712 1747 1840 1778 auditori
1852 1749 1977 1789 spatium
1987 1750 2070 1790 cogi-

1116 1788 1197 1819 tandi
1215 1789 1397 1829 relinquunt.
1429 1789 1590 1820 Conservat
1607 1799 1714 1819 vocem
1725 1791 1863 1820 continui
1873 1790 2011 1821 clamoris
2022 1801 2069 1820 re—

1116 1829 1227 1860 miffio.
1261 1833 1298 1860 Et
1315 1830 1481 1860 auditorem
1500 1830 1625 1871 quidem
1643 1832 1769 1860 varii-mr
1778 1831 1912 1862 maxime
1923 1831 2049 1862 deleifitat
2058 1843 2069 1866 ;

1116 1872 1187 1903 cum
1198 1873 1335 1902 sermone
1345 1874 1482 1902 animum
1495 1883 1557 1912 ejus
1567 1875 1674 1903 retinet
1683 1893 1691 1906 ,
1703 1882 1751 1903 aut
1759 1874 1916 1903 exsuscitat
1924 1874 2067 1904 clamore.

1117 1918 1209 1944 Acuta
1217 1914 1393 1944 exclamatio
1403 1924 1521 1947 vocem,
1534 1914 1566 1944 ὃ(
1577 1913 1686 1944 fauceis
1695 1915 1831 1944 vulnerat
1841 1926 1847 1944 z
1871 1915 1974 1945 eadem
1986 1915 2068 1953 laedit

1115 1955 1279 1986 auditorem
1287 1977 1293 1984 .
1316 1955 1405 1986 habet
1412 1958 1495 1985 enim
1504 1955 1647 1996 quiddam
1666 1956 1828 1991 illiberale)
1851 1956 1883 1986 δε
1901 1957 1936 1987 ad
1957 1958 2067 1986 mulie-

1115 1998 1199 2026 brem
1209 1995 1310 2036 potius
1319 1996 1565 2026 vociferationem
1575 2017 1583 2030 ‚
1605 1996 1696 2037 quarn
1706 1997 1740 2027 ad
1750 1998 1870 2027 virilem
1889 1998 2066 2039 dignitatem

1116 2040 1149 2067 in
1166 2037 1296 2067 dicendo
1313 2038 1586 2067 accommodatum.
1610 2041 1646 2067 In
1665 2047 1797 2068 extrema
1815 2040 1947 2068 oratione
1965 2041 2066 2069 conti-

1114 2089 1189 2109 nens
1198 2089 1260 2108 vox
1270 2078 1405 2108 remedio
1414 2078 1456 2108 est
1465 2081 1544 2109 voci.
1573 2079 1645 2120 quid
1656 2082 1666 2108 ?
1687 2080 1749 2109 haec
1766 2079 1869 2110 eadem
1890 2090 1992 2110 nonne
2001 2083 2068 2110 ani—

1115 2131 1202 2150 mum
1210 2119 1469 2150 vehementissime
1480 2120 1612 2151 calefacit
1619 2121 1761 2151 auditoris
1773 2142 1781 2155 ‚
1801 2123 1834 2151 in
1843 2124 1933 2151 totius
1942 2123 2067 2152 conclu-

1114 2161 1195 2191 sione
1205 2162 1296 2192 causae
1308 2164 1318 2189 ἓ
1336 2164 1489 2204 Qoniam
1500 2164 1589 2201 igitur
1597 2172 1642 2191 res
1652 2162 1765 2193 eaedem
1776 2165 1861 2192 vocis
1872 2162 2064 2197 firmitudini,

1115 2204 1147 2233 δε
1156 2205 1410 2243 pronuntiationis
1421 2203 1601 2233 suavitudini
1612 2205 1745 2244 prosunt,
1759 2205 1794 2234 de
1806 2214 1926 2246 utraque
1937 2216 1966 2235 re
1977 2204 2065 2236 simul

1113 2248 1167 2275 erit
1178 2247 1210 2274 iii
1219 2245 1371 2284 praesentia
1381 2244 1509 2278 distum,
1521 2241 1535 2264 8
1548 2245 1583 2275 tle
1596 2245 1782 2276 firmitudine
1791 2257 1855 2287 quae
1867 2248 1927 2277 visa
1937 2247 2014 2280 sunt,
2028 2247 2064 2276 de

1112 2288 1250 2317 suavitate
1262 2307 1270 2320 ‚
1290 2297 1355 2327 quae
1374 2286 1535 2326 conjuncta
1550 2286 1690 2317 fuerunt:
1713 2297 1814 2318 caetera
1825 2289 1876 2318 suo
1888 2289 1954 2318 loco
1964 2289 2065 2328 paullo

1113 2328 1178 2368 post
1188 2328 1336 2358 dicemus.
1384 2329 1550 2358 Mollitudo
1561 2332 1651 2370 igitur
1660 2331 1752 2362 vocis,
1764 2332 1906 2370 quoniam
1918 2332 2018 2359 omnis
2029 2329 2062 2360 ad
2087 2341 2095 2364 x
2110 2341 2125 2380 Ξ

1112 2372 1237 2400 rhetoris
1248 2372 1478 2409 praeceptionem
1489 2373 1635 2410 pertinet,
1648 2371 1821 2411 diligentius
1834 2372 1920 2401 nobis
1931 2371 2065 2401 conside-

1111 2411 1200 2442 randa
1217 2411 1270 2441 est.
1302 2415 1376 2442 Eam
1387 2411 1554 2442 dividimus
1565 2414 1597 2442 in
1608 2413 1778 2442 sermonem
1792 2433 1799 2446 ‚
1823 2415 2065 2447 contentionem,

1111 2452 1386 2493 amplificationem.
1407 2456 1512 2483 Sermo
1522 2453 1564 2483 est
1575 2455 1666 2484 oratio
1677 2453 1841 2487 remissa&
1852 2453 1981 2485 finitima
1989 2464 2065 2495 quo-

1112 2495 1229 2525 tidianae
1240 2495 1397 2525 locutioni.
1418 2498 1580 2525 Contentio
1590 2495 1631 2525 est
1642 2497 1735 2525 oratio
1754 2497 1825 2525 acris
1837 2516 1845 2529 ‚
1869 2496 1900 2525 &
1910 2495 1944 2525 ad
1955 2494 2066 2525 confir-

1112 2536 1258 2567 mandum
1269 2557 1276 2570 ‚
1290 2537 1322 2568 δε
1333 2536 1550 2566 confutandum
1561 2536 1760 2566 accomodata.
1789 2535 1993 2576 Amplificatio
2002 2558 2011 2572 ,
2023 2537 2068 2568 cst

1112 2581 1207 2610 oratio
1218 2599 1226 2612 ‚
1247 2589 1311 2619 quae
1332 2578 1431 2608 aut-ud
1445 2578 1625 2608 iracundiam
1636 2578 1752 2608 inducit
1762 2598 1769 2611 ,
1792 2588 1842 2608 aut
1851 2578 1884 2608 ad
1896 2579 2065 2609 misericor—

1112 2620 1192 2650 diam
1212 2621 1302 2649 rraln'r
1319 2620 1462 2650 auditoris
1480 2622 1629 2649 animum.
1653 2623 1756 2650 Sermo
1766 2619 1910 2650 dividitur
1919 2622 1951 2650 in
1960 2623 2066 2661 parteis

1108 2716 1255 2738 ,imitativum
1275 2713 1345 2748 quod
1358 2716 1413 2738 rere
1426 2712 1514 2737 iii-llim
1528 2721 1535 2737 z
1557 2712 1610 2736 inio
1622 2713 1741 2737 omnino.
1763 2721 1821 2739 nain
1841 2716 1977 2738 exercitatio
1985 2707 2066 2737 Ᾰὲῖίῇἶ

1109 2749 1226 2778 matianis,
1238 2748 1316 2774 feriit
1329 2748 1410 2783 inagis
1421 2748 1558 2772 mollitudini
1566 2748 1639 2778 >im-ir,
1649 2757 1706 2782 qua:
1718 2757 1779 2773 mox
1792 2748 1918 2783 sequitur.

1146 2791 1172 2816 5.
1192 2786 1343 2817 Nutibgaemr:
1352 2785 1413 2809 <vocis
1423 2783 1514 2816 ‘'ffiffl]
1536 2783 1596 2808 Hoc
1605 2783 1643 2808 ait
1655 2802 1663 2814 ‚
1682 2784 1700 2808 fi
1712 2793 1794 2819 neque
1806 2784 1975 2810 contentione
1988 2803 1996 2815 ,
2016 2793 2064 2810 nc-

1108 2829 1159 2855 qiie
1178 2819 1295 2846 sermone
1314 2819 1504 2845 exlmnriintur
1526 2818 1592 2844 iires
1607 2838 1614 2848 ‚
1633 2819 1659 2844 in
1670 2820 1742 2844 ouini
1756 2820 1824 2845 vocis
1835 2829 1931 2855 genere
1943 2820 2064 2854 integros

1088 2847 1091 2865 Ι
1109 2866 1154 2882 iios
1168 2855 1236 2886 fore,
1247 2857 1273 2881 ἃ
1286 2855 1317 2881 ab
1328 2865 1378 2881 uno
1388 2854 1419 2880 ad
1431 2854 1543 2880 alterum
1556 2853 1624 2890 poill-
1635 2855 1743 2880 traniivi:
1755 2866 1760 2882 :
1783 2856 1835 2881 haec
1845 2855 2016 2881 Gulielmius.

1145 2893 1172 2917 6.
1192 2894 1381 2917 E.x·cliim«rti051cs
1400 2890 1507 2923 viram]
1523 2891 1582 2916 Hoc
1592 2889 1670 2915 modo
1682 2898 1739 2918 erait
1749 2891 1774 2916 in
1786 2891 1843 2917 Pal.
1856 2899 1961 2926 quarto,
1972 2891 2060 2922 lexto‚

1108 2928 1192 2953 lsi-nil.
1204 2926 1387 2961 nonnullisque
1400 2925 1520 2951 [mi-ibini
1534 2945 1541 2955 ,
1561 2925 1820 2962 {iibintelligitiirque
1839 2927 1954 2963 superius
1966 2934 2060 2960 oportet.

1144 3008 1171 3033 7,
1190 3000 1279 3024 Eadem
1297 2999 1400 3023 ιιτπίκπῖ
1417 2998 1450 3021 ad
1464 2998 1606 3027 firmitatem
1621 2999 1845 3032 pronuntiationi>-.]
1867 2999 1952 3025 Bruil.
1963 2999 1989 3024 Sc
2002 2998 2059 3026 Pal,

1108 3042 1196 3071 quart.
1207 3035 1364 3059 radcmoeiafa
1373 3034 1553 3067 usr‘cmatiunefit
1565 3053 1572 3065 ,
1584 3044 1668 3070 neque
1680 3034 1757 3060 aliter
1768 3034 1855 3061 sextus
1868 3054 1875 3066 ,
1888 3035 1934 3061 nisi
1945 3033 2015 3070 quod
2027 3035 2060 3065 is,

1105 3073 1160 3097 item
1170 3073 1282 3095 attinent.

1144 3106 1170 3131 3,
1190 3104 1374 3138 Defirmi'sudine
1389 3113 1437 3137 que
1453 3105 1597 3138 v.3'fi7fiirit.]
1620 3105 1763 3131 Lambinus
1773 3105 1845 3131 ‹lelct
1855 3112 1908 3132 tres
1919 3106 2060 3141 postremas

1603 3178 1626 3204 L

1645 3200 1677 3216 “⁶
1980 3177 2066 3209 rei-<e
