2297 3389
406 135 664 182 oni-rio
698 139 817 177 PRO
854 127 1037 179 Domo
1073 126 1222 186 Sui,
1261 148 1337 180 An
1375 133 1787 183 Pomm-102³.

122 216 220 261 >{tretia
227 216 370 251 damnati.
395 220 507 249 Utrum
524 217 616 257 igitur
627 221 747 254 peccato
761 222 831 243 meo
843 213 956 244 exsulis
969 223 1086 244 nomen

124 262 239 296 subeo,
259 272 296 292 an
315 272 346 292 re
363 261 513 301 judicata?
535 256 681 288 Peccato?
701 257 771 297 Jam
785 265 883 296 neque
897 264 929 285 tu
942 255 973 285 id
986 255 1085 285 dicere

126 304 219 334 audes
228 324 238 338 ‚
257 313 349 344 quem
361 301 408 332 isti
418 300 557 331 satellites
568 300 610 329 tui
613 298 728 337 felicem
740 297 896 326 Catilinam
905 298 1081 330 nominant,

120 347 140 365 ‘¹
151 355 248 387 neque
267 344 423 386 quisquam
442 351 568 374 eorum,
588 343 640 381 qui
654 339 799 370 solebant.
823 349 889 369 non
906 337 1001 368 modo
1016 338 1079 376 jam

126 396 222 417 nemo
238 387 281 417 est
297 394 358 415 tam
377 386 536 424 imperitus
548 402 557 416 ,
575 383 628 423 qui
644 392 676 412 ea
686 401 695 414 ‚
716 391 781 422 quae
792 379 861 421 geffi
872 382 904 410 in
913 379 1078 427 consulatu3

125 437 244 469 peccata
261 425 318 457 esse
331 426 424 456 dicat:
445 425 493 456 sed
504 434 598 454 nemo
607 423 650 454 est
659 432 720 453 tam
732 424 875 453 inimicus
884 423 986 462 patriae
998 441 1007 454 ‚
1024 431 1078 461 qui

56 471 108 508 ⁴28
126 479 192 501 non
201 470 277 499 meis
285 466 417 498 consiliis
423 469 548 507 patriam
559 466 764 496 conservatam
775 463 833 494 else
842 463 974 494 fateatur.
985 462 1076 504 Qod

123 513 209 542 enim
228 509 270 540 est
286 511 319 539 in
337 511 422 540 terris
440 518 607 539 commune
626 516 763 540 tantum,
782 506 969 537 tantulumve
979 503 1076 550 consi-

122 553 218 585 lium,
233 551 314 592 quod
328 561 393 581 non
404 551 442 581 de
455 552 532 581 meis
546 550 632 580 rebus
645 548 734 590 gestis
748 558 793 581 ea,
817 558 882 589 quae
894 548 971 576 mihi
983 545 1075 576 eflent

118 592 298 633 optatiffima
308 613 317 627 ,
330 593 362 623 &
370 593 571 633 pulcherrima
580 612 588 625 ‚
597 592 756 631 judicarit?
773 593 786 609 2
796 593 959 635 Summum
970 587 1012 618 est
1019 597 1074 628 po—

118 635 348 676 puliRomani‚
369 635 629 675 populorumque,
654 633 687 663 ὃς
703 633 842 673 gentium
857 639 999 676 omnium
1011 649 1019 663 ‚
1041 640 1074 659 ac

119 686 226 718 regum
236 675 396 706 consilium
408 697 417 710 ,
432 677 557 707 senatus.
582 676 731 707 decrevit,
746 682 778 703 ut
789 681 897 702 omnes
907 690 916 704 ‚
932 680 983 711 qui
994 680 1074 700 rem-

117 718 272 759 publicam
283 718 392 749 salvam
403 717 461 748 effe
477 719 592 749 vellent
602 737 610 751 ‚
633 716 668 746 ad
678 725 727 745 me
738 723 834 744 unum
844 711 1072 759 defendendum

116 761 260 790 venirent
276 770 281 789 :
301 759 512 801 ostenditque,
533 769 588 790 nec
606 757 678 788 stare
696 753 822 800 potuifle
840 752 1072 793 rempublicam,

119 804 135 829 ³
145 799 165 830 fi
183 811 238 842 ego
257 812 321 832 non
337 800 457 832 fuiss'em
469 822 478 836 ‚
497 811 555 831 -nec
563 800 696 830 futuram
706 795 764 826 esse
776 796 868 825 ullam
880 815 889 829 ‚
910 793 930 824 fi
949 804 1012 825 non
1027 805 1075 825 re-

115 842 414 874 diissem-Proximus
424 843 466 873 est
475 845 544 872 huic
552 841 690 881 dignitati
699 837 775 868 ordo
784 836 927 878 equester.
937 841 956 864 4
965 846 1073 866 omnes

115 885 464 926 omniumpublicorum
482 884 635 913 societates
653 880 690 910 de
708 889 779 910 meo
795 879 949 909 consulatu
962 898 971 912 ‚
990 878 1071 908 aede

114 928 195 956 meis
204 927 292 956 rebus
301 926 390 968 gestis
399 923 577 966 ampliffima
584 943 595 957 ,
614 931 703 964 atque·
710 919 893 952 ornatiffima
908 920 1016 950 decreta
1027 919 1072 950 fe-

112 977 231 999 cerunt.
253 969 378 1001 Scribae,
397 969 450 1008 qui
462 966 622 997 nobiscum
633 967 666 994 in
676 963 861 997 ratim-libum
883 972 1072 993 monumen-

112 1011 209 1050 tisque
225 1009 353 1049 publicis
365 1009 515 1040 versantur
523 1028 532 1043 ,
551 1017 617 1038 non
626 1006 786 1037 obscurum
796 1004 832 1035 de
842 1006 919 1035 meis
930 1006 963 1034 in
973 1014 1068 1044 remp.

111 1049 267 1082 beneficiis
283 1051 370 1081 suum
386 1050 558 1090 judicium,
581 1049 794 1088 decretumque
813 1045 871 1076 esse
891 1046 1065 1076 voluerunt.

111 1092 245 1124 Nullum
255 1091 337 1122 estin
349 1093 400 1122 hac
412 1092 483 1123 urbe
491 1092 655 1132 collegium
667 1109 676 1123 ‚
693 1090 773 1119 nulli
782 1090 887 1129 pagani
897 1108 906 1122 ‚
917 1097 1070 1118 autmon-

111 1135 174 1165 tani
184 1133 341 1175 (quoniam
353 1134 457 1174 -plebei
475 1143 597 1174 quoque
615 1132 732 1162 urbanae
751 1129 1068 1170 majoresnostricon-

108 1175 279 1209 vensicula,
306 1176 340 1206 &
358 1175 436 1217 quafi
453 1174 575 1206 consilia
593 1173 729 1216 quaedam
748 1171 806 1203 effe
822 1173 995 1212 voluerunt)
1015 1173 1068 1213 qui

108 1226 176 1248 non
185 1215 366 1257 ampliffime
377 1228 441 1248 non
451 1216 546 1247 modo
556 1217 593 1248 de
602 1217 774 1246 salute-mea
784 1234 793 1248 ‚
814 1213 863 1244 sed
874 1216 966 1244 etiam
975 1214 1011 1243 de
1021 1215 1069 1243 di-

108 1261 221 1301 gnitate
231 1260 429 1290 decreverint.
452 1262 534 1290 Nam
547 1258 620 1300 quid
634 1267 688 1299 ego
704 1258 756 1287 illa
773 1257 892 1290 divina,
911 1257 1070 1296 atqueim-

67 1323 70 1327 -
107 1301 249 1331 mortalia
264 1303 521 1342 municipiorum,
545 1302 579 1330 δε
595 1300 784 1330 coloniarum
797 1318 806 1332 ,
828 1298 861 1328 &
877 1300 968 1328 totius
977 1298 1070 1327 ltalia
1091 1332 1095 1333 ⁷

108 1343 226 1374 decreta
236 1353 481 1373 commemorem
492 1363 502 1377 ‚
517 1342 627 1383 quibus
638 1361 646 1375 ,
662 1350 802 1381 tanquam
813 1339 952 1381 gradibus
963 1359 972 1373 ,
988 1340 1067 1369 milii

106 1385 216 1416 videor
225 1387 256 1415 in
265 1386 376 1415 caelum
387 1383 566 1415 adscendill'e
575 1404 583 1417 ‚
602 1393 667 1413 non
677 1383 777 1412 solum
788 1384 821 1411 in
830 1383 955 1421 patriam
964 1391 1065 1412 rever-

104 1425 193 1458 tiffe?
214 1426 271 1456 Ille
280 1426 352 1457 vero
363 1427 427 1457 dies
438 1429 505 1467 quis
513 1425 570 1456 fuit
582 1446 591 1458 ,
611 1423 683 1455 cum
696 1433 741 1457 te,
762 1424 929 1454 P.Lentule
940 1443 948 1456 ,
969 1424 1067 1464 legem

104 1468 144 1499 de
156 1479 205 1498 me
215 1467 361 1498 ferentem
376 1469 532 1509 fpopulus
543 1471 704 1498 Romanus
718 1466 779 1506 ipse
793 1465 871 1495 vidit
880 1485 888 1499 ,
909 1464 1068 1507 sensitque,

104 1519 235 1551 quantus
243 1529 252 1543 ,
266 1509 299 1540 &
310 1519 417 1551 quanta
428 1511 572 1551 dignitate
580 1507 653 1538 effes
666 1514 676 1539 ?
693 1507 809 1538 constat
818 1507 911 1537 nullis
921 1517 1067 1548 umquam

101 1554 239 1583 comitiis
252 1561 394 1592 campum
404 1555 549 1582 Martium
565 1560 643 1582 tanta
659 1549 830 1580 celebritate
841 1569 850 1582 .
874 1557 957 1579 tanto
967 1550 1068 1589 splen-

102 1594 177 1624 dore
187 1596 289 1624 omnis
296 1597 414 1635 generis
423 1595 588 1624 hominum
599 1613 607 1627 ,
616 1601 757 1638 aetatum,-
766 1591 910 1621 ordinum
921 1590 1064 1622 floruiffe.

102 1638 409 1670 Omittocivitatum-‚
425 1639 585 1666 nationum
597 1656 606 1669 ,
618 1644 848 1675 provinciarum
858 1653 867 1667 ‚
878 1643 1003 1674 regum,
1016 1643 1065 1664 or-

101 1677 150 1709 bis
163 1678 448 1719 deniqueterrarum
461 1678 499 1708 de
515 1680 590 1708 meis
605 1681 638 1707 in
651 1678 770 1707 omneis
782 1675 934 1706 mortaleis
945 1677 1063 1709 meritis

100 1730 192 1750 unum
197 1720 344 1760 judicium
353 1741 362 1755 ‚
375 1731 530 1762 unumque
539 1719 672 1751 consens
669 1729 720 1749 um
732 1729 738 1748 :
749 1718 893 1749 adventus
903 1728 989 1748 meus
1000 1738 1008 1753 ‚
1022 1727 1066 1749 at-

101 1772 160 1803 que
170 1764 313 1792 introitus
322 1764 356 1793 in
369 1763 473 1793 urbem
483 1765 535 1805 qui
546 1762 623 1794 fuit?
640 1761 743 1792 utrum
755 1771 805 1791 me
818 1763 908 1802 patria
924 1759 962 1791 sic
980 1771 1063 1791 acce-

100 1806 162 1844 pit,
181 1813 214 1834 ut
222 1804 322 1834 lucem
333 1824 342 1838 ,
357 1805 543 1846 salutemque
551 1804 697 1835 redditam
708 1803 762 1834 fibi
773 1824 782 1837 ‚
799 1814 831 1833 ac
840 1802 1004 1833 restitutam
1015 1813 1063 1833 ac-

99 1847 200 1885 cipere
209 1845 314 1876 debuit
322 1866 330 1879 ,
345 1856 383 1877 an
393 1857 426 1878 ut
435 1848 570 1877 crudelem
581 1855 731 1889 tyrannum
742 1849 753 1875 ?
767 1845 848 1886 quod
859 1855 914 1875 vos
925 1847 1061 1876 Catilinae

99 1888 232 1929 gregales
241 1887 276 1917 de
288 1897 339 1917 me
348 1888 446 1919 dicere
458 1890 607 1919 solebatis.
630 1891 732 1928 Itaque
742 1888 794 1917 ille
804 1897 882 1917 unus
891 1886 956 1917 dies
971 1907 980 1921 ‚
1000 1897 1062 1928 quo

100 1930 151 1959 die
163 1939 213 1959 me
223 1929 351 1969 populus
362 1932 494 1960 Roman.
506 1930 522 1960 a
530 1940 614 1970 porta
623 1932 656 1960 in
666 1930 850 1970 Capitolium
864 1949 873 1963 ,
894 1937 979 1969 atque
991 1929 1062 1960 inde

98 1971 231 2001 domum
246 1971 476 2001 suan-celebritate
484 1992 498 2004 0
517 1972 677 2014 laetitiaque
689 1973 867 2001 comitatum
878 1970 1059 2004 honestavit,

97 2020 188 2043 tantae
202 2014 284 2042 mihi
297 2013 480 2052 jucunditati
496 2012 573 2046 fuit,
594 2022 685 2043 uttua
699 2013 778 2042 mihi
798 2012 995 2042 conscelerata
1009 2013 1060 2042 illa

96 2056 146 2085 vis
156 2075 164 2088 ‚
185 2064 248 2084 non
260 2053 355 2084 mod-e>
370 2064 433 2084 non
446 2054 643 2095 propulsanda
653 2073 661 2088 ‚
683 2053 732 2084 sed
744 2054 832 2083 etiam
845 2053 956 2082 emenda
971 2052 1059 2083 fuiss‘e

95 2096 242 2126 videatur.
254 2098 351 2137 Qare
361 2096 413 2126 illa
422 2097 573 2126 calamitas
583 2095 615 2135 (fi
629 2097 670 2126 ita
683 2094 727 2125 est
740 2095 926 2135 appellanda)
935 2094 1058 2125 excuffit

95 2138 157 2168 hoc
166 2148 260 2178 genus
271 2147 371 2167 totum
382 2137 546 2172 maledieti,
559 2148 597 2168 ne
608 2138 764 2179 quisquam
775 2136 880 2167 audeat
885 2138 949 2176 jam
959 2148 1058 2177 repre—

97 2180 229 2210 hendere
238 2179 426 2210 consulatum
435 2189 540 2209 meum
553 2189 612 2213 tot,
626 2188 725 2213 tantis,
736 2188 794 2208 tam
805 2181 916 2208 ornatis
926 2179 1058 2219 judiciis,

31 2226 77 2262 29
96 2220 299 2254 testimoniis,
318 2220 544 2251 auetoritatibus
554 2221 797 2261 comprobatum.
821 2221 911 2262 Qud
925 2220 988 2251 siin
999 2220 1056 2251 isto

95 2273 150 2294 tuo
163 2262 328 2293 maledffiio
341 2262 487 2302 probrum
500 2273 566 2293 non
580 2262 676 2293 modo
688 2263 766 2292 mihi
777 2263 898 2292 nullum
910 2262 1052 2302 objezstas,

92 2305 143 2337 fed
153 2307 243 2335 etiarn
253 2304 373 2335 laudem
383 2303 511 2334 illustras
521 2314 622 2334 meam
635 2315 640 2333 2
656 2305 729 2345 quid
741 2313 768 2333 te
778 2312 827 2334 aut
837 2303 900 2334 fieri
912 2324 920 2338 ‚
935 2314 984 2334 aut
995 2303 1055 2335 fin—

90 2349 121 2388 gi
132 2347 303 2377 dementius
312 2345 434 2386 potest?
454 2356 517 2376 uno
530 2348 615 2376 enim
631 2344 794 2376 maledieto
805 2365 813 2379 ‚
837 2346 883 2374 bis
901 2346 917 2376 a
934 2356 985 2376 me
1002 2357 1053 2386 pa-

91 2390 181 2420 triam
198 2389 341 2419 servatam
360 2386 418 2417 effe
433 2388 591 2418 concedis:
610 2388 720 2421 semel,
741 2386 813 2417 curn
825 2387 856 2416 id
869 2386 948 2421 feci,
969 2388 1051 2428 quod

91 2440 200 2461 ornnes
211 2440 275 2460 non
284 2438 393 2470 negent
402 2430 621 2461 immortalitati
631 2450 640 2464 ‚
659 2428 680 2459 fi
692 2428 756 2460 fieri
767 2428 864 2469 potest
874 2449 883 2462 ,
902 2431 1050 2460 mandan-

88 2472 166 2503 dum
186 2492 196 2507 ‚
219 2481 252 2502 tu
269 2472 415 2513 supplicio
438 2472 633 2513 puniendum
660 2470 767 2513 putasti
787 2481 794 2500 ι
823 2472 934 2502 iterum
944 2491 954 2506 ,
977 2471 1049 2503 cum

122 2606 150 2624 a.
169 2601 249 2631 Neque
257 2599 379 2633 quisquam
386 2607 463 2624 eornm
471 2601 512 2633 qui
523 2597 658 2633 [σῶαι]
687 2599 715 2624 S.
725 2597 798 2625 viii.
811 2598 838 2624 &
849 2598 937 2624 noster
948 2607 1046 2632 nonus,
1070 2612 1073 2616 r

84 2636 128 2669 qm*
138 2636 158 2660 ei
168 2634 286 2667 solebant.

124 2678 153 2696 ι..
172 2673 289 2695 summum
298 2671 415 2703 et‘r'populi
423 2673 490 2697 Rom.
499 2671 566 2706 &ej
580 2670 659 2697 Haud
671 2670 749 2697 aliter
759 2680 866 2706 quoque
876 2671 903 2697 S.
914 2670 989 2698 viet.
1000 2677 1047 2698 aut

88 2705 148 2732 Pal.
159 2714 255 2736 nonus,
265 2707 411 2741 ceterique.

124 2749 137 2776 3
145 2761 151 2767 .
169 2744 195 2767 si
203 2750 237 2774 ego
245 2743 399 2776 uonfmssbm,
408 2751 460 2774 nec,
469 2743 536 2777 εἶχε]
556 2742 671 2778 Vulgata
682 2742 817 2777 interjecit
830 2762 837 2775 ‚
847 2742 941 2776 fniffem
951 2745 1046 2776 restim-
1067 2756 1068 2761 ¹

86 2782 140 2809 tau,
150 2787 201 2809 nec,
210 2777 261 2807 ὅγε.
280 2777 324 2803 sed
339 2787 368 2804 ea
378 2788 430 2804 non
445 2779 516 2805 estin
529 2779 556 2805 S.
566 2779 640 2805 Viti.
651 2786 697 2804 aut
709 2779 766 2805 Pal.
778 2788 859 2805 nono.

121 2820 150 2846 4.
169 2817 250 2840 Omnes
259 2815 663 2849 mniumpublicorumfhct‘etates]
686 2815 803 2851 Recepta
817 2815 898 2841 letstio
907 2816 1046 2846 publicano-

85 2857 160 2880 rum,
176 2848 218 2874 sed
228 2857 324 2884 praeter
344 2850 478 2877 Palatinos
496 2860 587 2877 omnes
607 2851 795 2888 exemplarque
815 2851 982 2877 §xvicim-is.
1003 2852 1046 2876 Sic
1065 2870 1066 2873 ,

83 2883 196 2911 Plautus
207 2886 372 2913 'rruculento
384 2897 390 2914 z
412 2889 611 2921 Meruitpublitos
623 2906 631 2920 ‚
641 2886 668 2913 id
678 2887 714 2914 est
725 2888 771 2923 qui
782 2887 954 2913 redemerunt
966 2896 1045 2923 opera
1065 2903 1066 2913 ι

85 2919 201 2955 publica.

126 2964 152 2989 5.
171 2959 273 2989 Pupulus·
281 2961 345 2984 Rom.
355 2958 401 2992 ipse
409 2959 474 2985 vidit
484 2960 611 2994 ‚sensitque
621 2978 629 2991 ‚
648 2960 700 2990 dre.
719 2960 800 2994 effi-L]
823 2958 936 2985 Arridet
946 2959 1043 2985 Fa'e‘rni

82 2990 238 3026 conjastura
246 2994 319 3027 ipsese
329 2995 394 3020 vidit
405 2995 544 3029 ‚senfirquc,
554 2996 604 3026 &a
615 2996 676 3029 effer.
697 2995 788 3022 sedita
798 2995 865 3021 nulli
877 2994 965 3032 scripti
978 3004 984 3027 3
998 2996 1043 3031 qui
1064 2991 1065 3031 i

84 3027 144 3055 fere
155 3026 333 3056 destituuntur
342 3037 469 3066 practerea
477 3031 526 3057 illo
536 3032 592 3065 Ipse,
602 3031 685 3067 praefe
691 3041 737 3058 run
743 3039 806 3067 tque
815 3032 889 3064 efftm.

122 3063 151 3088 6.
170 3065 221 3096 NJfi
230 3072 280 3088 cum
291 3072 335 3097 pro
349 3069 429 3098 populo
441 3068 544 3101 fecisti]
566 3068 592 3093 Si
604 3068 737 3103 sequimur
752 3068 849 3104 scripta
866 3067 1043 3103 exemplaria,
1063 3089 1065 3095 .

85 3097 205 3124 tollenda
215 3097 368 3134 syllabapru.
379 3101 406 3128 in
418 3102 492 3128 nullo
511 3103 581 3129 cuim
593 3104 745 3130 nostrorum
771 3104 873 3130 visitur.
894 3105 923 3130 ln
934 3111 1043 3130 antece-

82 3133 158 3160 denti
176 3134 300 3170 proxime
310 3136 428 3174 quaedam
438 3137 528 3166 addidi
541 3158 550 3172 ‚
572 3139 690 3175 quaedam
700 3140 788 3169 delevi
799 3149 808 3173 5
825 3139 870 3168 sed
881 3140 1042 3168 membranis

78 3169 177 3198 ,hidem
187 3168 350 3198 auctoribus.

1119 220 1121 223 '
1135 223 1222 247 tuum
1233 235 1241 250 2
1262 217 1492 260 multorumque
1505 227 1626 259 propter
1639 227 1666 249 te
1676 238 1686 252 ‚
1704 217 1931 250 inflammatum
1946 218 1981 249 in
1996 217 2100 250 bonos

1135 260 1257 288 omneis
1266 260 1307 288 im
1312 268 1416 299 petum
1426 280 1436 294 ‚
1451 270 1524 290 meo
1535 271 1658 301 corpore
1667 264 1790 301 excepi,
1803 271 1841 292 ne
1851 271 1919 291 eam
1929 263 2095 295 civitatem,

1133 308 1222 338 quam
1241 300 1398 331 servass'em
1420 304 1547 332 inermis
1556 321 1565 336 ‚
1587 312 1715 334 armatus
1734 305 1767 333 in
1785 303 1948 334 discrimen
1967 303 2096 333 adduce-

1132 350 1207 370 rem.
1230 341 1313 376 Esto,
1326 353 1390 373 non
1402 342 1501 374 fuitin
1512 354 1562 374 me
1570 354 1659 384 poena
1671 345 1731 375 ulla
1739 347 1860 385 peccati3
1873 354 1901 375 at
1909 343 2092 384 fuitjudiciit

1131 382 1246 420 Cujus?
1260 385 1327 424 quis
1341 395 1391 415 rne
1408 395 1555 426 umquam
1573 387 1634 417 ulla
1649 387 1713 427 lege
1726 389 1938 429 interrogavit?
1957 388 2024 428 quis
2035 396 2090 426 po-

1130 421 1271 453 stulavit?
1290 427 1358 464 quis
1376 426 1458 456 diem
1477 427 1576 457 dixit?
1594 428 1690 467 potest
1709 430 1798 470 igitur
1815 430 1946 459 damnati
1964 438 2089 468 poenam

1129 463 1272 494 sustinere
1281 466 1474 497 indemnatus
1487 471 1497 497 ?
1510 470 1568 498 hoc
1578 469 1773 500 tribunitium
1783 470 1846 501 est?
1861 472 1918 501 hoc
1930 471 2088 511 populare?

1126 515 1309 546 quamquam
1322 508 1374 536 ubi
1386 517 1416 537 tu
1428 517 1455 538 te
1465 511 1638 549 popularem
1651 531 1659 544 .
1682 509 1697 531 ⁶
1705 511 1761 541 nisi
1770 523 1841 542 cum
1853 523 1906 553 pro
1916 514 2031 552 populo
2042 511 2089 542 fe-

1126 546 1212 580 cisti,
1223 556 1308 587 potes
1318 548 1415 578 dicere
1427 553 1437 578 ?
1454 553 1572 580 Scilicet
1581 551 1652 581 cum
1662 553 1803 593 hocjuris
1814 555 1829 584 a
1839 555 2004 592 majoribus
2015 564 2085 594 pro-

1126 588 1225 619 ditum
1242 587 1276 619 sit
1286 609 1294 622 ‚
1314 598 1347 620 ut
1357 599 1451 620 nemo
1461 594 1536 620 civis
1546 594 1704 624 Romanus
1714 605 1763 625 aut
1773 592 1939 626 libertatem
1950 616 1959 630 ,
1983 605 2032 627 aut
2042 598 2086 626 ci-

1124 632 1249 660 vitatem
1258 630 1345 670 poffit
1353 634 1489 661 amittere
1501 652 1509 665 ‚
1530 632 1586 662 nisi
1597 635 1656 673 ipse
1667 636 1770 666 autitcr
1778 636 1874 667 satiens
1885 637 1938 668 sit?
1960 638 2042 679 quod
2053 646 2087 668 tu.

1122 671 1315 712 ipsepotuisti
1325 675 1358 703 in
1371 682 1419 703 tua
1431 674 1515 704 causa
1530 673 1649 704 discere.
1672 678 1761 708 credo
1776 681 1859 709 enim
1872 699 1880 712 ,
1900 689 2082 720 quamquam

1123 714 1156 743 in
1173 714 1224 744 illa
1241 714 1404 754 adoptione
1420 715 1556 756 legitime
1571 715 1686 746 faenum
1702 718 1743 748 est
1754 721 1830 749 nihil
1843 742 1850 753 ,
1871 731 1973 751 tamen
1984 731 2011 752 te
2022 719 2082 751 ess'e

1120 756 1336 797 interrogatum
1347 776 1355 791 ,
1374 766 1428 787 AU
1439 767 1457 786 c
1468 767 1487 786 τ
1496 767 1515 787 o
1524 767 1545 787 R
1555 767 1577 786 N
1587 767 1606 787 ε
1625 767 1644 787 n
1653 769 1665 788 5
1676 768 1688 788 s
1698 769 1716 788 E
1726 771 1738 789 s
1750 781 1758 793 ,
1773 764 1847 791 utin
1859 771 1885 792 te
1901 764 2082 803 P.Fontejus

1120 798 1188 827 vitae
1199 817 1208 830 ,
1227 798 1369 839 necisque
1377 797 1555 838 potestatem
1568 799 1705 834 haberet,
1726 804 1801 831 utin
1812 802 1884 833 filio.
1908 807 2036 846 Qaero,
2057 803 2079 835 fi

1120 848 1171 869 aut
1182 838 1332 881 negasses,
1351 849 1401 870 aut
1413 839 1566 875 tacuisses,
1587 839 1607 870 fi
1628 850 1728 872 tamen
1746 843 1775 872 id
1789 853 1864 874 xxx.
1878 855 1967 876 curia:
1982 845 2080 886 juffif-

1118 880 1183 911 sent
1193 901 1201 914 ,
1214 891 1289 911 uum
1301 880 1454 922 idjufl'um
1466 881 1642 913 effeti-atum
1655 885 1753 914 ?certe
1765 894 1838 914 nori.
1857 887 1929 926 quid
1941 890 1980 918 ita
1990 891 2000 916 ?
2010 890 2079 928 quia

1114 923 1164 962 jus
1181 922 1196 953 a
1209 924 1377 963 majoribus
1389 923 1499 954 nostris
1509 945 1517 958 ,
1537 926 1666 965 quinon
1676 924 1746 956 66ὶέ
1758 946 1766 959 ,
1787 926 1968 958 &fallaciter
1977 939 2077 969 popu-

1116 964 1191 994 lares
1200 985 1208 998 ,
1227 965 1275 995 sed
1284 966 1356 996 vere
1368 986 1376 1000 ‚
1399 966 1433 996 δε
1443 966 1588 1006 sapienter
1595 965 1719 998 fuerunt
1729 989 1738 1001 ‚
1753 970 1794 998 ita
1803 978 2009 1008 comparatum
2020 971 2073 1004 est.

1117 1014 1151 1036 ut
1159 1008 1238 1037 civis
1250 1009 1409 1038 Romanus
1419 1008 1588 1038 libertatem
1598 1019 1692 1039 nemo
1703 1008 1793 1049 possit
1809 1011 1838 1039 in
1844 1012 1922 1039 vitm
1931 1015 2075 1042 amitteret

1113 1050 1290 1090 Qinetiam
1302 1070 1311 1082 ,
1330 1048 1350 1078 fi
1361 1049 1527 1080 decemviri
1537 1051 1753 1082 sacramentum
1764 1055 1798 1082 in
1812 1053 1979 1083 libertatem
1991 1055 2075 1094 inju-

1115 1089 1402 1130 stumjudicass’ent„
1425 1100 1526 1122 tamen
1538 1112 1546 1125 ,
1565 1093 1813 1135 quotiescumque
1829 1095 1921 1125 vellet
1936 1097 2002 1135 quis
2013 1115 2022 1129 ‚
2043 1097 2076 1125 in

1113 1132 1173 1162 hoc
1189 1137 1204 1161 7
1213 1142 1323 1174 genere
1341 1133 1407 1164 solo
1424 1143 1489 1163 rem
1506 1133 1669 1174 judicatam
1689 1134 1796 1166 referre
1808 1134 1890 1176 poss‘e
1902 1138 2075 1168 voluerunt.

1113 1175 1275 1205 Civitatem
1295 1185 1368 1206 vero
1387 1185 1482 1206 nemo
1501 1185 1649 1217 umquam
1669 1177 1734 1206 ullo
1750 1176 1945 1218 populijuffu
1956 1181 2076 1210 amittet

1113 1217 1238 1247 invitus.
1262 1219 1323 1256 Qi
1343 1218 1424 1248 cives
1434 1219 1569 1248 Romani
1586 1220 1619 1248 in
1628 1219 1763 1249 colonias
1774 1222 1893 1250 Latinas
1904 1219 2073 1260 proficisce-
2095 1228 2138 1262 30¹

1113 1257 1240 1292 bantur,
1260 1257 1326 1289 fieri
1339 1269 1405 1289 non
1421 1268 1558 1300 poterant
1568 1261 1668 1291 Latini
1681 1281 1689 1294 ,
1709 1264 1836 1301 quinon
1847 1262 2075 1294 erantaustores

1110 1299 1182 1330 faeti
1200 1320 1209 1334 ‚
1237 1310 1414 1342 nomenque
1436 1301 1587 1332 dederant.
1611 1304 1663 1343 qui
1681 1312 1763 1333 erant
1779 1314 1877 1334 rerum
1899 1305 2074 1345 capitalium

1111 1341 1326 1376 condemnati,
1346 1353 1411 1373 non
1419 1343 1502 1383 prius
1513 1344 1588 1374 hanc
1600 1346 1754 1375 civitatem
1765 1346 1942 1376 amittebant
1952 1367 1961 1380 ,
1980 1347 2074 1388 quam

1111 1392 1193 1414 erant
1203 1386 1236 1415 in
1245 1394 1311 1415 eam
1322 1388 1451 1425 recepti,
1473 1384 1534 1426 quo
1545 1386 1680 1416 vertendi
1695 1407 1703 1420 ‚
1722 1388 1780 1418 hoc
1790 1387 1832 1418 est
1842 1408 1850 1421 ‚
1869 1390 2007 1419 mutandi
2016 1389 2074 1419 soli

1111 1426 1195 1456 causa
1207 1435 1360 1457 venerant.
1383 1427 1415 1456 id
1425 1436 1526 1458 autem
1537 1437 1568 1457 ut
1579 1426 1651 1458 esset
1663 1428 1841 1460 faciundum
1855 1450 1864 1464 ‚
1883 1439 1950 1460 non
1967 1430 2073 1460 adem—

1109 1470 1193 1498 tione
1201 1470 1349 1502 civitatis,
1370 1468 1520 1502 sedte&i‚
1541 1469 1663 1511 &aquae
1675 1491 1683 1504 ,
1706 1471 1739 1501 δε
1761 1474 1838 1512 ignis
1856 1471 2072 1503 interdi&ione

1107 1509 1266 1540 faciebant.
1290 1511 1422 1550 Populus
1434 1513 1595 1542 Romanus
1606 1532 1614 1545 ,
1636 1514 1672 1542 L.
1685 1514 1766 1543 Sulla
1784 1513 1928 1544 diffitatore
1944 1513 2071 1548 ferente,

1108 1553 1244 1582 comitiis
1261 1554 1435 1582 centuriatis
1457 1572 1466 1586 ‚
1485 1555 1660 1594 municipiis
1678 1557 1833 1585 civitatem
1851 1555 1966 1586 ademit
1987 1567 1992 1585 :
2015 1556 2071 1586 ad-

1109 1596 1185 1624 emit
1193 1594 1300 1624 iisdem
1310 1604 1405 1636 agros.
1429 1594 1465 1624 de
1474 1597 1548 1636 agris
1558 1604 1655 1625 ratum
1666 1595 1725 1626 est:
1746 1596 1816 1635 (fuit
1826 1598 1910 1627 enim
1919 1598 2072 1640 populipo-

1107 1635 1197 1676 testas)
1208 1635 1244 1666 de
1253 1638 1373 1666 civitate
1383 1656 1392 1670 ,
1414 1647 1452 1666 ne
1464 1636 1578 1667 tamdiu
1589 1637 1714 1678 quidem
1725 1639 1818 1669 valuit
1829 1659 1837 1672 ‚
1859 1640 2005 1680 quamdiu
2016 1640 2069 1672 illa

1105 1679 1219 1709 Sullani
1239 1679 1384 1718 temporis
1393 1688 1475 1709 arma
1485 1679 1649 1710 valuerunt.
1673 1683 1759 1711 Hanc
1770 1680 1842 1711 vero
1853 1682 2067 1716 Volaterranis.

1105 1719 1179 1751 cuni
1191 1722 1282 1751 etiam
1293 1729 1359 1751 tum
1370 1719 1463 1751 effent
1474 1723 1507 1751 in
1515 1723 1605 1752 armis
1615 1741 1623 1756 ‚
1643 1724 1680 1753 L.
1689 1723 1769 1754 Sulla
1780 1722 1878 1754 vidior
1888 1744 1897 1758 ,
1918 1724 2069 1765 republica

1105 1772 1272 1803 recuperata
1291 1783 1300 1797 ‚
1327 1765 1463 1794 comitiis
1481 1766 1655 1795 centuriatis
1664 1785 1673 1799 ‚
1694 1768 1850 1796 civitatem
1869 1769 1982 1807 eripere
2001 1776 2066 1797 non

1104 1808 1206 1846 potuit
1222 1817 1227 1835 :
1250 1806 1400 1848 hodieque
1410 1806 1599 1837 Volaterrani
1608 1817 1673 1838 non
1684 1806 1779 1839 modo
1789 1810 1868 1838 cives
1881 1828 1889 1842 ,
1914 1808 1963 1839 sed
1973 1810 2066 1840 etiam

1105 1849 1215 1888 optimi
1226 1850 1306 1878 cives
1317 1868 1325 1882 ‚
1346 1850 1487 1879 fruuntur
1497 1848 1656 1879 nobiscum
1667 1848 1755 1880 simul
1766 1852 1819 1880 hac
1828 1852 1957 1881 civitate.
1982 1853 2066 1882 Con-

1106 1890 1195 1920 sulari
1205 1890 1326 1920 bomini
1336 1893 1367 1921 P.
1381 1890 1524 1924 Clodius.
1539 1892 1637 1922 eversa
1646 1892 1797 1931 republica
1807 1912 1815 1925 ,
1835 1894 1991 1923 civitatem
2000 1893 2066 1924 adi-

1103 1941 1185 1961 mere
1198 1933 1315 1971 potuit⁴2
1333 1933 1468 1962 concilio
1479 1932 1622 1963 advocato
1630 1952 1642 1966 „
1663 1933 1822 1963 conductis
1832 1935 1929 1973 operis
1938 1944 2003 1966 non
2013 1935 2062 1965 sox

1103 1972 1170 2003 lum
1190 1975 1345 2014 egentium
1358 1993 1366 2007 ‚
1386 1973 1436 2004 sed
1456 1976 1546 2004 etiam
1564 1975 1738 2008 servorum,
1758 1970 1905 2005 8Sedulio
1914 1978 2060 2016 principe.

1102 2017 1154 2055 qui
1166 2015 1193 2044 se
1204 2015 1257 2045 illo
1268 2014 1316 2044 die
1325 2013 1519 2045 confirmavit
1528 2018 1638 2046 Romae
1648 2027 1711 2046 non
1720 2015 1807 2047 fuifl'e
1824 2020 1833 2046 ?
1856 2017 1948 2058 de
1962 2016 1982 2048 fi
1995 2028 2065 2049 non.

1101 2057 1160 2085 fuit
1168 2075 1176 2089 ,
1188 2055 1260 2097 quid
1273 2065 1300 2086 te
1311 2056 1452 2087 audacius
1463 2077 1471 2089 ,
1484 2060 1500 2084 9
1509 2059 1561 2098 qui
1572 2059 1605 2087 in
1614 2060 1677 2097 eJ'us
1688 2068 1804 2089 nomen
1814 2060 1974 2090 incideris?
1986 2061 2062 2101 quid

1101 2098 1279 2138 desperatius
1291 2118 1299 2132 ,
1318 2100 1371 2139 qui
1388 2109 1425 2128 ne
1446 2099 1612 2128 ementiendo
1626 2100 1750 2141 quidem
1761 2103 1894 2141 potueris
1904 2101 2061 2134 auctorem

1102 2139 1277 2170 adumbrare
1290 2141 1473 2171 meliorem?
1495 2139 1538 2171 sin
1559 2150 1658 2171 autem
1678 2144 1702 2172 is
1719 2145 1834 2183 primus
1854 2143 1940 2173 stivit
1949 2163 1957 2177 ,
1977 2144 2061 2184 quod

1103 2180 1191 2211 facile
1211 2184 1328 2222 potuit,
1343 2191 1464 2222 propter
1478 2184 1614 2222 inopiam
1633 2183 1705 2214 tedii
1716 2204 1725 2218 ,
1743 2186 1776 2214 in
1786 2184 1857 2214 foro
1870 2185 2061 2225 pei-noetans:

1102 2233 1154 2252 cur
1164 2224 1317 2262 nonjurct
1326 2224 1354 2253 se
1366 2224 1500 2254 Gadibus
1509 2223 1597 2254 fuisse
1606 2245 1614 2258 ‚
1626 2235 1695 2256 cum
1706 2235 1738 2256 tu
1747 2235 1775 2256 te
1783 2225 1871 2256 fuiffe
1880 2229 2062 2258 Interamnae

1102 2265 1295 2305 probaveris?
1318 2267 1387 2295 Hoc
1398 2274 1428 2295 tu
1444 2267 1534 2306 igitur
1544 2267 1638 2296 homo
1648 2269 1798 2308 popularis
1808 2288 1816 2302 ‚
1833 2269 1897 2308 jure
1908 2271 2060 2301 munitam

1101 2308 1255 2337 civitatem
1266 2326 1274 2340 ‚
1295 2307 1329 2337 ὃς
1342 2307 1509 2337 libertatern
1524 2307 1657 2338 nostram
1671 2319 1753 2349 putas
1766 2309 1824 2340 effe
1838 2320 1975 2351 oportere
1987 2331 1995 2345 ,
2016 2320 2059 2346 ut,

1100 2347 1131 2382 si,
1143 2349 1264 2378 tribuno
1276 2348 1372 2389 plebis
1381 2359 1514 2390 rogante,
1530 2352 1560 2368 ¹0
1570 2353 1596 2379 V
1606 2360 1625 2379 E
1635 2361 1653 2380 L
1664 2361 1675 2380 1
1685 2362 1705 2381 τ
1717 2362 1728 2381 1
1739 2353 1820 2394 ³‚JU
1831 2363 1848 2382 n
1859 2362 1879 2381 E
1888 2361 1910 2381 A
1919 2363 1938 2381 T
1949 2363 1960 2382 1
1972 2364 1984 2382 s
1994 2363 2014 2382 N
2027 2364 2058 2389 E,

1100 2390 1214 2420 Sedulii
1222 2400 1344 2420 centum
1352 2391 1383 2430 fh
1394 2392 1458 2420 velle
1468 2412 1476 2425 ‚
1489 2391 1624 2431 &jubere
1632 2393 1766 2424 dixerint
1774 2414 1783 2427 ‚
1802 2393 1890 2434 possit
1899 2396 2059 2436 unusquis-

1100 2442 1158 2473 que
1170 2430 1309 2462 nostrum
1319 2436 1476 2463 amittere?
1500 2438 1584 2464 Tum
1594 2437 1685 2476 igitur
1695 2438 1822 2475 majores
1834 2436 1945 2469 nostri,
1962 2447 2059 2477 popu-

1101 2475 1175 2504 lares
1184 2484 1250 2505 non
1259 2473 1382 2507 fuerunt
1392 2495 1401 2509 ‚
1412 2477 1467 2516 qui
1476 2475 1513 2506 de
1522 2478 1641 2507 civitate
1651 2497 1660 2512 ,
1674 2477 1849 2508 &libertate
1858 2498 1866 2512 ,
1878 2488 1910 2507 ea
1916 2479 1926 2517 j
1931 2489 1981 2508 ura
1991 2480 2059 2510 san-

1933 2530 2056 2558 xerunt,

1125 2608 1153 2634 7.
1172 2602 1260 2625 Genere
1272 2601 1318 2634 sblo
1329 2610 1375 2625 rem
1385 2601 1523 2633 judicatam
1536 2603 1620 2633 ufir-re
1635 2602 1693 2633 pqff:
1709 2598 1861 2632 volucrunt]
1885 2599 1927 2626 Est
1939 2600 1954 2624 ii
1964 2598 2056 2632 conje-

1090 2635 1170 2662 &ura
1181 2637 1288 2668 Fa'e‘rni,
1300 2646 1376 2672 quam
1388 2635 1493 2663 admint
1508 2638 1538 2662 P.
1550 2638 1697 2662 Manutius.
1723 2646 1782 2663 nam
1794 2637 1878 2661 Rom.
1889 2635 1955 2661 liber
1967 2655 1975 2667 ,
1987 2636 2053 2662 item

1090 2673 1118 2698 S.
1130 2671 1202 2698 Vist.
1222 2674 1250 2698 ὃς
1271 2674 1328 2698 Pal.
1341 2682 1424 2699 nonus
1438 2692 1446 2705 ,
1464 2682 1548 2706 genere
1557 2673 1659 2707 sin-orem
1670 2672 1727 2705 jud.
1749 2671 1830 2707 vulgo
1844 2691 1852 2704 ,
1867 2681 1949 2705 genere
1959 2674 1988 2705 fi
2006 2680 2055 2698 rem

1083 2708 1161 2742 judic.
1175 2709 1227 2738 ὼε.
1531 2703 1542 2719 t

1127 2744 1153 2770 8.
1173 2744 1261 2769 sedulio
1277 2746 1383 2776 principe
1393 2747 1435 2778 qui
1448 2745 1519 2778 seille
1530 2745 1565 2769 die
1576 2744 1752 2778 confirmaris]
1775 2743 1883 2770 Gembl.
1895 2744 1923 2770 &
1934 2743 2051 2779 Turing-

1066 2796 1068 2798 -
1085 2780 1177 2804 Fidulio
1196 2783 1314 2812 principe,
1325 2781 1502 2813 Qaeslarisfiffu
1515 2800 1522 2811 ,
1542 2782 1612 2813 quise
1621 2790 1659 2806 ex.
1679 2790 1711 2806 ex
1724 2789 1776 2816 quo
1785 2779 1865 2820 fingit
1875 2780 2051 2812 Gulielmius,

1065 2826 1067 2847 ¹,
1088 2819 1121 2846 ‚Q
1133 2819 1161 2841 F.
1175 2815 1217 2841 scd
1238 2825 1287 2850 ego
1298 2817 1387 2852 putavi
1398 2816 1465 2841 illud
1479 2819 1530 2850 filio
1543 2835 1549 2847 ‚
1561 2823 1652 2842 natum
1663 2825 1697 2842 ex
1711 2817 1798 2849 stillo?
1816 2817 1874 2842 lanc
1887 2817 1943 2842 Pal.
1963 2826 2049 2842 nonus

1065 2851 1066 2855 ¹
1088 2860 1191 2878 tantum
1203 2852 1279 2878 habet
1290 2854 1368 2877 Fm'uli
1382 2855 1545 2885 principefl‘io
1559 2853 1594 2877 illo
1603 2853 1663 2878 ditm
1671 2855 1794 2886 confirmat
1806 2872 1813 2884 ‚
1825 2853 1851 2878 &
1863 2854 1926 2878 vero
1940 2853 2050 2878 Fidulius

1065 2882 1066 2886 Ἰ
1085 2887 1133 2913 iste
1142 2888 1230 2923 postea
1250 2896 1376 2924 recipitur
1387 2888 1417 2914 ab
1428 2897 1549 2914 omnious
1562 2887 1628 2914 l‘all.
1647 2890 1675 2914 δι’.
1686 2890 1714 2915 S.
1726 2888 1798 2915 Visst.
1818 2896 1847 2915 ut
1865 2888 2049 2916 excludendus

1064 2926 1066 2946 ἰ
1087 2924 1149 2949 hinc
1160 2935 1211 2950 non
1226 2924 1355 2950 rideatur.

1122 2969 1151 2994 9.
1171 2962 1219 2992 Qi
1227 2964 1253 2986 in
1263 2970 1291 2985 res
1302 2963 1350 2994 ejus
1361 2969 1438 2985 nomen
1447 2960 1582 2995 incideris-s]
1601 2961 1644 2987 Est
1656 2960 1742 2987 rursus
1751 2961 1768 2987 :i
1779 2960 1932 2995 conjegmra
1943 2961 1973 2987 P.
1984 2961 2047 2987 Ma-

1088 2997 1155 3021 nutui
1166 3004 1211 3022 aut
1222 2998 1325 3022 raerni.
1348 3006 1407 3022 nani
1422 2995 1486 3021 editi
1501 3015 1508 3027 ,
1527 3000 1569 3030 qui
1577 3000 1602 3022 in
1612 2999 1661 3030 ejus
1673 3007 1734 3023 nom.
1744 2998 1818 3022 incid.
1830 2997 1886 3023 Pal.
1902 3007 1986 3023 nonus
1998 2996 2044 3022 ha-

1087 3030 1140 3057 bet.
1164 3034 1215 3066 quir
1226 3036 1245 3057 ei
1255 3042 1315 3057 nom.
1326 3035 1373 3057 inc,
1388 3032 1497 3067 reliqui,
1507 3035 1549 3066 qui
1558 3034 1606 3067 q'us
1614 3042 1694 3059 nomen
1703 3034 1823 3064 incideris,
1835 3032 1905 3068 quod
1917 3033 2044 3059 ultimum

1063 3061 1065 3074 ³
1083 3068 1189 3103 placere
1200 3068 1240 3093 cui
1255 3067 1337 3102 posset
1350 3087 1357 3099 ,
1368 3076 1397 3094 ut
1408 3067 1666 3104 stibintelligeretur‚
1677 3069 1792 3095 alterum
1804 3070 1830 3095 in
1841 3079 1873 3095 aes
1886 3089 1893 3101 ,
1903 3070 1931 3096 in
1944 3068 2045 3096 tabulas

1085 3104 1183 3135 aerarii,
1197 3112 1242 3129 aut
1254 3103 1336 3129 limile
1347 3103 1422 3139 quid.

1126 3148 1168 3166 ιο.
1189 3140 1267 3165 thitis
1279 3140 1441 3176 Jubcatfivess
1453 3140 1496 3168 sic
1503 3140 1625 3177 plerique
1636 3141 1715 3169 etiam
1726 3140 1784 3170 mss'.
1795 3141 1852 3168 Pal.
1863 3139 2047 3169 Gemblaccus.

1086 3176 1115 3204 S.
1126 3175 1199 3205 Via.
1210 3185 1262 3204 non
1273 3185 1314 3202 ve.

1517 3212 1544 3241 N
1556 3222 1573 3240 ti
1583 3221 1601 3241 n
1955 3221 1981 3240 t.
1991 3215 2046 3247 me
