2316 3395
202 129 270 177 26

162 204 172 209 μ’
196 213 301 244 ritterae
313 232 320 245 ‚
332 209 561 242 autlitterarum,
575 208 708 249 syllabae,
727 214 777 237 aut
787 203 979 245 syllabarum:
1002 201 1096 233 autad
1109 212 1155 233 res

197 252 367 285 diffiiriileis
376 251 484 282 similia
493 251 583 281 verba
591 248 864 281 accommodantur.
885 249 926 276 Ea
937 245 1051 279 multis,
1063 245 1096 275 &
1106 255 1158 275 va·-

197 297 250 327 riis
260 295 425 326 rationibus
435 291 602 324 conficitur.
632 291 843 321 Attenuatione
854 307 862 322 ‚
883 287 1156 327 autcomplexione

196 338 334 374 eiusdem
345 337 447 366 litterae
458 356 466 369 ,
479 333 533 364 sic:
553 335 609 363 Hic
620 353 627 366 ,
639 332 729 374 quise
741 328 996 370 magnificejaAEtat
1005 349 1013 363 ‚
1026 337 1112 370 atque
1123 339 1158 359 0-

200 379 314 413 stentar,
325 380 420 409 veniit
430 377 445 407 a
456 386 483 406 te
494 375 666 415 anti-‚quam
677 376 811 403 Romam
823 372 918 401 venit.
934 374 980 401 Ex
989 372 1138 402 contrario
1152 381 1157 400 ς

199 422 255 451 Hic
268 442 276 454 ,
298 425 308 440 ¹
321 431 388 461 quos
407 420 548 448 homines
569 422 630 446 alea
645 416 759 447 vincit,
784 423 835 443 eos
848 412 926 443 feri-o
938 412 1037 443 statim
1047 414 1155 443 vincit.

196 461 401 494 ProduEhone
410 460 543 493 eiusdem
556 459 668 490 litterae,
682 458 739 486 hoc
751 455 846 486 modo
858 466 863 484 z
884 456 966 484 Hunc
976 455 1078 483 avium
1088 454 1158 485 dul-

197 505 274 535 cedo
286 504 368 534 ducit
378 502 412 532 ad
422 497 532 531 civium.
556 501 700 529 Brevitate
710 497 845 538 ejusdem
857 498 1033 531 litterae‚boc
1044 496 1138 526 modo
1152 507 1157 525 :

199 547 256 575 Hic
266 544 379 585 tametsi
387 543 502 573 videtur
513 539 569 572 ess'e
582 542 706 571 honoris
715 539 955 581 cupidus‚tarnen
966 549 1029 569 non
1039 547 1157 569 tantum

196 589 312 618 curiam
332 586 446 626 diligit,
467 582 615 624 quantum
632 584 763 613 Curiam.
787 580 940 611 Addendis
952 581 1056 611 litteris
1068 601 1074 614 ‚
1099 581 1158 611 hoc

196 628 283 669 paeto
297 639 301 657 :
321 624 435 667 Hicfibi
445 623 539 666 poss'et
549 634 711 665 temperare
723 645 731 657 ‚
753 622 807 653 nisi
821 624 917 653 amori
926 623 1029 653 mallet
1039 622 1158 652 obtem-

196 680 305 710 perare.
328 668 498 699 Demendis
510 668 615 697 litteris
627 687 634 700 ,
647 664 700 696 fic:
724 666 756 695 Si
767 664 868 694 lenones
881 686 888 698 ‚
902 673 1043 705 tanquam
1054 664 1157 694 leones

196 710 311 742 vitass'er
323 732 330 744 ,
342 712 410 740 vitae
421 710 449 740 se
461 706 630 739 tradidisset.
651 706 880 738 Transferendis
892 706 995 736 litteris
1006 704 1043 736 sic
1058 716 1063 735 :
1078 705 1158 734 Vide-

195 761 223 782 te
235 774 241 786 ,
261 752 377 793 judices
387 772 395 786 ,
407 750 509 782 utrum
517 751 641 781 homini
652 760 730 780 navo
740 769 749 783 ‚
769 759 807 779 an
816 758 894 779 vano
904 748 1021 778 credere
1033 748 1153 777 malitis.

196 798 285 828 Item,
299 794 371 823 Nolo
383 792 440 824 effe
451 793 594 826 laudator,
607 802 644 822 ne
654 791 754 822 videar
764 790 915 821 adulator:
925 789 1156 820 Commiitandis

194 838 253 866 hoc
265 836 376 866 modo}
400 838 581 866 DELIGERE
598 842 733 874 oportet,
754 842 844 874 quem
854 832 928 862 velis
939 832 1072 873 diligere.
1099 833 1155 861 Hae

194 879 538 909 suntannominationes
550 896 558 910 ,
578 886 643 917 quae
655 877 686 905 in
696 876 873 907 litteratura,
895 877 909 892 ²
922 873 1004 904 brevi
1014 883 1155 904 commu-

194 922 319 954 tatione,
330 929 379 949 aut
389 918 600 959 produCtione‚
614 926 662 948 aut
671 917 871 949 transsatione,
884 923 933 946 aut
943 915 1043 956 aliquo
1052 917 1092 945 hii
1093 915 1103 955 j
1108 915 1156 946 us-

195 962 281 992 modi
300 971 407 1003 genere
426 960 585 990 versantur.
629 963 704 990 Sunt
714 968 813 988 :uitem
824 958 887 987 aliae
897 968 962 998 quae
972 967 1035 987 non
1045 957 1156 987 habent

193 1012 254 1035 tam
264 1005 464 1044 propinquam
475 1004 507 1032 in
517 1001 616 1032 verbis
626 1000 857 1031 similitudinem
869 1019 877 1033 ‚
899 1001 932 1030 ὅτ,
951 1008 1051 1030 tamen
1073 997 1153 1029 diffi-

197 1046 289 1076 miles
301 1055 363 1075 non
374 1046 456 1075 sunt:
470 1044 577 1084 quibus
589 1043 626 1073 de
636 1043 793 1084 generibus
804 1051 900 1071 unum
913 1041 955 1071 est
966 1040 1151 1080 hujusmodi,

193 1088 280 1130 Qid
289 1087 413 1120 veniam,
425 1089 475 1127 qui
487 1084 551 1119 sim,
564 1095 650 1126 quare
660 1086 794 1117 veniam,
805 1093 897 1124 quem
907 1082 1091 1116 insimulem,
1105 1085 1153 1112 cui

193 1128 316 1170 prosim,
328 1139 419 1170 quem
429 1127 589 1168 postulem,
602 1127 685 1156 brevi
694 1127 889 1167 cognoscetis.
918 1128 999 1155 Nam
1011 1123 1059 1154 hic
1069 1124 1154 1154 estin
1175 1138 1176 1146 i

191 1171 370 1213 quibusdam
383 1171 479 1200 verbis
488 1169 627 1210 quaedam
636 1167 800 1198 similitudo
818 1177 882 1197 non
901 1176 960 1197 tarn
979 1165 1152 1200 affeaanda,

192 1213 283 1255 quarn
295 1213 354 1243 illae
366 1213 527 1252 superiores
542 1232 550 1245 ,
575 1210 623 1241 sed
635 1220 735 1241 tamen
745 1209 912 1240 adhibenda
922 1218 1150 1250 nonnunquam.

193 1255 332 1285 Alteium
343 1264 435 1294 genus
447 1253 621 1293 hujusmodi
635 1264 640 1282 ;
660 1255 769 1282 Demus
779 1261 899 1291 operam
912 1271 919 1283 ‚
941 1252 1074 1293 Qirites
1085 1270 1092 1283 ‚
1114 1260 1151 1280 ne

192 1299 326 1327 omnino
337 1299 430 1326 pitres
443 1296 601 1334 conscripti
612 1294 827 1333 circumscripti
837 1301 988 1332 putentur.
1018 1294 1091 1322 Haec
1101 1302 1153 1322 an-
1172 1313 1174 1336 l

191 1340 365 1368 nominatio
375 1337 488 1368 accedit
497 1340 590 1378 magis
601 1337 636 1367 ad
649 1334 987 1375 similitudinem‚qiiam
1000 1335 1132 1374 superior
1145 1344 1150 1362 :

191 1380 241 1411 sed
262 1382 364 1410 minus
375 1400 382 1413 ,
405 1380 496 1421 quam
506 1380 566 1408 illae
577 1379 738 1419 superiores
753 1388 757 1406 :
776 1385 927 1416 propterea
937 1374 1018 1417 quod
1030 1386 1094 1406 non
1105 1376 1152 1405 so-

191 1421 260 1452 lum
279 1421 385 1452 addita:
395 1442 402 1455 ,
428 1421 476 1452 sed
489 1431 550 1451 uno
561 1430 694 1460 tempore
705 1419 813 1449 demtae
824 1428 944 1459 quoque
956 1419 1060 1449 litterae
1072 1418 1149 1448 sunt.

190 1465 333 1495 Tertium
343 1473 436 1503 genus
447 1462 489 1493 est
498 1483 505 1496 ‚
533 1462 613 1504 quod
624 1462 753 1492 vei-satur
762 1463 793 1490 in
804 1461 924 1490 casuum
935 1461 1151 1490 commutatio-

190 1515 240 1539 ne,
253 1515 302 1536 aut
313 1508 401 1535 unius
412 1526 420 1539 ,
432 1514 480 1535 aut
488 1505 621 1544 plurium
632 1505 806 1534 nominum.
832 1504 931 1532 Unius
942 1503 1150 1535 nominis,hoc

188 1547 286 1578 modo
298 1558 303 1576 ;
322 1547 491 1576 ,Aser-ander
507 1546 635 1576 Macedo
655 1546 777 1576 summo
787 1544 884 1574 labore
895 1545 1034 1574 animum
1044 1543 1080 1574 ad
1090 1545 1150 1574 vii·-

189 1598 269 1620 tutes
288 1588 303 1619 a
313 1591 438 1629 pueritia
447 1588 648 1618 confirmavit.
671 1586 837 1617 Alexandri
848 1587 971 1616 virtutes
981 1595 1033 1626 per
1042 1585 1148 1615 orbem

188 1640 272 1662 terrae
283 1635 295 1658 3
307 1641 376 1661 curn
388 1630 473 1661 laude
486 1631 518 1660 δε
527 1631 622 1671 gloria
631 1630 710 1660 sunt.
743 1627 949 1658 Alexandrum
970 1637 1076 1657 omnes
1088 1647 1095 1661 ‚
1116 1636 1149 1657 ut

188 1673 327 1704 maxim-{²
338 1681 508 1703 metuerunt
519 1693 527 1706 ,
546 1674 620 1702 item
630 1670 799 1711 plurimum
811 1670 992 1700 dilexerunt.
1016 1670 1149 1699 Alexan-
1171 1687 1172 1690 =

189 1715 245 1745 dro
264 1714 285 1745 si
303 1717 363 1745 vita
382 1715 502 1755 longior
513 1714 578 1744 data
589 1713 678 1747 css'et,
697 1715 876 1742 ‹rot-eanum
889 1721 995 1742 manus
1007 1711 1150 1742 Macedo-
1171 1722 1173 1742 ε

188 1767 265 1787 num
285 1756 497 1787 transvolass‘et.
529 1756 617 1786 Varie
637 1753 687 1785 hic
705 1764 802 1785 unum
812 1763 926 1783 nomen
938 1755 971 1783 in
981 1762 1151 1783 commuta·
1171 1784 1173 1794 ‚

188 1800 275 1829 tione
283 1799 404 1829 casuum
416 1799 585 1828 volutatum
596 1796 647 1827 est.
658 1797 743 1827 Plura
752 1798 879 1826 nomina
888 1794 997 1825 casibus
1008 1805 1150 1825 commu-
1171 1798 1173 1811 ³

189 1842 276 1874 tatis,
299 1841 358 1870 hoc
378 1839 473 1870 modo
482 1839 909 1870 faciuntannominationem:
932 1839 978 1866 Ti.
991 1838 1150 1867 Gracchum
1171 1860 1172 1864 ,

189 1882 328 1922 rempub.
347 1881 606 1912 administrantem
626 1880 749 1922 indigna
759 1879 913 1920 prohibuit
923 1889 982 1909 nex
992 1879 1105 1909 diutius
1118 1881 1149 1909 in

189 1934 224 1955 ea
233 1926 429 1954 commorari.
441 1927 454 1950 5
466 1926 498 1954 C.
512 1924 647 1953 Graccho
657 1921 794 1952 similiter
803 1919 911 1952 occisio
922 1921 1019 1952 oblata
1029 1920 1149 1962 est,quae

187 1967 292 1996 virum
310 1966 423 2005 reipub.
443 1963 678 1996 amantissimum
697 1962 797 1994 subito
816 1964 853 1993 de
873 1962 937 1993 sinu
955 1965 1083 1993 civitatis
1092 1965 1151 1992 eri-
1171 1975 1173 1983 Α

187 2009 262 2048 puit.
286 2009 481 2037 Saturninum
491 2005 508 2026 ⁶
518 2006 576 2036 fide
586 2015 705 2046 caprum
716 2005 867 2035 malorum
878 2024 885 2038 ‚
905 2004 1037 2045 perfidiae
1058 2005 1151 2035 scelus

187 2051 249 2080 vita
257 2051 396 2089 privavit·
419 2051 507 2080 Tuus
517 2069 525 2082 ,
538 2047 557 2078 ὃ
567 2048 663 2078 Druse
675 2068 683 2081 ‚
696 2048 813 2088 sanguis
823 2047 1005 2077 domesticos
1015 2049 1150 2087 parietes,

188 2091 224 2121 &
243 2091 363 2120 vultum
382 2092 511 2130 parentis
529 2088 654 2130 aspersit.
686 2090 854 2128 Sulpicium
866 2109 874 2122 ‚
896 2091 944 2119 cui
962 2090 1064 2129 paullo
1083 2087 1151 2119 ante

187 2134 295 2162 omnia
313 2132 535 2164 concedebant,
555 2141 626 2161 eum
644 2130 728 2160 brevi
748 2131 841 2169 spatio
859 2140 923 2159 non
934 2129 1028 2160 modo
1040 2132 1150 2163 vivere,

187 2174 239 2205 sed
257 2175 348 2204 etiam
368 2173 485 2213 sepeliri
494 2172 722 2212 prohibuerunt.
753 2173 826 2201 Haec
837 2173 890 2201 tria
899 2181 1006 2211 genera
1014 2173 1153 2210 proxima

188 2217 435 2249 exornationum,
447 2224 578 2256 quorum
588 2224 686 2244 unum
696 2215 728 2243 in
739 2211 875 2242 similiter
884 2212 1068 2245 cadentibus,
1081 2212 1153 2243 alte-

187 2268 259 2290 mm
270 2259 302 2287 in
312 2255 656 2286 similiter-desinentibus
667 2254 764 2286 verbis
778 2274 785 2288 ,
797 2255 919 2284 tertium
930 2255 962 2283 in
972 2255 1152 2284 annomina-

189 2299 326 2330 tionibus
337 2296 465 2338 positum
478 2297 530 2332 est,
542 2296 659 2338 perraro
670 2295 816 2327 sumenda
825 2296 902 2330 sunt,
919 2294 989 2326 cum
1001 2297 1033 2325 in
1043 2297 1152 2325 verita—

189 2350 219 2371 te
229 2341 364 2371 dicemus
375 2349 543 2381 :propterea
553 2337 634 2380 quod
644 2349 709 2369 non
719 2340 781 2369 haec
789 2337 930 2367 videntur
939 2338 1059 2377 reperiri
1070 2335 1151 2377 posse

191 2381 252 2412 sine
264 2383 465 2413 elaboratione
478 2382 510 2411 ὃς
521 2382 733 2411 consumtione
743 2389 849 2419 operae.
881 2378 1040 2419 Ejusmodi
1050 2388 1149 2409 autem

190 2424 287 2455 studia
296 2424 331 2454 ad
342 2423 573 2454 delcetationem
584 2443 592 2457 ,
613 2422 703 2464 quarn
715 2422 749 2453 ad
760 2423 915 2451 veritatem
925 2421 1082 2454 videntur,
1103 2430 1151 2450 ac-

191 2465 439 2496 commodatiora.
463 2468 560 2505 Qare
571 2463 643 2494 fides
654 2483 662 2497 ‚
676 2465 708 2494 &
719 2465 841 2505 gravitas
854 2483 861 2497 ,
875 2463 907 2493 δε
914 2463 1050 2502 [ὲυενὶῑιω
1060 2470 1152 2491 orato-

188 2509 233 2537 ria
252 2509 401 2537 minuitur
419 2509 464 2536 his
485 2506 731 2536 exornationibus
742 2505 913 2546 frequenter
922 2505 1073 2534 collocatis
1088 2515 1093 2533 1
1117 2504 1149 2534 δε

188 2559 255 2579 non
265 2548 360 2579 modo
371 2547 652 2578 tolliturauc'toritas
662 2547 801 2581 dicendi,
822 2546 871 2577 secl
890 2544 1054 2576 offenditur
1072 2555 1148 2586 quo-

188 2600 247 2631 que
267 2593 299 2620 in
317 2590 466 2629 ejusmodi
486 2592 620 2620 oratione
639 2589 773 2623 audiror3
792 2597 942 2629 propterca
961 2587 1043 2628 quod
1063 2587 1105 2617 est
1116 2589 1148 2617 in

189 2632 237 2663 his
256 2632 338 2673 lepos
357 2632 390 2663 &
407 2631 548 2662 festivitas
559 2652 567 2666 ,
590 2642 655 2662 non
669 2631 795 2673 dignitas
806 2651 814 2666 ‚
834 2640 932 2671 neque
942 2629 1145 2671 pulchritudo.

582 126 664 172 An
702 125 1150 176 Humanum,
1186 121 1393 167 Linea
1427 115 1776 182 QARTus}

1205 204 1302 244 Qare
1322 206 1403 241 (ωε
1423 211 1508 233 sors-r
1527 202 1624 242 ampla
1638 201 1670 232 δε
1681 202 1821 242 pulchra,
1843 199 1895 233 diu
1906 199 2018 242 placere
2029 201 2167 244 possunt:

1206 254 1272 285 quae
1292 244 1389 284 lepida
1409 244 1442 274 &
1464 246 1614 274 concinna
1625 265 1632 278 ,
1653 249 1668 272 7
1678 242 1740 274 cito
1760 244 1887 274 satietate
1905 242 2041 275 afficiunt
2049 247 2167 276 aurium

1206 286 1324 316 sensum
1343 284 1619 316 fastidiosiffimum.
1661 288 1731 326 Qo
1742 285 1836 316 modo
1849 287 1956 327 igitur,
1976 285 2111 317 sicrebro
2120 288 2168 317 his

1204 328 1362 369 generibus
1374 338 1504 361 utemur,
1516 328 1625 368 puerili
1637 328 1811 357 videbimur
1827 328 1998 359 elocutione
2009 328 2148 360 deleEtari
2161 338 2168 358 :

1205 373 1245 400 ita
1263 369 1284 400 fi
1304 369 1368 401 raro
1388 371 1437 400 has
1458 370 1666 400 interscremus
1677 371 1888 399 exornationes
1899 389 1907 403 ,
1929 370 2004 401 &in
2015 371 2099 401 causa
2107 379 2169 401 tota

1205 411 1287 442 varie
1298 412 1512 453 dispergemus,
1526 411 1690 441 commode
1702 411 1870 441 luminibus
1880 411 2029 442 drstinffis
2041 411 2169 443 illustra-

1206 453 1308 484 bimus
1319 456 1500 484 orationem.
1523 452 1677 489 Subiectio
1688 451 1741 486 est,
1755 451 1827 483 cum
1837 455 2054 495 interrogamus
2065 454 2170 485 adver-

1206 496 1305 529 sarios,
1318 504 1367 527 aut
1376 497 1538 536 quaerimus
1551 493 1603 534 ipsi
1615 515 1622 527 ,
1635 494 1707 535 quid
1719 494 1755 524 ab
1765 495 1826 524 illis
1837 515 1846 528 ‚
1858 504 1906 525 aut
1915 495 1988 536 quid
2000 505 2102 526 contra
2112 505 2168 526 nos

1206 537 1266 567 dici
1276 536 1379 577 poffit:
1399 536 1508 567 deinde
1518 536 1695 576 subjicimus
1706 535 1736 566 id
1748 557 1756 569 ‚
1777 536 1859 577 quod
1880 536 1941 567 dici
1962 546 2080 577 oportet
2089 558 2099 571 ‚
2118 546 2169 568 aut

1205 580 1286 620 quod
1297 589 1361 609 non
1371 587 1505 618 oportet,
1526 587 1575 608 aut
1588 577 1678 608 nobis
1699 577 1876 617 adjumento
1894 577 2028 609 futurum
2049 578 2082 609 sit
2091 599 2100 613 ,
2120 588 2172 610 aut

1205 619 1373 651 offuturum
1386 621 1446 650 illis
1457 620 1473 650 ὲ
1485 621 1635 650 contrario
1646 640 1654 653 ‚
1666 621 1724 650 hoc
1736 619 1830 649 modo
1843 631 1848 649 z
1861 620 1961 660 Qaero
1974 621 2076 661 igitur,
2088 621 2169 651 unde

1206 662 1260 692 iste
1270 671 1331 693 tam
1341 662 1520 702 pecuniosus
1531 660 1564 692 sit
1573 661 1678 692 faAEtus.
1711 661 1858 702 Amplum
1870 664 2088 702 patrimonium
2100 663 2169 693 reli-

1206 704 1291 734 &um
1302 704 1344 735 est
1355 707 1365 734 ?
1383 714 1411 735 at
1420 706 1508 745 patris
1519 704 1600 734 bona
1608 705 1776 734 venierunt.
1801 703 1958 733 Hereditas
1968 705 2064 745 aliqua
2075 704 2168 735 obve-

1204 748 1251 776 nit
1262 749 1272 775 ?
1291 757 1355 777 non
1364 746 1461 786 potest
1470 745 1541 779 dici,
1553 745 1601 776 sed
1611 747 1702 776 etiam
1714 745 1729 776 ὲ
1739 744 1906 776 necessariis
1920 747 2064 776 omnibus
2073 747 2168 777 exhe-

1204 787 1319 818 redatus
1337 788 1390 819 est.
1419 790 1582 819 Praemium
1593 787 1714 828 aliquod
1725 797 1763 817 ex
1774 788 1824 817 lite
1837 808 1846 820 ,
1868 796 1916 818 aut
1933 787 2049 826 judicio
2067 790 2147 829 cepit
2158 791 2171 818 ?

1204 840 1269 860 non
1279 829 1374 860 modo
1386 830 1415 860 id
1427 840 1490 860 non
1499 829 1570 859 fecit
1580 849 1588 863 ,
1601 830 1649 860 sed
1659 831 1749 860 etiam
1764 829 1883 869 insuper
1893 830 1954 869 ipse
1964 830 2068 871 grandi
2079 831 2169 870 spon—

1204 870 1285 902 sione
1295 871 1356 902 vi&
1362 881 1393 902 us
1403 871 1453 902 est.
1478 874 1557 912 Ergo
1568 870 1588 901 fi
1598 872 1645 901 his
1657 871 1822 901 rationibus
1833 872 2027 911 locupletatus
2038 882 2103 902 non
2113 871 2167 907 est,

1205 912 1277 944 sicut
1287 924 1394 944 omnes
1404 914 1530 944 videtis:
1553 921 1602 943 aut
1612 912 1659 943 isti
1669 913 1745 942 domi
1756 913 1880 952 nascitur
1889 923 2001 947 aarum,
2013 924 2072 948 aut,
2085 914 2166 944 unde

1203 955 1320 986 licitum
1332 966 1396 986 non
1406 955 1602 996 est‚pecunias
1612 957 1733 995 accepit.
1758 957 1846 989 Item,
1859 955 2055 997 Saepe‚jnd2ces,
2066 957 2166 986 anim-

1202 997 1312 1028 adverti
1326 1018 1333 1032 ,
1345 998 1458 1028 multos
1468 998 1565 1038 aliqua
1574 1007 1612 1027 ex
1622 996 1745 1027 honesta
1755 1007 1785 1027 re
1797 1017 1805 1030 ‚
1818 1007 1908 1038 quam
1920 1007 1956 1027 ne
1968 999 2087 1028 inimici
2098 1000 2166 1038 qui-

1202 1039 1272 1069 dem
1283 1040 1437 1070 criminari
1446 1038 1566 1080 possint,
1577 1037 1629 1068 fibi
1639 1037 1809 1079 praefidium
1820 1048 1917 1079 petere
1931 1051 1936 1068 z
1947 1049 2077 1080 quorum
2088 1039 2168 1070 nihil

1202 1080 1297 1121 potest
1307 1081 1495 1111 >adversarius
1513 1080 1617 1111 facere.
1641 1083 1723 1111 Nam
1744 1079 1845 1110 utrum
1865 1080 1899 1111 ad
1918 1083 2006 1122 patris
2020 1084 2164 1112 virtutem

1201 1122 1355 1164 confugiet
1367 1126 1378 1152 ?
1396 1132 1424 1153 at
1433 1133 1506 1153 eum
1515 1133 1569 1153 vos
1580 1122 1666 1161 jurati
1676 1125 1770 1162 capite
1781 1122 1953 1153 damnastis.
1977 1127 2026 1154 An
2035 1123 2069 1154 ad
2081 1124 2165 1154 suim

1199 1174 1362 1195 revertetur
1380 1166 1534 1205 antiquam
1553 1166 1645 1195 vitam
1658 1185 1666 1197 ,
1689 1164 1799 1194 alicubi
1810 1164 1934 1194 honeste
1947 1164 2097 1196 tra&atam
2110 1169 2120 1194 ?
2139 1174 2168 1196 at

1200 1207 1250 1236 hic
1268 1206 1392 1247 quidem
1413 1216 1479 1236 ante
1499 1207 1602 1236 oculos
1621 1205 1735 1236 vestros
1754 1205 1915 1246 quomodo
1935 1208 2046 1237 vixerit
2055 1228 2063 1240 ‚
2085 1208 2165 1238 scitis

1200 1258 1320 1278 omnes.
1344 1250 1394 1278 An
1412 1257 1554 1290 cognatos
1573 1248 1640 1277 suos
1660 1247 1858 1280 enumerabit,
1870 1248 1978 1288 quibus
1988 1259 2042 1278 vos
2054 1259 2165 1279 eonve-

1200 1292 1261 1320 niat
1270 1292 1481 1320 commoveri?
1501 1298 1529 1320 at
1547 1290 1579 1319 hi
1597 1289 1722 1330 quidem
1742 1289 1819 1319 nulli
1829 1290 1906 1320 sunt.
1929 1292 2054 1320 Amicos
2065 1290 2166 1330 profe-

1199 1341 1242 1362 ret
1254 1335 1265 1361 ?
1284 1341 1311 1362 at
1322 1341 1415 1362 nemo
1425 1331 1468 1362 est
1478 1352 1486 1366 ‚
1506 1333 1557 1372 qui
1568 1329 1622 1361 fibi
1632 1341 1694 1361 non
1705 1340 1788 1372 putet
1799 1340 1881 1372 turpe
1892 1352 1901 1366 ‚
1926 1331 2010 1362 istius
2029 1334 2163 1363 amicum

1200 1376 1364 1404 nominari.
1389 1375 1466 1404 Item
1479 1394 1487 1407 ‚
1501 1372 1578 1402 Credo
1593 1394 1600 1406 ,
1614 1374 1788 1407 inimicum,
1799 1383 1891 1414 quem
1902 1384 2065 1404 nocentem
2076 1384 2163 1414 puta—

1200 1417 1260 1449 bas,
1274 1415 1465 1455 injudicium
1476 1414 1634 1446 adduxisti:
1646 1425 1720 1445 non.
1731 1425 1803 1446 narn
1813 1415 2024 1446 indemnatum
2035 1416 2156 1446 necasti.

1198 1460 1292 1499 Leges
1303 1478 1310 1491 ‚
1332 1468 1397 1498 quae
1408 1457 1439 1488 id
1449 1457 1544 1488 facere
1554 1457 1717 1497 prohibent
1726 1477 1734 1492 ,
1753 1458 1864 1488 veritus
1884 1468 1914 1488 es
1926 1461 1936 1488 ?
1959 1466 1987 1488 at
1996 1468 2033 1488 ne
2046 1459 2162 1498 scriptus

1196 1499 1323 1572 guidem
1339 1498 1486 1540 judicasti.
1511 1498 1662 1540 cumipse
1672 1508 1700 1529 te
1710 1501 1817 1530 veteris
1828 1501 1968 1530 amicitiae
1979 1509 2161 1530 commone-

1211 1550 1305 1572 aceret
1315 1561 1322 1575 ,
1344 1550 1516 1572 commotus
1528 1551 1558 1572 es
1571 1544 1582 1570 ?
1604 1550 1632 1571 at
1642 1541 1741 1572 nihilo
1752 1544 1854 1571 minus
1865 1562 1874 1576 ‚
1888 1541 1936 1572 sed
1947 1543 2037 1572 etiam
2047 1541 2162 1572 studio-

1198 1582 1254 1614 sius
1266 1582 1411 1614 occidisti.
1435 1583 1538 1624 Qd?
1556 1581 1628 1613 cum
1640 1583 1696 1613 tibi
1705 1585 1788 1623 pueri
1800 1583 1834 1614 ad
1844 1583 1933 1623 pedes
1943 1584 2160 1618 volutarentur,

1200 1625 1404 1656 misericordia
1424 1634 1526 1656 motus
1545 1635 1575 1655 es
1587 1627 1598 1654 ?
1616 1633 1644 1655 at
1663 1635 1769 1655 eorum
1779 1634 1891 1665 patrem
1902 1623 2102 1656 crudeliffime
2115 1626 2158 1656 se-

1197 1668 1313 1708 pultura
1322 1677 1441 1709 quoque
1450 1666 1641 1708 prohibuisti.
1663 1665 1801 1697 Multum
1819 1666 1898 1698 inest
1914 1669 2085 1698 acrimoniae
2098 1688 2106 1702 ‚
2128 1667 2165 1698 δε

1198 1712 1346 1752 gravitatis
1357 1711 1389 1740 in
1399 1712 1453 1740 hac
1464 1711 1660 1740 exornatione
1673 1730 1680 1742 ,
1694 1718 1846 1750 propterea
1854 1709 1935 1751 quod
1947 1730 1956 1743 ,
1978 1708 2050 1740 cum
2060 1708 2163 1751 quaesi-

1199 1762 1265 1782 tum
1276 1750 1328 1786 est,
1341 1751 1413 1793 quid
1424 1760 1557 1792 oporteat
1567 1772 1575 1786 ‚
1588 1751 1742 1790 subjicitur
1751 1751 1782 1781 id
1794 1761 1858 1781 non
1867 1750 1925 1781 efl'e
1934 1750 2058 1782 fastum.
2082 1755 2164 1792 Qa-

1198 1804 1228 1824 re
1240 1793 1385 1824 facillime
1398 1792 1430 1823 fit
1440 1814 1448 1828 ‚
1471 1802 1504 1823 ut
1513 1803 1650 1835 augeatur
1659 1793 1821 1834 indignitas
1832 1795 1956 1834 negotii.
1981 1796 2029 1824 Ex
2052 1794 2163 1824 eodem

1198 1846 1304 1878 genere
1317 1857 1325 1869 ,
1347 1844 1379 1865 ut
1398 1835 1434 1866 ad
1452 1834 1583 1866 nostram
1594 1845 1714 1876 quoque
1725 1835 1881 1875 personam
1893 1834 2054 1866 referamus
2066 1835 2165 1875 subje-

1200 1878 1336 1908 ctionem
1348 1897 1356 1912 ‚
1370 1876 1424 1908 sic:
1444 1880 1525 1907 Nam
1534 1877 1605 1919 quid
1613 1887 1656 1906 me
1664 1878 1758 1907 facere
1769 1878 1946 1907 conveniret
1955 1897 1963 1911 ,
1976 1875 2048 1907 cum
2060 1876 2075 1908 a
2086 1885 2166 1908 tanta

1201 1920 1358 1950 Gallorum
1378 1919 1575 1950 multitudine
1593 1918 1845 1949 circumsederer?
1867 1928 1905 1949 an
1916 1918 2092 1949 dimicarem
2105 1921 2115 1948 ?
2137 1926 2166 1950 at

1200 1961 1272 1992 cum
1291 1971 1377 2002 parva
1396 1972 1488 1992 manu
1507 1970 1572 1992 tum
1582 1961 1772 2002 prodiremus
1783 1981 1790 1994 ,
1812 1960 1916 1991 locum
1927 1971 2045 2002 quoque
2056 1962 2164 1990 inimi-

1201 2002 1353 2034 cissimum
1364 2003 1557 2034 habebamus.
1580 2003 1720 2034 sederem
1731 2001 1895 2033 incastris?
1913 2011 1942 2033 at
1961 2013 2060 2044 neque
2075 2001 2166 2033 subsi-

1202 2046 1299 2080 dium,
1310 2045 1392 2087 quod
1402 2045 1615 2086 exspe6hirem,
1628 2045 1920 2085 habebamus‚neqiie
1930 2053 1990 2074 erat
1997 2054 2059 2084 quo
2067 2046 2162 2074 vitam

1202 2087 1446 2128 produceremus.
1464 2087 1560 2117 Castra
1569 2087 1770 2126 relinquerem
1782 2089 1792 2114 ?
1803 2094 1831 2115 at
1841 2084 2060 2115 obsidebamur.
2070 2087 2166 2116 vitam

1203 2129 1340 2158 militum
1359 2129 1542 2169 negligerem
1553 2131 1564 2157 ?
1590 2136 1618 2157 at
1626 2137 1660 2157 ea
1669 2127 1791 2157 videbar
1800 2136 1851 2156 eos
1861 2125 2002 2167 accepisse
2012 2127 2166 2157 conditio-

1202 2180 1250 2203 ne,
1263 2179 1305 2203 ut,
1316 2170 1413 2210 quoad
1424 2167 1550 2208 possem,
1562 2168 1744 2199 incolumeis
1754 2170 1853 2208 patriae
1864 2168 1895 2198 δε
1904 2169 2075 2208 parentibus
2091 2179 2168 2199 con-

1203 2213 1358 2242 servarem.
1389 2210 1533 2240 Hostium
1552 2209 1763 2240 conditionem
1782 2209 1968 2250 repudiarem
1980 2213 1990 2239 ?
2012 2220 2040 2241 at
2059 2213 2167 2242 SALth

1203 2254 1352 2293 antiquior
1362 2251 1404 2282 est
1414 2252 1561 2285 militum,
1572 2251 1662 2293 quarn
1674 2251 1974 2292 impedimentorum.
1996 2253 2059 2289 Hui
2063 2253 2168 2283 usmo-

1203 2295 1234 2325 di
1255 2294 1480 2334 consequuntur
1498 2293 1665 2323 identidem
1684 2293 1886 2333 subjeetiones
1898 2314 1906 2328 ‚
1929 2303 1962 2324 ut
1972 2304 2010 2324 ex
2021 2294 2168 2325 omnibus

1203 2335 1320 2366 ostendi
1330 2335 1465 2366 videatur
1476 2356 1484 2369 ‚
1497 2335 1574 2365 nihil
1585 2337 1683 2375 potius
1695 2355 1702 2368 ‚
1715 2334 1803 2376 quam
1817 2356 1825 2368 ‚
1839 2336 1920 2376 quod
1929 2335 2044 2367 factum
2057 2335 2091 2366 sit
2100 2357 2108 2371 ‚
2121 2335 2166 2367 fa-

1203 2377 1346 2409 ciendum
1365 2376 1464 2407 fuifl'e.
1510 2377 1648 2407 Gradatio
1667 2377 1709 2408 est
1721 2397 1728 2411 ‚
1750 2379 1783 2407 in
1793 2387 1850 2418 qua
1860 2388 1925 2408 non
1934 2378 2001 2408 ante
2013 2378 2049 2409 ad
2059 2379 2166 2409 conse-

1202 2429 1297 2461 quens
1308 2418 1436 2449 verbum
1448 2419 1651 2453 descenditur,
1675 2418 1766 2460 quam
1777 2421 1811 2449 ad
1823 2420 1954 2460 superius
1966 2421 2163 2453 conscensum

1201 2461 1244 2492 cst
1254 2482 1262 2495 ‚
1282 2462 1341 2492 hoc
1352 2460 1447 2491 modo
1459 2471 1464 2490 :
1487 2463 1569 2490 Nasn
1579 2471 1637 2502 qim
1648 2463 1760 2503 reliqua
1773 2462 1835 2502 spes
1845 2471 1947 2492 manet
1956 2462 2100 2493 libertatis
2110 2482 2118 2496 ,
2140 2461 2163 2493 fi

1201 2504 1261 2533 illis
1273 2523 1281 2537 ‚
1294 2503 1326 2533 &
1336 2502 1519 2543 quodlibet,
1533 2503 1619 2533 licet:
1640 2503 1673 2534 ὃς
1683 2503 1764 2544 quod
1775 2504 1845 2534 licet
1854 2524 1862 2538 ‚
1873 2502 2012 2544 poffunt:
2036 2504 2069 2535 &
2079 2504 2162 2545 quod

1200 2545 1338 2585 possunt,
1349 2544 1459 2575 audent
1470 2556 1474 2574 z
1496 2545 1529 2576 &
1539 2545 1620 2586 quod
1631 2546 1751 2580 audent,
1764 2544 1891 2576 faciunt:
1905 2545 1938 2575 ὃς
1948 2545 2029 2587 quod
2038 2545 2162 2580 faciunt,

1200 2587 1288 2617 vobis
1298 2586 1463 2617 molestum
1474 2597 1538 2616 non
1549 2586 1613 2617 est?
1634 2590 1711 2617 Item
1722 2608 1730 2621 ,
1745 2590 1819 2618 Non
1830 2586 1903 2617 sensi
1912 2589 1970 2617 hoc
1981 2588 2014 2618 &
2024 2597 2088 2618 non
2099 2589 2163 2619 sua-

1200 2628 1222 2659 si
1233 2639 1239 2659 ;
1249 2638 1346 2671 neque
1356 2627 1437 2664 suasi,
1452 2629 1485 2661 ὃς
1493 2638 1558 2660 non
1568 2629 1628 2671 ipse
1639 2628 1740 2662 statim
1748 2628 1842 2662 facere
1852 2631 1930 2671 coepi
1943 2640 1948 2659 :
1960 2639 2057 2671 neque
2067 2629 2164 2660 facere

2071 2681 2162 2713 coepi,

231 2771 255 2790 ι.
275 2765 337 2798 Qvi*
356 2765 457 2790 homines
477 2764 530 2789 aka
539 2765 627 2800 vicia]
649 2765 750 2801 Sequor
760 2764 830 2792 Pan.
840 2764 868 2791 δε
880 2765 945 2792 Bru.
957 2773 987 2791 ac
995 2763 1074 2791 Fabr-
1094 2772 1154 2790 nam
1205 2763 1314 2801 quintus
1327 2773 1388 2791 vero
1399 2767 1589 2799 oceaxumsama
1598 2766 1753 2792 Macedonum
1763 2767 1839 2799 trans.
1859 2764 1907 2792 sec.
1919 2774 1983 2793 vero
1992 2774 2023 2794 ac
2033 2771 2097 2793 tei-t.
2107 2763 2164 2792 ser-

194 2799 297 2835 vulgati
312 2820 319 2831 ,
339 2803 428 2825 vincit.

207 2869 212 2875 ·
229 2844 257 2861 2.
280 2838 351 2861 Brevi
360 2838 533 2862 commutatione
543 2843 586 2862 arn
594 2837 765 2871 produc7i1me.]
786 2837 922 2864 Revocavi
935 2836 1089 2873 striptui‘am
1100 2834 1157 2862 edi-

193 2877 297 2898 tionum
309 2872 506 2907 antiquatarum
519 2873 585 2898 Pali.
597 2873 779 2900 confirmatam
792 2874 868 2900 libris
884 2893 892 2906 ‚
904 2874 969 2900 item
981 2875 1027 2900 ΒΥ.
1040 2873 1066 2899 ὃ(
1079 2871 1157 2899 Fabr.

194 2916 255 2933 uam
267 2907 401 2933 Victorius
412 2908 554 2939 maluerat,
565 2913 751 2942 commutatione,
761 2912 878 2936 bren-ritate
889 2930 897 2942 ,
910 2910 1118 2943 autp7·o.1{ut‘?ione.

230 2951 256 2978 3.
277 2946 335 2969 Cum
352 2944 422 2968 lauda>
439 2944 468 2974 ὰ
481 2946 557 2976 gloria
569 2945 655 2978 firm]

194 3057 256 3077 tuor
266 3051 322 3078 illis
334 3051 462 3086 nulla'est.

229 3094 258 3119 4.
277 3091 392 3116 Oceanum
401 3097 487 3113 memm
496 3089 650 3115 Macedonum
660 3089 849 3124 trans-rolaffi’t]
874 3091 907 3116 Et
926 3090 975 3116 hoc
993 3089 1110 3117 nostrum
1122 3089 1158 3116 est

196 3120 295 3161 'facinus
308 3133 315 3154 3
336 3123 367 3151 ad
379 3123 449 3159 quod
462 3124 569 3150 induxit
582 3125 761 3151 Palatium-um
773 3125 854 3152 senio.
875 3135 987 3161 quorum
1008 3135 1048 3162 pi·⁴
1069 3121 1157 3162 quart.

195 3158 284 3187 {extus
296 3166 399 3188 tantum
411 3159 630 3196 repraesentabant
644 3181 652 3195 ‚
679 3166 795 3189 occanum
811 3163 965 3190 Macedonum
984 3162 1158 3198 uvnswclaffit.

684 2946 777 2972 Libuit
797 2945 868 2982 sequi
887 2945 1075 2973 mustei-itatem
1100 2945 1157 2971 Pal.

193 2979 281 3018 quarti
292 2989 321 3005 ac
332 2978 411 3011 sexti,
422 2979 604 3006 confirmatam
616 2979 667 3007 fide
679 2981 872 3009 Gemblacenfis
885 2982 946 3008 libri
957 2983 985 3007 &
1002 2981 1157 3008 Brixileren-

193 3016 236 3040 iis.
260 3015 364 3050 vulgata
376 3015 484 3041 habebat
495 3016 621 3052 amplius,
627 3018 705 3050 gloria
716 3019 879 3052 vussmtaesunt
891 3028 900 3050 5
921 3027 978 3054 quoe
992 3026 1041 3044 vox
1052 3017 1079 3044 in
1091 3027 1157 3053 qua-

1206 2800 1298 2827 rabant
1310 2801 1376 2826 illud
1388 2812 1473 2828 manus
1485 2813 1489 2825 .-
1500 2811 1571 2829 vere.
1587 2802 1690 2837 legatur
1701 2801 1780 2829 inodo
1792 2801 2057 2829 Siiasoria1.8enecae
2068 2801 2162 2838 patris.

1241 2845 1267 2870 5.
1286 2840 1315 2862 C.
1326 2839 1427 2863 Graccho
1438 2840 1547 2872 similiter
1563 2840 1635 2872 occi'fio
1651 2840 1731 2865 oblata
1739 2841 1776 2865 ef?
1785 2858 1793 2871 ,
1812 2847 1861 2872 quae
1868 2841 1951 2864 virum
1960 2841 2019 2872 reip.
2029 2839 2163 2872 amannffi'-

1201 2882 1264 2898 mum
1275 2892 1283 2905 ‚
1302 2873 1369 2908 &c.]
1389 2875 1429 2900 Ita
1441 2873 1547 2909 quidem
1559 2875 1680 2902 nonnulli
1691 2878 1705 2901 e
1718 2874 1838 2901 1³:111.le
1849 2874 1968 2911 plerique
1979 2881 2067 2902 tamen
2077 2883 2163 2909 ogge-

1204 2916 1265 2935 runt
1275 2910 1341 2943 oti-ist
1353 2929 1360 2940 ,
1380 2912 1463 2936 ablata
1472 2913 1507 2936 ef?
1516 2913 1614 2944 respubl<
1626 2920 1674 2946 qieae
1683 2911 1783 2938 virtutis
1793 2913 1982 2945 amantiffimum.
2002 2909 2089 2938 Aldus
2100 2911 2125 2935 N
2131 2918 2162 2936 e-

1202 2955 1247 2981 pos
1259 2945 1395 2980 expressit‚
1405 2948 1484 2980 arsafio
1494 2949 1572 2973 oblata
1582 2948 1622 2979 cst,
1632 2956 1681 2981 quae
1689 2948 1833 2980 virum,&c.
1852 2956 1899 2973 nec
1910 2946 2019 2973 omuino
2029 2945 2161 2982 displicet.

1237 2982 1266 3007 6.
1287 2982 1344 3007 Fide
1353 2989 1443 3014 captum
1454 2985 1567 3008 malorum
1578 3002 1586 3014 ‚
1602 2984 1787 3017 perfidiaescelus
1796 2986 1852 3009 vita
1862 3002 1871 3015 ‚
1889 2983 1957 3017 dra]
1978 2982 2081 3009 Placuit
2091 2980 2162 3008 istud

1202 3017 1350 3044 Gulielin'io
1362 3036 1369 3049 ‚
1389 3027 1422 3043 ex
1435 3018 1520 3044 Bruil.
1533 3019 1559 3044 δε
1570 3019 1602 3045 sic
1611 3028 1717 3054 quoque
1728 3019 1812 3055 reperi
1823 3019 1849 3045 in
1861 3019 1919 3046 Pal.
1930 3025 2025 3054 quarto
2035 3019 2062 3044 ὃς
2073 3017 2160 3044 sexto.

1203 3063 1262 3080 nam
1273 3054 1354 3080 ceteri
1365 3052 1556 3081 subscribebant
1568 3055 1677 3091 vulgato
1689 3056 1751 3090 ,fide
1761 3062 1854 3089 captum
1864 3075 1873 3088 ,
1892 3056 2006 3081 malorum
2009 3054 2112 3089 perfidia
2117 3061 2163 3087 per

1194 3091 1274 3124 scelus
1282 3092 1338 3119 vita
1350 3109 1358 3122 ,
1377 3089 1428 3120 &tu

1238 3133 1265 3160 7.
1293 3126 1344 3153 Cli>
1354 3126 1468 3161 ,satin-m
1484 3126 1614 3163 afficiant-[J
1634 3125 1722 3156 Reae
1739 3125 1919 3157 Bruilerinnus
1937 3125 2006 3155 liber
2023 3128 2073 3154 cita
2083 3125 2162 3160 sbrie-

1203 3169 1263 3189 mte.
1402 3168 1406 3172 “
1554 3175 1558 3178 ’
1648 3178 1653 3181 -

2100 3204 2124 3226 x.
2134 3199 2164 3224 In

2188 971 2236 1004 24

2184 2394 2230 2426 25
