2316 3395
192 1106 236 1138 ¹4

203 2615 244 2646 15

245 146 307 206 90
636 100 1173 185 ἸΜ.Τ111,1,11

241 230 351 254 ceteras
361 228 406 252 res
416 215 576 254 illustreis,
596 230 662 252 tum
678 222 716 250 ad
730 220 903 261 scribendam
914 219 1058 256 historiam
1068 217 1203 250 maxime

245 266 274 296 se
285 264 516 305 applicaverunt.
540 266 680 304 Namque
692 264 724 292 S:
737 263 930 292 Herodotum
941 262 1030 292 illum
1042 282 1050 295 ,
1061 264 1113 303 qui
1123 264 1207 302 prin-

246 317 315 346 ceps
333 315 426 347 genus
439 307 496 335 1106
514 307 652 337 ornavit,
674 307 705 333 in
717 303 806 334 causis
826 305 904 334 nihil
914 306 1046 334 omnino
1057 304 1205 335 versatum

245 348 303 379 esse
314 350 494 387 accepimus.
518 349 598 386 atqui
610 354 688 375 tanta
700 345 741 375 est
756 346 928 386 eloquentia
938 366 946 380 ‚
968 355 1000 376 ut
1010 356 1060 375 me
1069 346 1205 387 quidem,

246 400 393 431 quantum
404 399 458 431 ego
470 391 571 418 Graece
584 388 686 426 scripta
696 387 865 429 intelligere
875 387 994 428 possum
1005 408 1013 421 ‚
1026 397 1206 429 magnopere

249 431 387 462 dele&et.
420 435 458 461 Et
468 429 532 469 post
540 429 629 458 illum
640 429 834 468 Thucydides
845 431 966 460 omneis
976 429 1097 460 dicendi
1116 428 1207 459 artifi-

248 476 315 507 cio,
338 483 404 502 mea
426 472 568 502 sententia
580 490 587 503 ‚
607 469 695 500 facile
704 473 778 501 vicit
799 482 804 501 :
824 474 876 512 qui
888 474 928 502 ita
944 471 1046 501 creber
1055 471 1098 501 est
1107 481 1206 501 rerum

246 515 413 556 frequentia
425 534 433 546 ,
445 522 477 542 ut
486 512 648 542 verborum
659 512 752 552 prope
765 523 928 544 numerum
933 514 1139 554 sententiarum
1151 523 1208 542 nu-

251 567 335 587 mero
347 556 542 595 consequatur
564 565 569 582 ;
590 556 628 584 113
638 553 729 594 porro
740 555 842 585 verbis
859 565 942 596 aptus
952 575 960 589 ‚
982 556 1014 585 &
1024 554 1135 595 pressus
1147 575 1154 589 ‚
1176 563 1209 584 ut

248 599 360 629 nescias
371 617 379 630 ,
401 596 503 626 utrum
516 605 560 625 res
571 598 704 626 oratione
715 616 724 630 ‚
744 607 781 627 an
791 597 880 627 verba
890 597 1046 628 sententiis
1057 596 1210 627 illustren-

252 650 308 669 tur.
342 640 434 678 Atqui
446 647 483 667 ne
494 638 574 667 hunc
583 637 708 678 quidem
720 658 728 672 ‚
748 649 928 680 quamquam
949 638 992 669 est
1008 641 1041 668 in
1061 638 1211 678 republica

253 682 382 710 versatus
394 700 401 712 ‚
421 689 459 709 cx
470 689 600 709 numero
617 681 786 720 accepimus
796 691 903 711 eorum
915 702 922 715 ‚
944 683 996 722 qui
1006 681 1103 710 causas
1122 679 1211 709 (11611-

251 731 348 753 tarunt
361 732 367 751 1
379 722 411 751 &
422 722 476 750 hos
490 721 583 751 libros
590 731 658 751 tum
670 720 806 762 scripsiss'e
816 723 943 756 dicitur,
956 722 1027 752 cum
1038 722 1053 752 a
1063 721 1212 761 republica

252 773 388 795 remotus
398 783 406 797 ,
419 772 505 803 atque
515 783 523 796 ,
536 763 566 792 id
575 763 654 803 quod
665 771 767 804 optimo
778 765 878 805 cuique
889 766 1013 794 Athenis
1023 764 1153 794 accidere
1166 762 1213 792 so-

250 807 340 835 litum
358 804 401 835 est
411 825 418 838 ,
437 807 470 834 in
480 802 620 834 exsilium
638 806 739 844 pulsus
759 804 841 836 effet.
876 809 966 836 Hunc
984 806 1160 836 consecutus
1170 803 1213 834 est

251 845 418 887 Syracusius
428 845 568 877 Philistus
578 866 585 879 ‚
597 846 730 886 quicum
742 845 882 887 Dionysii
893 849 1012 888 tyranni
1021 844 1213 877 familiarissi-

251 899 320 919 mus
341 887 411 918 effet
422 909 430 921 ,
452 890 550 918 otium
571 888 656 917 suum
676 888 841 919 consumsit
858 891 890 919 in
909 889 1031 919 historia
1050 887 1212 921 scribenda,

256 932 452 971 maximeque
463 930 677 970 Thucydidem
697 930 739 961 est
751 951 758 964 ‚
780 929 852 961 sicut
866 933 944 961 mihi
953 930 1091 964 videtur,
1113 932 1214 959 imita-

254 981 313 1003 tus.
337 972 441 1003 Postea
450 970 522 1002 verb
534 993 542 1005 ,
563 970 642 1012 quasi
651 982 689 1002 ex
699 971 853 1003 clarissima
869 974 996 1003 rhetoris
1007 972 1115 1012 officina.
1125 992 1133 1005 ,
1154 971 1214 1001 duo

250 1013 420 1055 praestantes
445 1015 568 1054 ingenio
580 1033 587 1047 ‚
610 1015 828 1054 Theopompus
840 1036 848 1048 ‚
869 1015 902 1044 &
921 1015 1055 1054 Ephorus
1068 1013 1078 1046 ,’
1097 1013 1132 1043 ab
1151 1013 1215 1043 Iso—

252 1065 328 1087 crate
340 1055 481 1097 magistro
492 1054 612 1094 impulsi
624 1076 631 1087 ‚
646 1055 673 1085 se
686 1056 721 1085 ad
731 1056 886 1086 historiam
898 1057 1093 1086 contulerunt
1103 1055 1214 1085 :causas

253 1100 383 1128 omnino
394 1107 560 1138 numquam
580 1099 748 1137 attigerunt.
793 1101 935 1139 Denique
947 1100 1036 1128 etiam
1047 1096 1063 1127 ὲ
1080 1097 1215 1137 philoso-

252 1141 321 1181 phia
331 1138 481 1179 profectus
491 1141 627 1178 princeps
638 1141 824 1179 Xenophon,
837 1142 999 1170 Socraticus
1010 1139 1062 1169 ille
1072 1159 1080 1173 ‚
1102 1137 1168 1179 post
1178 1138 1214 1168 ab

253 1181 413 1225 Aristotele
424 1179 623 1210 Callisthenes
633 1200 640 1212 ‚
663 1191 766 1211 comes
784 1182 948 1213 Alexandri
961 1202 969 1214 ,
992 1179 1100 1221 scripsit
1118 1179 1214 1210 histo-

255 1225 332 1253 riam
351 1234 356 1251 :
375 1223 407 1252 &
417 1222 465 1252 1116
475 1221 600 1262 quidem
611 1223 762 1253 rhetorico
771 1223 857 1263 paene
869 1233 953 1253 more
974 1235 979 1252 ;
996 1223 1048 1252 1116
1058 1230 1156 1253 autem
1168 1222 1215 1252 su-

254 1266 356 1305 perior
375 1284 384 1298 ,
401 1264 516 1294 leniore
528 1264 660 1304 quodam
671 1265 748 1294 sono
759 1265 802 1295 est
814 1266 882 1295 usus
895 1276 900 1294 :
913 1265 946 1295 86
956 1266 1009 1306 qui
1018 1264 1107 1294 illurn
1118 1266 1216 1304 impe-

257 1315 323 1337 tum
343 1307 468 1336 oratoris
488 1315 552 1335 non
569 1305 675 1336 habeat
684 1326 692 1340 ,
711 1308 876 1337 vehemens
886 1305 1004 1337 fortass‘e
1023 1308 1127 1336 minus
1138 1326 1146 1340 ‚
1166 1305 1214 1335 sed

253 1349 406 1389 aliquanto
417 1356 518 1377 tamen
528 1346 569 1377 est
580 1367 588 1381 ‚
601 1356 634 1377 ut
643 1349 722 1378 mihi
733 1349 857 1389 quidem
866 1348 984 1379 videtur
994 1368 1002 1382 ,
1015 1348 1139 1378 dulcior.
1155 1349 1216 1377 Mi—

252 1391 357 1420 nimus
366 1398 437 1420 natu
448 1390 559 1419 horum
570 1391 713 1419 omnium
724 1393 861 1421 Timaeus
873 1412 881 1424 ,
902 1399 1049 1431 quantum
1059 1397 1160 1420 autem
1167 1390 1179 1430 j
1184 1400 1218 1419 u-

254 1431 352 1462 dicare
361 1429 480 1471 poss‘um
492 1450 500 1463 ‚
524 1430 624 1472 longe·
636 1431 851 1462 eruditiffimus
862 1453 870 1466 ‚
893 1433 926 1462 &
938 1442 1038 1462 rerum
1057 1434 1143 1472 copia
1153 1452 1161 1466 ,
1184 1432 1216 1462 &

256 1474 471 1504 sententiarum
482 1474 621 1503 varietate
632 1473 904 1505 abundantissimus
915 1495 924 1509 ‚
944 1474 977 1505 &
988 1475 1048 1514 ipsa
1065 1472 1217 1514 composi-

254 1516 340 1545 tione
359 1514 521 1545 verborum
541 1524 606 1544 non
615 1515 773 1555 impolitus
784 1536 793 1549 ,
814 1526 954 1558 magnam
967 1517 1171 1557 eloquentiam
1181 1515 1217 1545 ad

257 1556 449 1587 scribendum
460 1555 568 1589 attulit,
580 1556 629 1586 sed
638 1557 761 1588 nullum
773 1559 861 1588 usum
870 1558 1033 1588 forensem.
1059 1560 1131 1588 Haec
1141 1555 1214 1588 cum

259 1599 309 1628 ille
319 1596 438 1628 dixifl'et
451 1609 456 1627 :
480 1597 561 1638 Qid
572 1597 615 1628 est
625 1618 633 1632 ‚
657 1600 757 1640 inquit
767 1620 775 1633 ‚
798 1601 899 1630 Catule
909 1620 918 1634 ‚
939 1600 1033 1630 Caesar
1045 1602 1055 1629 ?
1075 1600 1127 1629 ubi
1137 1600 1215 1633 sunt,

257 1642 311 1682 qui
322 1642 492 1670 Antonium
503 1639 605 1670 Graece
617 1650 726 1681 negant
743 1643 814 1672 scire
834 1645 844 1671 ?
865 1651 939 1683 quot
948 1640 1105 1672 historicos
1115 1643 1219 1671 nomi-

260 1684 342 1713 navit
353 1685 364 1710 ?
383 1681 475 1722 quam
486 1681 632 1711 scienter?
650 1693 740 1723 quam
751 1684 870 1723 proprie
881 1684 917 1714 de
928 1693 990 1713 uno
999 1693 1118 1724 quoque
1129 1683 1219 1713 dixit?

258 1724 292 1755 Id
304 1725 474 1754 mehercule
486 1743 494 1757 ‚
515 1725 612 1763 inquit
622 1725 757 1758 Catulus,
772 1726 922 1756 admirans
933 1746 941 1759 ,
960 1725 1106 1765 illudjam
1118 1727 1219 1755 mirari

259 1764 361 1796 defino
372 1786 380 1799 ‚
402 1765 483 1806 quod
495 1766 592 1795 multo
603 1775 651 1795 rna
674 1768 698 1796 is
708 1775 774 1797 ante
786 1767 913 1798 mirabar
924 1787 932 1801 ,
955 1768 1035 1797 hunc
1047 1787 1055 1801 ‚
1076 1765 1148 1797 curn
1158 1768 1220 1797 haec

260 1808 404 1840 nesciret,
421 1809 454 1836 in
465 1806 594 1837 dicendo
604 1817 643 1847 po
669 1807 822 1839 etantum.
846 1811 957 1851 Atqui,
980 1810 1079 1839 Catule
1091 1829 1098 1842 ,
1119 1810 1220 1849 inquit

260 1852 412 1879 Antonius
421 1868 429 1882 ‚
454 1858 517 1878 non
529 1859 584 1889 ego
595 1850 753 1880 utilitatem
764 1851 895 1891 aliquam
906 1851 940 1881 ad
950 1851 1114 1881 dicendum
1127 1861 1218 1881 aucu-

259 1901 331 1931 pans
342 1912 350 1924 ‚
373 1892 482 1921 horum
493 1890 586 1920 libros
600 1911 608 1924 ‚
632 1891 665 1921 &
674 1893 843 1922 nonnullos
860 1893 935 1922 alios
946 1913 954 1926 ‚
976 1892 1023 1923 sed
1034 1891 1219 1921 detestationis

259 1947 267 1962 ι
275 1933 353 1972 aufiz,
363 1932 433 1962 esim
445 1931 487 1962 est
496 1933 607 1966 otium,
619 1933 714 1973 legere
726 1934 817 1964 soleo.
841 1934 923 1976 Qid
934 1944 1002 1976 ergo
1013 1933 1075 1964 est?
1091 1933 1218 1968 fatebor3

258 1974 373 2015 aliquid
384 1984 484 2004 tamen
499 1985 504 2003 ·.
516 1982 548 2003 ut
557 1994 566 2007 ‚
593 1984 667 2004 CUM
686 1985 720 2004 in
731 1976 792 2005 sole
801 1976 956 2006 ambulem
967 1996 976 2010 ,
996 1978 1086 2006 etiam
1097 1974 1117 2005 fi
1127 1976 1217 2006 aliam

258 2017 301 2046 ob
313 2017 428 2046 causam
440 2016 592 2047 ambulem
605 2036 613 2048 ‚
627 2015 690 2045 fieri
700 2026 803 2047 natura
813 2026 913 2047 tamen
924 2037 932 2051 ‚
955 2027 987 2048 ut
997 2018 1113 2048 colorer
1135 2028 1141 2046 2
1164 2016 1214 2050 sic,

259 2057 331 2088 cum
343 2057 413 2088 istos
425 2058 516 2088 libros
527 2060 562 2089 ad
571 2059 726 2089 Misenum
738 2058 820 2098 (narn
831 2062 940 2090 Romae
950 2061 1004 2089 vix
1014 2060 1094 2100 licet)
1105 2058 1219 2089 studio-

261 2099 318 2130 sius
329 2100 451 2141 legerim
463 2120 470 2132 ‚
485 2100 582 2131 sentio
591 2101 761 2130 orationem
771 2110 871 2131 meam
882 2101 1006 2131 illorum
1019 2105 1027 2120 ¹
1041 2109 1129 2131 cantu
1140 2100 1219 2141 quasi

260 2142 395 2171 colorari.
419 2141 475 2171 Sed
485 2152 523 2171 ne
534 2139 620 2173 latius
630 2142 689 2171 hoc
699 2142 784 2172 vobis
796 2151 894 2181 patere
903 2142 1038 2172 videatur
1047 2162 1056 2175 ‚
1069 2144 1132 2172 haec
1141 2144 1219 2172 dun-

262 2192 340 2213 taxat
352 2185 383 2212 in
396 2185 507 2213 Graecis
516 2182 655 2222 intelligo
665 2203 673 2216 ‚
684 2193 749 2223 quae
759 2183 811 2222 ipsi
823 2204 830 2217 ‚
843 2185 895 2224 qui
906 2184 1082 2223 scripserunt
1093 2203 1101 2217 ,
1112 2184 1220 2213 volue-

261 2233 331 2254 runt
342 2224 358 2254 ὲ
370 2225 461 2264 vulgo
473 2226 613 2266 intelligi.
637 2227 674 2253 In
683 2225 879 2265 philosophos
889 2225 1001 2255 vestros
1011 2224 1031 2254 fi
1041 2224 1162 2265 quando
1171 2227 1220 2254 in·-

260 2266 321 2296 cidi
340 2287 349 2298 ,
373 2268 551 2297 Dacmrus
576 2275 754 2304 iunicinus
778 2267 924 2296 librorum
936 2286 944 2300 ‚
967 2265 1050 2307 quod
1070 2267 1138 2296 sunt
1155 2265 1217 2296 fere

260 2308 395 2348 inscripti
407 2307 444 2337 de
454 2306 540 2337 rebus
553 2310 632 2338 notis
643 2327 652 2342 ‚
664 2307 871 2338 &illustribus
883 2328 890 2341 ‚
902 2308 938 2338 de
948 2310 1056 2338 virtute
1067 2327 1076 2341 ‚
1088 2306 1220 2347 dejusti-

263 2352 317 2383 tia,
344 2350 379 2379 de
390 2348 544 2380 honestate
556 2369 565 2384 ‚
587 2349 623 2379 de
634 2350 785 2389 voluptate
795 2369 804 2384 ,
823 2350 949 2380 verbum
969 2349 1086 2389 prorsus
1097 2349 1218 2378 nullum

265 2391 403 2432 intelligo
415 2401 419 2419 :
431 2394 470 2421 ita
481 2392 549 2421 sunt
558 2390 686 2433 angustis
700 2412 707 2424 ‚
720 2391 752 2421 ὃ(
761 2390 886 2422 concisis
896 2389 1148 2431 disputationibus
1158 2391 1220 2420 illi—

262 2435 333 2474 gati.
354 2435 453 2462 Poe-tas
463 2433 606 2467 omnino,
617 2431 696 2474 quasi
706 2434 761 2463 alia
771 2433 898 2474 quadam
910 2433 1010 2474 lingua
1020 2432 1146 2465 locutos,
1157 2442 1221 2462 non

260 2485 356 2506 conor
364 2477 519 2517 attingere.
541 2483 611 2505 cum
622 2476 668 2504 his
678 2485 728 2504 me
745 2475 789 2513 (ut
800 2475 876 2515 dixi)
895 2474 1015 2504 oble&0
1025 2494 1034 2508 ‚
1056 2475 1108 2514 qui
1117 2483 1162 2504 res
1172 2484 1222 2514 ge-

267 2516 321 2546 stas
331 2536 340 2550 ‚
351 2525 401 2546 aut
411 2519 463 2557 qui
473 2518 623 2547 orationes
637 2517 812 2556 scripserunt
822 2517 884 2546 suas
895 2536 903 2550 ,
916 2525 966 2546 aut
973 2518 1026 2557 qui
1036 2518 1077 2545 ita
1088 2516 1220 2556 loquun-

264 2566 331 2590 tur,
344 2567 375 2587 ut
385 2558 541 2588 videantur
551 2557 677 2588 voluisse
689 2557 746 2588 esse
761 2558 860 2592 1101113,
871 2560 923 2599 qui
935 2568 998 2587 non
1010 2558 1113 2587 sumus
1123 2557 1221 2587 exudi-

268 2596 370 2629 tisfimi
385 2619 392 2632 ‚
413 2599 583 2630 familiares.
607 2600 662 2631 Sed
675 2601 747 2630 illuc
756 2600 854 2630 redeo.
879 2599 1034 2630 Videtisne
1045 2619 1053 2633 ‚
1073 2608 1220 2640 quantum

268 2650 381 2670 munus
391 2639 424 2670 sit
434 2643 557 2671 oratoris
567 2642 688 2672 historia
699 2645 710 2671 ?
728 2642 806 2672 haud
816 2642 876 2672 scio
887 2662 896 2675 ‚
916 2651 953 2672 an
972 2641 1101 2671 flumine
1112 2643 1222 2671 oratio-

265 2684 313 2712 nis
325 2703 333 2715 ‚
357 2683 390 2712 &
400 2684 537 2712 varietate
548 2686 729 2713 maximum.
753 2694 809 2724 neq
815 2694 850 2713 ue
860 2692 962 2714 tamen
973 2693 1039 2713 eam
1047 2685 1162 2723 reperio
1173 2683 1222 2712 us-

263 2733 354 2765 quam
373 2724 527 2764 separatim
546 2724 719 2755 instiuCtam
739 2726 893 2756 rhetorum
904 2727 1066 2766 praeceptis.
1089 2723 1138 2755 sita
1155 2725 1223 2755 sunt

1253 135 1784 184 C1CER0N15

1253 222 1337 250 enim
1347 229 1416 251 ante
1425 221 1540 252 oculos.
1565 224 1646 252 Nam
1656 224 1722 263 quis
1732 223 1826 252 nescit
1845 242 1853 256 ‚
1880 224 2027 253 PRiMAM
2050 218 2105 251 effe
2118 219 2212 251 histo⁴

1252 264 1302 293 riae
1312 263 1410 303 legem
1421 283 1428 297 ‚
1442 263 1554 303 nequid
1571 262 1633 293 falsi
1645 264 1742 294 dicere
1752 264 1877 295 audeat?
1900 264 2007 294 deinde
2021 262 2132 303 nequid
2143 263 2214 292 vere

1253 315 1317 334 non
1327 305 1430 335 audeat
1451 307 1462 334 ?
1485 315 1580 345 nequa
1592 305 1716 345 suspicio
1728 308 1825 347 gratiae
1836 305 1908 336 sitin
1920 304 2098 336 scribendo?
2117 313 2215 344 nequa
2257 310 2262 331 ·.
2307 310 2313 314 “

1253 345 1408 377 simultatis
1430 350 1440 375 ?
1461 349 1533 377 Haec
1545 347 1653 377 scilicet
1664 347 1859 377 fundamenta
1874 368 1881 380 ,
1894 357 1963 377 nota
1979 348 2047 377 sunt
2057 346 2213 375 omnibus.

1253 389 1314 428 Ipsa
1325 398 1425 418 autem
1436 388 1632 419 exaedificatio
1643 409 1650 422 ‚
1667 388 1758 429 posita
1769 389 1811 419 est
1824 391 1855 419 in
1865 390 1964 423 rebus,
1978 390 2009 418 &
2019 388 2127 418 verbis.
2153 389 2216 417 Re-

1252 441 1318 460 rum
1332 432 1405 460 ratio
1424 430 1563 460 ordinem
1575 440 1746 470 temporum
1758 429 1899 461 desiderat
1912 451 1919 464 ,
1938 433 2095 471 regionum
2107 429 2218 458 descri—

1253 474 1391 512 ptionem
1405 483 1410 500 :
1423 473 1489 501 vult
1499 474 1587 501 ctiam
1600 492 1607 505 ‚
1628 474 1775 512 quoniam
1787 475 1819 502 in
1830 473 1919 502 rebus
1938 474 2053 514 magnis
2065 491 2072 504 ‚
2094 479 2216 500 merno-

1253 516 1354 554 riaque
1365 513 1464 554 dignis
1480 512 1602 542 confilia
1610 513 1744 553 primum
1758 535 1766 547 ‚
1789 514 1898 544 deinde
1909 513 1971 543 aesta
1982 534 1989 547 ,
2010 512 2110 552 postea
2121 521 2214 542 even-

1255 564 1302 584 tus
1321 554 1529 594 exspeRantur
1539 575 1547 588 ‚
1569 555 1601 584 &
1611 555 1647 585 de
1668 554 1800 585 consiliis
1819 554 1977 596 significari
1997 554 2071 595 quid
2091 554 2214 593 scriptor

1254 596 1359 636 probet
1370 616 1377 630 ,
1393 596 1468 626 &in
1479 597 1565 626 rebus
1583 596 1670 638 gestis
1680 596 1820 627 declarari
1832 608 1896 627 non
1907 596 2006 627 solum
2017 595 2089 637 quid
2100 595 2213 628 aetum,

1254 646 1303 668 aut
1311 638 1428 668 dietum
1440 636 1474 668 sit
1484 658 1492 671 ,
1516 638 1563 668 sed
1574 641 1665 669 etiam
1674 639 1833 679 quomodo
1855 650 1860 668 :
1882 639 1914 670 &
1924 637 1995 668 cum
2008 638 2043 668 de
2054 645 2155 667 eventu
2167 636 2215 667 di⁴

1255 689 1336 710 catur
1347 700 1354 714 ‚
1378 689 1409 710 ut
1418 681 1508 710 causae
1519 681 1708 720 explicentur
1717 691 1826 711 omnes
1836 701 1843 714 ‚
1864 681 1912 710 vel
1921 681 2001 710 casus
2013 701 2021 713 ‚
2041 680 2088 710 vel
2100 679 2214 718 sapien—

1257 724 1305 752 tiae
1317 742 1324 755 ‚
1342 722 1391 752 vel
1402 725 1575 752 temeritatis
1588 733 1593 751 2
1605 724 1828 763 hominumque
1840 723 1973 763 ipsorum
1984 732 2048 752 non
2058 720 2156 751 solum
2167 720 2215 751 fes

1256 763 1342 804 gcstae
1353 784 1361 798 ‚
1383 763 1431 794 sed
1442 766 1533 794 etiam
1548 785 1555 797 ,
1567 767 1620 805 qui
1629 764 1708 794 fama
1719 785 1726 798 ‚
1747 775 1779 794 ac
1791 767 1917 794 nomine
1928 764 2096 795 excellant,
2116 762 2152 792 de
2160 772 2214 793 cu-

1253 806 1360 846 jusque
1370 807 1431 835 vita
1441 825 1449 840 ‚
1468 814 1554 846 atque
1572 815 1680 836 natura.
1714 806 1884 836 Verborum
1896 814 1994 836 autern
2006 808 2078 835 ratio
2089 825 2097 837 ,
2120 804 2152 834 &
2162 814 2213 845 ge-

1258 857 1314 877 nus
1324 849 1480 880 orationis,
1489 847 1543 877 fus
1540 858 1591 877 um
1601 857 1686 888 atque
1696 847 1824 878 cratium
1836 848 1867 877 &
1876 858 1946 878 curn
1959 848 2077 877 lenitate
2087 846 2216 886 quadam-

1256 889 1394 929 aequabili
1413 888 1566 928 profluens
1579 910 1587 922 ,
1609 888 1669 919 fine
1688 891 1742 919 hac
1757 889 1895 929 judiciali
1914 889 2082 928 asperitate,
2103 888 2136 917 ὃς
2154 886 2215 917 fine

1259 931 1471 960 sententiarum
1493 929 1658 961 forenfium
1681 932 1790 961 aculeis
1812 931 2051 971 persequendum
2073 928 2123 959 est.
2151 931 2214 958 Ha—

1258 981 1326 1002 rum
1345 981 1391 1002 tot
1414 993 1421 1006 ‚
1446 981 1653 1013 tantarumque
1671 983 1770 1002 rerum
1781 974 1927 1003 videtisne
1940 973 2021 1002 nulla
2038 969 2095 1001 effe
2105 980 2214 1010 praece-

1259 1023 1306 1054 pta
1317 1034 1325 1047 ‚
1348 1024 1414 1055 quae
1432 1016 1464 1044 in
1473 1014 1583 1044 artibus
1602 1016 1756 1044 rhetorum
1772 1017 1955 1054 reperiantur
1977 1017 1987 1043 ?
2010 1016 2045 1043 In
2057 1013 2166 1042 eodem
2177 1010 2214 1041 si-

1259 1057 1355 1085 lentio
1366 1057 1461 1086 multa
1470 1057 1526 1086 alia
1535 1065 1686 1087 oratorum
1696 1056 1796 1086 officia
1801 1058 1811 1097 j
1816 1065 1966 1089 acuerunt,
1978 1056 2217 1087 cohortationes,

1259 1097 1480 1128 consolationes
1492 1118 1499 1131 ‚
1520 1101 1534 1117 ²
1544 1107 1686 1138 praecepta
1697 1119 1705 1132 ‚
1720 1098 1874 1128 admonita
1886 1118 1894 1131 ‚
1913 1108 1976 1139 quae
1989 1095 2138 1127 meranda
2147 1094 2216 1125 sunt

1259 1141 1363 1169 omnia
1381 1138 1588 1170 disertiffime:
1608 1141 1656 1170 sed
1676 1141 1779 1170 locum
1790 1141 1878 1170 suum
1890 1140 1992 1169 inillis
2002 1138 2130 1170 artibus,
2149 1146 2216 1177 quae

1259 1181 1369 1211 traditae
1380 1182 1396 1211 s
1393 1191 1456 1214 unt,
1469 1181 1579 1212 habent
1588 1183 1719 1211 nullum.
1743 1184 1840 1222 Atque
1851 1184 1883 1211 in
1895 1182 1951 1210 hoc
1961 1189 2067 1222 genere
2078 1179 2130 1208 illa
2138 1188 2215 1219 quo·

1258 1233 1316 1264 que
1326 1223 1368 1253 est
1377 1222 1494 1253 infinita
1504 1221 1582 1256 silva,
1593 1222 1674 1264 quod
1687 1226 1796 1253 oratori
1806 1223 1940 1263 plerique
1950 1222 2092 1261 (ucetiam
2101 1218 2216 1250 Craffus

1259 1264 1401 1305 ostendit)
1423 1265 1483 1294 duo
1502 1275 1607 1306 genera
1625 1264 1659 1294 ad
1679 1264 1842 1295 dicendum
1862 1263 2023 1294 dederunt:
2056 1265 2161 1292 Unum
2179 1261 2217 1292 de

1258 1315 1345 1339 certa,
1358 1305 1539 1346 definitaque
1551 1307 1643 1340 causa,
1655 1307 1755 1346 quales
1766 1307 1845 1338 sunt,
1856 1316 1921 1346 quae
1932 1307 1963 1334 in
1976 1304 2076 1334 litibus
2087 1323 2096 1337 ,
2107 1313 2172 1344 quae
2183 1305 2217 1334 in

1259 1348 1526 1378 deliberationibus
1537 1348 1696 1378 versantur.
1726 1347 1829 1380 addat,
1842 1346 1930 1388 siquis
1939 1347 2038 1379 volet,
2050 1347 2141 1375 etiam
2152 1345 2218 1375 lau-
2265 1358 2270 1363 ·

1260 1390 1388 1420 dationis
1400 1402 1409 1424 3
1433 1390 1569 1419 Alterum
1582 1410 1591 1423 ,
1611 1389 1692 1430 quod
1703 1390 1850 1429 appellant
1859 1398 1967 1418 omnes
1976 1386 2038 1418 fere
2048 1388 2218 1427 scriptores,

1260 1432 1389 1472 explicat
1399 1441 1503 1465 nemo,
1514 1431 1662 1461 infinitam
1673 1434 1790 1471 generis
1800 1430 1860 1461 fine
1872 1440 2007 1470 tempore
2018 1449 2027 1463 ‚
2039 1429 2071 1459 &
2081 1427 2140 1458 fine
2150 1438 2219 1469 per-

1262 1474 1343 1507 sona,
1356 1473 1564 1514 quaestionem.
1584 1474 1640 1503 hoc
1651 1473 1723 1514 quid
1734 1493 1742 1507 ,
1755 1473 1788 1503 &
1797 1481 1942 1514 quantum
1954 1470 1987 1502 sit
1997 1491 2005 1505 ,
2016 1470 2087 1501 cum
2098 1470 2215 1504 dicunt,

1261 1516 1428 1556 intelligere
1439 1517 1517 1545 mihi
1529 1525 1593 1545 non
1602 1515 1753 1545 videntur.
1785 1518 1816 1545 Si
1827 1517 1911 1545 enim
1922 1513 1964 1544 est
1973 1514 2097 1543 oratoris
2107 1532 2116 1546 ,
2136 1521 2218 1553 quae-

1261 1567 1391 1598 cumque
1400 1567 1445 1587 res
1455 1556 1574 1587 infinite
1583 1556 1675 1597 posita
1684 1555 1726 1591 sit,
1737 1556 1773 1587 (16
1784 1567 1817 1587 ea
1827 1555 1906 1597 posse
1918 1555 2015 1586 dicere
2027 1575 2036 1588 ‚
2054 1553 2219 1584 dicendum

1263 1601 1317 1629 erit
1327 1610 1353 1629 ei
1363 1618 1372 1631 ,
1393 1608 1501 1640 quanta
1510 1598 1543 1629 sit
1556 1603 1568 1626 3
1580 1600 1650 1629 solis
1661 1599 1837 1641 magnitudo
1847 1619 1856 1632 ‚
1876 1608 1941 1639 quae
1950 1597 2049 1627 forma
2059 1605 2139 1626 terrae
2151 1605 2157 1624 t
2167 1595 2220 1626 ide

1261 1642 1491 1676 mathematicis,
1502 1641 1538 1671 de
1549 1640 1668 1671 musicis
1679 1642 1766 1672 rebus
1775 1650 1839 1671 non
1848 1642 1967 1681 poterit,
1978 1640 2052 1680 quin
2062 1638 2151 1671 dicat>
2161 1638 2221 1668 hoc

1262 1694 1353 1713 onere
1372 1683 1505 1723 suscepto
1515 1703 1523 1716 ‚
1545 1684 1684 1714 recusare.
1716 1682 1800 1713 Dei'ii
1823 1693 1859 1712 ue
1869 1684 1896 1712 ei
1909 1702 1917 1715 ‚
1936 1678 2152 1722 quiprofitetur
2159 1677 2221 1709 effe

1262 1725 1361 1759 suum,
1372 1735 1436 1755 non
1446 1724 1547 1755 solum
1557 1725 1594 1755 de
1604 1727 1640 1755 iis
1649 1734 1803 1756 controvei
1819 1726 1865 1758 iis,
1876 1734 1939 1765 quae
1952 1721 2148 1762 temporibus,
2158 1724 2176 1747 4
2185 1721 2220 1751 δε

1262 1768 1395 1807 personis
1407 1776 1487 1797 notae
1498 1768 1563 1797 sunt
1574 1787 1582 1800 ‚
1601 1768 1662 1797 hoc
1673 1766 1715 1797 est
1725 1788 1735 1801 ,
1758 1767 1794 1797 de
1804 1765 1950 1796 omnibus
1959 1762 2125 1794 forensibus
2138 1774 2144 1792 z
2168 1762 2220 1793 sed

1262 1811 1351 1839 etiam
1371 1808 1407 1838 de
1426 1819 1569 1850 generum
1587 1807 1716 1839 infinitis
1735 1807 1949 1850 quaestionibus
1959 1805 2057 1836 dicere
2067 1826 2075 1839 ,
2095 1804 2217 1834 nullum

1261 1850 1358 1891 potest
1366 1849 1412 1881 ess
1408 1861 1422 1880 e
1433 1861 1526 1892 genus
1534 1853 1689 1885 orationis,
1700 1850 1782 1892 quod
1790 1849 1823 1880 sit
1833 1857 2004 1889 exceptum.
2033 1846 2089 1877 Sed
2099 1845 2119 1875 fi
2131 1846 2216 1876 illam

1260 1903 1382 1934 quoque
1400 1902 1513 1932 partem
1532 1892 1734 1933 quaestionum
1754 1893 1885 1923 5oratori
1902 1890 2046 1920 volumus
2058 1888 2218 1930 adjungere

1260 1945 1376 1975 vagam,
1393 1935 1426 1964 &
1436 1935 1571 1968 liberam,
1586 1935 1618 1964 &
1629 1935 1685 1964 late
1696 1943 1856 1975 patentem,
1868 1941 1900 1963 ut
1911 1932 1947 1962 de
1958 1931 2044 1961 rebus
2054 1930 2156 1963 bonis,
2168 1937 2219 1959 aut

1262 1978 1348 2006 malis
1361 1987 1366 2005 t
1386 1976 1563 2016 expetendis
1574 1996 1582 2008 ‚
1602 1985 1651 2007 aut
1659 1976 1808 2017 fugiendis
1821 1987 1827 2005 2
1847 1973 1992 2006 honestis,
2004 1981 2054 2002 aut
2062 1972 2198 2012 turpibus
2211 1981 2218 2000 :

1263 2018 1388 2048 utilibus
1403 2039 1410 2051 ‚
1423 2027 1473 2048 aut
1482 2018 1642 2048 inutilibus
1656 2029 1660 2047 :
1681 2018 1717 2048 de
1727 2020 1837 2048 virtute
1848 2037 1857 2051 ‚
1877 2016 1914 2047 de
1921 2014 2034 2055 justitia
2044 2034 2052 2048 ‚
2074 2013 2110 2043 de
2120 2016 2220 2044 conti-

1263 2061 1375 2094 nentia,
1387 2060 1423 2090 de
1433 2060 1588 2100 prudentia
1599 2080 1607 2094 ,
1619 2059 1655 2090 (16
1666 2059 1875 2100 magnitudine
1885 2058 1979 2087 animi
1991 2076 1999 2089 ‚
2012 2055 2049 2085 de
2058 2055 2220 2085 liberalita-

1262 2111 1302 2136 te,
1313 2102 1350 2132 de
1359 2103 1476 2141 pietate,
1489 2101 1525 2131 de
1533 2103 1676 2134 amicitia,
1688 2101 1724 2131 de
1735 2101 1803 2133 fide,
1816 2100 1852 2130 de
1862 2097 1964 2129 officio
1975 2117 1982 2130 ,
1995 2097 2031 2127 de
2043 2098 2146 2126 ceteris
2157 2098 2220 2126 vir-

1263 2143 1375 2173 tutibus
1387 2163 1395 2176 ,
1414 2143 1625 2183 contrariisque
1644 2144 1727 2171 vitiis
1738 2162 1746 2175 ‚
1766 2140 1930 2171 dicendum
1941 2140 2047 2168 oratori
2057 2143 2197 2178 putemus
2210 2148 2217 2166 :

1263 2187 1396 2224 itemque
1406 2183 1443 2213 de
1452 2184 1611 2223 republica,
1623 2183 1659 2213 de
1670 2185 1798 2223 imperio
1810 2203 1817 2216 ‚
1830 2182 1866 2212 de
1876 2192 1906 2212 re
1918 2182 2038 2210 militari
2052 2200 2060 2212 ‚
2081 2179 2117 2209 de
2128 2179 2221 2210 disci-

1261 2226 1343 2266 plina
1361 2227 1488 2255 civitatis
1499 2245 1508 2258 ‚
1531 2225 1568 2254 de
1587 2226 1751 2254 hominum
1774 2224 1910 2254 moribus
1922 2233 1926 2252 z
1949 2221 2130 2253 assumamus
2152 2231 2218 2251 eam

1262 2276 1382 2308 quoque
1392 2276 1505 2306 partem
1520 2287 1527 2299 ‚
1545 2266 1593 2296 sed
1605 2268 1644 2296 ita
1655 2287 1663 2300 ,
1676 2275 1708 2296 ut
1719 2265 1752 2296 sit
1763 2265 1972 2306 ctrcumscripta
1981 2263 2111 2293 modicis
2121 2265 2219 2304 regio-

1263 2308 1361 2338 nibus.
1393 2307 1542 2348 Equidem
1561 2310 1666 2338 omnia
1678 2329 1685 2341 ,
1705 2318 1770 2349 quae
1788 2309 1938 2347 pertinent
1947 2306 1982 2337 ad
1993 2305 2080 2335 usum
2089 2306 2217 2338 civium,

1264 2359 1382 2379 morem
1392 2350 1570 2382 hominum,
1583 2359 1648 2390 quae
1657 2351 1807 2380 versantur
1816 2359 1848 2378 in
1858 2347 2073 2379 consuetudine
2083 2348 2151 2377 vitae
2164 2366 2172 2379 ,
2184 2347 2218 2376 in

1263 2393 1376 2421 ratione
1390 2391 1560 2431 reipublice:
1571 2411 1579 2424 ,
1599 2393 1631 2421 in
1641 2393 1694 2421 hac
1704 2392 1839 2421 societate
1849 2390 1932 2420 civili
1944 2410 1953 2423 ,
1973 2391 2006 2419 in
2017 2389 2102 2418 sensu
2113 2389 2218 2418 homi-

1263 2443 1340 2463 num
1350 2435 1509 2463 communi
1520 2453 1528 2466 ,
1541 2435 1573 2462 in
1584 2442 1684 2463 natura
1694 2453 1702 2466 ,
1714 2436 1747 2463 111
1759 2432 1894 2463 moribus
1905 2452 1913 2466 ‚
1935 2429 2219 2470 comprehendenda

1262 2473 1320 2504 ess'e
1330 2477 1438 2504 oratori
1447 2483 1521 2514 puto
1534 2485 1539 2503 ι
1568 2473 1589 2503 fi
1600 2477 1702 2504 minus
1713 2484 1745 2505 ut
1754 2475 1907 2514 separatim
1918 2473 1954 2503 de
1965 2474 2011 2502 his
2020 2472 2107 2502 rebus
2117 2471 2219 2511 philo-

1264 2517 1426 2556 sophorum
1437 2526 1522 2546 more
1530 2516 1704 2555 respondeat
1715 2529 1723 2551 ς
1744 2526 1771 2546 at
1780 2516 1870 2550 certe,
1882 2517 1957 2545 utin
1967 2514 2050 2544 causa
2058 2513 2222 2553 prudenter

1263 2557 1349 2598 poffit
1366 2560 1516 2587 intexere:
1537 2558 1617 2587 hisce
1634 2567 1733 2588 autem
1751 2557 1818 2598 ipfis
1832 2557 1868 2587 de
1882 2556 1969 2587 rebus
1980 2556 2218 2595 utitaloquatur‚

1265 2609 1297 2630 ut
1306 2602 1340 2632 ii,
1353 2602 1403 2641 qui
1412 2600 1486 2639 jura,
1500 2602 1551 2640 qui
1563 2601 1640 2640 leges
1652 2620 1659 2633 ‚
1673 2602 1723 2641 qui
1734 2602 1868 2630 civitates
1877 2597 2094 2629 constituerunt
2106 2616 2115 2630 ,
2126 2597 2218 2626 locuti

2240 1852 2281 1886 16

1264 2642 1331 2671 sunt
1341 2661 1348 2675 ‚
1369 2640 1541 2681 simpliciter
1559 2642 1591 2671 &
1601 2641 1756 2681 splendide
1767 2663 1775 2675 ,
1797 2639 1812 2661 ⁶
1823 2639 1882 2670 sine
1893 2640 1953 2670 ulla
1961 2640 2033 2669 serie
2044 2638 2220 2678 disputatio·
2261 2637 2267 2647 ’

1265 2693 1352 2716 num,
1366 2684 1398 2713 &
1409 2682 1467 2713 sine
1475 2684 1578 2723 jejuna
1585 2685 1805 2714 concertatione
1814 2683 1984 2712 verborum.
2004 2681 2220 2713 Hoclocome-

1264 2735 1321 2766 qua
1337 2723 1371 2754 sit
1382 2725 1540 2755 admiratio
1551 2746 1560 2759 ‚
1582 2723 1602 2754 fi
1614 2734 1659 2756 tot
1668 2745 1676 2759 ,
1696 2733 1903 2765 tantarumque
1913 2731 2013 2753 rerum
2024 2727 2038 2750 7
2049 2722 2132 2752 1111113
2140 2721 2156 2751 a
2167 2730 2218 2750 me

2143 2773 2219 2803 prae-

301 2847 310 2864 1
320 2859 325 2864 .
346 2841 425 2865 Caum
436 2842 502 2874 quasi
510 2841 634 2874 colorari]
646 2842 715 2867 Mire
726 2842 827 2869 6116111111
841 2862 849 2874 ,
861 2842 926 2869 nihil
939 2849 1026 2868 tamen
1039 2842 1139 2868 variant
1151 2841 1217 2867 Pali.

266 2874 314 2914 nisi
325 2875 395 2910 quod
405 2876 504 2911 primus
516 2877 636 2912 presserat
647 2885 760 2909 cantum3
780 2886 887 2915 quintus
900 2880 962 2904 vero
976 2886 1062 2905 totum
1074 2877 1140 2904 istud
1151 2878 1220 2904 omi-

264 2909 327 2936 serit
339 2919 348 2941 3
360 2911 501 2947 habeatque
506 2914 580 2946 sentio
589 2920 712 2938 orationem
723 2916 904 2940 mamiliorum.
924 2915 968 2940 Sed
974 2924 1002 2940 ne
1014 2934 1021 2947 ‚
1032 2916 1082 2945 &a
1093 2913 1162 2950 quod
1174 2922 1221 2939 ex-

265 2946 419 2973 aminabunt
431 2948 567 2974 Ciceronis
578 2957 718 2976 amatore-S.
739 2960 796 2976 nani
817 2951 890 2987 plura
908 2950 965 2977 fimi:
985 2952 1008 2977 ei
1026 2949 1122 2977 adiisti
1141 2950 1200 2976 sunt
1213 2969 1220 2981 ‚

265 2989 346 3022 quam
358 2983 451 3018 vulgus
463 2992 547 3019 putet.
567 2986 609 3011 Sic
619 2984 751 3020 supi-ambi
763 2987 937 3020 est,fludicfim
945 2989 1035 3021 legerim
1047 3007 1054 3018 ‚
1065 2987 1100 3013 est
1111 2987 1137 3013 iu
1148 2986 1220 3013 libris

267 3018 361 3058 nost-ris
371 3021 441 3051 legero
452 3039 459 3051 ‚
471 3021 505 3047 est
517 3023 608 3053 legerem
620 3040 627 3051 ‚
639 3021 674 3047 est
684 3023 752 3055 legere
762 3035 768 3049 :
779 3031 806 3049 ut
817 3022 926 3059 suspicer
937 3023 1005 3056 fere,
1017 3023 1081 3049 duas
1093 3032 1133 3050 eas
1146 3032 1221 3049 roccs

267 3052 369 3080 additas
381 3064 394 3080 u
406 3055 575 3082 librariorum
586 3066 674 3083 manu.
1040 3057 1043 3059 1

303 3098 331 3115 2.
349 3093 466 3124 ‘Pi-acepta
477 3111 485 3123 ‚
504 3092 649 3127 admonita]
671 3093 814 3120 Lambinus
830 3094 973 3131 publicavit
985 3115 992 3126 ‚
1011 3097 1110 3121 monita.
1132 3103 1222 3121 verum

265 3125 383 3167 retinent
393 3126 505 3168 alterum
517 3137 608 3157 omnes
619 3129 786 3160 membranae.
806 3131 968 3160 Gulielmius
986 3131 1162 3168 conjiciebat,
1182 3138 1224 3158 aut

266 3169 365 3189 menlta-
383 3172 435 3190 non
446 3170 546 3201 llJCPtG·
1186 3182 1188 3184 ’

1300 2849 1326 2876 3.
1345 2842 1401 2866 Solis
1411 2841 1568 2875 magnitudo]
1580 2841 1636 2868 Pal.
1647 2851 1687 2877 pr.
1699 2841 1748 2867 sec.
1761 2841 1826 2867 item
1838 2839 1960 2867 Memmii
1969 2837 2179 2866 membranaceus
2190 2844 2220 2862 ac

1265 2877 1395 2909 Pitli.fi›l1.s
1400 2878 1529 2909 plenitudo.

1297 2921 1325 2946 4.
1343 2913 1449 2946 ‘Pi-›fimis
1466 2922 1522 2939 mne
1532 2913 1618 2947 simu]
1639 2913 1681 2939 Sic
1690 2912 1836 2939 Lambinus
1850 2930 1858 2943 ,
1876 2909 1950 2937 libris
1962 2910 2039 2937 utait
2049 2907 2220 2936 reclamanti-

1262 2949 1320 2976 bus.
1343 2960 1393 2976 non
1406 2949 1508 2985 sequor.

1300 2995 1325 3019 5.
1344 2989 1439 3011 Orator-l
1447 2988 1557 3011 volumus
1565 2984 1714 3019 adiungere]
1726 2983 1783 3010 Pal.
1794 2992 1834 3020 pr.
1844 2983 1941 3008 oratoris
1952 2983 1991 3015 ‘'ffi'
2000 2983 2119 3011 volumus,
2129 2980 2219 3014 adjun-

1257 3031 1346 3055 gemus.
1367 3022 1394 3047 &
1407 3022 1469 3048 vero
1481 3020 1548 3047 illud
1566 3021 1723 3055 aiffmigamus
1736 3039 1743 3051 ‚
1762 3020 1845 3046 exstat
1856 3019 1920 3045 item
1932 3018 1957 3044 in
1970 3017 2027 3044 Pal.
2038 3016 2087 3043 sec.
2106 3017 2133 3042 ὅ(
2144 3014 2217 3043 Pith-

1264 3067 1322 3084 nam
1335 3058 1446 3083 Momm.
1457 3056 1604 3083 membran.
1615 3057 1779 3090 adjungamus.

1298 3094 1326 3119 6.
1344 3096 1398 3119 Sine
1407 3094 1520 3126 »suaserit
1529 3093 1721 3126 disputationum,
1731 3090 1798 3125 ἐφη]
1815 3090 1944 3127 Qinque
1954 3089 1992 3115 ha:
2004 3098 2079 3115 voces
2089 3097 2141 3116 non
2153 3096 2217 3114 coii-

1264 3130 1406 3167 sp'ic'iuutui·
1415 3130 1440 3156 in
1453 3128 1519 3156 Pau.
1530 3128 1631 3155 duobus
1643 3128 1708 3159 illis,
1718 3134 1763 3154 aut
1772 3127 1902 3153 alterutro
1912 3125 2059 3152 Gallicano.

1299 3174 1326 3202 7.
1347 3168 1421 3194 Nulla
1430 3166 1446 3193 ὰ
1456 3171 1609 3200 mepraecepta
1614 3163 1757 3199 ponentur]
1770 3161 1909 3200 :Qadriga
1917 3161 2008 3191 eadem
2014 3168 2140 3196 putentur.
2156 3192 2224 3231 'Pff

2130 3204 2141 3224 1
2149 3216 2155 3224 .
2187 3205 2197 3221 o
2216 3206 2229 3223 e
