2297 3389
682 125 938 173 L13.1V.
994 124 1061 174 tn
1105 129 1162 176 C.
1198 128 1486 180 VERREM.

1996 149 2091 198 307

133 208 323 253 praedonibus
333 211 438 239 vexata
445 202 503 236 esse
512 201 656 234 videatur.
681 205 849 252 Pugna'erat
860 205 1088 253 equest1·is·Aga-
1130 207 1183 238 iste
1193 209 1235 239 est
1245 229 1252 242 ‚
1274 221 1338 241 non
1352 211 1455 241 sumus
1465 232 1473 245 ,
1494 220 1554 243 tam
1566 211 1685 243 delicati
1704 210 1761 243 effe
1779 221 1842 244 non
1853 212 2026 254 possumus:
2048 215 2084 246 si-

133 254 242 284 thoclis
252 253 328 293 regis
339 252 373 280 in
382 247 488 280 tabulis
496 244 722 294 pil-Ikapraeclare
734 256 739 275 ε
753 247 910 294 hisautem
922 248 1029 295 tabulis
1039 259 1087 278 in-
1129 251 1248 297 quando
1258 253 1370 293 aliquid
1381 253 1550 284 istiusmodi
1560 254 1661 302 videi-e
1670 256 1762 289 volet,
1773 265 1819 303 eat
1828 257 1862 286 ad
1872 258 1966 287 aedem
1979 259 2087 288 Felici—

131 297 254 326 teriores
264 292 368 332 templi
377 291 498 332 parietes
507 287 717 318 vestlebantur·
749 288 828 318 nihll
847 298 907 319 emt
923 298 957 319 ea
972 288 1087 329 Pststura
1129 299 1193 321 tatis
1206 313 1214 325 ‚
1237 293 1272 323 ad
1290 304 1530 327 monumentum
1540 297 1656 330 Catuli,
1676 299 1873 337 inporticum
1884 299 2017 329 Metelli:
2036 299 2087 331 det

130 336 282 368 nobilius:
299 333 377 364 nihil
387 329 529 371 Syracusis
540 350 548 364 ‚
560 329 642 371 quod
652 331 746 371 magis
756 330 913 361 visendum
924 339 1081 370 putaretur.

131 380 184 409 has
195 376 304 409 tabulas
315 377 358 404 M.
369 372 528 403 Marcellus
538 392 546 405 ,
560 371 632 402 cum
642 374 747 402 omnia
759 372 810 402 illa
820 370 945 401 wavria
956 372 1083 413 suapro-

119 420 198 460 fana.
207 416 330 458 fecfflt,
351 423 452 446 tamen
470 414 616 454 religione
627 413 791 454 impeditus
801 423 866 444 non
882 415 985 455 attigit.
1009 413 1063 444 iste
1074 435 1082 448 ‚

127 460 200 492 cum
210 459 260 489 illa
266 459 339 497 jam,
349 465 467 497 propter
475 455 648 485 diuturnam
659 465 772 495 pacem,
784 453 1018 497 fidelitatemque
1028 465 1084 495 po-

125 502 190 542 puli
199 499 386 540 Syracusani,
405 498 479 528 sacra
489 517 498 530 ‚
513 497 706 537 religiosaque
716 495 868 536 accepisset
878 517 886 531 ,
902 498 1023 527 omneis
1034 507 1081 528 eas

126 542 238 573 tabulas
247 539 383 571 abstulit:
404 541 526 578 parietes
536 559 544 571 ,
557 548 686 579 quorum
698 547 817 569 ornatus
829 547 873 569 tot
882 539 985 569 saecula
995 549 1081 569 man-

125 583 198 615 serat
208 603 216 616 ,
230 590 275 612 tot
284 582 360 612 bella
369 580 510 622 effugerat
518 600 526 614 ‚
547 579 643 610 nudos
652 590 684 610 ac
694 579 876 611 deformatos
886 581 1019 621 reliquit.
1044 583 1082 611 Et

125 624 285 656 Marcellus
294 643 303 657 ,
314 625 384 665 qui,
400 622 420 654 si
429 623 579 663 Syracusas
589 620 726 662 cepisset,
738 621 800 652 duo
811 622 923 662 templa
932 623 959 652 se
970 625 1078 653 Romae

121 666 328 697 dedicaturum
337 674 459 695 voverat
469 685 477 697 ‚
489 664 520 694 id
533 685 541 697 ,
553 664 635 704 quod
644 672 703 694 erat
712 662 918 696 aedificaturus,
935 664 981 693 his
991 663 1078 694 rebus

123 717 229 738 ornare
239 727 248 740 ,
259 717 329 748 quas
340 715 468 747 ceperat,
481 706 594 735 noluit:
611 707 715 734 Verres
725 725 732 738 ‚
743 707 795 745 qui
806 715 869 735 non
877 706 982 734 Honori
994 725 1002 739 ‚
1022 716 1077 735 ne-

123 759 181 791 que
190 751 319 782 Virtuti,
335 758 368 779 ut
377 749 429 778 ille
438 768 447 782 ‚
460 747 508 778 sed
520 746 630 780 Veneri,
646 746 679 776 &
691 746 821 787 Cupidini
829 755 899 777 vota
908 746 1036 781 deberet,
1052 748 1078 776 is

62 808 71 813 -
91 816 94 817 γ
121 793 269 821 Minervae
279 791 428 831 templum
441 789 564 829 spoliare
580 796 702 818 conatus
720 786 772 817 est.
795 788 847 817 ille
859 788 930 818 deos
948 788 1075 819 deorum

121 833 226 873 spoliis
236 842 340 862 ornare
351 832 465 862 noluit:
481 831 530 860 hic
548 838 722 859 ornamenta
734 831 880 860 Minerva:
899 832 1025 872 virginis
1043 832 1076 860 in

122 876 321 905 meretriciam
330 873 458 904 domum
469 870 624 902 transtulit.
647 872 775 912 Viginti,
791 871 824 901 δε
835 872 945 911 septem
957 880 1076 911 praeter-

121 926 155 946 ea
173 916 284 946 tabulas
302 912 504 955 pulcherrime
522 911 614 952 pietas
629 921 668 942 ex
684 912 789 942 eadem
808 912 869 942 κᾶε
889 912 1022 943 sustulit:
1042 915 1075 943 in

121 957 229 998 quibus
239 966 319 987 erant
328 956 462 996 imagines
471 954 572 985 Sicilia
581 964 687 994 regum,
697 964 730 983 ac
744 959 1002 997 tyrannorum,quae
1013 965 1075 985 non

121 998 223 1030 solum
245 997 397 1038 pkstorum
414 995 541 1027 artificio
554 995 754 1030 delcetabant,
778 996 827 1026 sed
837 998 927 1026 etiam
936 1006 1073 1026 comme-

76 1054 79 1055 ⁷
121 1042 291 1071 moratione
299 1041 475 1072 hominum,
486 1038 518 1068 δε
526 1039 703 1078 cognitione
711 1036 888 1068 formarum.
912 1041 956 1068 Ac
965 1038 1074 1072 videte,

122 1090 234 1123 quanto
245 1083 357 1112 taetrioi·
367 1081 416 1111 hic
427 1089 568 1121 tyrannus
577 1079 771 1118 Syracusanus
778 1079 880 1113 fuerit,
893 1080 985 1121 quam
995 1081 1075 1121 quis—

123 1133 214 1164 quam
232 1123 436 1163 superiorum:
457 1120 529 1152 cum
542 1121 586 1150 illi
601 1130 704 1151 tamen
721 1122 856 1151 ornarint
873 1123 983 1162 templa
1001 1122 1076 1152 deo-

123 1174 192 1195 rum
201 1164 424 1194 immortalium
436 1174 441 1192 :
461 1164 510 1193 hic
520 1164 610 1193 etiam
620 1163 748 1193 deorum
761 1172 962 1194 monumenta
970 1184 978 1197 ,
987 1173 1075 1204 atque

57 1209 106 1250 56
123 1214 298 1237 ornamenta
306 1205 462 1236 sustulerit.
493 1206 560 1246 Jam
577 1202 649 1233 vero
667 1204 741 1245 quid
757 1214 812 1245 ego
829 1204 866 1234 de
883 1205 976 1234 valvis
993 1206 1076 1236 illius

121 1248 229 1288 templi
240 1251 504 1278 commemorem?
524 1256 649 1279 vereor,
660 1256 698 1276 ne
708 1247 770 1276 haec
779 1247 832 1286 qui
843 1256 908 1277 non
917 1247 1057 1277 viderunt
1066 1267 1074 1281 ,

120 1292 228 1320 omnia
245 1299 295 1319 me
308 1291 402 1319 nimis
417 1298 538 1329 augere,
559 1297 644 1328 atque
662 1297 766 1317 ornare
779 1287 973 1318 arbitrentur:
991 1289 1073 1330 quod

119 1340 223 1361 tamen
235 1340 330 1361 nemo
342 1331 477 1370 suspicari
487 1329 592 1361 debet,
613 1333 622 1347 ¹
635 1337 695 1359 tam
713 1327 771 1359 effe
791 1339 840 1358 me
857 1331 1003 1369 cupidum
1015 1350 1023 1364 ,
1042 1339 1075 1360 ut

120 1381 166 1403 tot
173 1374 254 1403 viros
263 1374 420 1412 primarios
430 1372 522 1401 velim
535 1391 544 1403 ‚
555 1371 718 1409 praeseitim
728 1380 766 1400 ex
773 1370 912 1410 judicum
923 1381 1053 1402 numero
1064 1391 1072 1405 ,

118 1416 171 1455 qui
181 1412 324 1454 Syracusis
331 1412 444 1443 fuerint
453 1432 462 1446 ,
481 1414 534 1453 qui
543 1413 606 1442 haec
615 1411 747 1442 viderint
756 1432 764 1446 ,
781 1410 838 1441 ess‘e
848 1415 1025 1447 temeritati,
1038 1413 1072 1443 &

119 1455 278 1486 mendacio
287 1465 358 1486 meo
366 1454 512 1485 conscios.
536 1452 723 1484 confirmare
733 1455 791 1483 hoc
798 1453 917 1494 liquido
927 1475 935 1488 ‚
944 1455 1070 1494 judices,

119 1496 239 1538 poffum
250 1517 259 1530 ,
279 1497 377 1527 valvas
394 1494 666 1538 magnificentiores
676 1515 685 1530 ,
705 1505 744 1525 ex
763 1503 834 1525 auro
845 1516 853 1529 ,
877 1505 964 1537 atque
982 1497 1071 1527 ebore

116 1537 308 1580 perfeffiores
324 1538 422 1569 nullas
439 1547 583 1578 umquam
602 1540 615 1557 ²
625 1538 688 1567 ullo
699 1537 814 1577 templo
823 1536 919 1567 fuiffe.
940 1538 1070 1568 incredi-

117 1581 178 1611 bile
186 1580 268 1610 di&u
277 1579 320 1610 est
330 1600 338 1614 ‚
358 1579 448 1621 quam
461 1580 550 1609 multi
559 1581 654 1609 Graeci
664 1578 701 1609 de
708 1579 863 1609 valvarum
881 1581 985 1610 harum
1002 1581 1070 1620 pul-

113 1622 284 1653 chritudine
293 1622 435 1662 scriptum
445 1621 628 1662 reliquerint.
651 1620 789 1651 nimium
807 1619 929 1651 forsitan
946 1623 1008 1652 haec
1024 1622 1071 1651 illi

115 1666 280 1697 mirentur,
297 1672 382 1704 atque
391 1662 520 1694 efferant.
544 1662 624 1692 esto:
643 1671 854 1692 verumtamen
864 1663 1019 1693 honestius
1029 1662 1071 1694 est

116 1707 190 1746 reip.
200 1704 308 1735 nostrae
317 1725 325 1739 ,
333 1705 449 1745 judices
460 1725 468 1739 ,
480 1714 513 1735 ea
525 1724 533 1738 ,
541 1714 608 1746 quae
622 1704 682 1734 illis
692 1704 813 1744 pulchra
822 1703 879 1734 effe
889 1705 1047 1735 videantur
1055 1724 1064 1739 ,

116 1749 328 1788 imperatorem
338 1746 474 1777 nostrum
485 1748 518 1776 in
529 1745 593 1776 bello
603 1744 856 1787 reliquiffe‚quam
868 1756 1024 1786 praetorem
1036 1748 1069 1778 in

111 1797 180 1831 pace
187 1786 344 1819 abstuliffe.
367 1791 414 1819 Ex
423 1789 512 1819 ebore
520 1786 744 1829 diligentissime
759 1787 1071 1830 perfe&aargumenta

113 1838 197 1862 erant
210 1832 244 1860 in
252 1830 355 1860 valvis.
377 1840 410 1860 ea
418 1829 596 1860 detrahenda
604 1831 716 1860 curavit
726 1832 841 1860 omnia.
865 1832 995 1871 Gorgonis
1017 1834 1028 1858 3
1040 1841 1066 1860 os

113 1873 353 1912 pulcherrimum
363 1890 372 1905 ,
382 1873 526 1902 crinitum
536 1872 682 1913 anguibus
692 1891 700 1905 ,
718 1872 837 1901 revellit
846 1892 855 1905 ,
871 1881 957 1913 atque
967 1871 1067 1903 abstu-

113 1915 167 1944 lit:
184 1913 327 1944 &tamen
336 1913 479 1943 indicavit
489 1934 498 1947 ,
518 1913 547 1943 se
561 1923 624 1943 non
634 1912 735 1942 solum
746 1911 871 1943 artificio
882 1933 890 1947 ‚
909 1914 958 1944 sed
975 1915 1066 1944 etiam

113 1956 229 1996 pretio,
250 1953 420 1995 quaestuque
436 1954 515 1984 duci.
537 1964 608 1984 nam
617 1954 712 1984 bullas
721 1964 819 1984 aureas
828 1957 948 1985 omneis
965 1965 1003 1985 ex
1020 1956 1068 1985 his

113 1997 227 2030 valvis,
239 2006 303 2037 quae
313 1996 547 2026 erant&mu1tae
556 2015 565 2028 ‚
586 1995 618 2026 &
628 2005 744 2037 graves,
767 2005 831 2025 non
849 1995 998 2027 dubitavit
1012 2006 1065 2026 au-

112 2037 205 2068 ferre:
223 2047 350 2078 quarum
361 2037 414 2067 iste
424 2047 487 2067 non
496 2044 570 2079 opere
577 2036 777 2067 delestabatur
786 2057 794 2071 ,
807 2037 855 2067 sed
863 2038 984 2079 pondere.
1008 2040 1065 2068 Ita—

113 2089 173 2120 que
189 2078 340 2118 ejusmodi
350 2079 449 2108 valvas
461 2080 599 2120 reliquit,
619 2087 668 2112 ut,
689 2088 754 2119 quae
763 2080 839 2108 olim
850 2079 884 2109 ad
896 2079 1065 2110 ornandum

113 2121 266 2161 templum
276 2129 359 2150 erant
368 2120 503 2150 maxime
515 2141 523 2154 ‚
543 2130 625 2150 nunc
633 2129 751 2150 tantum
767 2121 801 2150 ad
813 2120 1014 2151 claudendum
1024 2120 1068 2151 fa-

113 2161 170 2192 &ae
181 2160 239 2192 effe
248 2162 414 2192 videantur.
446 2163 585 2192 Etiamne
598 2163 759 2202 gramineas
772 2161 881 2197 hastas?
901 2163 965 2192 vidi
974 2165 1066 2192 *enim

112 2213 170 2234 vos
179 2206 212 2234 in
222 2205 280 2234 hoc
289 2212 353 2233 non
363 2203 494 2233 minime
505 2223 513 2237 ,
524 2202 596 2233 curn
607 2203 692 2233 testes
703 2203 836 2233 dicerent
845 2224 853 2237 ‚
865 2207 1065 2239 commoveri,
1087 2228 1088 2245 3

114 2245 199 2287 quod
208 2254 290 2275 erant
299 2244 490 2285 hujusmodi,
512 2253 544 2274 ut
554 2246 645 2274 semel
656 2243 759 2274 vidisse
770 2246 837 2275 satis
847 2244 932 2275 effer:
954 2248 986 2275 in
996 2248 1066 2286 qui-
1086 2251 1088 2282 <¹

115 2287 170 2318 bus
180 2297 277 2328 neque
286 2296 379 2316 manu
387 2285 501 2316 fastum
512 2286 689 2327 quidquam,
701 2296 798 2327 neque
806 2287 998 2326 pulchritudo
1009 2296 1068 2317 erat
1086 2289 1088 2310 ἵ

113 2329 172 2359 ulla
181 2349 190 2363 ,
203 2329 252 2359 sed
262 2337 378 2358 tantum
390 2328 568 2369 magnitudo
581 2328 779 2361 incredibilis,
794 2329 831 2358 de
841 2339 900 2369 qua
909 2329 956 2358 vel
965 2329 1067 2359 audire
1086 2330 1087 2339 ¹

114 2371 180 2401 satis
190 2369 276 2400 effet:
295 2371 428 2400 nimium
439 2390 447 2403 ‚
459 2369 560 2399 videre
569 2370 635 2410 plus
645 2390 652 2403 ,
665 2370 757 2411 quam
768 2370 871 2400 semel.
896 2372 1026 2400 etiamne
1035 2370 1065 2401 id
1085 2362 1087 2378 ¹

52 2418 96 2454 57
114 2411 296 2452 concupisti?
315 2414 395 2441 Nam
405 2412 512 2453 Sappho
523 2431 531 2445 ,
545 2421 611 2452 quae
619 2412 729 2443 sublata
742 2411 778 2441 de
788 2421 929 2452 prytaneo
941 2411 983 2442 est
992 2432 1000 2445 ,
1016 2412 1065 2442 dat
1084 2405 1087 2424 ⁹

112 2453 168 2484 tibi
182 2453 292 2494 justam
309 2454 531 2483 excusatior-iem
543 2472 551 2486 ,
568 2453 659 2492 prope
671 2462 704 2483 ut
713 2453 941 2483 concedendum
952 2474 960 2486 ‚
978 2463 1065 2494 atque

111 2494 327 2537 ignoscendum
337 2493 395 2524 effe
404 2495 547 2525 videatur.
556 2495 718 2525 Silanionis
728 2505 803 2534 opus
812 2504 871 2525 tam
882 2494 1062 2535 perse&um‚
1082 2532 1084 2540 γ

113 2546 173 2567 tam
183 2537 298 2578 elegans
307 2556 315 2570 ,
326 2545 386 2567 tam
398 2536 581 2566 elaboratum
592 2556 600 2570 ‚
612 2538 768 2578 quisquam
780 2546 844 2566 non
856 2536 951 2567 modo
961 2538 1062 2577 priva-

110 2587 179 2613 tus,
199 2578 247 2608 sed
257 2578 375 2620 populus
392 2578 494 2617 potius
512 2578 649 2611 haberet,
666 2578 757 2619 quam
770 2579 866 2608 homo
885 2577 1062 2619 elegantissi-

114 2630 182 2650 mus
191 2640 198 2654 ,
209 2629 236 2650 at
259 2630 296 2649 ue
305 2618 516 2649 eruditiffimus
524 2623 629 2649 Verres
641 2624 653 2649 ?
672 2621 821 2649 nimirum
831 2620 934 2650 contra
943 2620 1003 2650 dici
1014 2622 1062 2650 ni-

111 2662 155 2691 hil
164 2630 268 2702 potest.
279 2659 416 2692 nostrum
427 2663 511 2691 enim
521 2662 791 2702 unusquisque-,qui
802 2671 861 2691 tam
872 2661 959 2695 beati,
969 2661 1061 2702 quam

1127 341 1266 370 operam,
1288 336 1504 368 utadmittatur
1524 340 1558 369 in
1577 338 1702 375 alicuius
1720 338 1846 370 istorum
1858 341 2078 372 Tusculanum:

1125 376 1141 399 4
1153 374 1262 413 spectet
1278 376 1379 407 forum
1397 388 1536 410 ornatum
1548 401 1555 414 ‚
1578 379 1680 422 siquid
1692 380 1745 411 iste
1759 382 1882 412 suorum
1901 382 2022 411 aedilibus
2031 394 2082 412 ac-

1124 416 1330 446 commodavit:
1348 422 1454 450 Verres
1472 423 1533 452 haec
1543 423 1761 454 habeatdomi?
1779 426 1884 454 Verres
1895 427 2082 456 ornamentis

1129 454 1267 487 fanorum
1277 478 1286 491 ,
1308 469 1394 500 atque
1403 463 1584 501 oppidorum
1595 464 1698 494 habeat
1705 465 1824 504 plenam
1835 465 1963 496 domurn
1976 487 1984 500 ‚
1997 468 2081 496 villas

1124 497 1260 536 refertas?
1279 502 1418 531 Etiamne
1430 505 1518 542 hujus
1529 507 1655 544 operarii
1668 505 1762 536 studia
1771 527 1779 540 ,
1799 517 1831 537 ac
1841 507 1961 538 delicias
1973 529 1980 541 ,
1999 508 2083 547 judi-

1122 549 1169 569 ces
1180 559 1188 572 ,
1200 539 1369 579 perferetis?
1391 546 1441 583 qui
1454 547 1492 574 ita
1502 556 1587 576 natus
1598 546 1639 576 est
1649 566 1657 580 ‚
1670 549 1708 577 ita
1721 547 1860 578 educatus
1871 569 1878 582 ‚
1892 551 1932 579 ita
1942 548 2036 580 faetus
2048 551 2082 581 δε

1121 582 1237 615 animo,
1251 583 1284 612 &
1294 593 1428 623 corpore,
1442 596 1474 615 ut
1485 588 1582 617 multo
1592 588 1752 627 appositior
1759 589 1793 619 ad
1804 589 1971 625 deferenda,
1986 591 2079 632 quam

1120 621 1156 652 ad
1167 622 1328 654 auferenda
1338 624 1415 666 signa
1426 625 1482 656 effe
1492 626 1635 658 videatur.
1668 633 1763 671 Atque
1774 632 1835 661 haec
1843 634 1958 672 Sappho
1969 633 2080 664 sublata

1120 673 1266 704 quantum
1283 665 1461 697 desiderium
1479 669 1521 698 sui
1536 671 1707 710 reliquerit,
1727 672 1787 702 dici
1803 675 1856 703 vix
1871 674 1976 714 potest.
1999 685 2075 707 narn

1119 705 1191 735 cum
1203 707 1264 746 ipsa
1274 706 1333 737 fuit
1341 710 1457 749 egregit}
1467 710 1543 741 fasta
1553 731 1561 744 ,
1584 720 1648 741 tum
1664 715 1846 754 epigramma
1853 717 1992 746 Graecum
2010 726 2079 757 per-

1120 747 1224 777 nobile
1234 750 1363 779 incisum
1374 751 1478 781 habuit
1488 754 1520 781 in
1531 751 1588 782 basi
1597 772 1605 786 ‚
1620 754 1701 794 quod
1714 754 1766 784 iste
1776 756 1908 786 eruditus
1923 759 2029 792 homo,
2041 758 2075 789 δε

1119 790 1290 823 Graeculus,
1307 793 1358 831 qui
1372 793 1435 822 haec
1446 793 1592 824 subtiliter
1603 795 1713 834 judicat
1724 816 1731 828 ,
1746 799 1796 837 qui
1810 798 1887 827 solus
1910 800 2073 841 intelligit,

1112 830 1141 870 fi
1151 841 1237 860 unam
1250 831 1376 862 litteram
1387 835 1605 874 Graecamsctffir
1615 855 1623 869 ,
1640 845 1716 866 certe
1730 847 1793 867 non
1803 838 1967 869 sustulisset.
1993 851 2074 871 nunc

1117 874 1200 902 enim
1215 873 1296 914 quod
1305 875 1482 915 inscriptum
1493 876 1535 906 est
1544 879 1627 907 inani
1637 880 1669 907 in
1679 876 1736 907 bisi
1746 898 1753 911 ‚
1766 878 1908 914 declarat,
1920 882 1992 921 quid
2008 881 2074 912 fue·

1117 915 1173 946 rit,
1195 915 1228 944 δε
1247 915 1277 945 id
1297 916 1428 947 ablatum
1448 918 1566 949 indicat.
1599 919 1828 961 Qid?ssgnum
1841 924 1939 950 Ficana
1955 933 1992 953 ex
2009 924 2072 954 aede

1119 956 1281 996 AEsculapii
1291 959 1425 997 praeclare
1438 958 1550 989 fastum
1561 980 1568 993 ,
1595 960 1707 991 sacrum
1719 982 1726 995 ,
1751 962 1783 991 &
1794 963 1965 1003 religiosum
1978 986 1985 996 ,
2007 975 2071 995 non

1118 996 1283 1028 sustulisti?
1311 1000 1392 1039 quod
1416 1011 1525 1031 omnes
1543 1011 1662 1041 propter
1679 1003 1935 1043 pulchritudinem
1955 1005 2047 1036 visere
2059 1027 2068 1040 .

1116 1048 1237 1078 propter
1254 1040 1434 1080 religionem
1443 1043 1541 1073 colere
1555 1044 1698 1074 solebant.
1729 1044 1810 1087 Qid
1823 1048 1832 1073 ?
1849 1055 1887 1075 ex
1897 1046 1957 1076 aede
1968 1048 2071 1077 Liberi

1111 1080 1297 1120 simulacrum
1309 1082 1422 1119 „Aristei
1442 1095 1507 1114 non
1525 1094 1576 1115 tuo
1594 1087 1723 1126 imperio
1741 1087 1838 1126 palam
1855 1087 1987 1118 ablatum
2007 1089 2071 1119 est?

1116 1122 1219 1162 Qid?
1241 1133 1280 1153 ex
1297 1124 1359 1155 aede
1376 1127 1463 1167 Jovis
1481 1126 1731 1167 religiosiffimum
1751 1127 1942 1160 simulacrum
1961 1133 1973 1157 ἴ
1986 1130 2069 1169 Jovis

1116 1165 1286 1204 imperatoris
1296 1186 1304 1198 ,
1320 1176 1411 1207 quein
1422 1169 1617 1198 GraeciUrion
1633 1171 1803 1203 nominant,
1817 1171 2018 1210 pulcherrime
2028 1171 2072 1202 fa-

1118 1204 1202 1235 &um
1214 1226 1222 1238 ,
1244 1217 1349 1237 nonne
1368 1208 1533 1239 abstulisti?
1552 1210 1654 1251 Qid?
1671 1209 1734 1240 ⁶ex
1752 1211 1814 1241 aede
1824 1212 1926 1242 Liberi
1942 1223 2069 1253 parvum

1118 1247 1191 1277 illud
1204 1250 1534 1289 caputpulcherrimum
1547 1272 1555 1285 ‚
1576 1252 1657 1292 quod
1675 1253 1767 1282 visere
1784 1253 1951 1284 solebamus
1962 1275 1970 1288 ,
1992 1265 2069 1286 num

1116 1288 1255 1320 dubitasti
1275 1291 1398 1320 tollere?
1416 1297 1512 1333 Atque
1531 1294 1582 1323 ille
1600 1296 1684 1323 Paean
1696 1292 1846 1324 sacrificiis
1861 1297 2071 1327 anniversariis

1116 1328 1204 1360 simul
1216 1341 1285 1361 cum
1298 1334 1467 1373 AEsculapio
1476 1334 1552 1374 apud
1563 1335 1633 1365 illos
1645 1335 1805 1366 colebatur.
1829 1336 1964 1367 Aristeus
1973 1358 1981 1371 ,
1993 1341 2065 1379 qui,

1115 1380 1147 1400 ut
1157 1374 1254 1403 Graeci
1263 1372 1382 1408 ferunt,
1403 1376 1504 1405 Liberi
1515 1375 1608 1410 filius,
1633 1380 1774 1407 inventor
1789 1378 1849 1408 olei
1868 1377 1925 1409 effe
1939 1379 2065 1414 dicitur,

1115 1413 1173 1443 una
1182 1424 1252 1444 cum
1260 1416 1372 1446 Libero
1381 1426 1460 1456 patre
1470 1418 1547 1458 apud
1557 1418 1626 1448 illos
1636 1418 1745 1449 eodem
1756 1421 1856 1450 eratin
1866 1421 1981 1461 templo
1992 1431 2065 1451 con-

1114 1454 1248 1485 secratus.
1269 1458 1381 1498 Jovem
1391 1467 1490 1489 autem
1502 1461 1713 1499 imperatorem
1723 1470 1834 1502 quanto
1844 1463 1959 1492 honore
1970 1464 2002 1492 in
2013 1464 2065 1494 suo
2092 1473 2103 1479 ·

1114 1497 1229 1536 templo
1239 1496 1327 1528 fuiffe
1336 1499 1541 1530 arbitramini?
1552 1503 1624 1532 hinc
1633 1502 1774 1544 colligere
1783 1503 1906 1542 potestis
1917 1524 1924 1538 ,
1938 1502 1958 1533 si
1967 1514 2066 1534 recor-

1111 1538 1173 1568 dari
1183 1540 1337 1570 volueritis
1348 1561 1356 1575 ,
1369 1551 1476 1582 quanta
1487 1543 1633 1584 religione
1642 1542 1845 1579 fuersteadem
1857 1545 1950 1585 specie
1959 1566 1967 1580 ,
1979 1555 2065 1587 atque

1111 1579 1209 1611 forma
1225 1579 1342 1623 signum
1361 1583 1437 1613 illud
1448 1604 1457 1617 ‚
1477 1585 1559 1624 quod
1567 1595 1605 1614 ex
1617 1585 1795 1616 Macedonia
1806 1595 1923 1626 captum
1934 1589 1966 1617 in
1978 1590 2065 1628 Capi—

1111 1622 1189 1652 tolio
1205 1624 1341 1662 posuerat
1349 1625 1550 1655 Flamininus.
1574 1629 1695 1656 Etenim
1708 1629 1761 1657 tria
1768 1626 1938 1658 ferebantur
1953 1631 1986 1659 in
1995 1631 2066 1660 orbe

1110 1673 1253 1694 terrarum
1265 1663 1344 1705 figna
1351 1667 1437 1707 Jovis
1456 1669 1642 1707 imperatoris
1653 1679 1705 1697 uno
1717 1670 1745 1698 in
1754 1679 1851 1709 genere
1866 1671 2068 1710 pulcherrimi:

1110 1704 1205 1736 saeba:
1223 1716 1320 1736 unum
1329 1708 1406 1738 illud
1418 1709 1650 1740 Macedonicum
1660 1730 1669 1743 ‚
1691 1712 1771 1751 quod
1781 1713 1814 1740 in
1823 1713 1972 1751 Capitolio
1983 1713 2067 1743 vide-

1114 1757 1201 1777 mus:
1219 1748 1343 1778 alterum
1362 1751 1395 1780 in
1406 1753 1495 1781 Ponti
1511 1761 1560 1781 ore
1571 1771 1579 1784 ,
1599 1751 1799 1793 &angustiisz
1819 1756 1941 1784 tertium
1952 1774 1960 1787 ,
1983 1755 2066 1796 quod

1114 1788 1258 1829 Syracusis
1267 1800 1333 1821 ante
1344 1794 1467 1822 Verrem
1478 1802 1634 1833 praetorem
1644 1793 1711 1824 fuit.
1734 1794 1810 1824 illud
1822 1795 2011 1826 Flamininus
2028 1799 2066 1826 ita

1113 1841 1152 1861 ex
1161 1831 1224 1861 aede
1234 1832 1282 1862 sua
1291 1831 1408 1863 sustulit
1417 1853 1425 1867 ,
1442 1837 1517 1864 utin
1528 1835 1687 1874 Capitolio,
1701 1836 1757 1865 hoc
1766 1835 1818 1869 est,
1831 1837 1863 1866 in
1873 1837 2000 1867 terrestri
2010 1838 2067 1868 do-

1114 1873 1232 1902 micilio
1239 1874 1325 1914 Jovis
1333 1884 1468 1914 poneret.
1483 1876 1574 1918 Qiod
1584 1885 1683 1906 autem
1694 1876 1736 1906 est
1744 1876 1778 1906 ad
1787 1879 1945 1908 introitum
1956 1882 2044 1909 Ponti
2055 1891 2065 1914 5

1112 1914 1153 1948 id,
1170 1913 1241 1944 cum
1251 1923 1311 1945 tam
1323 1917 1418 1946 multa
1426 1927 1465 1947 ex
1478 1918 1534 1947 illo
1548 1920 1620 1947 mari
1631 1918 1706 1947 bella
1714 1919 1898 1953 emerserint,
1913 1928 1973 1950 tam
1984 1922 2067 1951 mul-

1115 1964 1142 1985 ta
1151 1954 1241 1995 porro
1255 1958 1288 1986 in
1297 1960 1429 1987 Pontum
1440 1958 1559 1988 inve&a
1568 1958 1624 1988 sint
1633 1978 1641 1992 ,
1660 1960 1750 2000 usque
1759 1959 1794 1990 ad
1809 1961 1884 1990 hanc
1893 1961 1975 1991 diem
1990 1963 2065 1991 inte-

1110 2007 1198 2037 grum
1207 2017 1215 2031 ‚
1227 1997 1453 2040 inviolatumque
1465 2001 1611 2030 servatum
1622 1999 1674 2030 cst.
1691 2003 1761 2031 Hoc
1769 2003 1901 2036 tertium,
1913 2004 1994 2043 quod
2005 2012 2064 2034 emt

1114 2037 1257 2078 Syiacusis
1267 2059 1275 2072 ‚
1286 2040 1366 2080 quod
1378 2043 1421 2070 M.
1433 2041 1605 2075 Marcellus,
1619 2051 1746 2072 armatus
1759 2043 1898 2074 &vidior
1907 2065 1915 2077 ,
1934 2044 2062 2075 viderat:

1114 2080 1195 2121 qnod
1208 2081 1348 2122 religioni
1362 2081 1555 2113 concesserat:
1579 2084 1660 2124 quod
1671 2085 1751 2114 cives
1761 2105 1768 2118 ,
1788 2094 1875 2125 atque
1888 2087 1995 2116 incolae
2006 2090 2061 2126 Sy—

1112 2123 1241 2152 racusani
1254 2123 1351 2153 colere
1363 2143 1370 2156 ,
1390 2124 1510 2154 advenae
1529 2135 1594 2154 non
1611 2124 1710 2155 solum
1728 2126 1821 2156 visere
1833 2146 1840 2160 ‚
1860 2130 2060 2158 verumetiam

1112 2165 1246 2193 venerari
1261 2164 1408 2195 solebant:
1429 2165 1460 2196 id
1471 2169 1577 2196 Verres
1588 2175 1627 2196 ex
1645 2168 1759 2207 templo
1765 2169 1852 2209 Jovis
1870 2168 1995 2199 sustulit.
2019 2173 2062 2201 U:

1110 2204 1216 2244 saepius
1235 2205 1269 2235 ad
1287 2208 1332 2236 M.
1344 2208 1521 2237 Marcellum
1540 2217 1685 2242 revertar,
1701 2209 1816 2248 judices
1826 2230 1835 2243 ‚
1856 2208 1893 2240 sic
1904 2211 2040 2242 habetote
2053 2222 2058 2240 z

1108 2247 1218 2286 plureis
1229 2245 1284 2276 effi?
1295 2247 1310 2277 a
1319 2249 1503 2288 Syracusanis
1519 2249 1602 2279 istius
1612 2250 1740 2280 adventu
1750 2250 1822 2281 deos
1833 2271 1841 2285 ‚
1859 2252 1949 2292 quam
1962 2252 2061 2284 vieto-

1108 2290 1149 2317 ria
1160 2289 1295 2318 Marcelli
1309 2290 1450 2320 homines
1460 2289 1644 2321 desideratos.
1668 2294 1789 2322 Etenim
1799 2293 1851 2323 ille
1869 2294 2003 2335 requififfe
2014 2295 2061 2324 di-

1108 2331 1183 2358 citur
1198 2330 1284 2359 etiam
1293 2332 1496 2361 „Archimedem
1505 2333 1603 2366 illum,
1622 2334 1744 2364 summo
1754 2335 1876 2375 ingenio
1886 2336 2057 2370 hominem.

1106 2381 1138 2401 ac
1149 2371 1305 2411 disciplina
1314 2393 1322 2406 ,
1336 2382 1465 2414 eumque
1475 2373 1546 2404 cnm
1556 2374 1681 2405 audiss'et
1689 2375 1879 2406 interfeGmm
1890 2397 1897 2410 ‚
1909 2379 2059 2417 permole-

1109 2412 1151 2443 ste
1162 2412 1269 2443 tulifl'e.
1293 2414 1351 2445 Iste
1361 2418 1477 2449 omnia,
1488 2426 1552 2456 quae
1563 2415 1714 2457 requisivit
1723 2437 1731 2451 ,
1743 2427 1806 2448 non
1818 2427 1849 2447 ut
1859 2419 1993 2452 servaret,
2005 2430 2057 2450 ve-

1106 2464 1174 2484 rum
1187 2456 1383 2495 utasportaret
1392 2477 1400 2491 ‚
1414 2456 1576 2498 requisivit.
1605 2460 1673 2500 Jam
1684 2459 1735 2488 illa
1746 2479 1753 2492 ‚
1769 2461 1837 2500 quia
1851 2460 1963 2490 leviora
1972 2461 2058 2492 vide-

1105 2496 1217 2526 buntur
1227 2518 1235 2530 ,
1254 2496 1274 2526 fi
1286 2499 1421 2528 hocloco
1430 2499 1599 2529 dicerentur
1608 2520 1616 2533 ,
1638 2499 1707 2529 ider>
1715 2501 1871 2540 praeteribo
1883 2513 1891 2535 3
1911 2502 1992 2542 quod
2003 2502 2057 2534 iste

1103 2543 1118 2567 7
1129 2539 1245 2569 mensas
1256 2540 1414 2579 Delphicas
1427 2540 1443 2570 ὲ
1456 2550 1605 2570 marmore
1614 2561 1623 2574 ,
1643 2536 1657 2559 S
1667 2551 1787 2571 crateras
1804 2552 1843 2571 ex
1854 2553 1909 2572 aere
1919 2544 2058 2583 pulcher-

1103 2582 1194 2610 rimas
1205 2600 1214 2614 ‚
1232 2584 1296 2610 vim
1310 2584 1476 2611 maximam
1486 2583 1623 2612 vasorum
1634 2584 1860 2613 Corinthiorum
1872 2604 1880 2617 ‚
1900 2595 1939 2614 ex
1951 2589 2057 2617 omni-

1105 2622 1160 2651 bus
1173 2622 1284 2652 aedibus
1294 2623 1378 2652 sacris
1388 2621 1532 2663 syracusis
1544 2623 1672 2653 abstulit.
1683 2626 1794 2664 Itaque,
1805 2625 1931 2663 judices,
1945 2627 1987 2661 hi,
2000 2632 2054 2669 qui

1103 2663 1235 2703 hospites
1245 2664 1279 2694 ad
1295 2674 1327 2694 ea
1337 2684 1345 2698 ,
1361 2675 1425 2705 quae
1438 2664 1558 2695 visenda
1568 2665 1646 2699 sunt,
1660 2664 1766 2696 ducere
1776 2667 1880 2701 solent,
1898 2668 1930 2699 &
1940 2678 2055 2700 unum-

1967 2712 2056 2752 quid-

151 2798 176 2815 ι.
193 2793 249 2815 ‘som
266 2788 306 2821 effe
323 2796 357 2812 me
374 2787 481 2820 cupidum
491 2805 500 2818 ,
517 2786 584 2821 dnn]
604 2786 749 2813 Lambinus
759 2793 835 2822 putat
845 2786 947 2821 aliquid
957 2786 1060 2820 deess'e5

112 2823 156 2850 sed
167 2824 271 2851 frustra.

149 2869 176 2886 2.
197 2862 241 2886 Ullo
249 2858 425 2893 temp.'ofia‚fffi.]
438 2859 480 2884 Sic
491 2858 565 2884 Hitt.
576 2858 608 2884 sic
618 2858 710 2892 Cujsc.
720 2857 890 2895 prodiditque
901 2859 1040 2886 Turnebus
1054 2880 1062 2892 ,

110 2895 159 2922 lib.
171 2905 240 2922 vui.
252 2894 554 2930 Adversariorum.prius
568 2894 678 2930 vulgati,
689 2897 732 2920 ullo
740 2902 846 2927 tempore.

66 2959 68 2961 ,
150 2940 176 2966 3.
194 2936 224 2957 Os
238 2933 405 2964 pulcerrimum
422 2934 534 2956 crinitum
551 2931 693 2964 anginbm]
707 2932 768 2956 Non
780 2932 859 2957 audio
871 2931 949 2957 libros
962 2932 1005 2967 qui
1018 2932 1063 2958 ha-

113 2966 176 2993 bent
187 2970 295 2993 cinnum.
316 2967 432 2993 nostruin
442 2967 478 2993 est
489 2968 504 2992 a
514 2969 601 2992 crinin
611 2986 619 2998 ‚
640 2967 720 2992 verbo
729 2966 846 3002 eleganti
860 2986 867 2998 ,
878 2969 905 2993 8<
916 2967 986 3003 quod
998 2968 1064 2994 haud

112 3002 190 3029 dubie
201 3002 232 3028 ab
241 3003 356 3037 antiquis
367 3010 500 3035 mutuatus
511 3002 546 3029 est
557 3003 654 3029 statius
666 3002 713 3029 lib.
725 3011 775 3028 in.
786 3003 884 3030 Silvar.
904 3007 973 3029 Nunc
983 3006 1068 3030 cuneta

115 3039 306 3072 verisfiomsabm
315 3039 402 3064 annuit
412 3041 514 3064 crinitur
523 3040 604 3064 arbos.

151 3082 179 3106 4.
196 3075 364 3107 SpeHctfhr-um
372 3081 481 3100 ornatum
493 3094 500 3105 ,
509 3076 533 3107 fi
542 3074 601 3108 quid
607 3075 745 3107 islefiwrum
753 3074 856 3100 aedilibm
865 3075 931 3109 acm]
953 3075 1066 3101 Hotom.

116 3109 263 3144 capiebatur
273 3109 362 3144 legere
371 3110 471 3135 aedilms:
488 3109 531 3136 scd
542 3117 605 3136 tunc
614 3118 672 3136 cum
683 3109 768 3136 adhuc
778 3110 914 3145 legebatur
925 3120 1010 3142 eorum,
1021 3121 1069 3147 pro

109 3146 188 3180 firma
200 3164 207 3177 ,
224 3153 280 3181 qua:
291 3144 479 3182 voxpostrema
490 3165 499 3179 ,
509 3145 689 3181 conjeetumm
700 3146 781 3173 talem
791 3147 900 3174 omuino
911 3146 1019 3183 spernit.

1137 2797 1164 2822 ς,
1181 2790 1251 2822 Jovis
1268 2789 1441 2822 Imperatoris]
1462 2789 1560 2815 Melior
1571 2789 1716 2817 Lambinus
1729 2810 1736 2822 ‚
1755 2800 1806 2817 uon
1818 2789 1923 2818 inficere
1934 2793 2058 2826 conjicie-

1098 2824 1143 2851 bat
1155 2844 1162 2856 ,
1173 2826 1334 2852 Isnhricitorir.
1354 2825 1387 2851 de
1398 2825 1490 2851 codem
1504 2825 1630 2852 videndus
1642 2826 1706 2853 item
1718 2826 1843 2854 Brodaeus
1856 2827 2001 2855 Miscellan.
2013 2839 2056 2856 vi.

1104 2870 1132 2887 ca
1141 2870 1159 2886 τ.
1195 2880 1200 2885 .
1994 2892 2000 2896 ,

1134 2870 1158 2922 ι6
1163 2868 1227 2922 ,91Ξκ
1236 2896 1278 2922 χαί*
1287 2898 1478 2929 [Αὐενὶῃαννκνη
1488 2898 1546 2922 illud
1553 2897 1648 2932 capum]
1673 2897 1727 2923 Pal.
1738 2906 1778 2933 pr.
1794 2901 1909 2924 'Parmam
1920 2919 1927 2931 ,
1947 2900 2017 2936 quod
2029 2902 2058 2927 δε

1104 2933 1130 2958 in
1143 2932 1235 2961 Cirtae.
1255 2933 1299 2968 qui
1318 2941 1443 2968 p1·:ctei·ca
1460 2935 1559 2959 Libera.
1580 2933 1628 2960 sec.
1640 2937 1768 2960 *Pas-inum.
1796 2934 1986 2969 eonjecstibam
2005 2937 2054 2963 ali-

1106 2967 1221 3004 quando,
1233 2978 1261 2993 ex
1270 2969 1313 2993 iede
1322 2970 1413 2999 Liberi,
1428 2970 1510 2994 Liberi
1512 2976 1618 3001 parvum
1626 2970 1685 2995 illud
1693 2977 1771 3002 caput.
1792 2979 1861 2997 nunc
1871 2971 1943 2998 sileo.
1964 2972 2026 3008 quid
2039 2973 2056 2999 1ῐ

1105 3013 1192 3030 tamen
1206 3003 1286 3029 fuerit
1298 3005 1308 3030 ?
1318 3014 1347 3029 cx
1355 3005 1397 3029 aede
1407 3006 1494 3030 Liberae
1504 3024 1512 3037 ,
1522 3007 1605 3030 Liberi
1609 3007 1780 3038 parvttm,&c.

1141 3048 1168 3072 7.
1188 3042 1301 3072 <yllari-(as
1317 3041 1439 3072 Delphicat
1455 3041 1466 3066 ὲ
1483 3041 1623 3076 marmora]
1643 3041 1938 3078 CoiisulaturCujacius
1958 3044 2004 3070 lib.
2016 3053 2059 3070 xx.

1108 3074 1247 3101 Observat.
1258 3084 1313 3111 cap.
1328 3083 1368 3110 13.

1143 3110 1170 3137 8.
1190 3113 1303 3136 Crateras
1313 3120 1341 3136 cx
1350 3119 1392 3136 are
1400 3112 1580 3146 pulcerrima]
1603 3112 1681 3138 Haud
1697 3113 1774 3141 aliter
1785 3124 1890 3152 quoque
1902 3115 1971 3144 l’all,
1981 3116 2062 3142 Crat.

1110 3147 1203 3182 anac.
1215 3156 1266 3175 non
1279 3154 1309 3175 ut
1318 3146 1403 3175 edidit
1414 3148 1558 3176 Lambinus
1564 3150 1726 3181 pulcerrimo-t.

1561 3186 1613 3221 Q
1633 3193 1650 3211 ⁷·

1946 3196 1955 3213 i
1963 3208 1968 3214 .
1977 3189 2070 3219 sjgnum

2075 2476 2119 2509 59
