2360 3400
398 130 604 177 Epis-r.
632 126 783 173 ΑΒΕ.
812 126 1180 182 Mammium,

206 213 334 244 amor‘in
344 222 394 244 me
402 232 411 247 ,
427 212 600 252 'sperare-me
609 211 691 251 cogit
701 217 728 240 te
741 228 750 243 ,
771 209 853 250 quod
862 210 921 239 tuis
931 206 1096 240 necessariis
1107 208 1159 238 tri-

208 253 308 286 bueris
320 275 329 288 ,
349 254 431 284 idem
451 250 509 283 esse
524 252 706 282 tributurum
731 254 829 281 meis:
846 248 1088 291 praesertimcum
1103 258 1158 288 ego

205 305 260 335 pro
278 298 326 327 his
343 297 411 326 unis
429 303 527 334 petam
541 293 682 323 :habeam
700 302 801 323 autem
817 294 870 333 qui
881 291 1065 322 fimilicausa
1076 290 1159 320 labo-

206 337 469 376 'renncomplureis
478 333 662 365 necessarios.
684 337 751 364 Hoc
762 344 811 364 me
821 344 884 364 non
895 332 954 364 fine
962 332 1044 364 causa
1052 331 1157 364 facere,

208 387 307 419 neque
324 379 424 418 aliqua
441 378 500 407 levi
509 376 677 407 ambitione
692 384 883 406 commotum
898 374 914 405 Ξι
925 384 953 406 te
961 373 1155 405 contendere,

207 418 260 450 etsi
275 429 305 450 te
321 418 494 450 existimare
509 418 645 448 arbitror:
668 426 768 448 tamen
786 418 863 447 mihi
879 415 1041 447 affirmanti
1059 413 1158 444 credas

206 461 319 494 velim,
346 470 394 490 me
415 461 485 490 ‘nuic
504 461 674 499 municipio
697 459 804 489 debere
821 457 1015 498 plurimum:
1034 455 1155 485 nullum

205 511 353 542 umquam
373 500 460 532 fuiffe
481 510 600 541 tempus
611 511 708 541 neque
717 502 869 530 honorum
881 520 890 533 ‚
912 508 1008 539 neque
1021 497 1156 527 laborum

208 551 349 574 meorum
362 564 370 577 ,
392 545 424 574 in
441 553 500 584 quo
514 553 578 573 non
588 543 675 581 hujus
685 543 843 581 municipii
854 540 985 571 studium
996 540 1030 569 i‘n
1044 548 1092 568 me
1103 547 1156 567 ex·
1175 558 1178 571 2

208 584 313 615 stiterit
336 583 488 626 singulare.
501 587 698 631 *Qapropter
710 584 726 614 Ξι
737 594 763 614 te
773 585 865 629 etiarn
874 591 960 622 atque
970 590 1060 611 etlam
1073 598 1082 613 s
1101 588 1154 618 Ps0
1175 591 1177 630 ξ
1193 595 1258 633 qui,
1272 593 1343 624 ut'te
1357 605 1419 625 non
1433 595 1509 637 fugit
1520 617 1528 631 ,
1540 599 1614 629 hanc
1626 601 1777 640 quaesturae
1789 603 2037 642 conjunfflonem
2049 624 2056 636 2
2069 604 2146 633 libc-

204 625 304 657 nostra
314 627 430 657 summa
437 626 664 664 conjunctione,
679 634 791 666 proque
802 633 850 654 tua
858 634 891 654 in
903 633 952 652 me
961 631 1112 663 perpetua,
1124 620 1155 650 ἃ·

207 669 341 698 maxima
363 668 588 701 benivolentia,
607 668 756 706 majorem
774 668 808 696 in
825 664 952 696 modum
962 673 1052 704 peto,
1071 671 1155 709 atque

205 710 358 740 contendo
369 730 376 743 ,
394 718 431 740 ⁴ut
442 730 450 743 ‚
470 719 539 739 curn
553 708 686 738 fortunas
698 710 743 748 agi
752 708 816 745 ejus
827 707 988 752 municipii
999 704 1157 751 intelligas,

206 751 289 792 quod
306 750 338 781 sir
357 752 435 780 mihi
454 750 665 780 necessitudine
683 770 691 783 ,
714 747 841 780 officiis,
862 746 1067 777 benivolentia
1083 754 1157 774 con-

203 791 442 833 junfflffimum,
453 792 482 822 id
493 793 570 821 mi'ni
581 791 642 821 des.
665 790 756 830 Qod
765 790 820 819 erit
832 786 1007 826 hujusmodi
1018 805 1027 819 ‚
1042 795 1093 819 ut,
1110 783 1130 814 fi
1141 784 1156 815 a

206 835 318 865 Caesaie
330 855 338 867 ,
350 833 430 875 quod
442 834 590 873 speramus
599 851 607 865 ,
619 832 840 870 impetrarimus
853 848 861 863 2
873 836 926 858 tuo
937 826 1086 858 beneficio
1099 836 1156 856 nos

206 876 237 906 id
249 877 426 906 consecutos
443 872 694 913 css'ejudicemus.
714 870 756 900 sin
766 869 870 900 minsis
882 879 953 910 :pro
963 879 999 899 eo
1013 878 1114 899 tamen
1127 867 1156 898 id

206 917 367 948 habeamus
385 937 392 950 ‚
411 924 505 956 quom
524 917 539 943 a
562 923 590 943 te
607 913 671 945 data
693 910 725 942 sit
743 922 830 951 opera
842 931 851 945 ‚
871 921 904 942 ut
917 913 1154 951 impetraremus.

205 961 275 988 Hoc
291 959 363 988 curn
379 958 459 986 mihi
479 953 676 997 gratiffimum
697 953 819 983 feceris:
834 961 904 982 ‘tum
916 953 1151 992 virosoprimos,

204 1002 347 1029 homines
364 995 606 1030 honestissimos,
631 995 752 1026 eosdem
772 993 968 1036 gratissimos,
989 994 1021 1024 &c
1041 1004 1088 1023 tna
1101 1004 1154 1024 ne—

202 1039 378 1071 ceffitudine
396 1038 607 1080 dignissimos,
629 1038 751 1068 summo
774 1034 962 1067 beneficioin
972 1045 1152 1077 perpetuum

202 1082 270 1116 tibi,
281 1081 395 1122 tuisque
406 1080 535 1111 devinxe
541 1082 591 1110 ris⁴

166 1140 184 1172 3
233 1149 236 1154 -
373 1132 510 1160 M.T.C.
535 1129 978 1161 M.RUT1L10‚s-P.D.

291 1179 351 1207 ΠΜ
371 1175 404 1206 &
427 1175 653 1205 mihiconscius
663 1173 752 1204 estem
765 1194 773 1208 ‚
790 1175 894 1215 quanti
906 1183 933 1204 te
943 1172 1071 1204 facerem
1088 1192 1096 1207 ‚
1121 1172 1154 1203 δε

199 1175 374 1253 'Ctuam
393 1227 459 1258 erga
477 1226 526 1247 me
544 1216 783 1246 benivolentiam
798 1224 938 1255 expertus
957 1213 1048 1244 ess'em
1061 1235 1068 1249 ,
1090 1225 1153 1245 non

201 1260 337 1290 dubitavi
346 1260 361 1290 a
371 1268 397 1290 te
406 1268 514 1299 petere,
527 1258 607 1299 quod
620 1259 695 1287 mihi
707 1257 868 1298 petendum
882 1255 959 1287 ess'et.
984 1259 1013 1286 P.
1024 1256 1152 1287 Sestium

200 1303 305 1342 quanti
326 1301 432 1332 'r‘aciam
445 1321 452 1333 ‚
477 1301 537 1340 ipse
547 1299 664 1340 optime
675 1299 735 1329 scio
751 1301 872 1339 :quanti
885 1307 984 1328 autem
996 1297 1089 1328 facere
1100 1298 1153 1329 de-

199 1343 286 1374 beam
299 1363 307 1376 ‚
328 1343 361 1373 &
371 1351 402 1372 tu
414 1362 422 1375 ,
435 1342 467 1372 &
478 1351 586 1372 omnes
599 1342 741 1371 homines
750 1341 856 1370 sciunt.
880 1343 908 1370 Is
918 1339 988 1369 cum
1002 1348 1039 1369 ex
1048 1341 1113 1369 aliis
1125 1349 1153 1369 tc

200 1388 264 1415 mei
283 1382 528 1415 studiosissimum
539 1381 775 1422 essecognoss'et,
797 1381 929 1421 petivita
939 1391 988 1410 me
1000 1401 1008 1414 ,
1029 1390 1060 1411 ut
1073 1381 1108 1411 ad
1123 1390 1150 1411 te

201 1428 293 1468 quam
311 1423 525 1456 accuratissime
547 1423 704 1453 scriberem
722 1423 760 1452 de
778 1433 809 1453 re
821 1425 853 1452 C.
869 1423 987 1452 Albinii
998 1423 1149 1453 senatoris:

199 1477 284 1507 cajus
296 1477 333 1497 ex
344 1465 404 1496 filia
412 1475 497 1495 natus
506 1464 549 1495 est
558 1464 719 1497 L.Sestius‚
730 1466 865 1504 optimus
875 1464 1056 1498 adolescens,
1071 1463 1150 1494 filins
1169 1472 1170 1484 ³

200 1511 235 1540 P.
258 1507 352 1539 Sestii.
376 1510 444 1538 Hoc
455 1507 565 1537 idcirco
576 1505 690 1547 scripsi,
710 1507 950 1546 utintelligeres,
974 1516 1037 1536 non
1049 1506 1146 1536 solum

198 1559 250 1581 me
265 1559 319 1590 pro
337 1552 367 1581 1².
384 1548 480 1579 Sestio
499 1548 630 1579 laborare
649 1547 772 1582 debere,
794 1547 840 1578 sed
855 1547 981 1578 Sestium
993 1549 1082 1578 etiam
1095 1558 1148 1587 pro

198 1591 334 1622 Albinio.
357 1593 418 1621 Res
434 1599 536 1621 autem
554 1589 597 1620 est
617 1591 694 1620 haec:
715 1592 742 1619 A
761 1592 804 1619 Μ.
816 1589 946 1620 Laberio
962 1592 994 1620 C.
1006 1590 1149 1620 Albinius

195 1633 305 1674 praedia
325 1635 359 1663 in
380 1631 612 1663 aestimationem
634 1633 746 1671 accepit
766 1641 771 1661 :
794 1641 859 1672 quae
879 1631 987 1671 praedia
1005 1632 1149 1662 Laberius

195 1684 310 1705 emerat
327 1674 342 1707 a
360 1675 469 1705 Caesare
479 1673 516 1704 de
526 1673 616 1704 bonis
625 1675 781 1704 Plotianis.
805 1683 837 1703 ea
846 1672 866 1702 si
876 1674 975 1704 dicam
987 1683 1049 1703 non
1060 1672 1119 1703 esse
1129 1674 1146 1703 ἐ

196 1726 256 1756 rep.
268 1716 384 1750 dividi,
404 1716 509 1746 docere
524 1725 551 1745 te
562 1715 679 1750 videar,
692 1725 755 1745 non
766 1725 877 1756 rogare.
899 1715 956 1746 Sed
966 1724 1065 1745 tamen
1075 1714 1147 1746 cum

197 1758 290 1789 Caesar
298 1758 431 1789 Sullanas
441 1757 643 1791 venditiones,
655 1758 688 1787 &
698 1756 902 1798 affignationes
913 1767 983 1787 ratas
993 1756 1050 1787 effe
1061 1758 1145 1790 velit,

197 1809 259 1839 quo
277 1798 425 1829 firmiores
440 1798 651 1829 existimentur
670 1799 745 1830 suae:
763 1798 784 1828 si
801 1809 833 1829 ea
843 1798 950 1838 praedia
961 1798 1145 1833 dividentur,

197 1851 264 1882 quae
286 1842 344 1880 ipse
356 1843 403 1871 Cae
409 1841 450 1872 fir
459 1839 596 1870 vendidit
607 1861 615 1873 ‚
636 1851 700 1881 quae
712 1840 832 1871 tandem
844 1843 876 1869 in
886 1841 948 1877 ejus
959 1840 1147 1870 venditioni-

198 1882 255 1912 bus
274 1882 331 1912 ess'e
349 1884 458 1917 poterit
475 1880 653 1911 auCtoritas?
676 1881 733 1912 Sed
755 1883 812 1911 hoc
822 1882 906 1921 quale
917 1879 950 1910 fit
962 1901 970 1914 ‚
991 1890 1020 1910 tu
1030 1890 1087 1921 pro
1097 1890 1146 1912 tua

195 1919 359 1965 prudentia*
369 1922 577 1954 considerabis.
602 1925 666 1964 Ego
687 1932 714 1953 te
724 1923 811 1963 plane
823 1920 916 1964 rogo,
940 1926 1094 1963 atquem,
1115 1932 1146 1953 ut

195 1968 310 2006 majore
327 1964 426 1996 studio
436 1985 444 1999 ‚
464 1964 588 2004 justiore
609 1965 646 1995 de
656 1965 739 1995 causa
749 1984 756 1997 ‚
780 1967 874 2003 magis
884 1974 922 1994 ex
931 1967 1034 1994 animo
1044 1974 1146 2004 rogare

194 2007 273 2038 nihil
284 2006 404 2048 poffim,
417 2016 449 2037 ut
458 2006 584 2036 Albinio
597 2016 706 2046 parcaS,
718 2005 826 2046 praedia
836 2005 996 2036 Laberiana
1008 2015 1044 2035 ne
1054 2007 1146 2036 attin-

193 2059 254 2090 gas.
286 2052 392 2090 Magna
408 2058 457 2078 me
475 2046 606 2078 affeceris
625 2058 690 2077 non
709 2047 803 2077 modo
820 2047 922 2077 laetitia
939 2067 948 2081 ‚
981 2047 1029 2077 sed
1051 2049 1144 2077 etiam

193 2084 424 2131 quodammodo
431 2090 534 2132 gloria,
547 2088 566 2118 si
576 2092 605 2119 P.
620 2088 729 2120 sestius
739 2089 859 2119 homini
872 2088 1005 2118 maxime
1017 2086 1146 2119 necess‘a—

193 2135 241 2162 rio
259 2131 432 2162 satisfecerit
447 2151 456 2164 ‚
478 2140 588 2171 perine
599 2140 631 2160 ut
640 2141 694 2172 ego
705 2131 751 2160 illi
766 2132 818 2160 uni
828 2129 996 2170 plurimum
1008 2131 1142 2161 debeam.

193 2173 283 2215 Qod
302 2182 333 2204 ut
351 2172 438 2203 facias
451 2193 461 2206 ‚
481 2181 510 2203 te
528 2174 724 2202 vehementer
740 2174 830 2202 etiarn
850 2182 936 2212 atque
955 2173 1045 2202 ctiam
1057 2182 1139 2212 rogo.

191 2216 291 2254 Mnjus
310 2214 386 2245 mihi
397 2214 464 2245 dare
473 2212 657 2244 beneficium
667 2214 789 2244 nullum
799 2223 894 2254 potes.
922 2213 956 2245 1d
965 2215 1044 2244 mihi
1054 2214 1142 2245 intel-

189 2257 264 2298 liges
272 2255 327 2287 effe
336 2254 543 2298 gratissimum.

152 2324 174 2356 9
348 2308 492 2336 M.T.C.
516 2307 979 2339 CRASSIPED1,s.P.D.

283 2353 366 2382 UAM
376 2351 430 2382 tibi
439 2351 564 2391 pi'aescns
575 2352 800 2386 commendavi,
813 2362 844 2382 ut
853 2351 1142 2393 potui,diligentiffi-

283 2393 346 2428 me,
356 2393 453 2424 socios
463 2394 628 2433 Bithyniae:
642 2403 727 2434 teque
742 2404 812 2424 cum
823 2404 888 2424 mea
897 2394 1142 2424 commendatio-

189 2444 228 2468 ne
239 2453 247 2467 ‚
258 2443 322 2464 tum
333 2436 422 2465 etiarn
433 2443 482 2465 tua
489 2435 591 2474 sponte
603 2436 739 2468 intellexi
750 2445 857 2476 cupere
867 2438 895 2465 ei
906 2436 1057 2469 societati,
1070 2437 1141 2477 qui—

188 2475 372 2516 buscumque
394 2476 480 2506 rebus
495 2475 597 2517 posses
606 2497 616 2510 ‚
637 2478 832 2508 commodare
846 2488 851 2506 :
871 2487 972 2508 tamen
983 2498 994 2511 ,
1013 2487 1084 2507 cum
1104 2479 1139 2511 ii,

187 2526 317 2558 quorum
330 2527 373 2547 res
384 2519 478 2558 agitur
487 2537 496 2551 ,
520 2521 621 2559 magni
635 2517 829 2549 suainterefl'e
838 2519 1048 2550 arbitrarentur
1057 2538 1066 2553 ,
1092 2529 1140 2549 me

187 2560 278 2588 etiam
287 2568 341 2598 per
349 2558 459 2589 litteras
471 2558 613 2589 declarare
623 2561 690 2594 ribi,
701 2571 758 2601 qua
766 2559 856 2590 effem
866 2570 931 2600 erga
941 2560 1019 2600 ipsos
1029 2561 1142 2591 volun-

188 2608 246 2630 tate
256 2619 265 2634 ‚
280 2610 345 2630 non
357 2599 490 2631 dubitavi
499 2602 560 2631 haec
570 2601 605 2631 ad
617 2611 643 2631 te
653 2602 786 2632 scribere.
810 2602 890 2631 Volo
903 2604 987 2631 enirn
999 2611 1026 2632 te
1040 2601 1142 2632 existi-

187 2651 269 2672 mare
288 2661 296 2675 ,
316 2652 366 2671 me
376 2661 385 2675 ‚
405 2651 475 2673 cum
494 2642 635 2680 universo
651 2643 752 2672 ordini
776 2643 1007 2682 publicanorum
1025 2644 1143 2684 semper

186 2682 381 2713 libentiffime
391 2683 546 2713 tribuerim
559 2704 566 2716 ‚
590 2683 677 2724 idque
688 2686 804 2725 magnis
814 2684 878 2723 ejus
890 2684 1006 2714 ordinis
1015 2695 1083 2726 erga
1094 2695 1144 2716 me

190 2726 307 2755 meritis
324 2724 418 2755 facere
429 2724 585 2755 debuerim
595 2745 604 2759 ,
627 2735 690 2755 turn
702 2728 735 2755 in
745 2727 851 2765 primis
862 2727 994 2756 amicum
1005 2725 1062 2756 effe
1072 2727 1143 2757 huic

188 2766 356 2807 ,Bithynicae
376 2766 525 2802 societati:
545 2777 611 2807 quae
631 2767 754 2797 societas
762 2767 867 2797 ordine
877 2767 959 2807 ipso,
977 2768 1142 2798 hominum

187 2817 295 2847 genere
309 2828 318 2841 2
339 2818 402 2849 pars
413 2807 455 2838 est
469 2810 602 2838 maxima
612 2810 752 2839 civitatis.
770 2808 885 2839 constat
897 2811 981 2838 enim
991 2818 1030 2838 ex
1039 2811 1143 2839 ceteris

190 2848 394 2880 societatibus:
421 2849 453 2879 &
473 2850 537 2880 casu
559 2851 701 2889 permulti
720 2851 788 2880 sunt
805 2852 837 2880 in
855 2860 887 2880 ea
910 2850 1049 2880 societate
1058 2850 1143 2880 valde

192 2891 270 2919 mihi
289 2889 469 2921 familiares:
489 2893 522 2921 in
539 2892 702 2933 primisque
720 2894 764 2925 is,
782 2893 869 2932 cujus
878 2893 1062 2931 praecipuum
1073 2890 1144 2921 offi-

190 2931 273 2960 cium
284 2933 378 2972 agitur
387 2932 445 2962 hoc
455 2941 589 2973 tempore
599 2953 607 2968 ‚
632 2936 661 2964 P.
672 2934 815 2973 Rupilius
826 2954 835 2967 ,
860 2936 889 2963 P.
903 2935 933 2963 F.
946 2935 1028 2962 Men.
1038 2934 1090 2973 qui
1101 2931 1143 2963 cst

192 2971 330 3012 magister
348 2975 380 3002 in
397 2983 430 3003 ea
446 2974 592 3005 societate.
616 2977 691 3017 Qae
708 2974 780 3006 cum
802 2977 842 3005 ita
851 2974 907 3005 sint
920 2995 929 3008 ,
951 2977 983 3004 in
994 2973 1140 3010 majorem

193 3012 324 3043 modum
334 3012 350 3043 a
359 3023 386 3043 te
394 3023 475 3053 peto,
487 3018 543 3045 Cn>
555 3019 696 3056 Pupium,
708 3019 758 3058 qui
771 3016 812 3047 est
820 3018 854 3047 in
864 3018 962 3056 operis
972 3017 1036 3056 ejus
1047 3016 1142 3046 socie-

188 3056 277 3087 tatis,
295 3054 438 3085 omnibus
446 3057 505 3085 tuis
515 3055 624 3088 officiis
634 3077 643 3091 ,
653 3067 740 3099 atque
750 3060 837 3088 omni
848 3059 1021 3088 liberalitate
1031 3067 1138 3088 tueare:

189 3095 334 3167 cureffue
348 3116 356 3129 ‚
377 3104 408 3126 ut
421 3096 484 3134 ejus
497 3107 592 3137 operae
603 3118 611 3132 ‚
631 3099 713 3140 quod
725 3100 779 3130 tibi
789 3099 876 3130 facilc
885 3099 965 3130 factu
976 3098 1018 3130 est
1029 3119 1037 3134 ,
1049 3099 1138 3140 quam

185 3147 263 3179 gra-:i
287 3148 295 3168 i

1207 139 1283 181 Etr
1311 129 1638 182 Cea-anos,
1666 132 1951 180 Lurxiii.
2035 145 2132 193 743¹

1196 207 1301 248 (cujus
1322 210 1363 239 rei
1384 218 1524 250 quantam
1543 210 1718 251 potestatem
1727 212 1856 254 quaestor
1865 211 1986 245 habeat,
2007 221 2070 243 non
2082 214 2149 243 suni

1196 251 1335 290 ignarus)
1353 260 1444 290 perte
1453 253 1543 293 quarn
1555 255 1690 284 maxime
1699 254 1851 285 defensam
1865 275 1872 287 ‚
1893 254 1926 284 ¹&
1935 253 2052 285 auctam
2063 256 2147 285 velis.

1196 291 1230 320 1d
1250 301 1319 321 curn
1339 293 1415 322 mihi
1433 292 1628 333 gratiffimum
1639 295 1760 328 feceris,
1781 295 1929 327 turnillnd
1946 297 1998 326 tibi
2009 305 2148 336 expertus

1195 334 1351 370 promitto,
1364 333 1396 363 &
1406 334 1548 374 spondeo,
1563 346 1591 366 te
1602 337 1699 367 socios
1713 339 1871 377 Bithyniae,
1884 337 1903 368 si
1918 340 1955 368 iis
1967 337 2149 368 commoda-

1195 382 1245 407 ris,
1257 383 1407 406 memores
1418 374 1485 409 effe,
1498 377 1530 407 δε
1539 387 1636 417 gratos
1646 380 1848 418 cogniturum.

1389 423 1398 434 ¹
1438 428 1633 457 CICERO
1654 430 1851 463 BRUTO,
1870 432 1897 460 S.

1200 469 1342 545 CUM
1367 473 1400 503 ad
1420 482 1447 504 te
1465 483 1532 504 tirus
1542 476 1688 516 quaestor,
1710 479 1757 507 M.
1769 481 1862 508 Varro
1872 499 1880 512 ‚
1901 477 2145 519 proficisceretur,

1283 514 1548 545 commendatione
1557 527 1638 557 egere
1649 529 1720 548 cum
1734 530 1797 549 non
1807 520 1954 559 putabam.
1978 524 2051 551 Satis
2062 522 2146 550 enim

1194 554 1441 585 commendatum
1463 556 1516 588 tibi
1527 567 1596 587 eum
1606 560 1763 590 arbitrabar
1772 561 1808 591 ab
1817 562 1879 600 ipso
1890 572 1974 592 more
1984 564 2145 601 majorum:

2149 430 2212 471 'io

1194 644 1297 664 rorum
1318 636 1526 668 necessitudini
1545 643 1717 679 proximam
1738 644 1837 674 voluit
1855 643 1921 674 esse.
1945 645 2001 674 Sed
2011 644 2082 675 cum
2093 644 2145 674 fibi

1193 677 1233 705 ita
1252 676 1431 716 persuasisset
1454 680 1516 718 ipse
1528 698 1536 712 ‚
1561 690 1641 710 meas
1658 682 1694 712 de
1713 684 1739 712 se
1749 685 1879 715 accurate
1891 687 2008 726 scriptas
2021 687 2143 720 litteras,

1196 719 1367 748 maximum
1377 718 1452 758 apud
1463 728 1491 749 te
1499 721 1618 759 pondus
1627 723 1774 754 habituras
1787 736 1790 753 :
1801 726 1815 755 'a
1825 737 1932 767 meque
1941 729 2145 760 contenderet,

1196 766 1228 788 ut
1252 769 1342 799 quarn
1367 759 1591 802 diligentillime
1611 763 1769 794 scriberem
1792 777 1796 794 τ
1820 769 1911 798 malui
1930 769 2022 800 facere
2034 791 2042 804 2
2063 770 2145 811 quod

1196 809 1281 830 meus
1299 800 1455 832 familiaris
1475 805 1547 833 tanti
1564 804 1614 834 sua
1638 805 1773 835 interesse
1783 807 1975 839 arbitraretur.
2005 813 2145 853 Utigitui·

1193 840 1300 872 debere
1320 852 1368 872 me
1384 842 1477 874 facere
1489 845 1546 875 hoc
1556 846 1703 887 intelligas
1716 868 1725 880 ,
1745 847 1815 878 cum
1826 850 1958 888 primuni
1972 854 2014 881 M.
2028 856 2145 883 Teren-⁴

1193 885 1254 913 tius
1264 885 1297 913 in
1308 883 1409 914 forum
1424 887 1526 919 venit,
1550 887 1585 916 ad
1596 890 1761 918 amicitiam
1772 890 1799 919 se
1811 900 1909 920 meam
1922 894 2058 923 contulit.
2083 897 2146 924 De—>

1193 924 1275 958 inde,
1287 934 1319 956 ut
1330 926 1358 956 se
1365 926 1581 962 corroboravit,
1592 929 1655 959 duae
1666 940 1718 960 cau
1724 931 1758 961 sae
1767 930 1958 965 accesserunt,
1969 944 2033 973 qua:
2045 946 2144 966 meam

1192 968 1225 996 in
1244 967 1331 997 illum
1353 967 1592 1003 benivolentiam.
1614 981 1774 1011 augerent:
1802 983 1872 1006 una.
1888 975 1968 1014 quod
1979 977 2144 1007 versabatur

1194 1010 1224 1037 iii
1235 1009 1293 1038 hoc
1303 1008 1400 1039 studio
1409 1010 1521 1044 nostro,
1534 1022 1595 1052 quo
1606 1015 1694 1043 etiam
1707 1024 1789 1044 nunc
1799 1015 1934 1045 maxime
1946 1016 2149 1051 dele&ainui·,'

1194 1049 1227 1079 δε
1237 1060 1307 1080 cum
1317 1052 1442 1092 ingenio
1454 1073 1461 1085 ‚
1475 1061 1506 1082 ut
1517 1053 1605 1087 nosti,
1618 1065 1673 1085 nec
1684 1054 1743 1085 fine
1754 1056 1898 1086 industria
1910 1067 1915 1086 :
1926 1056 2046 1091 deinde,
2059 1059 2139 1099 quod
2168 1058 2171 1062 '

1193 1092 1308 1122 mature
1327 1093 1355 1122 se
1376 1094 1507 1124 contulit
1523 1096 1554 1124 in
1565 1096 1716 1127 societates
1725 1097 1954 1137 publicanorum
1968 1100 2066 1139 :quod
2077 1103 2145 1141 qui-

1193 1133 1262 1163 dem
1281 1134 1410 1165 nollem.
1434 1137 1580 1166 Maximis
1599 1141 1682 1168 enim
1705 1138 1823 1169 damnis
1832 1139 1956 1170 affectus
1967 1141 2018 1171 est.
2042 1142 2090 1172 sed
2102 1150 2149 1172 ta--·

1192 1184 1265 1206 men
1278 1176 1362 1206 causa
1379 1180 1554 1208 communis
1572 1179 1688 1209 ordinis
1708 1199 1717 1212 ,
1747 1182 1825 1211 mihi
1844 1182 2144 1216 commendatiffimi,

1194 1215 1266 1247 fecit
1282 1219 1448 1249 amicitiam
1467 1219 1600 1250 nostram
1619 1219 1793 1252 firmiorem.
1828 1224 1947 1253 Deinde
1965 1225 2094 1254 versatus
2113 1227 2145 1255 iir

1192 1259 1323 1300 utrisque
1341 1259 1487 1291 subselliis
1505 1264 1619 1302 optima
1629 1263 1661 1292 δε
1670 1262 1739 1297 fide,
1755 1264 1788 1294 ὃς
1798 1264 1876 1295 fama
1888 1285 1895 1297 ‚
1914 1276 1978 1304 jam
1988 1274 2055 1296 ante
2070 1267 2147 1297 hanc

1189 1304 1462 1332 commutationem
1482 1305 1553 1343 reip.
1581 1305 1722 1344 petitioni
1743 1304 1801 1336 sese
1816 1306 1916 1340 dedit,
1936 1308 2146 1348 honoremque

1189 1341 1434 1375 honestissimum
1453 1344 1658 1381 existimavit,
1680 1346 1813 1377 fructum
1826 1349 1934 1378 laboris
1944 1349 1995 1379 sui.
2023 1351 2079 1379 His
2089 1360 2141 1379 au-

1190 1394 1250 1414 tem
1269 1386 1455 1425 temporibus
1468 1388 1483 1417 a
1497 1397 1546 1417 me
1556 1387 1712 1418 Brundisio
1722 1399 1792 1419 cum
1805 1390 1910 1419 litteris
1920 1410 1929 1423 ,
1951 1390 1984 1420 δε
1995 1390 2145 1420 mandaris

1189 1426 1338 1466 prOfeRus
1359 1427 1394 1457 ad
1415 1429 1557 1459 Caesarern
1577 1429 1635 1459 est:
1659 1440 1716 1471 qua
1736 1433 1767 1460 in
1787 1441 1816 1461 re
1835 1432 1867 1461 &
1887 1442 2022 1462 artiorem
2034 1433 2097 1472 ejus
2108 1443 2143 1462 in

1189 1468 1376 1508 suscipiendo
1386 1472 1509 1511 negotio
1520 1471 1653 1511 perspexi
1665 1492 1673 1505 ,
1694 1473 1727 1502 δε
1737 1474 1770 1502 in
1779 1471 1973 1503 conficiendo
1985 1483 2015 1503 ac
2028 1483 2144 1504 renun-

1189 1510 1291 1540 tiando
1309 1510 1411 1540 fidem.
1435 1511 1548 1542 Videor
1568 1514 1663 1546 mihi,
1682 1514 1753 1544 cum
1772 1514 1925 1553 separatim
1948 1514 1985 1544 de
1994 1514 2142 1554 probitate

1186 1553 1261 1590 ejus²
1274 1552 1306 1582 δε
1317 1552 1454 1582 moribus
1461 1552 1597 1584 dicturus
1608 1553 1743 1589 fuissem,
1757 1554 1777 1584 si
1786 1554 1869 1595 prius
1878 1556 2143 1589 causam,cureum

1185 1602 1336 1633 tantopere
1346 1594 1501 1635 diligerem
1514 1615 1523 1629 ,
1545 1595 1600 1625 tibi
1610 1595 1811 1637 exposuissem
1824 1617 1832 1630 ,
1845 1597 1948 1636 inipsa
1956 1598 2039 1627 causa
2048 1607 2144 1638 expo-

1187 1635 1284 1666 nenda
1304 1636 1368 1665 satis
1387 1638 1477 1667 etiam
1498 1636 1535 1667 de
1554 1638 1700 1677 probitate
1710 1636 1830 1668 dixiffe.
1854 1639 1911 1669 Sed
1922 1649 2022 1669 tamen
2031 1640 2148 1679 separa-.

1186 1679 1242 1707 tim
1252 1679 1447 1717 promitto‚in
1458 1689 1567 1719 meque
1577 1680 1701 1720 recipio,
1713 1679 1777 1710 fore
1789 1690 1859 1710 eum
1872 1681 1927 1711 tibi
1938 1680 1970 1711 ὃς
1980 1682 2141 1722 voluptati.

1186 1719 1218 1749 &
1229 1720 1305 1749 usui.
1338 1722 1419 1750 Nam
1431 1720 1464 1750 δε
1473 1720 1645 1752 modestum
1655 1722 1815 1752 hominem
1827 1723 1990 1761 cognosces
2008 1743 2018 1755 ,
2030 1722 2063 1753 &
2072 1732 2145 1762 pru-

1184 1760 1328 1791 dentem:
1351 1762 1383 1791 &
1403 1761 1419 1792 a
1437 1762 1598 1802 cupiditate
1617 1765 1705 1793 omni
1726 1762 1980 1794 remotissimum:
2002 1765 2142 1804 praeterez‘z

1184 1805 1286 1844 magni
1296 1803 1406 1833 laboris
1417 1823 1425 1837 ‚
1438 1804 1623 1845 summaeque
1633 1804 1794 1835 industriae.
1819 1807 1927 1846 Neque
1938 1815 1993 1847 ego
2002 1807 2064 1836 haec
2073 1806 2142 1846 pol-

1185 1845 1268 1874 liceri
1282 1844 1378 1874 debeo
1391 1864 1400 1878 ,
1411 1855 1477 1885 quae
1490 1845 1544 1875 tibi
1556 1845 1610 1885 ipfi
1621 1867 1629 1879 ‚
1641 1846 1712 1876 ct'im
1725 1846 1801 1876 bene
1810 1847 1950 1888 cognoris
1962 1867 1970 1880 ,
1977 1847 2140 1887 judicanda

1184 1885 1270 1915 sunt:
1292 1892 1351 1915 situ
1362 1892 1482 1916 TAMEN
1496 1896 1531 1916 IN
1540 1897 1692 1917 emmaus
1704 1897 1808 1918 novis
1823 1897 2142 1927 conjuncrrorrinus

1184 1925 1324 1961 interest,
1344 1928 1439 1967 qualis
1456 1930 1574 1967 primus
1583 1928 1678 1959 aditus
1689 1927 1723 1959 fit
1735 1949 1744 1963 ,
1766 1929 1865 1970 &qua
1873 1930 2141 1960 commendatione

1184 1967 1263 2008 quafi
1273 1970 1412 1999 amicitiae
1421 1967 1501 1999 fores
1510 1971 1686 2010 aperiantur.
1698 1971 1779 2011 quod
1789 1981 1844 2013 ego
1854 1972 1900 2001 his
1908 1972 2014 2002 litteris
2024 1969 2141 2002 efficere

1184 2010 1279 2040 volui.
1298 2008 1348 2039 etsi
1356 2009 1386 2040 id
1397 2011 1457 2050 ipsa
1467 2021 1517 2050 per
1527 2012 1556 2042 se
1566 2009 1747 2042 neceffitudo
1755 2012 1907 2053 quaesturae
1916 2011 2032 2045 efficere
2043 2013 2139 2056 deber.

1185 2051 1234 2081 sed
1248 2060 1348 2081 tamen
1361 2051 1706 2084 nihiloinfirmiusillud
1718 2074 1726 2087 ‚
1747 2056 1806 2084 hoc
1815 2054 1927 2084 addito.
1952 2057 2028 2085 Cura
2039 2057 2139 2096 igitur,

1184 2091 1203 2122 fi
1216 2103 1264 2122 me
1275 2094 1347 2123 tanti
1357 2091 1428 2123 facis
1443 2113 1452 2128 ‚
1471 2095 1618 2135 quanti&
1631 2097 1723 2125 Varro
1734 2095 1903 2130 existimat,
1916 2096 2017 2136 &ipse
2029 2097 2137 2131 sentio,

1182 2143 1215 2164 ut
1234 2144 1324 2175 quam
1344 2133 1477 2174 primum
1490 2137 1657 2176 intelligam
1668 2157 1676 2170 ‚
1698 2138 1774 2168 hanc
1786 2147 1885 2168 meam
1895 2138 2141 2168 commendatio-

1183 2185 1253 2206 nem
1275 2184 1390 2207 tantum
1402 2177 1448 2206 illi
1458 2177 1594 2208 utilitatis
1605 2177 1748 2213 attulisse,
1770 2189 1916 2220 quantum
1928 2180 2033 2220 &ipse
2045 2180 2140 2220 spera-

1181 2219 1239 2251 rit,
1259 2227 1314 2249 nec
1326 2227 1381 2259 ego
1391 2217 1565 2249 dubitarim.

1410 2268 1550 2297 M.T.C.
1575 2269 1769 2303 BRUTO,
1786 2272 1814 2300 S.
1831 2272 1860 2301 Ρ.
1873 2271 1913 2300 D.

1273 2313 1349 2341 UiA
1367 2312 1482 2352 semper
1491 2312 1686 2355 animadverti
1703 2336 1711 2347 ,
1734 2313 1866 2356 studiose
1879 2325 1906 2346 te
1918 2325 2036 2356 operam
2054 2313 2133 2348 dare»

1275 2363 1306 2383 ut
1315 2353 1427 2394 nequid
1437 2364 1578 2385 meorum
1589 2356 1643 2385 tibi
1654 2354 1724 2386 esset
1735 2358 1872 2398 ignotum
1886 2368 1891 2386 :
1908 2367 2059 2397 propterca
2071 2367 2108 2386 nc
2116 2367 2134 2386 -·ι

1184 2394 1293 2424 dubito
1304 2415 1313 2428 ,
1333 2397 1407 2436 quin
1419 2396 1509 2430 scias,
1529 2407 1592 2427 non
1604 2397 1702 2427 solum
1713 2400 1797 2438 cujus
1808 2401 1972 2439 municipii
1987 2397 2038 2427 sim
2053 2418 2060 2429 .
2085 2398 2135 2428 sed

1180 2437 1284 2470 etiam,
1295 2438 1385 2477 quam
1396 2437 1555 2479 diligenter
1566 2439 1676 2469 soleam
1689 2449 1774 2470 meos
1788 2443 1953 2480 {nunicipes
1968 2440 2137 2479 Arpinateis

1180 2479 1266 2508 tueri.
1290 2481 1429 2520 Qorum
1450 2480 1578 2520 quidem
1592 2482 1699 2511 omnia
1715 2481 1878 2511 commoda
1890 2501 1898 2514 ‚
1918 2480 2082 2520 omiiei'qiie
2093 2480 2138 2511 fa·

1180 2519 1303 2550 cultates
1315 2539 1324 2554 ‚
1342 2520 1454 2561 quibus
1464 2541 1473 2555 ‚
1495 2521 1526 2551 ὃς
1540 2522 1614 2551 sacra
1623 2521 1769 2552 confice-e
1783 2542 1790 2555 ,
1810 2523 1843 2553 ὃ(
1857 2523 1925 2552 sirm
1937 2522 2011 2552 tee'ta
2020 2521 2134 2552 tedium

1181 2560 1326 2592 sacrarum
1338 2582 1348 2596 ,
1369 2562 1567 2603 locorumque
1583 2565 1800 2593 commuivlz‘rn
1821 2568 1895 2593 tueri
1912 2562 2038 2603 poffint,
2060 2573 2137 2594 con-

1181 2601 1286 2633 fistunt
1295 2605 1327 2633 in
1336 2604 1383 2633 his
1392 2603 1590 2644 vectigalibus
1607 2624 1615 2637 ,
1624 2613 1689 2645 quae
1701 2604 1754 2634 hil:
1764 2614 1808 2634 :iit
1819 2609 1850 2634 in
1862 2607 2018 2644 provincia
2028 2605 2133 2635 Gallia.

1182 2643 1229 2674 Ad
1243 2654 1275 2674 ea
1284 2645 1405 2675 visenda
1417 2664 1426 2678 ,
1438 2645 1634 2685 pecuniasque
1648 2665 1657 2679 ,
1669 2656 1733 2686 qva:
1745 2646 1758 2675 ’,ι
1767 2647 1882 2676 colonis
1893 2646 2038 2677 debentur
2051 2667 2058 2679 ,
2071 2649 2138 2677 cxi-

1181 2685 1290 2725 gendas
1299 2705 1308 2719 ‚
1329 2695 1480 2726 totamque
1490 2696 1553 2717 rem
1563 2686 1595 2717 &
1606 2688 1845 2727 cogneibtridam
1862 2708 1869 2721 ,
1883 2688 1915 2719 Sc
1925 2688 2003 2718 admi
2011 2688 2138 2719 instru-

1181 2727 1250 2756 dam
1261 2747 1269 2760 ,
1294 2728 1403 2768 legatos
1422 2728 1536 2769 equites
1553 2730 1713 2758 Romanos
1733 2728 1867 2759 misimus
1880 2751 1886 2762 ‚
1908 2732 1956 2771 Q.-
1969 2733 2008 2760 Fu
2017 2728 2135 2760 Fidium,

1182 2771 1264 2807 QF.
1277 2770 1319 2798 M.
1333 2771 1475 2799 Faucium
1487 2789 1496 2802 ‚
1508 2771 1551 2799 M.
1563 2772 1595 2800 F.
1609 2772 1857 2810 QMarnertum,
1867 2774 1948 2811 04).
1961 2775 2030 2802 Pcto
2040 2771 2055 2802 a
2065 2781 2093 2801 te
2106 2774 2137 2802 iii

1184 2809 1329 2847 majorem
1348 2810 1476 2840 modum
1488 2830 1497 2844 ‚
1520 2820 1575 2851 pro
1596 2811 1693 2842 nostra
1703 2811 1927 2847 necessitudine,
1939 2813 2033 2844 utti'ni
2046 2823 2081 2843 ea
2093 2822 2138 2843 ret

1181 2860 1258 2881 curae
1274 2849 1326 2884 sit,
1350 2861 1531 2892 operamque
1552 2852 1623 2885 des,
1646 2863 1678 2884 ut
1696 2854 1880 2895 pertequani
1891 2854 2138 2885 cominodiiiimc

1183 2894 1341 2932 negotium
1370 2895 1531 2932 municipii
1553 2894 1779 2926 administretur
1798 2916 1806 2930 ‚
1834 2897 1925 2937 quam
1942 2898 2139 2937 primumqw

1182 2931 1378 2963 conficiatur:
1399 2934 1534 2974 ipsosque
1545 2955 1554 2969 ‚
1575 2946 1705 2976 qnorum
1717 2940 1843 2968 nomina
1865 2937 1959 2978 scripsi
1976 2959 1983 2972 ,
2006 2949 2037 2968 ut
2047 2936 2137 2978 quai-i

1183 2973 1483 3005 honorificentiffime
1506 2986 1561 3015 pro
1587 2987 1634 3008 tua
1652 2988 1752 3010 natura
1762 2999 1771 3013 ,
1792 2979 1824 3010 &
1834 2979 1924 3020 quam
1936 2979 2139 3010 liberalillinu‘:

1183 3015 1298 3046 traokes.
1322 3018 1424 3047 Bonos
1441 3019 1523 3047 viros
1545 3018 1580 3048 ad
1599 3027 1680 3050 tuam
1701 3019 1947 3052 ncceffitudinem
1956 3022 2139 3061 adjunxeris:

1184 3059 1450 3099 municipiumque
1477 3058 1671 3101 gratiffimum
1706 3061 1854 3094 beneficio
1883 3072 1936 3094 tuo
1958 3063 2140 3093 devinxeris:

1186 3100 1264 3128 mihi
1286 3110 1357 3130 vero
1378 3102 1470 3131 etiam
1489 3103 1600 3142 gratius
1622 3102 1726 3134 feceris
1740 3124 1749 3138 ,
1769 3104 1932 3146 quodcum
1944 3105 2143 3144 sempertucri

296 3146 354 3169 mx
372 3135 428 3169 sint
444 3138 534 3170 sociis
553 3150 560 3171 2
577 3149 720 3182 remque,
744 3142 778 3176 ὃς
794 3142 957 3175 utilitatem
972 3142 1136 3178 sociorum,
1154 3147 1159 3171 ι
1187 3143 1357 3182 municipes
1367 3152 1453 3175 meos
1477 3143 1620 3174 consuevi
1641 3166 1649 3181 ‚
1675 3155 1740 3179 tum
1764 3148 1814 3179 mc
1831 3157 1926 3179 annus
1942 3145 2089 3188 praecipue
2108 3144 2144 3174 ad

1474 3184 1618 3218 Bbbbb

2040 3195 2144 3216 mCanl

2161 2277 2198 2301 11
