2297 3389
100 1434 149 1467 52

495 133 749 178 Onia-1⁴10
790 144 906 175 PRO
944 127 1127 176 Doivio
1164 122 1319 182 S‘UA,
1355 143 1429 174 AD
1466 129 1874 179 PoNT1F1cEs.

183 212 303 248 scelere,
319 212 352 243 &
361 211 480 245 audacia
489 210 639 253 singulari.
660 219 778 251 tempus
787 212 863 243 illud
874 220 933 242 erat
943 212 1151 252 tranquillum,

185 257 220 287 &
240 258 273 286 in
287 255 420 286 libertate
438 264 542 293 popuii
553 273 562 286 ,
585 254 617 283 ὅ(
632 254 847 294 gubernatione
865 253 996 294 positum
1016 254 1132 284 senatus
1145 265 1150 283 :

186 307 272 329 tuum
284 295 374 337 porro
385 304 514 334 tempus,
534 295 669 325 libertate
679 296 783 335 populi
797 298 891 327 Rom.
902 293 1033 336 oppressa
1045 315 1054 328 ‚
1067 296 1150 326 sena-

184 348 232 370 tus
240 339 414 370 aucloritate
423 336 526 367 deleta.
551 346 597 366 res
608 337 659 367 illa
668 339 755 376 plena
768 338 886 376 justitiae
899 358 908 372 ,
920 338 1069 377 sapientiae
1079 357 1088 370 ,
1101 337 1148 367 di-

182 383 314 424 gnitatis.
335 378 440 409 censor
449 380 545 411 enim,
556 389 648 418 penes
658 389 749 420 quem
762 382 890 420 majores
902 379 996 410 nostri
1010 378 1053 418 (id
1063 378 1147 419 quod

184 433 217 454 tu
232 419 386 459 sustulisti)
401 420 553 459 judicium
569 421 684 451 senatus
700 421 736 452 de
746 423 890 463 dignitate
901 420 959 452 esse
970 421 1144 454 voluerunt,

183 463 359 495 Concordiae
371 460 488 503 signum
499 463 619 494 volebat
631 466 664 493 in
674 474 755 494 curia
766 484 775 498 ,
794 467 969 505 curiamque
980 465 1006 493 ei
1017 462 1079 492 dcae
1092 462 1144 492 de—

181 506 286 536 dicare.
308 505 446 535 Praeclara
456 504 595 536 voluntas
607 526 616 540 ,
636 515 722 547 atque
737 508 825 536 omni
846 506 930 536 laude
949 505 1046 577 digna.
1069 515 1144 545 prae-

179 546 306 579 scribere
323 548 409 576 enim
429 547 657 578 searbitrabatur
669 569 676 581 ‚
698 557 751 582 ut,
763 548 823 589 fiae
833 547 932 585 studiis
942 547 972 577 di
997 545 1140 580 enlionis,

179 589 335 620 sententiae
345 587 517 620 dicerentur
530 610 538 622 ‚
551 588 572 619 fi
581 589 683 620 sedem
692 591 784 631 ipsam
798 611 806 624 ‚
819 601 852 621 ac
869 591 1017 629 templum
1028 589 1144 629 publici

178 627 313 664 consilii,
333 631 481 671 religione
495 632 673 663 Concordiae
684 631 872 663 devinxisset.
897 635 947 662 Tu
958 630 1029 661 curn
1048 630 1139 663 ferro,

177 671 251 703 cuin
268 682 364 705 metu,
375 672 446 702 cum
458 673 576 707 edistis,
587 673 658 704 cum
667 675 834 715 privilegiis
845 693 854 707 ‚
865 672 935 703 cum
946 671 1142 712 praesentibus

178 716 275 754 copiis
286 715 472 754 perditorum
486 735 495 748 ‚
513 717 643 746 absentis
665 718 813 746 exercitus
833 724 954 747 terrore,
982 714 1015 744 δε
1032 715 1138 746 minis,

175 756 338 787 consulum
349 756 498 792 societate,
510 758 543 788 &
557 758 671 788 nefario
681 757 810 790 foedere,
825 757 962 786 servitute
973 754 1140 795 oppressam

175 799 330 829 civitatem
350 806 464 829 teneres
480 810 484 827 t
508 800 666 829 Libertatis
677 797 795 838 signum
812 797 936 837 posuisti
959 801 967 816 ¹
992 799 1087 838 magis
1104 797 1139 827 ad

174 839 343 870 ludibrium
356 840 552 880 impudentiae
563 861 571 874 ‚
589 841 682 881 quam
693 839 727 869 ad
739 838 964 870 simulationem
973 839 1140 880 religionis,

175 882 231 912 Ille
253 884 286 912 in
297 883 376 912 curia
385 903 394 916 ‚
415 893 481 922 quae
493 891 607 922 poterat
616 901 624 915 ,
645 880 706 911 fine
723 881 899 923 cujusquam
923 881 1136 915 incommodo,

177 923 347 954 dedicabat:
371 933 402 954 tu
418 934 452 954 in
460 925 538 954 civis
547 923 664 963 optime
682 923 718 954 de
729 924 832 963 repub.
845 926 945 954 meriti
961 933 1084 957 cruore,
1106 934 1137 953 ac

173 966 260 1006 paene
272 964 381 996 ossibus
391 985 399 998 ,
410 963 602 996 simulacrum
612 976 674 996 non
685 964 821 995 libertatis
831 965 959 1005 public-³:
969 986 977 1000 ,
991 966 1039 995 sed
1050 965 1136 994 [icen-

174 1009 235 1041 τίκ,
251 1006 414 1037 collocasti.
437 1011 535 1048 Atque
548 1008 601 1037 ille
614 1017 715 1038 tamen
728 1008 763 1038 ad
779 1009 943 1048 collegium
962 1008 1079 1037 retulit:
1104 1017 1135 1038 tu

171 1049 207 1079 ad
217 1059 310 1090 quem
319 1048 468 1079 retulisti?
489 1052 519 1080 Si
530 1049 604 1090 quid
614 1050 801 1084 deliberares,
813 1048 909 1091 siquid
921 1050 975 1080 tibi
985 1059 1036 1079 aut
1046 1052 1133 1090 pian-

171 1090 245 1121 dum
257 1110 265 1123 ‚
286 1100 338 1121 aut
356 1090 578 1121 instituendum
598 1091 699 1122 fuisset
715 1093 861 1133 religione
884 1091 1066 1122 domestica:
1091 1101 1134 1122 ta-

170 1142 245 1162 men
254 1132 394 1163 instituto
403 1141 573 1163 ceterorum
585 1143 699 1167 vetere,
715 1134 751 1164 ad
768 1132 947 1174 pontificem
966 1131 1130 1164 detulisses.

168 1183 288 1205 novum
299 1174 459 1205 delubrum
471 1175 543 1206 cum
562 1178 595 1206 in
608 1176 689 1207 urbis
699 1174 863 1206 clarissimo
883 1176 953 1206 loco
964 1196 972 1210 ‚
998 1175 1131 1207 nefando

168 1216 314 1257 quodam,
326 1225 413 1257 atque
422 1218 561 1248 inaudito
570 1217 711 1248 instituto
720 1238 728 1252 ‚
740 1219 896 1248 inchoares
907 1229 912 1247 z
937 1217 1130 1248 referendum

169 1259 205 1289 ad
215 1259 381 1289 sacerdotes
393 1259 532 1299 publicos
543 1270 606 1290 non
616 1260 722 1300 putasti
734 1263 744 1289 ?
767 1264 825 1294 At,
846 1258 866 1290 si
877 1260 1040 1302 collegium
1053 1270 1130 1300 pon-

168 1299 287 1333 tificum
302 1301 510 1331 adhibendum
527 1312 592 1332 non
611 1302 781 1332 videbatur:
805 1312 939 1332 nemone
950 1304 1062 1332 horum
1073 1303 1130 1332 tibi

167 1342 298 1373 idoneus
306 1343 388 1372 visus
398 1342 450 1376 est,
461 1346 513 1383 qui
522 1352 611 1377 atate,
623 1345 735 1376 honore,
749 1342 922 1372 austoritare
932 1344 1127 1377 antecellunt,

168 1394 201 1415 ut
210 1395 281 1415 curn
291 1394 328 1414 eo
341 1384 566 1415 dedicationem
576 1395 816 1415 communicares
829 1389 838 1415 ?
859 1396 991 1427 quorum
1002 1386 1127 1426 quidem

167 1435 199 1457 tu
212 1436 276 1457 non
285 1424 469 1456 contemsisti
480 1446 488 1460 ,
513 1427 560 1457 sed
572 1426 742 1468 pertimuisti
757 1427 948 1468 dignitatem.
972 1430 1022 1457 An
1033 1437 1064 1458 tu
1075 1438 1128 1459 au-

165 1468 249 1499 deres
259 1478 387 1509 quaerere
400 1478 439 1498 ex
448 1471 478 1499 P.
490 1470 618 1499 Servilio
630 1489 638 1503 ‚
659 1479 708 1499 aut
718 1480 756 1500 ex
766 1472 810 1499 M.
823 1470 954 1500 Lucullo
966 1480 971 1498 :
995 1479 1126 1510 quorum

164 1520 220 1552 ego
228 1508 374 1544 consilio,
393 1519 480 1551 atque
496 1511 671 1542 auetoritate
691 1512 833 1552 rempub.
852 1512 958 1542 consul
973 1522 1011 1541 ex
1023 1511 1126 1542 vestris

162 1551 322 1586 manibus,
341 1562 373 1582 ac
381 1550 518 1582 faucibus
528 1556 623 1593 eripui
638 1564 643 1582 ε
670 1554 848 1594 quibusnam
862 1553 959 1584 verbis
969 1573 977 1587 ‚
999 1563 1049 1584 aut
1064 1564 1125 1594 quo

160 1595 222 1625 ritu
233 1614 242 1627 ‚
252 1592 389 1634 primum
401 1595 459 1625 hoc
467 1595 553 1630 dico,
570 1598 647 1626 civis
656 1595 786 1626 domum
794 1596 978 1626 consecrares
987 1615 995 1629 ‚
1014 1595 1125 1626 deinde

113 1642 118 1647 '
163 1637 240 1667 civis
249 1637 326 1676 ejus,
337 1638 385 1666 cui
394 1639 533 1677 princeps
544 1639 672 1671 senatus,
686 1641 701 1657 ²·
709 1640 757 1668 cui
771 1640 860 1668 etiam
871 1637 994 1668 ordines
1003 1648 1126 1671 omnes,

162 1677 274 1709 deinde
283 1679 369 1708 Italia
379 1688 441 1709 tota
450 1699 459 1712 ‚
472 1679 539 1719 post
547 1679 663 1710 cunetae
671 1689 772 1721 gentes
785 1701 793 1713 ,
813 1679 1024 1710 testimonium
1037 1681 1126 1720 hujus

162 1720 258 1754 urbis,
269 1729 355 1761 atque
365 1722 486 1760 imperii
499 1722 664 1752 conservati
675 1718 824 1752 dedissent
837 1724 846 1749 ?
869 1722 950 1762 Qid
961 1722 1075 1752 diceres
1085 1742 1094 1756 ,
1106 1721 1126 1752 ὁ

161 1761 301 1796 nefanda,
317 1763 350 1792 ὃς
358 1764 525 1802 perniciosa
533 1764 612 1794 labes
622 1766 771 1794 civitatis?
793 1764 882 1798 Ades,
895 1765 974 1798 ades,
988 1765 1123 1798 Luculle,

162 1804 283 1837 Servili,
296 1804 370 1834 dum
380 1804 487 1835 dedico
497 1805 626 1836 domum
638 1806 806 1840 Ciceronis,
819 1810 831 1834 3
845 1815 877 1836 ut
892 1807 970 1836 mihi
979 1808 1122 1846 praeeatis,

162 1844 342 1886 postemque
352 1849 489 1877 teneatis.
512 1850 552 1878 Es
563 1857 591 1878 tu
602 1848 726 1889 quidem
738 1858 809 1878 curn
821 1848 941 1879 audacia
951 1869 959 1881 ‚
983 1857 1048 1878 tum
1066 1850 1125 1878 irn-

161 1887 306 1928 pudentia
322 1885 477 1929 singulari:
502 1889 550 1920 fisd
568 1890 624 1921 tibi
644 1899 745 1920 tamen
761 1892 863 1924 oculi,
883 1891 1007 1924 vultus,
1036 1890 1126 1921 verba

161 1927 335 1959 cecidissent
345 1949 354 1963 ,
368 1928 440 1961 cum
452 1940 479 1961 te
489 1933 559 1965 viri,
570 1933 623 1972 qui
637 1932 685 1962 sua
693 1932 837 1973 dignitate
847 1933 1005 1972 personam
1020 1933 1126 1972 populi

161 1973 260 2002 Rom.
270 1981 359 2012 atque
375 1971 584 2003 auctoritatem
596 1975 716 2013 imperii
728 1972 905 2003 sustinerent
914 1994 922 2007 ,
942 1974 1043 2004 verbis
1061 1984 1126 2015 gra-

159 2011 290 2043 vissimis
298 2012 521 2053 perterruissent
532 2024 538 2043 :
557 2024 656 2055 neque
665 2013 720 2044 sibi
730 2014 772 2044 fas
781 2013 839 2045 esse
849 2014 1012 2048 dixissent,
1029 2015 1125 2045 furori

159 2052 298 2085 interesse
316 2064 370 2085 tuo
380 2075 389 2089 ,
408 2064 494 2096 atque
509 2057 542 2085 in
552 2058 653 2096 patriae
664 2056 826 2096 parricidio
839 2076 847 2090 ,
865 2056 898 2086 δε
910 2057 1026 2086 scelere.
1050 2060 1125 2097 Qae

157 2095 232 2127 cum
241 2096 375 2130 videres,
398 2107 464 2127 tum
478 2107 506 2127 te
515 2098 551 2128 ad
562 2108 648 2129 tuum
667 2096 790 2128 affinem
811 2108 875 2128 non
891 2098 1043 2128 deleeltum
1054 2098 1070 2128 a
1080 2108 1118 2132 te,

158 2138 209 2170 sed
219 2137 359 2168 renerum
371 2139 500 2169 accceris
509 2139 676 2170 contuiisti.
699 2150 789 2181 quem
802 2151 857 2181 ego
867 2149 968 2171 tamen
978 2140 1066 2170 credo
1078 2160 1086 2173 ,
1099 2139 1120 2170 si

159 2179 202 2210 est
212 2189 294 2210 ortus
306 2180 342 2210 ab
352 2181 414 2210 illis
426 2200 434 2214 ,
449 2191 525 2222 quos
535 2184 693 2212 memoriae
702 2182 859 2222 proditum
870 2181 912 2212 est
921 2182 958 2212 ab
967 2182 1032 2222 ipso
1045 2185 1123 2212 Her-

158 2222 225 2253 cule
237 2242 245 2256 ,
259 2221 420 2262 perfundito
427 2223 438 2261 j
443 2233 491 2253 am
502 2223 654 2254 laboribus
665 2245 674 2257 ,
690 2224 765 2254 sacra
774 2222 911 2254 didicisse
922 2245 931 2257 ,
949 2226 981 2254 in
992 2226 1047 2254 viri
1058 2224 1121 2254 for-

157 2266 196 2295 tis
207 2265 368 2298 aerumnis,
388 2274 452 2294 non
466 2267 505 2295 ita
517 2265 672 2295 crudelem
687 2264 776 2295 fuisse
787 2286 796 2299 ,
817 2268 896 2296 utin
911 2268 994 2300 vivi,
1017 2266 1120 2306 &jam

155 2307 295 2346 spirantis
312 2316 398 2346 caput
418 2305 538 2337 bustum
558 2307 618 2337 suis
637 2307 780 2338 manibus
794 2310 967 2348 imponeret
979 2319 984 2336 2
1004 2311 1057 2349 qui
1072 2317 1122 2338 aut

155 2348 235 2379 nihil
245 2348 324 2378 dixit
334 2369 343 2382 ‚
363 2358 414 2379 aut
424 2369 433 2382 ,
459 2347 477 2378 fi
491 2347 564 2379 fecit
574 2369 583 2382 ‚
604 2351 737 2379 omnino
753 2358 866 2391 poenam
884 2351 960 2380 hanc
978 2360 1120 2380 materna:

156 2392 332 2421 temeritatis
345 2391 430 2424 tulit,
451 2400 483 2421 ut
494 2401 611 2422 mutam
623 2393 655 2421 in
664 2391 777 2421 delicio
789 2392 967 2432 personam,
989 2402 1120 2422 nomen-

155 2442 217 2473 que
233 2432 391 2473 praeberet:
414 2442 464 2463 aut
475 2453 483 2467 ,
502 2432 523 2463 fi
541 2433 623 2464 dixit
637 2433 751 2474 aliquid
763 2454 772 2467 ‚
792 2434 892 2464 verbis
907 2432 1118 2467 haesitantibus,

158 2473 336 2515 postemque
347 2474 544 2506 tremebunda
557 2486 649 2506 manu
663 2477 767 2517 tetigit.
788 2475 867 2506 certe
877 2477 957 2506 nihil
968 2475 1120 2509 rite‚nihil

157 2514 330 2550 caste‚nihil
339 2526 437 2550 more,
449 2516 649 2559 institutoque
658 2519 790 2557 perfecit.
814 2518 935 2548 Viderat
946 2518 997 2548 ille
1008 2520 1119 2548 Murae—

156 2568 228 2589 nam
240 2578 248 2592 ,
266 2559 408 2588 vitricum
418 2559 506 2590 suum
516 2579 524 2594 ‚
544 2560 701 2590 consulem
711 2558 897 2601 designatum
908 2581 918 2593 ,
936 2560 972 2590 ad
984 2569 1033 2589 me
1043 2570 1117 2589 con-

157 2601 255 2634 sulem
267 2610 338 2630 curn
349 2600 563 2643 Allobrogibus
577 2604 753 2632 communis
768 2604 856 2632 exitii
870 2602 982 2632 indicia
994 2599 1098 2632 afferre
1110 2612 1116 2631 2

157 2642 291 2673 audierat
300 2652 338 2672 ex
347 2642 402 2672 illo
413 2662 420 2676 ‚
441 2643 469 2673 se
485 2645 501 2674 ἐι
515 2653 565 2673 me
579 2644 624 2674 bis
639 2644 765 2674 salutem
779 2642 919 2684 accepisse
930 2664 939 2677 ‚
962 2644 1117 2683 separatim

159 2684 273 2718 semel,
294 2686 403 2714 iterum
416 2694 485 2715 cum
501 2684 655 2716 universis.
679 2688 776 2728 Qare
790 2688 857 2726 quis
872 2684 932 2719 est,
947 2688 1000 2726 qui
1013 2685 1119 2716 existi-

156 2736 238 2758 mare
248 2725 334 2766 poffit
344 2746 353 2760 ‚
373 2727 444 2757 huic
453 2737 536 2758 novo
546 2726 685 2768 pontifici
696 2748 704 2761 ,
725 2730 854 2768 primam
866 2729 943 2757 hanc
951 2726 1018 2767 post
1026 2729 1119 2758 sacer—

157 2768 279 2799 dotium
290 2770 403 2798 initum
414 2769 594 2811 religionem
604 2769 773 2800 instituenti
785 2790 794 2804 ,
814 2779 983 2810 vocemque
993 2772 1119 2800 mitten-

156 2812 199 2846 ti,
220 2821 286 2841 non
305 2811 339 2842 δε
355 2811 492 2853 linguam
503 2811 686 2843 obmutuisse
702 2834 712 2847 ,
738 2813 770 2844 δε
782 2821 910 2843 manum
921 2810 1116 2853 obtorpuisse,

2068 149 2162 196 471

1199 209 1233 240 &
1247 218 1384 241 mentem
1402 210 1589 242 debilitatam
1610 222 1694 244 metu
1711 211 1893 244 concidisse-z
1915 213 2075 254 praesertim
2086 213 2161 248 cum

1196 262 1234 282 ex
1243 252 1374 293 collegio
1384 262 1466 284 tanto
1477 274 1486 287 ,
1501 264 1565 284 non
1576 265 1677 296 regem
1690 275 1698 288 ‚
1714 265 1778 286 non
1788 255 1947 286 flaminem
1958 276 1966 289 ‚
1983 266 2046 286 non
2056 260 2161 296 ponti-

1195 292 1284 324 ficem
1296 295 1427 326 videret:
1446 294 1572 337 fierique
1586 299 1728 338 particeps
1742 298 1833 328 alieni
1848 298 1964 329 sceleris
1979 298 2090 328 invitm
2103 310 2158 330 co-

1191 345 1310 375 geretur
1321 357 1328 370 ,
1351 337 1383 367 &
1403 337 1584 377 gravissimas
1596 349 1698 379 poenas
1714 338 1867 370 affinitatis
1884 339 2091 380 impuriffimae
2107 342 2156 372 su-

1192 376 1338 408 stineret?
1379 379 1456 413 Sed,
1478 390 1510 410 ut
1526 391 1653 411 revertar
1675 381 1737 412 4ad
1752 382 1802 422 jus
1820 382 1977 423 publicum
1996 382 2153 414 vindican-
2172 388 2216 421 53

1191 418 1265 448 dum
1278 440 1286 452 ,
1307 420 1388 459 quod
1400 420 1451 460 ipsi
1462 421 1622 461 pontifices
1632 423 1748 463 semper
1756 433 1821 454 non
1831 422 1932 454 solum
1942 424 1977 454 ad
1989 425 2053 455 suas
2062 435 2153 456 ciere-

1191 463 1322 506 monias,
1335 461 1382 491 sed
1393 464 1484 492 etiam
1494 464 1529 494 ad
1539 465 1642 504 populi
1654 464 1726 501 jussa
1734 466 2006 496 accomodaverunt
2017 477 2022 496 :
2033 467 2152 498 habetis

1188 511 1222 531 in
1241 506 1469 533 commentariis
1489 505 1595 535 vestris
1611 526 1619 538 2
1645 509 1677 537 C.
1689 506 1820 538 Cassium
1839 509 1993 539 censorem
2014 508 2050 539 de
2068 507 2153 550 signo

1189 544 1366 574 Concordia:
1384 543 1550 576 dedicando
1571 547 1604 578 ad
1624 548 1805 587 pontificum
1822 550 1984 592 collegium
2002 550 2148 586 retuliffe,

1187 588 1274 626 eique
1289 588 1333 631 M:
1346 586 1510 617 AEmilium
1523 608 1531 621 ,
1550 589 1659 628 pontif.
1673 601 1842 622 maximum
1855 612 1862 626 ,
1882 602 1936 632 pro
1956 593 2085 635 collegio
2103 604 2153 623 re-

1187 627 1335 667 spondisse
1349 648 1357 661 ,
1382 625 1436 657 nisi
1456 638 1525 658 eum
1545 632 1674 669 populus
1689 634 1822 664 Roman.
1837 636 2023 664 nominatim
2043 633 2151 675 praefe-

1186 667 1286 703 ciffi-t,
1309 679 1396 710 atque
1416 670 1482 709 ejus
1499 669 1578 709 jussu
1597 671 1719 703 faceret:
1740 685 1804 705 non
1819 676 1913 706 videri
1929 686 1962 707 ca
1974 676 2054 706 reS'te
2067 675 2152 717 posse

1185 710 1325 742 dedicati.
1350 711 1431 753 Qid
1445 732 1453 745 ,
1473 711 1544 742 cum
1556 714 1674 744 Licinia
1684 717 1768 755 virgo
1779 716 1904 747 Vestalis
1916 740 1923 751 ‚
1945 718 2067 748 summo
2078 720 2149 749 loco

1185 762 1251 783 nata
1265 773 1272 787 ,
1298 751 1482 784 sine‘nss'imo
1500 754 1664 785 sacerdotio
1682 759 1821 796 praedita,
1842 762 1879 788 T.
1893 761 2084 795 Flaminino,

1185 796 1328 828 Metello,
1352 798 1436 826 Coss.
1446 806 1526 826 aram
1536 816 1544 830 ‚
1567 796 1599 826 &
1610 796 1766 828 aediculam
1780 820 1788 831 ,
1810 800 1841 830 δε
1855 802 1988 839 pulvini·
2009 802 2061 832 sub
2075 803 2147 833 saxo

1185 837 1264 868 sacro
1279 836 1457 871 dedicasset,
1478 848 1542 868 non
1561 849 1627 869 eam
1648 849 1711 869 rem
1732 850 1770 870 ex
1788 841 1961 872 auec-›ritatt—
1979 844 2096 874 ssnatus
2110 844 2148 876 ad

1183 880 1241 909 hoc
1255 880 1419 921 collegium
1430 881 1605 922 Sex-Julius
1619 890 1725 921 praetor
1739 883 1860 913 retulit?
1879 884 1950 914 cum
1961 888 1989 914 P>
2001 887 2146 920 scaz-sola,

1182 920 1296 961 pontif.
1309 923 1392 952 Max.
1402 932 1457 962 pro
1467 924 1597 963 collegio
1607 923 1760 963 respondit
1770 944 1778 958 ,
1799 925 1879 965 quod
1896 928 1927 955 in
1942 927 2010 956 loco
2023 927 2147 966 publico

1182 965 1301 994 Licinia
1312 984 1319 997 ,
1332 966 1364 993 C.
1376 966 1408 993 F.
1421 963 1531 1004 injussu
1545 965 1652 1005 populi
1661 964 1834 1000 dedicasset,
1852 967 2148 1006 5fhcr:mz;12⁷2vici'eri

1180 1004 1247 1035 else.
1273 1008 1372 1047 Qam
1384 1006 1507 1047 quidem
1518 1017 1581 1037 rem
1592 1016 1700 1048 quanta
1712 1009 1864 1039 severitate
1873 1029 1881 1043 ,
1896 1019 2065 1051 quantaque
2074 1011 2148 1041 dili=

1178 1050 1278 1088 gentia
1296 1049 1411 1078 senatus
1433 1047 1601 1083 sustulerit,
1624 1059 1661 1079 ex
1678 1051 1742 1090 ipso
1757 1053 1784 1081 S.
1797 1054 1827 1081 C.
1840 1050 1928 1081 facile
1947 1052 2144 1093 cognoscens.

1179 1092 1284 1120 Recita
1305 1093 1335 1120 S.
1347 1093 1379 1121 C.
1399 1092 1551 1121 Semirus
1573 1100 1787 1123 CONSULTUM.
1819 1093 1977 1124 Videtisne
1994 1114 2003 1126 ,
2024 1098 2144 1133 praetori

1179 1132 1293 1162 urbano
1312 1134 1472 1173 negotium
1493 1133 1615 1167 datum,
1637 1143 1810 1168 utcuraret,
1832 1145 1870 1164 ne
1881 1134 1913 1165 id
1924 1135 2036 1165 sacrum
2049 1134 2141 1166 esset?

1177 1174 1211 1204 ὅ(
1221 1182 1254 1204 ut
1265 1194 1273 1208 ‚
1289 1172 1378 1215 siqu-,e
1389 1172 1484 1206 essent
1494 1175 1592 1206 incisae
1603 1195 1610 1209 ,
1631 1185 1679 1206 aut
1689 1176 1837 1217 inscriptae
1849 1177 1954 1207 litterae
1964 1196 1973 1210 ‚
1995 1177 2142 1208 tolleren-⁵

1175 1218 1248 1246 tur?
1270 1219 1296 1246 O
1312 1226 1466 1257 tempora,
1491 1216 1510 1248 ὃ
1528 1227 1628 1248 mores
1645 1221 1650 1247 Ι
1675 1221 1759 1248 Tum
1777 1219 1951 1253 censorem,
1975 1219 2140 1250 hominem.

1173 1257 1392 1289 sanetiffimum
1403 1279 1412 1293 ,
1432 1258 1625 1290 simulacrum
1640 1260 1818 1291 Concordiae
1832 1260 1965 1291 dedicare
1979 1260 2141 1300 pontifices

1172 1301 1206 1330 in
1216 1301 1516 1343 temploinaugurato
1525 1303 1746 1342 prohibuerunt
1759 1314 1764 1332 ;
1783 1302 1851 1343 post
1865 1313 1964 1333 autem
1979 1303 2096 1333 senatus
2106 1305 2141 1335 in

1173 1342 1243 1372 loco
1253 1342 1377 1384 augusto
1388 1344 1591 1374 consecratam
1601 1354 1668 1374 eam
1679 1354 1759 1374 aram
1772 1364 1781 1378 ‚
1805 1344 1971 1375 tollendam
1985 1355 2023 1375 ex
2036 1344 2143 1375 3υᾶὶο-

1174 1386 1258 1414 ritate
1270 1384 1451 1424 pontificum
1462 1386 1597 1419 censuit,
1615 1397 1714 1428 neque
1725 1387 1824 1416 ullum
1835 1386 1876 1416 est
1885 1385 1981 1426 passus
1992 1397 2029 1416 ex
2041 1397 2072 1417 ea
2083 1387 2138 1417 de-

1174 1425 1325 1456 dicatione
1344 1447 1353 1460 ,
1385 1427 1550 1457 litterarum
1567 1427 1680 1459 exstare
1701 1436 1925 1458 monumentum.
1961 1437 1992 1458 tu
2011 1428 2143 1468 procella

1172 1470 1272 1508 patriae
1282 1489 1290 1502 ,
1303 1469 1391 1499 turbo
1401 1489 1409 1502 ,
1421 1479 1453 1499 ac
1464 1469 1624 1510 tempestas
1633 1472 1712 1510 pacis
1724 1492 1732 1504 ‚
1744 1479 1830 1511 atque
1842 1472 1898 1501 otii
1907 1490 1915 1504 ‚
1928 1469 2010 1511 quod
2020 1472 2054 1500 in
2065 1480 2142 1500 nau-

1172 1509 1268 1552 fragio
1278 1513 1350 1551 reip,
1362 1511 1492 1541 tenebris
1503 1510 1603 1542 offusis
1617 1532 1625 1545 ‚
1637 1513 1775 1543 demerso
1785 1512 1900 1552 populo
1909 1515 2043 1542 Roman.
2056 1523 2144 1543 ever-

1173 1552 1205 1582 so
1217 1573 1226 1586 ,
1238 1562 1325 1593 atque
1334 1552 1431 1592 ejeeto
1443 1553 1542 1583 senatu
1553 1554 1692 1587 dirueris,
1705 1553 1859 1584 aedificaris
1872 1575 1880 1587 ‚
1893 1555 2039 1595 religione
2050 1556 2140 1586 omni

1172 1595 1280 1624 violata
1290 1616 1299 1628 ,
1321 1597 1393 1635 reip.
1406 1604 1524 1625 tantum
1539 1598 1667 1626 nomine
1680 1597 1896 1626 contaminaris
1916 1606 1922 1625 ;
1944 1599 1978 1625 in
1993 1597 2069 1626 civis
2082 1597 2141 1626 hu-

1172 1637 1253 1676 jusce
1266 1637 1380 1667 aedibus
1390 1657 1399 1670 ,
1413 1637 1486 1667 &in
1498 1637 1571 1667 urbe
1581 1658 1589 1671 ‚
1605 1637 1695 1679 quarn
1706 1638 1765 1668 suis
1776 1637 1927 1668 laboribus
1937 1658 1945 1671 ,
1959 1647 1990 1667 ac
1999 1639 2143 1678 periculis

1173 1676 1382 1713 conservasset,
1393 1688 1634 1709 monumentum
1644 1680 1748 1710 deletae
1758 1681 1830 1720 reip.
1842 1680 1999 1710 collocaris
2009 1680 2045 1714 ad
2055 1682 2142 1721 equi-

1172 1730 1238 1750 tum
1257 1730 1380 1755 notam,
1403 1720 1438 1751 ad
1452 1721 1592 1751 dolorem
1610 1722 1764 1751 bonorum
1778 1723 1922 1752 omnium
1934 1742 1942 1755 ,
1962 1722 2140 1763 sublatoque

1176 1765 1214 1805 Q
1226 1763 1323 1793 Catuli
1341 1773 1472 1793 nomine
1490 1763 1631 1793 incideris
1646 1775 1652 1793 z
1672 1763 1704 1793 id
1722 1763 1840 1803 sperasti
1859 1763 1997 1803 rempub.
2013 1763 2140 1799 diutius,

1172 1806 1263 1846 quam
1276 1825 1285 1839 ‚
1309 1805 1409 1846 quoad
1424 1815 1547 1836 mecum
1561 1803 1649 1835 simul
1664 1806 1785 1846 expulsa
1795 1815 1904 1835 careret
1913 1807 1959 1835 his
1972 1806 2140 1840 moenibus,

1172 1846 1230 1877 esse
1240 1848 1386 1878 laturam?
1409 1851 1467 1881 At,
1486 1846 1506 1876 si
1519 1868 1528 1881 ,
1546 1845 1726 1887 pontifices,
1740 1849 1890 1888 nequei3‚
1909 1849 1957 1877 cui
1969 1847 2073 1881 licuit,
2085 1858 2142 1877 ne-

1171 1899 1229 1930 que
1242 1889 1273 1919 id
1284 1909 1292 1922 ‚
1305 1889 1386 1930 quod
1399 1888 1443 1919 fas
1456 1888 1515 1919 fuit
1527 1910 1536 1923 ,
1555 1890 1704 1920 dedicavit
1716 1891 1805 1930 :quid
1817 1899 1866 1918 me
1876 1889 2049 1928 attinetjam
2061 1889 2139 1920 illud

1172 1933 1294 1961 tertium
1306 1951 1314 1964 ‚
1333 1931 1416 1972 quod
1426 1932 1639 1971 proposueram
1650 1951 1660 1964 ,
1682 1930 1809 1964 docere,
1830 1940 1893 1960 non
1912 1931 1960 1960 his
1977 1930 2138 1965 institutis,

1170 1983 1202 2003 ac
1212 1973 1312 2002 verbis
1322 1993 1330 2006 ,
1353 1973 1464 2013 quibus
1474 1982 1662 2002 caeremoniae
1674 1970 1828 2012 postulant
1840 1992 1848 2005 ‚
1870 1972 2037 2003 dedicasse?
2060 1975 2135 2003 Dixi
2153 1988 2205 2021 54

1170 2014 1186 2044 a
1201 2016 1351 2054 principio
1363 2034 1371 2048 ,
1392 2014 1471 2043 nihil
1489 2024 1540 2043 me
1560 2014 1597 2044 de
1617 2015 1740 2044 scientia
1758 2013 1872 2047 vestra,
1893 2014 1971 2044 nihil
1985 2014 2020 2045 de
2037 2015 2135 2049 sacris,

1171 2056 1295 2085 nihilde
1309 2055 1486 2085 abscondito
1496 2056 1563 2095 jure
1577 2054 1758 2095 pontificum
1771 2076 1779 2088 ‚
1800 2055 1962 2086 dusturum.
1986 2066 2052 2097 quae
2067 2057 2136 2088 sunt

1169 2098 1264 2127 adhuc
1280 2097 1296 2127 a
1314 2108 1363 2133 me
1380 2097 1417 2127 de
1430 2098 1495 2136 jure
1509 2097 1668 2127 dedicandi
1681 2097 1825 2137 disputata
1837 2118 1845 2131 ‚
1866 2108 1930 2127 non
1941 2098 2009 2128 sunt
2019 2096 2137 2139 quaesita

1169 2149 1207 2169 ex
1221 2139 1340 2169 occulto
1353 2140 1455 2180 aliquo
1468 2149 1575 2179 genere
1590 2139 1755 2170 litterarum
1768 2160 1775 2173 ‚
1797 2139 1845 2169 sed
1857 2139 1954 2169 sumta
1965 2139 2002 2170 de
2014 2140 2130 2175 medio,

1168 2192 1207 2211 ex
1217 2181 1304 2211 rebus
1313 2181 1411 2221 palam
1422 2191 1474 2221 per
1485 2180 1668 2222 magistratus
1679 2181 1752 2211 aclis
1764 2202 1772 2216 ‚
1790 2181 1827 2211 ad
1840 2181 2064 2223 collegiumque
2078 2181 2132 2212 de-

1168 2224 1254 2256 latis,
1275 2233 1313 2253 ex
1331 2226 1357 2253 S.
1369 2223 1528 2256 consulto,
1547 2233 1585 2253 ex
1606 2223 1679 2264 lege.
1702 2223 1757 2253 Illa
1777 2223 1912 2252 interiora
1927 2243 1935 2257 ,
1955 2223 2019 2263 jam
2039 2223 2135 2255 vestra

1168 2266 1254 2299 sunt,
1274 2264 1346 2306 quid
1361 2264 1441 2298 diei,
1463 2265 1536 2305 quid
1550 2274 1727 2305 praecipere,
1746 2265 1818 2307 quid
1831 2267 1908 2306 tangi
1921 2285 1929 2298 ,
1952 2265 2027 2306 quid
2038 2268 2133 2296 teneri

1165 2309 1214 2348 jus
1230 2307 1331 2337 fuerit.
1354 2317 1420 2347 quae
1434 2305 1455 2336 si
1468 2311 1575 2337 omnia
1586 2317 1625 2337 ex
1637 2309 1820 2338 Coruncanii
1832 2307 1953 2337 scientia
1965 2328 1973 2341 ,
1992 2310 2043 2348 qui
2053 2310 2134 2348 peri-

1167 2349 1298 2380 tissimus
1307 2348 1448 2389 pontifex
1457 2347 1545 2378 fuisse
1556 2349 1665 2379 dicitur
1675 2369 1683 2382 ‚
1704 2349 1767 2379 aEka
1776 2347 1832 2380 efl'e
1843 2348 2030 2380 constarent:
2051 2359 2098 2380 aut
2110 2348 2132 2380 fi

1169 2393 1213 2421 M.
1228 2392 1371 2421 Horatius
1390 2391 1443 2420 ille
1461 2391 1608 2421 Pulvillus
1621 2411 1628 2424 ³
1653 2393 1704 2432 qui
1716 2412 1724 2425 ,
1744 2390 1816 2421 cum
1831 2392 1894 2431 ejus
1907 2391 2132 2422 dedicationem

1167 2434 1277 2466 multi,
1298 2442 1417 2473 propter
1435 2433 1583 2463 invidiam
1601 2453 1609 2467 ‚
1632 2431 1710 2463 fietis
1723 2434 1921 2475 religionibus
1936 2433 2130 2473 impedirent,

1167 2475 1274 2506 restitit
1291 2495 1299 2509 ‚
1330 2475 1362 2505 &
1380 2474 1618 2505 constantissima
1636 2484 1740 2505 mente
1760 2476 1946 2515 Capitolium
1969 2475 2130 2509 dedicavit,

1166 2517 1344 2555 hujusmodi
1357 2517 1447 2547 alicui
1461 2517 1645 2547 dedicationi
1667 2516 1845 2557 praefuiss‘et:
1867 2526 1967 2546 tamen
1986 2516 2015 2546 in
2030 2516 2132 2556 ftelere

1165 2560 1263 2600 religio
1274 2570 1326 2589 non
1338 2559 1463 2587 valeret:
1473 2559 1587 2589 nedum
1598 2559 1691 2589 valeat
1702 2559 1731 2588 id
1743 2578 1751 2592 ,
1765 2558 1846 2599 quod
1858 2559 2017 2598 imperitus
2026 2557 2131 2588 adole-

1166 2603 1249 2632 scens
1260 2622 1268 2635 ,
1287 2611 1387 2632 novus
1398 2600 1530 2631 sacerdos
1540 2621 1547 2634 ,
1564 2601 1674 2631 sororis
1683 2601 1820 2640 precibus
1831 2620 1839 2633 ‚
1858 2601 1961 2630 matris
1972 2602 2065 2631 minis
2075 2600 2129 2631 ad—

1166 2643 1275 2674 dutstus
1287 2664 1295 2677 ‚
1317 2645 1326 2672 i
1341 2652 1436 2682 ¹narus
1447 2662 1456 2675 ,
1477 2644 1590 2672 invitus
1602 2662 1610 2676 ‚
1631 2642 1692 2671 sine
1705 2642 1828 2683 collegis
1841 2662 1850 2674 ‚
1869 2640 1930 2671 fine
1943 2642 2026 2672 libris
2036 2662 2044 2676 ,
2066 2641 2129 2673 sine

1164 2686 1286 2716 ausitore
1295 2706 1303 2718 ‚
1343 2684 1402 2714 sine
1413 2683 1517 2714 fluore
1528 2704 1536 2718 ‚
1553 2683 1660 2714 furtim
1672 2702 1680 2716 ‚
1693 2693 1794 2713 mente
1804 2704 1812 2717 ‚
1825 2694 1856 2713 ac
1865 2684 1968 2725 lingua
1978 2684 2128 2715 titubante

1164 2726 1267 2758 fecisse
1285 2727 1415 2757 dicatur:
1439 2726 1602 2766 pra-:sertim
1623 2725 1694 2756 curn
1711 2724 1764 2756 iste
1780 2727 1937 2765 impurus,
1959 2735 2044 2767 atque
2063 2728 2125 2757 irn-

1166 2772 1233 2810 pius
1242 2769 1337 2799 hostis
1347 2770 1491 2798 omnium
1504 2769 1687 2809 religionum
1699 2788 1707 2801 ,
1726 2770 1778 2808 qui
1787 2777 1891 2797 contra
1902 2766 1947 2798 fas
1956 2770 2034 2798 inter
2043 2769 2127 2798 viros

1167 2813 1240 2853 saepe
1259 2811 1386 2845 mulier,
1406 2811 1439 2841 &
1457 2812 1535 2842 inter
1554 2810 1697 2840 mulieres
1716 2820 1764 2840 vir
1780 2808 1883 2840 fuisset
1895 2830 1903 2844 ,
1927 2818 2024 2851 ageret
2040 2810 2126 2841 illam

2059 2861 2126 2882 rem

196 2941 220 2958 1.
239 2934 319 2967 Magio·
329 2934 363 2960 ad
372 2934 501 2960 ludibrium
507 2934 651 2968 pudicitia]
672 2934 717 2959 Ita
726 2932 792 2959 alias
804 2931 858 2967 legi
868 2930 1026 2958 adnotatum
1038 2929 1097 2956 aliis
1109 2940 1118 2961 ς

157 2966 293 3004 placetque
302 2979 357 3005 prae
367 2970 475 3005 vulgato
488 2989 496 3002 ‚
514 2971 677 3003 impudentiae3
699 2968 771 3006 quod
781 2976 869 2995 tamen
881 2969 906 2994 iii
917 2966 1050 3004 plerisque
1060 2967 1118 2993 Pal.

159 3012 220 3030 nam
232 3014 314 3031 nonus
325 3006 484 3038 impudicitia.

195 3047 223 3065 2.
242 3043 286 3066 Cui
293 3044 364 3066 etiam
372 3043 464 3067 ordines
481 3042 584 3076 omnen]

157 3073 275 3102 lestione
287 3094 296 3107 ,
313 3076 338 3103 in
348 3076 459 3112 speciem
469 3077 547 3104 bona.
567 3076 609 3103 sed
621 3077 713 3104 malim
724 3076 796 3113 quod
807 3077 885 3104 restat
895 3076 921 3103 in
932 3086 1003 3103 nono
1014 3076 1118 3102 fii-mat-

159 3119 211 3146 que
222 3111 251 3136 S.
260 3110 376 3138 vretoris
387 3113 466 3145 liber,
475 3121 525 3138 mm
534 3121 611 3138 autem
621 3115 712 3140 ordines
722 3123 808 3140 omnes.

1199 2939 1227 2963 4.
1246 2932 1301 2958 :Ad
1311 2932 1355 2964 jur
1370 2930 1490 2962 publicum
1508 2927 1707 2962 vindicandum]
1729 2926 1805 2952 Libri
1827 2924 1976 2952 s'elecstiores
1989 2925 2128 2959 judicandi.

1165 2967 1221 2993 Pal.
1233 2976 1273 3003 pr.
1290 2967 1423 2991 dedicandi}
1739 3001 1741 3004 Ι
1790 3001 1793 3004 Ι
2045 2997 2060 3002 Ι.

1203 3013 1229 3037 5.
1250 3007 1348 3028 sacrum
1358 3011 1402 3026 non
1411 3001 1491 3025 villeri
1499 3000 1565 3033 effe]
1588 2998 1698 3025 Erful'd.
1712 2998 1819 3024 videi-m·
1828 2998 1879 3032 effe»
1895 2997 1979 3024 codex
1992 2998 2018 3024 S.
2030 2998 2043 3024 1
2054 2996 2128 3025 insto·

605 3041 675 3067 Pau.
687 3040 744 3068 fei-e
757 3061 764 3073 ‚
784 3044 820 3067 tm*
830 3043 902 3066 etiam
920 3041 1012 3066 ordines
1021 3048 1097 3065 omnes
1108 3048 1117 3069 ¹,
1164 3040 1199 3066 ris
1210 3040 1250 3072 effe
1259 3038 1361 3067 abiicit,
1379 3038 1528 3071 retinetque
1540 3043 1643 3062 tantum
1654 3035 1770 3061 vide-rm.

1199 3076 1226 3100 6.
1246 3078 1300 3099 Sine
1311 3073 1414 3106 ἠξίωκε]
1429 3073 1451 3097 R
1458 3072 1545 3098 estitui
1555 3071 1649 3097 Tullio
1658 3071 1792 3107 propriam
1805 3069 1875 3097 suam
1886 3068 2127 3105 vocem,conspira-

1163 3113 1236 3138 tione
1247 3105 1366 3135 omnium
1379 3108 1446 3135 Pall.
1457 3108 1521 3134 item
1532 3106 1681 3134 editionum
1693 3115 1826 3137 veterum,
1838 3113 2012 3142 praeterquam
2024 3107 2127 3144 primae,

196 3154 222 3180 3.
243 3149 272 3170 Ut
281 3149 475 3182 mihipraeemNJ
499 3149 625 3176 Melini-es
636 3149 694 3178 mss.
704 3149 913 3184 iiostripareatrs‚
923 3148 997 3185 quod
1007 3147 1114 3176 Guliel-
1160 3156 1218 3183 quae
1231 3145 1367 3171 verbulum
1379 3144 1446 3172 istud
1457 3152 1544 3171 totum
1554 3144 1682 3171 emisam
1694 3143 1850 3179 posteriores
1861 3142 1935 3168 nobis
1947 3142 2127 3171 obtinuerant,

155 3190 227 3212 mius
237 3183 417 3212 omittendum
427 3194 480 3212 non
488 3184 606 3221 putabat.

1153 3183 1332 3219 sinescriprore,
1345 3181 1426 3210 Ennii
1437 3179 1524 3209 versus
1536 3180 1571 3209 est
1582 3191 1589 3209 z
1628 3181 1848 3215 Libaqnefifforts,
1858 3182 1957 3214 tuiz-gens
1967 3178 1996 3210 ,ὲν
2005 3179 2127 3238 ιιινείαέε.

2031 3221 2054 3240 i.
2101 3220 2129 3239 m
