2360 3400
552 121 1044 168 Episronffi

1127 135 1225 167 AD

1309 123 1713 177 Baua-usi.
2021 138 2124 204 963v

159 206 250 239 nobis
266 202 573 248 abhorrent)spei·que
591 202 746 233 fortunam
765 210 834 241 pop.
852 201 892 231 R.
911 197 922 237 (
932 208 998 240 quae
1008 207 1113 245 quam·
1159 202 1227 235 fieta
1243 205 1471 239 videanturffl'e
1483 212 1496 238 ἓ
1519 211 1595 252 Qis
1606 213 1750 243 erittanta
1760 215 1856 245 animi
1869 214 2028 252 facilitate,
2048 220 2116 259 qui,

157 259 246 290 quam
257 249 345 279 nobis
354 246 460 277 infesta
467 245 522 279 est,
535 247 592 276 tuit
601 243 762 285 aliquando
770 243 908 289 propitia3
921 241 965 274 &,
977 249 1007 287 ut
1017 244 1113 286 ipsi-o,

158 292 255 322 futura
273 289 335 330 est)
355 290 422 330 quis
437 297 496 319 tam
508 297 613 327 expers
625 287 816 316 humanitatis
828 303 836 318 ,
856 293 924 324 quis
933 283 1022 328 hujus
1034 281 1114 310 urbis

157 333 301 364 nomini,
322 341 354 361 ac
371 330 490 360 sedibus
507 328 598 370 usque
617 328 692 359 adeo
717 327 760 358 est
771 328 933 358 inimicus,
954 332 985 354 ut
998 319 1052 370 ista
1061 331 1109 352 aut

156 372 336 404 diffimulare
354 370 441 411 poffit
451 391 460 405 ‚
481 380 531 402 aut
550 381 615 401 non
635 370 756 400 dolere?
776 377 844 402 aut,
864 366 884 396 fi
904 366 985 396 nulla
995 372 1110 411 ratione

156 414 284 455 publicis
301 412 511 444 incommodis
528 413 643 443 mederi
653 420 759 453 queat,
776 419 843 458 non
855 415 942 438 morte
951 415 1110 447 proprium

155 455 322 496 periculum
334 457 425 487 vitet?
449 457 529 485 Nam
545 476 553 488 ‚
576 465 608 485 ut
617 455 716 484 ordiar
725 452 761 483 ab
772 454 886 498 initio,
908 450 941 479 &
951 448 1110 489 perducam

155 497 191 528 ad
206 505 381 527 extremum
395 517 403 531 ‚
424 497 457 527 δε
476 496 636 527 noviffima
654 494 805 527 conferam
826 501 934 540 pri-mis
946 510 955 524 ‚
972 498 1037 531 quae
1046 498 1111 519 non

153 538 300 580 posterior
318 539 381 569 dies
395 538 531 569 acerbior
538 540 662 579 priore?
680 537 713 568 &
721 546 786 578 quae
796 545 859 582 non
869 533 1028 573 insequens
1041 532 1112 577 hora

153 580 347 612 antecedente
364 579 565 611 calamitofior
583 590 651 620 pop.
674 581 711 610 R.
736 578 859 623 illuxit?
873 577 919 605 M.
942 578 1110 621 Antonius,

154 624 202 653 vir
219 624 454 653 animimaximi
473 623 609 661 (utinam
622 623 711 652 etiam
723 613 989 668 sapientisxconfilii
1000 613 1110 662 fuiflet)

151 667 189 695 C·
204 665 311 696 Caesare
320 684 328 698 ,
340 663 498 695 fortiffime
508 685 517 698 ,
530 664 579 694 sed
588 673 694 704 parum
703 661 846 707 feliciter,
859 670 875 690 a
885 656 1110 707 reip-&domina-

150 709 238 738 tione
248 706 403 738 summoto
415 726 424 739 ‚
437 708 650 746 concupiverat
665 705 759 745 magis
771 711 888 749 regrum
899 720 907 734 ‚
917 698 1111 746 quam-libera

150 750 257 779 civitas
277 750 337 789 pati
359 757 472 788 poterat
491 768 500 782 ‚
523 749 735 787 principatum.
756 745 908 785 publicam
929 739 1109 788 dilapidabat

150 793 309 831 pecuniam
323 810 332 823 ,
343 791 481 820 zetarium
490 789 681 820 exhauriebat
692 785 867 822 ,minuebat
880 782 1043 825 vediigalia,
1055 781 1110 811 do-

151 832 241 863 nabat
268 833 414 862 civitates.
445 841 484 862 ex
502 831 725 861 commentario
748 839 757 862 5
785 826 963 872 diastaturam
981 823 1110 870 gerebam

150 874 232 915 leges
251 873 428 914 imponebat
441 884 450 907 3
468 869 831 912 prohibebatdi&atorem
840 877 929 898 creari
939 865 1108 913 plebiscito,

149 916 212 956 ipse
223 915 360 958 regnabat
369 916 401 944 in
411 914 568 944 consulatu
585 923 590 942 ε
600 912 770 952 provincias
778 919 856 956 unu-s
865 917 985 938 omneis
994 916 1109 953 concu-

150 958 258 998 piebat.
288 958 338 987 cui
356 955 493 986 sordebat
508 955 690 984 Macedonia
708 953 882 992 provincia,
899 959 989 991 quam
1010 947 1109 979 victor

150 998 204 1029 fibi
224 998 366 1029 sumserat
386 996 483 1027 Caesar
494 1016 502 1030 .
527 995 647 1037 quidde
657 995 716 1025 hoc
726 994 836 1034 sperare
851 1013 859 1027 ‚
882 989 1109 1040 avutexspeetare

149 1050 207 1070 nos
224 1039 405 1079 oportebat?
426 1037 573 1069 Exstitisti
592 1048 625 1068 tu
637 1036 753 1068 vindex
763 1034 871 1066 nostra:
882 1033 1048 1066 libertatis,
1075 1041 1108 1080 ut

145 1081 334 1122 tunt-quidem
343 1100 353 1115 ,
371 1081 507 1120 opnmus
517 1080 526 1119 (
536 1079 618 1121 quod
628 1081 746 1110 utinam
757 1087 854 1118 neque
862 1074 962 1124 nostra
971 1084 1028 1105 nos
1041 1083 1107 1114 opi-

146 1125 201 1153 nio
211 1143 220 1156 ,
236 1133 334 1163 neque
346 1131 394 1152 tua
404 1120 476 1153 fides
487 1120 639 1153 fefellisset
651 1122 663 1161 )
676 1121 710 1151 δε
721 1127 870 1152 veteranis
881 1127 912 1165 in
925 1126 1021 1147 unum
1033 1125 1108 1146 con—

146 1163 246 1195 ductis
257 1184 266 1199 ,
286 1165 319 1195 ὃς
336 1164 452 1195 duabus
472 1164 644 1205 legionibus
661 1163 818 1202 apernicie
827 1169 926 1200 patriae
935 1159 971 1190 ad
982 1158 1106 1188 salutem

145 1209 275 1237 avocatis
285 1226 294 1240 ,
313 1206 412 1237 subito
427 1207 521 1246 prope
536 1207 599 1246 jam
609 1203 747 1236 affefilmn
758 1223 767 1237 ‚
780 1213 819 1252 xac
829 1201 1001 1252 prostratam
1011 1209 1104 1240 remp.

145 1250 206 1279 tuis
215 1248 324 1288 opibus
334 1247 479 1279 extulisti·
500 1250 575 1287 Quae
587 1248 643 1278 tibi
653 1256 718 1277 non
725 1255 792 1277 ante
804 1264 813 1278 ‚
826 1253 917 1286 quarn
930 1241 1107 1290 pof’tulai·es;

145 1291 260 1330 majora
270 1310 279 1323 ,
296 1290 386 1331 quam
397 1289 490 1320 velles
498 1301 507 1324 3
519 1291 603 1330 plura
616 1309 624 1322 ‚
645 1288 736 1329 quam
748 1288 875 1328 sperares
884 1305 893 1320 ‚
905 1284 1012 1315 detulit
1026 1283 1107 1314 sena-

143 1342 193 1363 tus
206 1341 216 1363 ,2
237 1330 495 1366 Deditfasceis‚ut
503 1341 574 1362 cum
585 1330 757 1362 auetoritate
767 1327 960 1375 defensorem
971 1326 1104 1360 haberet,

147 1383 212 1404 non
227 1383 259 1404 ut
269 1375 400 1413 imperio
411 1373 440 1403 se
448 1373 606 1404 adversum
616 1381 738 1403 amaret.
762 1370 934 1411 Appellavit
942 1376 1107 1408 imperato-

143 1425 208 1449 rem
219 1435 228 1449 ‚
258 1414 390 1445 hostium
400 1417 533 1445 exercitu
541 1415 628 1454 pulso
639 1433 648 1447 ‚
670 1413 804 1444 tribuens
814 1413 964 1441 honorem
976 1429 985 1457 ?
997 1419 1062 1440 non
1074 1419 1107 1441 ut

146 1459 196 1490 sua
214 1456 294 1487 caede
301 1455 392 1486 caesus
401 1456 454 1486 ille
461 1455 581 1496 fugiens
593 1456 743 1487 exercitus
754 1463 781 1484 te
794 1460 966 1483 nominaret
975 1460 1104 1491 impera—

145 1499 401 1531 torem-Decrevit
412 1499 444 1527 in
453 1496 522 1527 foro
530 1496 773 1531 statuam‚locum
785 1497 818 1525 in
827 1495 938 1527 senatu,
948 1493 1104 1540 summum

144 1543 295 1572 honorem
305 1547 373 1569 ante
386 1547 515 1579 tempus.
536 1541 567 1569 Si
577 1538 652 1580 quid
664 1537 746 1569 aliud
756 1536 799 1568 est
810 1557 819 1570 ‚
829 1535 923 1577 ‘quod
932 1535 994 1582 dari
1003 1533 1101 1575 poffit,

144 1583 239 1613 addat.
263 1581 345 1622 Qid
355 1581 437 1611 aliud
447 1580 490 1612 est
500 1581 611 1620 majus,
621 1579 703 1622 quod
712 1580 789 1611 velis
800 1579 930 1625 sumere?
939 1580 994 1607 Sin
1003 1585 1104 1625 autem

144 1625 229 1664 supra
236 1631 352 1653 aetatem
365 1641 374 1656 ,
386 1622 470 1663 supra
479 1623 731 1654 consuetudinem
742 1641 752 1657 ,
770 1621 954 1668 suprahetiam
966 1619 1103 1649 mortali·

142 1675 235 1697 tatem
243 1668 327 1695 tuam
338 1664 394 1695 tibi
403 1664 472 1695 sunt
479 1667 586 1696 omnia
596 1665 706 1695 tributa
717 1674 783 1695 :cur
795 1671 845 1694 aut
854 1660 1104 1709 ingratustcrude-

143 1709 214 1738 liter
221 1726 230 1741 ‚
250 1715 301 1737 aut
310 1708 480 1736 immemor
489 1705 629 1737 beneficii
644 1706 781 1737 scelerate
790 1703 1010 1737 circumscribis
1019 1705 1103 1736 sena-

144 1758 212 1780 tum
224 1751 235 1778 ?
258 1746 330 1788 Quo
347 1756 376 1779 te
385 1746 544 1779 mifimus?
563 1749 581 1780 a
590 1748 700 1792 quibus
710 1748 866 1779 reverteris
878 1750 889 1776 ?
912 1754 1017 1778 contra
1026 1756 1104 1787 quos

143 1789 351 1822 armavimus?
371 1790 483 1832 quibus
500 1799 582 1821 arma
598 1793 709 1832 cogitas
717 1789 828 1821 inferre
839 1791 861 1836 ἒ.
870 1788 885 1818 a
894 1787 1004 1829 quibus
1013 1798 1103 1835 exer—

144 1835 242 1864 citum
262 1831 408 1862 abducis?
423 1832 562 1863 adversus
581 1842 660 1873 quos
676 1834 772 1863 aciem
792 1830 904 1861 struis?
921 1831 983 1859 Cur
1006 1829 1104 1877 hostis

144 1875 349 1915 relinquitur?
366 1874 441 1905 civis
462 1873 557 1904 hostis
574 1874 645 1904 loco
664 1873 808 1914 ponitur?
825 1881 878 1902 cur
890 1870 982 1918 castra
994 1871 1101 1901 medio

140 1918 250 1947 itinere
267 1914 389 1956 longius
404 1914 638 1946 adversariorum
656 1914 755 1946 castris
767 1935 776 1948 ,
797 1914 831 1944 &
848 1922 972 1960 propius
991 1913 1098 1960 urbem

142 1960 327 1989 moventur?
345 1959 373 1987 Ο
387 1967 438 1988 me
455 1967 624 1999 numquam
635 1958 798 1998 sapientem
811 1977 821 1990 ,
842 1954 1046 1996 &aliquando
1056 1955 1099 1990 id,

138 1999 224 2041 quod
235 2009 298 2029 non
309 2009 389 2029 eram
399 2019 408 2032 ,
419 1998 528 2031 frustra
538 1998 745 2031 existimatum
758 2000 763 2027 !
778 2006 924 2039 quantum
936 2006 975 2044 te,
988 1997 1101 2037 popule

139 2044 296 2075 Romane,
307 2041 344 2071 de
356 2050 406 2071 me
418 2040 529 2072 fefellit
537 2041 645 2082 opinio
657 2044 663 2070 ἱ
688 2043 714 2072 0
725 2050 825 2071 meam
837 2039 1055 2087 calamitosam,
1066 2049 1098 2070 ac

139 2085 326 2124 praecipitem
345 2082 531 2115 senectutem
544 2085 550 2112 !
573 2086 600 2113 Ο
619 2092 737 2123 turpem
755 2081 859 2113 exana
869 2101 878 2116 ,
903 2081 1098 2129 dementique

137 2134 244 2160 attate,
265 2126 433 2156 caniciem!
500 2136 519 2156 o
535 2128 567 2156 Ρ.
587 2127 622 2157 C.
641 2126 678 2156 ad
695 2123 889 2165 parricidium
901 2122 1011 2153 induxi
1025 2133 1097 2171 :ego

138 2176 233 2208 remp.
256 2165 372 2200 fefelli,
396 2177 452 2208 ego
475 2168 537 2208 ipse
555 2167 691 2198 senatum
701 2166 755 2198 fibi
767 2174 874 2196 manus
885 2163 988 2196 afferre
997 2169 1095 2206 co'egi,

136 2219 209 2239 cum
221 2218 248 2239 te
263 2227 273 2242 ‚
293 2208 578 2250 Junoniumpuerum
589 2229 598 2243 ,
619 2209 652 2240 &
663 2211 764 2240 matris
775 2217 832 2239 tuae
840 2216 960 2248 partum
970 2217 1095 2238 aureum

140 2249 198 2281 esse
215 2251 292 2281 dixi.
315 2254 354 2281 At
372 2259 401 2281 te
409 2250 466 2282 fara
479 2253 579 2292 patriae
589 2251 725 2282 Paridem
736 2251 872 2282 futurum
886 2248 1094 2297 praedicabant,

137 2295 190 2333 qui
200 2292 328 2324 vastares
338 2292 444 2323 urbem
454 2294 598 2324 incendio
609 2313 618 2326 ,
644 2294 762 2324 Italiam
774 2292 856 2322 bello
866 2311 876 2326 ‚
898 2301 952 2364 qkur
963 2291 1052 2339 castra
1062 2301 1095 2321 in

136 2335 261 2375 templis
271 2335 399 2365 deorum
416 2336 641 2366 immortalium
652 2354 661 2370 ,
672 2338 814 2366 Senatum
826 2335 899 2364 'inca
926 2343 968 2363 ris
976 2333 1096 2364 habitu--

138 2385 190 2405 rus
198 2374 282 2406 effes.
305 2379 332 2407 O
341 2376 480 2408 miseram
494 2398 504 2411 ,
513 2377 546 2408 &
557 2379 590 2407 in
600 2376 685 2407 brevi
697 2386 757 2408 tam
768 2376 894 2408 celei-em
907 2395 916 2410 ‚
928 2376 961 2406 &
971 2384 1032 2406 tarn
1043 2385 1095 2406 va-

135 2418 211 2447 riam
231 2418 348 2457 reipub·
366 2421 661 2450 commutationem!
685 2420 832 2458 Quisnam
852 2418 903 2448 tali
912 2417 1034 2448 futurus
1046 2420 1095 2448 in-

131 2460 224 2501 genio
236 2458 278 2491 est
290 2478 300 2495 ‚
309 2461 362 2506 qui
371 2459 459 2503 poffit
467 2462 531 2494 haec
540 2463 581 2493 ita
591 2460 732 2496 mandare
741 2461 848 2493 litteris
860 2479 870 2496 ‚
882 2469 914 2493 ut
921 2459 998 2492 faeta
1007 2479 1016 2496 ‚
1027 2469 1093 2492 non
1111 2464 1113 2492 l

1157 256 1222 285 quae
1239 247 1391 279 veriffime
1403 253 1552 282 memoria
1562 262 1716 295 propagata
1729 254 1864 291 fuerint,
1884 267 1949 288 non
1959 257 2067 290 fabulae
2077 258 2116 290 fi-

1158 288 1242 318 milia
1262 288 1294 319 sit
1312 290 1559 324 existimaturus?
1586 297 1689 337 Cogita
1706 298 1787 327 enim
1803 301 1976 330 Antonium
1989 300 2110 332 hostem

1153 329 1322 368 judicatum
1344 352 1352 366 ‚
1387 333 1423 363 ab
1440 344 1476 364 eo
1494 336 1719 368 circumsessum
1736 340 1891 371 consulem
1912 340 2109 383 designatum,

1154 371 1345 414 eundemque
1355 377 1426 414 reip.
1438 385 1591 415 parentem
1604 387 1609 407 :
1622 387 1648 409 te
1658 379 1831 420 profe&um
1841 382 1875 412 ad
1886 384 1968 414 cons.
1981 383 2113 415 liberan-

1154 412 1228 442 dum
1238 433 1247 446 ‚
1268 414 1301 444 δε
1311 415 1428 446 hostem
1438 420 1674 457 opprimendum
1687 441 1695 454 ‚
1708 421 1885 464 hostemque
1898 424 1913 454 a
1924 433 1952 455 te
1961 424 2111 468 fugatum,
2126 451 2129 456 s

1158 453 1190 483 &
1205 455 1287 485 cons.
1301 455 1456 488 obsidione
1466 458 1622 491 liberatum
1637 473 1641 491 :
1663 463 1771 494 deinde
1781 465 1884 505 paullo
1894 466 1964 505 post
1974 466 2112 508 fugatum

1155 495 1209 525 illu
1218 505 1249 525 m
1271 496 1388 528 hostem
1409 499 1575 531 arceffitum
1588 522 1596 537 ,
1616 511 1767 545 tamquam
1785 507 1963 538 coheredem
1991 518 2112 541 mortua

1152 546 1213 577 rep.
1224 537 1259 568 ad
1268 537 1348 569 bona
1359 542 1387 569 P.
1402 543 1441 570 R.
1454 544 1600 581 rapienda:
1610 547 1766 576 consulem
1779 547 1840 578 des.
1854 550 2114 582 rursus-inclusum

1154 588 1190 608 eo
1208 599 1217 612 ‚
1231 579 1282 609 ubi
1294 581 1321 610 se
1332 590 1396 611 non
1409 584 1563 614 moenibus
1574 606 1582 618 ,
1598 587 1823 624 sedflumt'nibus
1836 589 1868 620 δε
1879 591 2038 622 montibus
2048 601 2117 623 tue-

1153 629 1241 650 retur.
1266 624 1339 652 Haec
1360 625 1429 663 quis
1446 625 1604 657 conabitur
1624 633 1796 669 exponere?
1818 633 1885 673 quis
1894 633 2011 663 credere
2022 634 2118 665 aude-

1153 661 1216 692 bit?
1235 663 1321 693 liceat
1339 664 1432 694 semel
1449 667 1576 706 impune
1587 669 1732 708 peccasse:
1752 671 1785 703 sit
1795 683 1948 704 nimmia-1
1961 675 2113 707 medicina

1151 702 1307 735 confessio.
1331 708 1446 736 Verum
1463 710 1546 738 enim
1558 709 1655 741 dicam
1668 723 1672 741 :
1686 717 1802 744 utinam
1815 721 1842 745 te
1853 715 1966 755 potius,
1978 718 2111 752 Antoni,

1151 746 1314 777 dominum
1326 757 1391 777 non
1402 748 1722 793 expulissemu52quam
1733 756 1813 786 hunc
1822 759 2030 799 reciperemus:
2042 768 2109 790 non

1151 786 1234 828 quod
1255 789 1314 819 ulla
1334 787 1367 819 sit
1384 791 1512 829 optanda
1522 792 1647 824 servitus
1658 815 1666 828 ‚
1688 796 1736 826 sed
1747 800 1816 837 quia
1826 798 1970 839 dignitate
1984 800 2109 832 domini

1154 828 1259 859 minus
1273 832 1365 871 turpis
1375 831 1417 861 est
1427 831 1546 864 fortuna
1556 835 1642 865 servi.
1654 839 1686 867 in
1698 837 1816 868 duobus
1826 849 1925 871 autem
1937 842 2024 872 malis
2032 842 2108 874 cum

1153 869 1334 911 fugiendum
1348 874 1447 913 majus
1465 873 1516 909 sit,
1530 875 1624 907 levius
1635 877 1678 909 est
1689 879 1872 921 eligendum.
1895 883 1952 913 Ille
1964 892 2111 916 tamen'ea

1152 913 1313 948 exorabat,
1332 924 1397 954 quae
1419 916 1537 947 volebat
1547 918 1677 950 auferre:
1703 930 1734 951 tu
1744 931 1913 963 extorques.
1936 925 1992 955 Ille
2001 926 2110 957 consul

1150 958 1341 994 provinciam
1359 957 1490 997 petebat:
1513 969 1544 989 tu
1557 962 1687 1000 privatus
1696 963 1907 1004 concupivisti.
1930 967 1986 997 Ille
1996 967 2030 997 ad
2042 977 2110 999 rna-

1151 999 1251 1027 lorum
1263 999 1385 1028 salutem
1394 1000 1507 1037 judicia
1516 1001 1718 1035 constituebat
1727 1025 1735 1039 ,
1755 1006 1788 1036 &
1799 1007 1877 1048 leges
1884 1007 1997 1038 ferebat
2008 1020 2013 1038 ·.
2024 1018 2054 1039 tu
2065 1009 2106 1041 ad.

1147 1041 1315 1079 perniciem
1338 1043 1537 1081 optimorum.
1561 1045 1617 1074 Ille
1638 1046 1654 1077 a
1672 1047 1815 1088 sanguine
1834 1048 1868 1078 &
1888 1049 2033 1080 incendio
2044 1052 2106 1081 ser·

1150 1091 1259 1112 vorum
1279 1083 1465 1123 Capitolium
1484 1085 1635 1116 tuebatur:
1651 1097 1682 1118 tu
1702 1099 1806 1119 cruore
1825 1089 1990 1123 &flamma
1999 1092 2108 1125 cuneta

1149 1122 1248 1154 delere
1260 1124 1316 1153 vis.
1338 1126 1369 1155 Si
1383 1144 1391 1159 ‚
1403 1127 1455 1166 qui
1465 1125 1551 1157 dabat
1563 1147 1571 1161 ‚
1591 1132 1761 1168 provincias
1771 1130 1866 1162 Caffio
1878 1152 1887 1166 ‚
1899 1132 1932 1163 &
1943 1135 2059 1169 Brutis,
2073 1135 2110 1166 δε

1147 1165 1209 1194 illis
1219 1164 1393 1197 custodibus
1404 1170 1541 1198 nominis
1552 1170 1645 1201 nostri
1657 1191 1665 1205 ‚
1677 1173 1815 1213 regnabat
1824 1193 1832 1208 ‚
1845 1174 1919 1215 quid
1929 1174 2016 1206 faciet
2028 1196 2037 1210 ,
2050 1177 2105 1217 qui

1153 1209 1243 1238 vitam
1262 1207 1390 1240 adimit?
1408 1207 1430 1239 fi
1448 1211 1584 1251 quiurbe
1595 1214 1752 1249 ejiciebat,
1775 1223 1916 1255 tyrannus
1926 1226 2000 1248 erat:
2012 1228 2108 1259 quern

1148 1249 1229 1279 hunc
1238 1259 1382 1280 vocemus
1395 1269 1403 1283 ‚
1425 1254 1526 1292 quine
1537 1253 1640 1285 locum
1650 1256 1774 1296 quidem
1786 1258 1908 1299 reliquit
1917 1259 2013 1290 exilio
2025 1263 2036 1289 ?
2048 1262 2109 1291 Ita-

1147 1300 1206 1332 que
1227 1289 1248 1321 fi
1265 1292 1338 1333 quid
1357 1292 1409 1323 ille
1430 1294 1583 1334 majorum
1603 1297 1776 1328 nostrorum
1788 1299 1908 1339 sepultae
1917 1301 2053 1342 reliquiae
2063 1302 2111 1332 sa-

1147 1334 1254 1372 piunt,
1276 1332 1369 1364 sinon
1388 1344 1448 1365 una
1463 1346 1534 1367 cum
1552 1347 1678 1378 coipore
1694 1340 1796 1371 sensus
1805 1343 1908 1372 omnis
1919 1362 1928 1376 ‚
1946 1352 2009 1373 uno
2018 1352 2113 1384 atque

1148 1374 1256 1405 eodem
1283 1376 1461 1407 consumtus
1485 1377 1528 1409 est
1546 1381 1610 1420 igni
1630 1393 1640 1415 3
1667 1381 1742 1422 quid
1759 1383 1821 1413 illis
1838 1385 2106 1424 interrogantibus,

1145 1416 1219 1457 quid
1237 1426 1300 1458 agat
1317 1427 1400 1448 nunc
1419 1420 1549 1460 populus
1571 1425 1731 1453 Romanus
1750 1443 1759 1458 ‚
1782 1425 1976 1465 respondebit
1993 1427 2106 1467 aliquis

1147 1457 1299 1492 nostrum,
1309 1461 1363 1500 qui
1372 1463 1531 1499 proximus
1540 1464 1573 1493 in
1584 1465 1668 1494 illam
1679 1474 1820 1497 aeternam
1832 1466 1962 1497 domum
1974 1466 2104 1499 decesse-

1145 1501 1205 1529 rit?
1223 1509 1273 1530 aut
1291 1510 1384 1541 quem
1396 1505 1543 1542 accipient
1554 1504 1591 1534 de
1601 1505 1661 1536 suis
1670 1506 1795 1546 posteris
1805 1510 1950 1539 nuntium
1961 1509 2008 1539 illi
2018 1519 2106 1540 vete*

1144 1550 1190 1570 res
1211 1541 1345 1572 Africani
1364 1562 1374 1576 ,
1391 1545 1523 1574 Maximi
1541 1565 1552 1579 ‚
1572 1548 1657 1577 Pauli
1675 1567 1684 1581 ‚
1706 1550 1886 1588 Scipiones?
1904 1550 1977 1590 quid
1997 1550 2033 1580 de
2051 1551 2104 1583 sua

1142 1584 1235 1622 patria
1247 1583 1380 1618 audient,
1391 1594 1481 1626 quam
1493 1586 1596 1626 spoliis
1604 1607 1613 1622 ,
1624 1590 1843 1630 triumphisque
1853 1590 2053 1622 decorarunt?
2064 1602 2106 1623 an

1144 1622 1203 1654 effe
1212 1625 1364 1666 quendam
1373 1636 1471 1657 annos
1483 1636 1573 1658 xvn.
1585 1638 1689 1661 natum
1702 1650 1711 1664 ‚
1723 1632 1769 1671 cuj
1775 1641 1808 1661 us
1818 1641 1889 1663 avus
1897 1630 1989 1663 fuerit
1997 1643 2028 1663 ar
2048 1643 2106 1665 en—

1140 1666 1438 1707 tarius‚adstipulator
1446 1678 1527 1709 pater
1535 1682 1545 1704 3
1556 1679 1681 1713 uterque
1690 1671 1762 1704 vero
1771 1675 1940 1713 precarium
1953 1685 2019 1716 quae
2049 1685 2105 1707 um

1141 1707 1263 1743 fecerit,
1284 1709 1335 1740 sed
1353 1710 1428 1742 alter
1446 1711 1538 1752 usque
1554 1712 1590 1743 ad
1610 1713 1816 1750 senestutem,
1838 1725 1872 1746 ut
1888 1726 1952 1747 non
1972 1726 2104 1759 negaret:

1139 1751 1212 1781 alter
1230 1751 1246 1782 a
1268 1753 1413 1791 pueritia,
1435 1762 1468 1784 ut
1485 1763 1550 1784 non
1567 1754 1662 1796 poffet
1675 1767 1739 1788 non
1748 1756 1907 1788 confiteri:
1925 1768 1996 1789 eum
2005 1768 2103 1800 agere,

1140 1801 1241 1833 rapere
1252 1794 1387 1834 rempub.
1398 1797 1448 1826 cui
1456 1795 1541 1827 nulla
1549 1799 1644 1828 virtus
1653 1817 1662 1832 ,
1674 1799 1765 1829 nullae
1774 1799 1859 1829 bello
1869 1799 1887 1830 s
1883 1799 2008 1834 ubaaae,
2020 1801 2053 1832 &
2061 1801 2101 1834 ad

1141 1836 1309 1874 imperium
1327 1835 1478 1875 adjunctae
1494 1840 1659 1877 provinciae
1675 1860 1686 1875 ,
1705 1841 1790 1871 nulla
1805 1841 1934 1882 dignitas
1947 1843 2102 1883 majorum

1139 1874 1326 1907 conciliasset
1334 1887 1400 1907 eam
1411 1881 1577 1918 potentiam
1588 1899 1597 1914 ‚
1610 1881 1659 1911 sed
1667 1882 1766 1921 forma
1775 1891 1827 1922 per
1836 1882 1966 1913 dedecus
1978 1904 1987 1918 ‚
2007 1894 2103 1925 pecu-

1141 1919 1223 1947 niam
1235 1917 1268 1947 &
1281 1928 1397 1949 nomen
1407 1919 1512 1950 nobile
1520 1922 1753 1953 consceleratum
1765 1924 1954 1964 impudicitia
1964 1925 2101 1958 dediflet:

1139 1968 1256 1990 veteres
1273 1960 1450 1991 vulneribus
1461 1961 1493 1992 δε
1503 1970 1587 1993 aetate
1599 1963 1901 2007 constetosjulianos
1908 1967 2101 2007 gladiatores,

1139 2003 1271 2042 egenteis
1280 2002 1419 2043 reliquias
1430 2003 1549 2034 Caesaris
1557 2005 1620 2035 ludi
1632 2025 1641 2039 ,
1652 2006 1688 2036 ad
1699 2007 1805 2037 rudem
1814 2007 2020 2049 compulisset?
2029 2012 2101 2050 qui-

1141 2043 1196 2073 bus
1209 2043 1261 2073 ille
1271 2043 1378 2084 saeptus
1392 2047 1497 2075 omnia
1506 2047 1653 2082 misceret,
1663 2049 1742 2079 nulli
1752 2059 1893 2089 parceret,
1903 2048 1956 2081 fibi
1970 2053 2100 2082 viveret.

1140 2086 1201 2126 Qi
1234 2094 1387 2126 tamquam
1413 2089 1446 2117 in
1469 2086 1562 2118 dotali
1580 2092 1778 2121 matrimonio
1799 2101 1894 2132 remp.
1917 2091 2100 2125 testamento

1137 2126 1266 2168 legatam
1284 2126 1337 2158 sibi
1358 2128 1515 2159 obtineret.
1539 2131 1674 2163 Audient
1693 2132 1755 2163 duo
1773 2136 1862 2164 Decii
1872 2134 1980 2167 servire
1991 2144 2043 2165 eos
2052 2137 2105 2166 ci*

1139 2171 1205 2199 veis
1215 2189 1223 2203 ‚
1245 2171 1298 2210 qui
1309 2178 1342 2200 ut
1351 2169 1486 2201 hostibus
1501 2173 1681 2213 imperarent
1691 2194 1699 2208 ‚
1714 2174 1850 2205 vistoriae
1860 2175 1888 2206 se
1898 2175 2098 2208 devoverunt.

1139 2210 1250 2241 Audiet
1268 2214 1300 2242 C.
1322 2214 1434 2250 Marius
1453 2215 1609 2253 impudico
1628 2215 1758 2247 domino
1773 2217 1872 2257 parere
1892 2227 1951 2249 nos
1963 2238 1973 2252 ,
1993 2220 2097 2259 quine

1139 2253 1270 2283 militem
1293 2254 1418 2294 quidem
1429 2255 1537 2286 habere
1547 2257 1646 2288 voluit
1656 2256 1711 2288 nisi
1722 2260 1876 2298 pudicum.
1901 2260 2012 2291 Audiet
2022 2262 2098 2291 Bru·

1138 2303 1187 2324 tus
1199 2304 1270 2325 eum
1281 2296 1429 2335 populum
1440 2316 1448 2330 ‚
1461 2307 1551 2338 quem
1564 2299 1626 2339 ipse
1634 2300 1748 2340 primo,
1760 2299 1827 2341 post
1836 2304 1994 2341 progenies
2003 2303 2068 2342 ejus
2078 2302 2096 2333 ὲ

1135 2336 1255 2377 regibus
1272 2337 1428 2372 liberavit,
1447 2348 1502 2379 pro
1524 2342 1602 2381 turpi
1620 2341 1722 2382 stupro
1741 2343 1844 2373 datum
1864 2344 1898 2373 in
1907 2343 2095 2374 servitutem.

1136 2380 1211 2420 Qae
1223 2379 1348 2420 quidem
1368 2378 1388 2409 fi
1407 2381 1494 2412 nullo
1505 2382 1566 2412 alio
1578 2402 1586 2417 ‚
1608 2393 1657 2414 me
1669 2393 1770 2414 tamen
1780 2387 1968 2416 internuntio
1978 2385 2013 2415 ad
2023 2385 2099 2415 illos⁴

1135 2422 1268 2450 celeriter
1286 2421 1468 2452 deferentur.
1499 2433 1569 2455 nam
1592 2424 1612 2454 si
1632 2427 1719 2456 vivus
1736 2425 1788 2457 ista
1807 2426 2006 2469 subterfugere
2024 2436 2092 2462 non.

1137 2471 1256 2504 potero,
1268 2463 1408 2495 unacum
1420 2463 1482 2496 istis
1494 2467 1587 2498 vitam
1598 2465 1685 2499 simul
1696 2467 1796 2510 fugere
1804 2467 1931 2500 decrevi.
2088 2478 2089 2481 ’

1290 3013 1540 3065 Ffffffz
1929 3019 2088 3071 Tim
