2360 3400
513 112 609 146 nri
701 98 1139 148 Drvrniir

164 186 275 228 aux-iffi:
291 182 449 228 fizngm'neg
467 181 579 214 deorum
591 181 700 223 fiodaffli
712 182 868 224 simulacra
884 193 895 211 .·
916 193 991 213 num
1012 183 1115 214 censes

157 225 208 263 his
217 231 331 262 nuntiis
341 228 470 259 Thalem
482 246 490 260 ‚
511 235 560 256 aut
571 229 777 266 Anaxagoram
789 235 838 256 aut
847 235 1029 267 quemquam
1041 226 1115 265 phy-

158 272 252 305 sicum
270 270 456 302 crediturum
476 267 582 298 fuisse?
601 278 656 298 nec
679 268 763 298 enim
786 268 924 307 sanguis,
944 278 999 297 nec
1013 267 1113 300 sudor,

158 313 215 346 nifi
236 313 253 344 ὲ
275 321 398 352 corpore
424 310 476 341 est.
499 309 548 340 sed
568 310 601 340 &
620 310 805 340 decoloratio
824 309 961 350 quaedam
973 310 1115 348 exaliqua

157 356 336 397 contagione
353 362 469 384 terrena
495 352 632 382 maxime
640 350 737 392 potest
747 355 757 371 ¹
769 351 921 391 sanguinis
931 349 1035 381 similis
1047 350 1114 383 erse,

160 397 195 428 δε
213 399 326 426 humor
341 396 466 436 allapsus
482 395 669 425 extrinsecus
688 413 696 427 ‚
718 402 751 423 ut
768 395 801 422 in
818 392 952 422 teEtoriis
973 393 1113 422 videmus

154 438 255 470 austro
269 459 277 472 ,
302 437 440 468 sudorem
461 439 580 466 imitari.
605 439 703 476 Atque
713 435 817 465 haecin
829 434 1000 476 belloplura
1010 434 1114 467 &ma-

149 483 217 522 jora
227 480 358 510 videntur
367 477 532 509 timentibus
541 489 553 506 .·
572 477 675 508 eadem
688 487 750 507 non
760 485 820 507 tam
834 476 1114 506 animadvertuntur

155 525 190 553 in
208 533 287 563 pace.
310 521 423 552 accedit
442 520 516 550 illud
534 524 644 553 etiam,
666 517 749 560 quod
769 520 802 548 in
821 527 904 548 metu
927 518 959 548 &
979 519 1113 557 periculo

153 564 228 596 curn
239 564 400 595 creduntur
409 563 536 596 facilius,
549 570 615 592 tum
627 560 783 602 finguntur
793 559 960 600 impunius.
987 562 1052 590 Nos
1064 570 1110 589 au—

155 615 219 637 tem
230 608 271 637 ita
281 607 360 636 leves
370 626 379 640 ‚
404 614 490 646 atque
501 603 692 644 inconsiderati
702 603 804 633 sumus
814 622 823 636 ,
844 611 895 636 ut,
907 600 925 631 fi
938 612 1037 631 mures
1047 612 1115 631 cor-

155 649 286 679 roserint
297 647 410 689 aliquid
426 668 435 682 2
454 656 584 688 quorum
595 644 638 675 est
648 655 722 685 opus
734 645 792 675 hoc
802 654 899 674 unum
913 663 920 677 ,
942 643 1110 673 monstrum

153 698 305 730 putemus.
329 693 408 719 Ante
421 687 493 719 verb
505 686 662 717 Marsicum
678 687 791 716 bellurn
804 706 812 719 ‚
834 686 915 726 quod
927 686 1047 725 clypeos
1059 687 1113 715 La—

154 734 243 762 nuvii
254 751 262 766 ‚
288 738 321 762 ut
338 731 353 761 a
364 741 391 761 te
402 730 443 760 est
454 729 568 760 dietum
581 749 590 762 ‚
611 739 712 759 mures
723 726 872 760 rofiffent,
896 730 1068 757 maximum
1081 728 1110 756 id

153 782 332 814 portentum
351 773 517 812 haruspices
536 769 594 801 effe
603 770 754 800 dixerunt.
777 768 855 810 quasi
866 768 937 799 vero
948 769 1110 810 quidquam

155 814 270 846 interfit
280 834 288 849 ,
300 824 400 845 mures
413 833 422 847 ‚
433 814 515 843 diem
526 812 648 842 ῃοὸὶειῃ
661 811 775 852 aliquid
786 811 924 841 rodentes
934 831 941 844 ‚
955 811 1033 841 scuta
1045 830 1053 844 ‚
1073 821 1110 840 an

152 857 250 887 cribra
269 856 457 886 corroserint,
482 856 563 883 Nam
587 851 607 881 si
627 852 679 882 ista
695 854 866 893 sequimur,
887 853 967 893 qnod
982 853 1111 882 Platonis

155 898 306 928 ‘I’oliriam
324 905 419 935 nuper
428 894 504 934 apud
516 903 565 923 me
574 903 675 922 mures
683 894 865 924 corroserint
875 913 883 927 ,
903 894 940 923 de
950 903 1008 933 rep.
1022 894 1110 924 debui

150 938 360 979 pertimescere
374 946 378 965 τ
390 945 459 970 aut,
479 933 499 965 sl
512 934 678 975 Epicuride
692 935 841 975 Voluptate
853 935 928 964 liber
937 936 1020 965 rosus
1031 934 1110 969 effer,

90 990 132 1023 ‘⁹8
151 989 287 1021 putarem
305 988 460 1010 annonam
480 979 512 1007 in
532 976 658 1007 macello
669 978 812 1007 cariorem
823 975 896 1006 fore
920 980 968 1007 An
980 976 1111 1007 verbilla

90 1014 110 1022 ⁸*
150 1032 207 1053 nos
227 1029 336 1052 terrent
345 1040 354 1054 ,
379 1018 400 1049 fi
411 1018 532 1061 quando
541 1020 638 1059 aliqua
649 1019 821 1058 portentosa
830 1027 878 1048 aut
889 1029 926 1048 ex
939 1019 1051 1059 pecude
1062 1029 1110 1049 aut

151 1074 190 1095 ex
200 1065 327 1094 homine
339 1071 404 1092 nata
414 1062 555 1092 dicuntur
569 1063 580 1090 ἒ
598 1066 731 1100 quorum
745 1062 888 1090 omnium
901 1081 909 1094 ,
922 1071 961 1091 ne
972 1060 1026 1091 sim
1038 1062 1106 1091 lon—

148 1107 237 1148 gior,
255 1114 314 1135 una
334 1106 409 1135 ratio
429 1102 482 1134 est.
505 1102 654 1144 quidquid
665 1104 747 1132 enim
757 1105 869 1135 oritur,
890 1103 1107 1144 qualecumque

149 1147 211 1180 est,
234 1147 350 1178 causam
371 1145 475 1175 habeat
491 1145 507 1175 a
525 1153 628 1175 natura
647 1142 759 1174 necess'e
773 1143 815 1174 est
828 1153 874 1173 :ut
885 1146 974 1174 etiam
986 1143 1108 1185 sipraerer

146 1189 371 1229 consuetudinem
381 1186 529 1217 exstiterit
538 1206 547 1220 ,
572 1194 675 1225 praeter
685 1195 819 1216 naturam
830 1194 931 1216 tamen
943 1196 1008 1216 non
1017 1185 1104 1226 potiit

147 1230 294 1261 exsistere.
318 1230 444 1260 Causam
464 1230 473 1258 i
498 1230 556 1258 itur
571 1226 772 1268 2investigato
786 1237 817 1257 in
829 1238 858 1257 re
869 1238 946 1258 nov-‚i
957 1238 1043 1269 atque
1054 1228 1105 1258 ad-

148 1273 283 1303 mirabili
295 1293 304 1306 ,
326 1271 448 1311 fipotes.
510 1270 625 1300 nullam
637 1279 764 1309 reperies
776 1280 780 1298 z
794 1269 871 1300 illud
883 1279 982 1300 tamen
997 1271 1102 1310 explo—

144 1323 242 1345 ratam
261 1314 387 1347 habeto,
408 1310 736 1354 nihilfleriporusffifine
745 1312 848 1351 caiisa:
861 1315 872 1338 3
885 1321 1016 1353 eumque
1025 1322 1101 1342 erro>

143 1366 210 1386 rem
226 1376 234 1390 ,
260 1365 350 1397 quem
371 1354 425 1384 tibi
438 1357 480 1384 rei
492 1358 608 1384 novitas
627 1354 777 1386 attulerit,
797 1362 909 1383 naturae
926 1357 1041 1384 ratione
1051 1354 1103 1384 de-

143 1398 262 1438 pellito.
286 1399 327 1427 ita
337 1405 365 1427 te
377 1406 432 1426 nec
443 1405 525 1426 terrae
542 1394 681 1424 fremitus
693 1414 701 1428 ,
721 1404 776 1424 nec
788 1396 857 1425 coeii
867 1394 1007 1425 discessus
1018 1416 1026 1430 ,
1050 1407 1105 1426 nec

144 1440 301 1480 lapideus,
321 1436 682 1478 aursanguineusimber,
702 1436 902 1473 nectrajeffio
914 1436 1026 1471 stellae,
1047 1448 1101 1469 nec

146 1481 226 1512 faces
246 1481 314 1511 visae
330 1478 491 1509 terrebunt.
545 1487 649 1507 uarum
661 1479 805 1507 omnium
817 1478 914 1508 caustis
928 1476 973 1507 134
983 1481 1087 1520 &Chry

144 1521 227 1563 fippo
243 1530 372 1562 quaeram
384 1539 392 1554 ,
416 1520 477 1558 ipse
487 1519 539 1548 ille
571 1520 748 1548 ivinationis
759 1518 1039 1560 andtornumquam
1052 1523 1102 1551 illa

142 1564 221 1594 dicet
231 1562 308 1594 faeta
318 1561 445 1592 fortuito
457 1580 465 1595 ‚
486 1561 710 1601 naturalemque
721 1562 868 1590 rationem
880 1564 1023 1591 omniurn
1036 1562 1098 1591 red-

141 1605 202 1636 det.
226 1605 304 1635 nihil
322 1605 406 1634 enim
427 1602 493 1633 fieri
511 1601 571 1632 fine
595 1603 678 1632 causa
699 1601 874 1642 potestvznec
891 1603 1049 1644 quicquam
1062 1602 1101 1641 fit

141 1647 217 1689 quod
225 1646 292 1686 fieri
302 1657 353 1675 nen
359 1644 463 1688 potest.
486 1654 552 1678 nec,
563 1642 584 1674 fi
594 1643 624 1674 id
635 1642 748 1674 fastum
758 1642 811 1677 est,
822 1647 905 1684 quod
914 1646 1013 1684 potuit
1025 1643 1100 1679 fieri,

140 1698 316 1730 portentum
336 1687 425 1718 debet
444 1685 549 1717 videri.
569 1686 652 1716 nulla
669 1688 903 1726 igiturportenta
916 1686 992 1715 sunt.
1017 1689 1098 1717 Nam

141 1729 163 1761 {i
178 1751 186 1764 ‚
208 1730 290 1772 quod
309 1739 373 1760 raro
384 1728 416 1759 fit
427 1749 435 1762 ‚
458 1728 488 1758 id
499 1736 674 1767 portentum
686 1727 853 1767 putandum
865 1726 907 1757 est
918 1747 926 1761 ,
943 1727 1100 1768 sapientem

138 1772 187 1811 effe
197 1793 205 1806 ,
222 1779 381 1814 portentum
399 1769 452 1800 est'.
476 1770 579 1810 saepius
588 1771 672 1799 enim
683 1769 800 1798 mulam
810 1766 953 1808 peperisse
964 1769 1099 1803 arbitror,

138 1806 230 1856 quam
248 1815 411 1854 sapientem
433 1810 531 1842 fuisse.
555 1811 611 1841 Illa
631 1812 801 1852 igiturratio
810 1811 1023 1844 concluditur,
1044 1821 1099 1842 nec

137 1857 188 1890 id,
211 1856 293 1897 quod
316 1864 380 1886 non
399 1855 531 1894 potuerit
551 1851 615 1883 fieri
628 1873 636 1886 ‚
654 1852 768 1882 faftum
790 1861 933 1893 umquam
947 1850 1098 1886 essemec,

137 1898 219 1939 quod
230 1900 380 1938 potuerit,
401 1897 432 1927 id
441 1904 616 1936 portentum
626 1892 683 1924 ess'e
697 1905 703 1923 2
714 1896 751 1924 ita
763 1893 897 1924 omnino
908 1894 1028 1924 nullum
1042 1893 1098 1924 effe

135 1948 323 1981 portentum.
342 1939 425 1981 quod
433 1940 524 1968 etiam
533 1935 691 1976 conjeEtor
698 1935 821 1977 quidam
834 1936 1019 1976 &interpres
1028 1945 1095 1976 por—

137 1990 292 2012 tentorum
312 1992 376 2012 non
396 1979 502 2010 inscite
521 1976 702 2019 respondisse
721 1978 831 2008 dicitur
848 1980 896 2012 ei,
916 1977 1051 2018 quicum
1062 1978 1096 2009 ad

137 2033 209 2054 eum
223 2022 378 2058 retulisset,
389 2021 469 2064 quafi
480 2020 730 2061 ostentum,quod
741 2022 846 2061 anguis
855 2019 942 2050 domi
953 2023 967 2047 5
978 2019 1096 2050 vestem

136 2064 350 2106 circumje6³ms
359 2063 481 2097 fuisset,
492 2064 566 2092 Tum
579 2062 640 2100 effer
652 2082 660 2096 ,
671 2064 769 2103 inquit
784 2061 918 2098 ostentum
928 2061 1096 2103 ‚stanguem

135 2106 221 2136 vetris
237 2105 512 2150 circiimplicaviffi’t.
538 2107 606 2135 Hoc
624 2105 677 2134 ille
693 2104 835 2144 responso
858 2104 924 2134 satis
935 2106 1033 2144 aperte
1046 2104 1097 2134 dc—

136 2149 258 2180 claravit
268 2169 275 2182 ‚
297 2151 375 2179 nihil
397 2147 570 2179 habendum
582 2145 640 2176 effe
649 2155 824 2186 portentum
836 2165 844 2178 ‚
863 2146 943 2187 quod
955 2144 1018 2176 fieri
1028 2147 1096 2186 pos—

71 2203 117 2237 29
136 2190 188 2221 set.
213 2194 246 2221 C.
270 2192 403 2221 Grachus
422 2189 456 2221 ad
480 2191 524 2218 M.
539 2189 750 2229 Pomponium
766 2187 892 2228 scripfit,
912 2187 1030 2219 duobus
1043 2198 1095 2219 an-

132 2232 241 2274 guibus
252 2233 338 2263 domi
347 2229 586 2272 comprehensis,
601 2230 768 2270 haruspices
781 2230 797 2260 a
813 2239 892 2270 patre
902 2239 1095 2261 convocatos.

92 2290 95 2292 v
136 2273 197 2316 Qi
210 2276 304 2315 magis
315 2275 463 2315 anguibus
472 2293 481 2307 ,
493 2273 584 2314 quam
595 2273 708 2303 lacertis
721 2292 729 2306 ‚
739 2271 831 2313 quam
846 2272 1005 2302 muribus?
1025 2273 1095 2313 quia

135 2316 204 2346 sunt
216 2317 277 2347 haec
286 2316 462 2358 quotidiana
475 2335 485 2348 ,
505 2323 615 2356 angues
625 2323 689 2344 non
699 2316 784 2344 item.
805 2312 883 2355 quasi
895 2313 966 2344 vero
979 2314 1093 2353 referat,

135 2358 211 2399 quod
221 2358 288 2396 fieri
303 2357 395 2400 potes?
407 2378 415 2393 ,
435 2357 524 2399 quam
547 2356 577 2386 id
592 2354 731 2397 slepefiat.
755 2358 819 2397 Ego
829 2365 929 2386 tamen
939 2358 1052 2390 miror,
1074 2355 1092 2385 si

132 2398 250 2430 emissio
283 2399 415 2430 faeminae
439 2401 545 2444 anguis
571 2408 703 2428 mortem
721 2396 860 2428 afferebat
880 2400 919 2428 T.
945 2399 1088 2428 Graccho:

133 2440 250 2471 emiffio
273 2452 373 2472 autem
396 2444 486 2472 maris
505 2444 608 2482 anguis
618 2449 678 2470 erat
689 2439 845 2470 mortifera
856 2441 1023 2479 Corneliae,
1043 2451 1094 2470 cur

131 2482 301 2513 alterutram
311 2485 453 2514 emiserit*
467 2483 546 2514 nihil
557 2484 641 2512 enim
653 2482 753 2512 scribit
762 2480 945 2522 respondisse
961 2483 1091 2522 haruspi*

128 2533 178 2554 ces
191 2545 199 2558 ‚
223 2522 243 2554 fi
261 2533 366 2555 neuter
383 2526 487 2566 anguis
504 2523 628 2554 emiffus
645 2523 735 2557 estet,
754 2524 827 2564 quid
849 2523 922 2554 effet
941 2523 1090 2554 futurum¹

128 2568 169 2596 At
179 2576 262 2596 mors
272 2567 400 2597 insecuta
411 2567 581 2597 Gracchum
593 2565 648 2595 est.
671 2565 762 2595 Causa
772 2565 910 2606 quidem,
921 2566 1025 2599 credo,
1037 2566 1090 2596 ali-

129 2616 187 2648 qua
200 2608 300 2638 morbi
310 2605 465 2649 gravioris,
478 2618 543 2638 non
555 2605 712 2637 emiffione
723 2607 877 2646 serpentis.
896 2617 994 2647 neque
1006 2608 1088 2637 enim

120 2657 209 2681 aanta
221 2649 263 2681 est
273 2652 433 2682 intelicitas
441 2651 683 2690 haruspicummt
695 2658 734 2679 ne
741 2648 808 2680 casu
817 2647 944 2690 quidem
957 2658 1090 2691 unquam

164 2787 187 2806 1.
199 2779 439 2814 Saugainiefimls'is]
453 2779 625 2815 Panuatuor
635 2780 662 2806 8<
673 2778 992 2813 S.Vi&.sangnini,nihilo
1002 2779 1087 2816 pejus.

157 2811 192 2842 a.
212 2817 360 2849 Iri-uestigato,
370 2816 421 2846 &mc
434 2816 554 2849 fisotes]
578 2814 669 2841 Editio
687 2815 802 2842 Vistorii
812 2816 907 2848 poteris,
919 2825 1003 2851 neque
1014 2816 1084 2843 secus

119 2851 185 2878 Pal.
201 2861 240 2887 pr.
251 2861 280 2878 ac
290 2851 338 2878 sec.
350 2861 408 2878 nam
421 2859 482 2878 tert.
495 2852 521 2877 δε
534 2858 622 2887 quart.
632 2854 783 2885 investigare,
793 2852 844 2882 (ly-c.
858 2854 882 2885 ſs
889 2853 984 2884 poteris.

165 2895 192 2921 3.
212 2892 318 2923 Eumque
326 2889 452 2922 error-erm]
474 2889 516 2914 Sic
525 2898 617 2914 omnes
629 2889 718 2915 nostri.
741 2888 887 2914 Lambinus
902 2896 990 2915 tamen
1002 2888 1084 2915 adfir-

127 2929 184 2949 mat
196 2942 204 2954 ‚
222 2923 289 2950 duos
299 2923 404 2950 suorum
415 2923 493 2951 codd.
514 2925 608 2952 habere
618 2931 738 2951 terrorem.
757 2933 809 2951 non
819 2923 901 2961 probo
912 2933 921 2955 5
942 2925 971 2950 ὃς
986 2925 1087 2961 impro-

129 2957 193 2985 bant
204 2959 367 2990 istuis-statim
379 2960 523 2996 sequentia.

166 3002 194 3027 4.
213 2996 375 3029 eACliryfippo
384 2998 512 3032 queram]
535 2996 579 3024 Est
590 2997 605 3023 a
617 2997 674 3024 Pal.
684 3006 725 3035 pr.
735 2997 763 3023 &
774 2996 824 3023 sec.
844 2997 909 3024 item
920 2995 1086 3030 vietoriana,

130 3031 158 3056 ἃ
172 3030 269 3056 Aldina
281 3038 395 3057 recente.
418 3033 536 3068 vulgata,
546 3042 648 3067 quartu.

167 3075 193 3100 5.
213 3068 301 3093 VeHem
311 3068 498 3103 tirciiinjeHru.]
519 3069 563 3095 Sic
574 3069 641 3095 Pan.
655 3069 683 3095 δε
693 3068 859 3096 ViEtoriana.
871 3068 976 3105 vulgata
987 3071 1086 3095 circum-

128 3104 219 3128 aeefr‘m.
238 3102 392 3134 Lambinus,
404 3107 578 3136 circumnexm,
588 3105 705 3141 fingebat
716 3105 877 3132 Gulielmius
889 3107 1069 3139 circumplexm.

164 3138 192 3164 6,
212 3141 275 3165 Duff-o
279 3139 399 3174 firmam
407 3142 504 3174 tegmine
507 3141 593 3177 stus]
613 3142 636 3169 V
639 3142 722 3179 ulgati
728 3144 852 3177 firmavit.
871 3141 916 3170 sed
926 3141 1041 3170 alterum
1052 3141 1087 3171 est

1177 117 1402 150 ιοΝΕ
1498 104 1808 152 L1B.11.
1970 122 2130 170 .1¹7t

1167 185 1225 221 fiat,
1238 187 1318 227 quod
1328 185 1465 217 futurum
1476 186 1521 216 illi'
1534 185 1592 217 effe
1600 187 1742 218 dixerint.
1767 190 1848 218 Nam
1860 186 1933 219 illud
1947 188 2069 220 mirarer
2083 211 2092 224 ‚
2103 190 2123 221 fi

1165 229 1313 259 crederem
1326 250 1334 263 ‚
1360 229 1441 270 quod
1459 229 1538 268 apud
1561 232 1733 259 Homerum
1754 231 1946 261 Calchantem
1966 231 2070 262 dixisti
2089 243 2125 262 es:

1161 270 1298 307 pasterum
1316 282 1427 300 numero
1446 272 1517 301 belli
1534 272 1660 310 Trojani
1680 282 1775 302 annos
1785 281 1958 315 auguratum
1970 284 1976 302 t
1988 273 2024 304 de
2036 274 2124 313 cujus

1163 311 1334 351 conjeetura
1345 312 1381 343 fic
1390 313 1466 352 apud
1480 315 1651 343 Homerum
1664 333 1673 348 ,
1694 323 1726 344 ut
1737 324 1793 345 nos
1804 316 1891 346 Otiosi
1900 318 2121 351 convertimus,

1162 353 1295 393 loquitur
1306 358 1533 394 Agamemnon:

1254 397 1331 425 Ferre
1342 398 1398 425 viri
1409 416 1417 430 ‚
1433 398 1466 429 dy·
1475 397 1556 426 duros
1567 397 1660 427 animo
1671 398 1784 428 merare
1793 398 1906 434 labores,

1255 440 1389 477 »Auguris
1397 447 1431 467 ur
1443 438 1523 474 nostri
1537 441 1693 468 Calchantis
1699 441 1768 479 fata
1778 451 1913 482 queamus

1253 479 1342 511 Scire,
1359 480 1468 519 ratosne
1476 479 1605 515 habeant,
1617 492 1654 510 an
1666 492 1749 511 vanos
1758 482 1875 523 pesteris
1883 484 1959 523 orsio!
1969 495 1981 511 .·

1252 522 1397 561 Namque
1406 532 1495 550 omnes
1508 525 1622 551 memori
1629 531 1791 563 portentum
1801 532 1891 555 mente
1900 533 2050 559 retentaris,

1253 561 1318 603 Qi
1329 562 1498 601 nonfiinestis
1506 564 1647 604 liquerunt
1659 565 1856 605 i'iimiaafatis.

1253 604 1404 644 „Argolicis
1420 603 1544 645 primam
1564 613 1597 634 ut
1614 605 1717 641 vestita
1727 606 1761 643 cst
1770 607 1896 647 cr'affibus
1904 608 2009 642 Aulis,

1253 645 1326 685 Qae
1336 648 1446 675 Priamo
1457 648 1561 676 cladem
1574 667 1582 680 ‚
1604 648 1638 680 όν
1649 650 1730 686 Trojae
1740 670 1748 683 >
1770 649 1921 692 pestemque
1932 650 2072 690 ferebarixss

1251 689 1313 715 Nos
1323 688 1429 716 circum
1440 688 1833 729 [aticesgelia'osfiimamibus
1843 694 1901 721 aris
1911 713 1920 727 ‚

1250 730 1410 768 «Aurigeris
1419 730 1448 758 di
1454 729 1522 758 viem
1532 738 1673 771 placantes
1685 734 1802 762 numina
1810 735 1901 763 tauris
1910 754 1919 768 ‚

1251 769 1312 800 Sub
1329 778 1445 810 piatam>
1459 770 1613 811 umbrifera
1623 792 1631 806 ‚
1644 773 1707 811 fons
1718 774 1787 803 unde
1796 784 1908 805 emanat
1916 776 2017 819 aquai,

1251 812 1380 850 Vidimus
1392 814 1511 842 immani
1513 814 1609 852 specie,
1625 822 1755 855 tortuque
1765 816 1912 846 draconem

1251 852 1425 888 Terribilem,
1435 855 1522 893 Jovis
1533 856 1656 896 inpulsu
1664 863 1817 896 penetraret
1825 859 1861 887 ab
1871 870 1921 887 ara
1930 870 1942 887 .-

1251 895 1437 936 Qi‘platam'
1449 899 1477 926 in
1487 897 1705 936 ramofoliorum
1715 901 1932 940 tegmi‘nefiepros

1251 939 1488 979 Corripuitpullos
1500 949 1511 965 .·
1523 949 1591 979 quos
1604 937 1668 967 clim
1679 941 1845 979 consumeret
1853 941 1922 971 οέῖσ.

1247 980 1342 1020 Qua
1348 980 1430 1020 ficper
1441 981 1693 1020 tremuiogeni'tri'x
1709 992 1837 1023 crangore
1846 982 1961 1013 volabat
1970 995 1982 1011 .-

1251 1023 1273 1049 C
1272 1031 1301 1049 m
1305 1021 1385 1059 ferus
1395 1022 1513 1050 immani
1523 1022 1649 1051 iamavit
1658 1023 1766 1062 ‘nistera
1777 1026 1878 1065 morsu.

1248 1064 1340 1096 Hunc,
1351 1062 1400 1092 ubi
1411 1071 1471 1092 tam
1481 1072 1583 1093 teneros
1596 1064 1733 1093 volucrei's
1743 1074 1917 1108 matremque
1920 1074 2047 1109 peremis,

1244 1103 1311 1144 Qr'
1319 1105 1378 1133 luci
1385 1105 1506 1136 ediderat
1517 1127 1524 1139 ,
1536 1107 1650 1146 genitor
1663 1107 1817 1136 Saturnius
1828 1109 1900 1137 idem

1245 1146 1380 1176 iAbdidzt
1389 1168 1397 1181 ,
1419 1147 1454 1180 (γ’
1465 1146 1480 1167 ⁶
1490 1148 1558 1177 duro
1570 1148 1709 1181 formavit
1721 1151 1925 1189 tegminesizxi.

1241 1190 1311 1229 Qs
1322 1197 1420 1218 autem
1430 1190 1527 1218 timidi
1530 1188 1640 1225 slantes
1648 1189 1778 1219 mirabile
1788 1190 1937 1228 monstram

1243 1230 1372 1258 Vidimm
1388 1231 1416 1260 in
1426 1231 1525 1261 mediis
1533 1229 1636 1260 diviim
1645 1232 1778 1271 versarier
1788 1234 1856 1262 aris.

1245 1271 1322 1300 Tum
1333 1272 1445 1302 calchas
1455 1274 1507 1302 hac
1517 1271 1665 1311 cnfidenti
1674 1283 1739 1303 voce
1746 1274 1866 1308 locutus,

1240 1313 1392 1354 Qidnam
1400 1322 1532 1356 torpentes
1548 1313 1646 1354 subito
1655 1313 1826 1357 obstupuisti's
1833 1315 1953 1346 ,Achivi
1963 1326 1973 1349 ,ἓ

1241 1354 1342 1396 Qbi's
1351 1357 1402 1385 haec
1408 1365 1535 1398 portenta
1543 1355 1625 1386 desim
1635 1356 1711 1386 dedit
1722 1359 1778 1399 ipse
1790 1367 1894 1388 creator
1903 1379 1912 1393 ‚

1242 1397 1337 1426 Tarda
1348 1418 1357 1432 ‚
1377 1398 1411 1431 ὼ
1426 1399 1490 1438 fera
1500 1399 1602 1427 nimis:
1622 1398 1672 1437 sed
1678 1399 1763 1438 fama
1771 1420 1779 1434 ‚
1800 1410 1834 1430 ac
1843 1401 2064 1443 laudeperermii.

1240 1441 1322 1467 Nam
1331 1448 1400 1481 quot
1407 1442 1485 1470 avers
1497 1448 1571 1470 tarro
1583 1438 1725 1470 mastatas
1731 1443 1809 1471 dente
1818 1443 1934 1477 videtis.

1241 1480 1293 1509 Tot
1304 1491 1350 1510 nos
1361 1482 1398 1511 ad
1412 1483 1526 1521 Trojam
1535 1481 1596 1511 belli
1609 1481 1819 1513 exanclabimus
1828 1494 1912 1513 annos
1921 1495 1933 1512 .-

1240 1521 1312 1561 Qae
1322 1522 1424 1552 decimo
1435 1524 1512 1552 cadet
1522 1543 1531 1557 ,
1553 1523 1587 1555 ὼ·
1594 1524 1805 1563 poenafiztiabi't
1813 1526 1959 1555 Achivos.

1240 1563 1342 1592 Edidit
1350 1565 1402 1593 haec
1413 1564 1526 1594 calchas
1534 1575 1545 1592 .·
1555 1574 1614 1605 qua
1619 1565 1685 1601 jam
1695 1573 1811 1594 matura
1821 1566 1938 1595 videtis.

1144 1604 1220 1640 Quae
1229 1605 1352 1635 tandem
1363 1604 1417 1635 ista
1426 1607 1579 1645 auguratio
1588 1604 1631 1634 est
1641 1615 1680 1635 ex
1686 1605 1848 1645 passeribus
1860 1627 1869 1640 ‚
1887 1617 2037 1639 annorum
2048 1618 2106 1649 po-

1145 1643 1206 1674 tius
1219 1665 1227 1679 ‚
1251 1646 1342 1686 quarn
1357 1654 1408 1676 aut
1416 1645 1568 1677 menfium
1579 1666 1588 1680 ‚
1599 1655 1650 1678 aut
1659 1647 1802 1678 dierum?
1820 1659 1873 1679 cur
1882 1658 1983 1680 autem
1993 1650 2029 1681 de
2038 1651 2104 1691 pas-

1142 1686 1264 1717 serculis
1282 1687 1488 1726 conjetsturam
1505 1688 1576 1719 facit
1589 1700 1594 1718 :
1614 1690 1648 1719 in
1666 1689 1776 1730 quibus
1793 1691 1914 1722 nullum
1939 1701 1999 1722 erat
2014 1702 2109 1724 mon-

1142 1727 1236 1758 strum
1249 1738 1254 1757 :
1267 1728 1303 1759 de
1315 1729 1442 1760 dracone
1451 1729 1515 1761 filet
1525 1751 1533 1765 ‚
1559 1733 1630 1772 qui,
1642 1730 1674 1761 id
1684 1731 1836 1772 quodfieri'
1846 1734 2001 1774 nonpotuit
2011 1755 2021 1768 ,
2032 1734 2107 1774 lapi-

1142 1769 1216 1799 deus
1239 1769 1349 1801 dicitur
1370 1771 1467 1802 fastus
1486 1774 1498 1802 ?
1524 1772 1679 1812 postremo
1699 1774 1772 1813 quid
1791 1772 1887 1804 simile
1903 1775 1993 1805 habet
2013 1775 2107 1815 pafl'et

1143 1813 1230 1841 annis
1242 1814 1253 1840 ?
1278 1821 1348 1842 nam
1361 1812 1398 1842 de
1407 1823 1504 1854 angue
1513 1814 1569 1844 illo
1580 1834 1588 1848 ‚
1609 1815 1662 1854 qui
1673 1815 1762 1845 Sullae
1771 1817 1905 1855 apparuit
1915 1817 2105 1852 immolanti,

1143 1860 1303 1893 utrumque
1312 1856 1463 1888 memini,
1476 1855 1509 1885 &
1518 1856 1632 1886 Sullam
1643 1876 1652 1888 ,
1662 1855 1777 1886 cumin
1789 1857 2019 1897 expeditionem
2030 1859 2105 1890 edu·

1144 1893 1244 1924 &urus
1254 1893 1324 1924 effe:
1333 1914 1342 1928 ‚
1364 1895 1569 1927 immolavisse
1579 1917 1587 1930 ‚
1601 1897 1634 1928 &
1644 1906 1772 1938 anguem
1784 1898 1819 1928 ab
1829 1908 1875 1929 ara
1885 1898 2016 1930 eXtitiffe
2028 1920 2037 1934 ‚
2049 1910 2105 1931 eo-

1141 1945 1199 1977 que
1218 1936 1266 1966 die
1285 1946 1353 1966 rem
1372 1938 1509 1976 praeclare
1521 1937 1578 1969 effe
1590 1938 1703 1979 gestam
1713 1949 1778 1969 non
1789 1941 1952 1981 haruspicis
1962 1940 2101 1977 confilio,

1142 1977 1191 2008 sed
1211 1978 1394 2020 imperatoris.
1428 1982 1525 2021 Atque
1548 1982 1611 2011 haec
1630 1980 1820 2012 ostentorum
1837 1992 1944 2023 genera
1964 1984 2104 2015 mirabile

1141 2020 1218 2049 nihil
1239 2020 1359 2050 habent.
1383 2031 1449 2062 quae
1466 2020 1538 2052 ci'im
1556 2021 1631 2052 fausta
1651 2023 1718 2053 sunt
1731 2043 1739 2056 ,
1761 2032 1827 2054 tum
1845 2024 1880 2055 ad
1891 2024 2099 2066 conjecstnram

1138 2062 1235 2103 aliqua
1253 2064 1496 2102 interpretatione
1514 2073 1705 2095 revocantur:
1719 2066 1814 2096 utilla
1825 2068 1915 2097 tritici
1926 2077 2014 2108 grana
2024 2069 2056 2097 in
2066 2077 2103 2098 os

1139 2105 1223 2143 pueri
1246 2104 1338 2134 Midae
1353 2104 1512 2146 congesta:
1529 2115 1580 2137 aut
1588 2116 1674 2146 apes,
1698 2116 1769 2147 quas
1779 2107 1882 2138 dixisti
1892 2111 1923 2138 in
1935 2109 2023 2139 labris
2034 2110 2103 2140 Pla-

1139 2147 1222 2176 tonis
1238 2145 1403 2177 consedisse
1412 2150 1508 2187 pueri,
1519 2157 1654 2178 nontam
1665 2149 1814 2180 mirabilia
1825 2148 1881 2180 fint
1890 2171 1899 2184 ‚
1920 2150 2011 2191 quam
2022 2161 2100 2182 con-

1137 2187 1216 2227 jee‘ta
1238 2188 1317 2218 belle
1330 2199 1335 2217 2
1350 2198 1416 2229 quae
1437 2198 1537 2219 tamen
1548 2190 1595 2220 vel
1605 2190 1666 2230 ipsa
1674 2189 1744 2221 falsa
1753 2190 1809 2221 esse
1819 2212 1828 2226 ,
1850 2193 1897 2222 vel
1907 2202 1939 2222 ea
1950 2202 2015 2233 quae
2026 2203 2103 2233 prae-

1140 2229 1220 2260 dista
1238 2230 1305 2261 sunt
1318 2251 1326 2264 ‚
1347 2235 1361 2258 7
1372 2230 1499 2261 fortuito
1509 2231 1646 2262 cecidisse
1655 2241 1828 2272 potuerunt.
1850 2235 1899 2264 De
1911 2235 1976 2274 ipso
1986 2235 2101 2266 Roscio

1138 2271 1236 2311 potest
1254 2272 1332 2302 illud
1351 2272 1475 2313 quidem
1498 2271 1554 2303 effe
1570 2273 1678 2304 falsum
1697 2294 1706 2308 ‚
1726 2283 1758 2304 ut
1768 2275 1992 2316 circumligatus
2008 2275 2101 2308 fuerit

1138 2315 1237 2354 angui.
1261 2314 1310 2344 sed
1331 2317 1407 2345 utin
1417 2317 1503 2345 cunis
1512 2314 1604 2346 fuerit
1614 2317 1719 2357 anguis
1731 2336 1740 2350 ‚
1762 2327 1825 2347 non
1836 2326 1896 2347 tam
1913 2317 1956 2348 est
1967 2319 2097 2351 mirum,

1137 2350 1152 2374 8
1170 2357 1204 2385 in
1220 2356 1347 2386 Selenio
1357 2357 1518 2397 praesertim
1529 2377 1536 2390 ‚
1559 2357 1611 2387 ubi
1622 2358 1656 2388 ad
1668 2357 1773 2388 focum
1783 2369 1893 2401 angues
1907 2362 1923 2387 9
1933 2359 2098 2390 nundinari

1138 2397 1243 2428 solent.
1278 2400 1360 2428 Nam
1380 2399 1462 2439 quod
1484 2400 1650 2439 haruspices
1668 2400 1886 2440 responderunt
1903 2421 1912 2435 ,
1941 2402 2020 2431 nihil
2039 2401 2098 2433 illo

1138 2439 1244 2469 clarius
1257 2459 1264 2473 ‚
1289 2441 1366 2470 nihil
1386 2441 1521 2471 nobilius
1532 2440 1597 2471 fore
1609 2452 1613 2470 :
1626 2443 1720 2472 miror
1731 2462 1739 2475 ,
1758 2442 2041 2473 deosimmortaleis
2051 2443 2096 2472 ln·-

1129 2479 1230 2516 strioni‘
1239 2481 1343 2512 futuro
1354 2483 1515 2514 claritatem
1526 2482 1686 2514 ostendifl'e
1698 2504 1706 2517 ‚
1719 2485 1835 2515 nullam
1844 2483 2003 2515 ostendisse
2014 2484 2097 2515 Afri·

1139 2533 1225 2553 cano.
1249 2522 1346 2565 Atque
1363 2527 1453 2555 etiam
1465 2526 1480 2556 a
1499 2534 1527 2561 te
1537 2526 1724 2556 Flaminiana
1734 2526 1849 2556 ostenta
1865 2526 1991 2557 coiieeta
2012 2526 2094 2561 sunt,

1138 2564 1221 2605 quod
1240 2566 1314 2605 ipse,
1327 2566 1359 2596 &
1372 2577 1466 2607 equus
1476 2568 1540 2607 ejus
1548 2567 1670 2607 repente
1682 2568 1856 2598 conciderit.
1880 2577 1944 2598 non
1955 2568 2024 2599 sane
2035 2570 2096 2599 rni-

1140 2606 1232 2636 rabile
1256 2609 1315 2638 hoc
1326 2609 1450 2649 quidem
1463 2629 1470 2643 ‚
1488 2609 1570 2649 quod
1582 2609 1672 2638 evelli
1682 2611 1773 2649 primi
1786 2609 1888 2641 hastati
1900 2609 2016 2651 signum
2030 2620 2095 2641 non

1132 2651 1274 2689 potuerit.
1292 2650 1400 2681 timide
1415 2649 1532 2682 fortafl'e
1551 2650 1671 2692 signifer
1688 2652 1853 2687 evellebat,
1873 2653 1956 2693 quod
1968 2651 2096 2725 fide'ntgr

2021 2704 2054 2724 in
2080 2711 2094 2717 -

1126 2780 1152 2807 in
1163 2779 1281 2807 editione
1291 2780 1363 2806 Vist.
1375 2780 1400 2807 in
1413 2781 1482 2807 Pani
1493 2782 1521 2807 ὅτ
1531 2783 1558 2807 S.
1569 2780 1697 2809 Vistoris.

1165 2825 1193 2851 7.
1214 2819 1319 2843 Fortuito
1328 2817 1454 2851 cecidiffe]
1477 2816 1607 2844 Itaiidcm
1620 2819 1700 2846 nostri
1711 2818 1878 2855 aliorumque
1892 2816 2005 2844 codices.
2027 2816 2088 2844 vul-

1129 2852 1281 2889 gatale&io
1299 2853 1415 2886 accidiffl.
1434 2862 1468 2880 ex
1486 2853 1577 2880 iisdem
1590 2855 1668 2891 paulo
1689 2862 1750 2882 ante
1761 2864 1809 2890 pro
1817 2857 1860 2880 illa
1877 2854 2039 2890 reposuimus
2049 2863 2088 2880 ea.

1129 2898 1186 2925 qiiae
1197 2888 1307 2925 indigna
1318 2889 1426 2925 quidem
1437 2888 1496 2917 sunt
1507 2897 1536 2916 ut
1556 2899 1723 2918 moneantur.
1743 2890 1786 2917 sed
1796 2890 1855 2917 sciri
1866 2897 1974 2926 oportet
1992 2899 2024 2916 ne
2035 2891 2087 2916 mi-

1129 2926 1230 2952 nimum
1242 2924 1348 2961 quidem
1360 2926 1459 2961 apicem
1479 2925 1553 2953 nobis
1565 2934 1695 2954 mutatum
1709 2946 1717 2960 ‚
1738 2927 1785 2954 nisi
1795 2926 1848 2954 fide
1857 2926 2086 2958 membranarum,

1129 2968 1176 2988 aut
1186 2961 1333 2988 editionum
1346 2962 1486 2988 nobilium.

1166 2998 1193 3023 8.
1213 3001 1243 3024 In
1251 2998 1361 3032 Selenia]
1375 2998 1509 3024 Vistoriiis
1519 2998 1605 3026 edidit
1612 3002 1708 3032 Solonio,
1718 3008 1803 3036 neque
1812 2999 1891 3026 aliter
1901 2999 1957 3026 Pal.
1967 2999 1996 3025 ὅτ
2007 2998 2085 3025 S.Vi-

1130 3032 1224 3059 floris.
1246 3033 1289 3059 sed
1300 3036 1362 3060 cum
1374 3034 1455 3061 iidem
1466 3034 1541 3071 supra
1552 3034 1598 3062 nb.
1612 3044 1633 3062 1.
1643 3045 1699 3072 cap.
1710 3036 1757 3071 36.
1777 3035 1917 3063 habuerint
1926 3037 2013 3062 Selonie
2024 3054 2033 3067 ,
2043 3036 2086 3061 ni-

1132 3070 1167 3096 hil
1180 3070 1236 3096 heic
1248 3078 1351 3097 mutare
1360 3070 1449 3098 ausim.

1166 3114 1195 3142 9.
1216 3107 1357 3133 Nundinari
1367 3107 1468 3143 fiilent.]
1491 3106 1599 3135 Habent
1609 3108 1659 3135 hoc
1668 3107 1748 3134 niodo
1759 3107 1816 3135 Pal.
1826 3108 1906 3145 prim.
1918 3108 1945 3134 δε
1957 3107 2004 3134 sec.
2024 3114 2084 3133 nain

1131 3148 1195 3171 tert.
1206 3142 1234 3169 ὃ(
1244 3150 1333 3180 quart.
1344 3144 1444 3172 midai-i.
1464 3143 1609 3177 conjiciunt
1619 3144 1737 3179 nidulari,
1749 3154 1801 3173 non
1814 3144 1969 3173 nocentum.
2023 3179 2048 3204 A

1473 3181 1486 3208 l
1497 3180 1506 3208 i
1516 3181 1525 3208 i
1535 3181 1543 3209 i
1554 3180 1562 3208 i
1572 3180 1581 3209 i
1592 3180 1600 3209 i
1620 3190 1638 3209 ι
1992 3187 2002 3206 X
2051 3184 2090 3203 Ν

2123 1989 2161 2022 31
