2360 3400
542 112 740 168 Txvi
793 107 1207 172 Pompo'urz
1269 127 1573 176 ATT'ICI
1634 105 1846 186 Vir-A.

220 207 286 236 rem
303 194 457 230 indicaret.
481 195 617 228 Habebat
635 196 819 227 avunculum
835 196 1040 237 Qcaecilium
1054 216 1062 231 ‚
1082 197 1169 236 equi-

219 248 283 273 tem
293 241 469 271 Romanum
483 257 491 271 ‚
504 238 684 269 familiarem
695 240 729 268 L.
743 239 877 272 Luculli,
889 239 1017 269 divitem
1029 258 1039 271 ‚
1051 236 1172 269 diflicil-

219 282 294 315 lima
306 289 410 311 natura
423 289 429 309 5
449 281 533 318 cujus
548 278 584 310 fic
599 280 783 319 asperitatem
797 282 910 310 veritus
923 280 965 311 est
975 300 984 312 ‚
1005 288 1057 312 ut,
1078 288 1171 319 quem

189 353 199 359 Δ,
219 331 314 355 nemo
333 320 407 352 ferre
424 320 520 362 pofl'et
534 342 542 355 ‚
563 323 652 361 hujus
663 320 724 351 sine
738 320 905 352 offensione
916 322 951 352 ad
965 322 1118 351 summam
1133 321 1177 350 se-

217 362 373 396 nestutem
384 364 541 394 retinuerit
551 363 798 394 benivolentiam.
821 374 883 405 quo
893 362 973 394 faflo
981 382 991 396 ,
1004 363 1073 392 tulit
1083 363 1176 401 pieta-

217 406 256 437 tis
266 403 409 435 frustum.
433 405 570 436 Caecilius
582 407 666 436 enim
680 407 816 436 moriens
830 404 1009 436 testamento
1025 403 1178 443 adoptavit

216 455 289 478 cum
300 465 309 479 ‚
323 446 522 488 heredemque
531 447 601 478 fecit
611 457 649 478 ex
660 447 815 478 dodrante.
838 456 879 477 ex
890 456 947 487 qua
959 445 1120 476 hereditate
1130 454 1179 474 ac-

216 489 297 527 cepit
310 489 427 518 circiter
436 491 550 519 centies
563 500 627 520 ri—s.
643 492 714 520 Erat
724 498 815 528 nupta
825 489 907 519 soror
916 489 1008 517 Attici
1019 487 1177 527 QTullio

217 530 376 560 Ciceroni:
392 531 495 571 easque
506 533 624 570 nuptias
636 533 677 561 Μ,
692 533 797 561 Cicero
806 531 998 562 conciliarat,
1008 530 1079 558 cum
1090 538 1151 569 quo
1162 529 1178 558 a

215 570 454 611 condiscipulatu
462 573 580 603 vivebat
590 571 837 613 conjunfflffime
847 591 856 606 ‚
877 572 976 601 multo
987 573 1077 600 etiam
1086 571 1176 600 iami—

217 613 321 645 liarius
333 632 342 646 ‚
361 614 451 654 quam
460 624 530 644 cum
542 616 659 656 Qinto
672 625 677 643 :
698 613 862 653 utjudicari
872 611 962 653 poffit
974 612 1041 652 plus
1056 614 1089 641 iri
1099 612 1174 641 ami-

218 656 290 686 citia
298 655 394 685 valere
404 653 636 687 similitudinem
648 665 769 686 morum
783 675 793 689 ,
805 656 896 696 quam
907 653 1093 685 affinitatem.
1110 661 1176 683 ute—

216 695 304 726 batur
311 705 413 727 autem
424 698 534 728 intime
545 700 581 738 Q.
589 697 750 729 Hortensio
759 716 768 730 ,
778 700 830 737 qui
842 699 879 727 iis
891 695 1078 740 temporibus
1088 697 1175 735 prin-

215 739 347 778 cipatum
359 739 539 780 eloquentia:
551 739 689 773 tenebat,
710 748 743 769 ut
757 739 886 780 intelligi
900 747 964 767 non
976 735 1071 777 postet
1083 756 1092 770 ‚
1109 745 1174 766 uter

217 789 289 810 eum
304 780 372 819 plus
389 780 543 820 diligeret,
564 783 668 811 Cicero
681 800 690 814 ,
709 790 747 811 an
762 778 957 810 Hortensius:
975 780 1007 808 &
1021 778 1070 811 id,
1091 777 1172 818 quod

218 830 280 851 erat
291 820 511 851 difficillimum
523 841 533 856 ‚
553 821 719 855 efficiebat,
735 830 768 852 ut
785 823 864 850 inter
879 830 955 860 quos
972 829 1059 864 tantae
1078 819 1172 849 laudis

218 861 290 893 esset
300 863 454 893 aemulatio
464 875 474 896 3
484 863 568 893 nulla
577 863 773 893 intercederet
783 861 960 892 obtreetatio
971 880 980 895 ‚
992 860 1121 901 essetque
1133 870 1173 891 ta-

215 904 295 935 lium
305 906 443 935 virorum
454 904 570 943 copula.
594 907 631 934 In
645 906 719 943 Rep.
731 904 772 933 ita
783 902 825 933 est
841 903 970 932 versatus
982 921 990 936 ‚
1010 911 1043 932 ut
1058 904 1174 942 semper

221 949 233 966 ¹
245 947 430 985 optimarum
445 947 573 984 partium
586 946 618 975 &
628 943 699 975 ess'et
712 945 745 975 Sc
756 944 998 978 existimaretur3
1018 953 1116 984 neque
1130 953 1169 974 ta-

214 997 290 1017 men
306 986 333 1016 st-
345 985 487 1016 civilibus
500 985 645 1017 fluetibus
658 988 865 1017 committeret
875 997 885 1020 5
902 985 985 1026 quod
999 995 1063 1015 non
1078 987 1173 1027 magis

214 1037 267 1058 eos
286 1029 318 1057 in
338 1028 388 1058 sua
398 1026 540 1067 potestate
553 1028 742 1059 existimabat
751 1027 829 1062 effe,
849 1029 902 1068 qui
913 1027 989 1057 seiis
1008 1026 1167 1071 dedissent,

212 1070 304 1110 quam
313 1071 363 1110 qui
373 1071 535 1100 maritimis
540 1070 552 1109 j
557 1069 731 1100 affilaientur.
756 1071 887 1100 honores
898 1079 961 1099 non
971 1072 1075 1109 petiit,
1095 1068 1168 1099 cum

179 1131 182 1135 -
210 1113 240 1141 ei
251 1119 513 1151 paterentpropter
523 1112 569 1141 vel
579 1114 702 1152 gratiam
716 1131 724 1144 ‚
745 1112 793 1141 vel
804 1111 980 1151 dignitatem
994 1130 1003 1144 ,
1023 1111 1104 1151 quod
1117 1121 1173 1140 ne—

211 1162 272 1194 que
285 1154 344 1193 peti
359 1162 444 1183 more
457 1154 606 1190 majorum
618 1174 626 1187 ‚
650 1163 749 1194 neque
759 1154 822 1193 capi
833 1151 951 1193 poss'ent
962 1173 970 1185 ‚
991 1153 1173 1183 conservatis

210 1195 330 1235 legibus
345 1214 354 1228 ,
374 1196 407 1224 in
421 1203 480 1224 tam
504 1194 628 1225 ²effufis
641 1196 774 1225 ambitus
788 1194 997 1235 largitionibus
1012 1214 1021 1227 ‚
1049 1197 1062 1221 3
1075 1204 1171 1235 neque

212 1239 275 1277 geri
292 1234 351 1266 fine
368 1236 504 1277 periculo
515 1255 524 1270 ,
539 1239 688 1277 corruptis
696 1238 826 1268 civitatis
839 1236 986 1266 moribus.
1009 1235 1044 1266 ad
1055 1235 1167 1266 hastam

211 1278 366 1319 publicam
387 1287 556 1318 numquam
570 1277 692 1309 acceffit.
717 1278 833 1309 nullius
843 1280 885 1308 rei
896 1287 994 1319 neque
1003 1287 1077 1317 praes
1088 1297 1096 1312 ‚
1116 1288 1167 1307 ne-

210 1329 270 1360 que
290 1329 431 1359 manceps
447 1319 544 1349 faetus
561 1320 612 1351 est.
635 1322 820 1350 *neminem
837 1320 890 1349 suo
903 1322 1031 1349 nomine
1042 1339 1051 1353 ,
1070 1330 1168 1360 neque

214 1361 400 1392 subscribens
410 1362 565 1391 accusavit.
588 1363 622 1391 in
637 1362 687 1401 jus
705 1362 742 1391 de
760 1362 810 1392 sua
827 1372 857 1391 re
872 1370 1039 1401 numquam
1053 1363 1099 1391 iit.
1118 1371 1168 1400 Ju-

210 1402 326 1433 dicium
338 1403 456 1432 nullum
468 1403 581 1433 habuit.
606 1404 776 1433 multorum
786 1403 953 1433 Consulum
965 1422 973 1436 ‚
985 1405 1168 1432 Praetorum—

211 1454 270 1485 que
281 1442 468 1484 praefelsturas
481 1444 590 1474 delatas
599 1442 637 1474 fic
646 1446 758 1484 accepit
768 1463 776 1477 ‚
788 1453 820 1473 ut
830 1446 989 1473 neminem
997 1446 1031 1473 in
1040 1446 1166 1483 provin-

209 1488 289 1515 ciam
310 1483 343 1515 sit
360 1485 473 1515 secutus
485 1504 493 1518 ,
513 1486 630 1515 honore
651 1485 742 1516 fuerit
754 1494 935 1518 contentus,
953 1485 1166 1515 reifamiliaris

208 1527 376 1566 despexerit
387 1525 520 1556 fruERum
531 1546 540 1560 ‚
560 1529 612 1567 qui
631 1536 671 1557 ne
689 1537 759 1557 cum
770 1529 807 1565 Q.
817 1527 945 1567 quidem
955 1528 1099 1556 Cicerone
1110 1537 1165 1557 vo—

208 1568 268 1598 luit
287 1570 329 1597 ire
340 1569 372 1597 in
383 1566 481 1598 Afiam
494 1588 503 1601 ‚
526 1578 596 1598 cum
617 1569 694 1609 apud
714 1578 784 1599 eum
804 1568 893 1610 legati
911 1568 1015 1598 locum
1030 1568 1167 1598 obtinere

207 1608 314 1651 posset.
337 1619 402 1639 non
420 1611 503 1640 enim
523 1609 626 1641 decere
644 1611 673 1641 se
689 1610 900 1644 arbitrabatur,
919 1609 990 1640 cum
1002 1613 1166 1640 Praeturam

209 1661 309 1697 gerere
318 1649 461 1681 noluiss'et
471 1671 479 1685 ‚
498 1650 636 1683 affeclam
649 1650 707 1682 ess'e
717 1654 865 1683 Praetoris.
889 1653 988 1692 quain
1002 1662 1033 1682 re
1044 1662 1106 1682 non
1117 1652 1165 1682 so-

208 1700 275 1723 rum
287 1693 424 1734 dignitati
440 1693 602 1728 serviebat,
621 1694 669 1724 sed
680 1696 769 1724 etiam
781 1694 1012 1735 tranquillitati,
1032 1693 1104 1724 esim
1120 1694 1167 1724 su-

208 1736 360 1775 spiciones
379 1744 500 1775 quoque
518 1737 626 1766 vitaret
642 1738 820 1766 criminum.
843 1746 905 1777 quo
919 1735 1007 1766 fiebat
1020 1756 1030 1771 ‚
1050 1746 1083 1767 ut
1101 1737 1167 1776 ejus

207 1777 396 1807 observantia
412 1776 558 1807 omnibus
575 1776 647 1808 ess'et
662 1780 758 1808 carior
769 1797 777 1811 2
797 1777 869 1808 cum
880 1788 945 1807 eam
957 1777 1061 1808 officio
1072 1798 1081 1811 ,
1103 1788 1167 1808 non

207 1820 336 1851 timori,
356 1827 455 1858 neque
475 1818 535 1858 spei
556 1819 647 1849 tribui
666 1819 812 1850 viderent.
835 1820 947 1849 Incidit
967 1820 1166 1850 Caesarianum

205 1860 298 1891 civile
309 1860 422 1889 bellum
435 1879 443 1894 ‚
464 1870 534 1890 cum
546 1860 666 1891 haberet
676 1871 772 1891 annos
782 1863 898 1891 circiter
912 1861 1072 1901 sexaginta.
1095 1861 1164 1891 usus

207 1900 252 1932 est
266 1903 361 1931 aetatis
376 1903 531 1931 vacatione
541 1921 550 1935 ,
573 1905 587 1929 5
596 1912 693 1943 neque
706 1912 859 1943 quoquam
875 1902 902 1932 se
915 1905 1016 1932 movit
1028 1911 1066 1932 ex
1080 1903 1163 1932 urbe.

207 1952 276 1984 quae
294 1944 399 1973 amicis
413 1944 471 1973 suis
484 1953 559 1984 opus
573 1943 691 1974 fuerant
704 1944 740 1974 ad
752 1945 932 1984 Pompejum
946 1942 1161 1984 proficiscenti-

206 1985 265 2015 bus
277 2005 286 2018 ,
308 1987 414 2015 omnia
422 1995 461 2015 ex
471 1985 520 2016 sua
528 1996 557 2015 re
570 1985 711 2016 familiari
722 1986 806 2016 dedit
815 2006 825 2019 ,
846 1984 862 2005 6
871 1986 968 2026 ipsum
979 1986 1161 2026 Pompejum

204 2036 273 2057 non
289 2025 413 2067 jun&us
431 2037 495 2058 non
516 2026 657 2058 offendit,
678 2028 798 2058 nullum
819 2028 856 2058 ab
874 2038 912 2058 eo
931 2028 1056 2058 habebat
1074 2037 1159 2058 orna-

206 2078 348 2099 mentum
363 2088 372 2102 ,
384 2070 514 2099 utceteri
525 2089 534 2102 ‚
545 2072 597 2110 qui
607 2080 658 2110 per
668 2079 738 2100 eum
749 2079 798 2100 aut
809 2071 939 2100 honores
951 2089 960 2103 ‚
977 2079 1029 2100 aut
1039 2070 1159 2100 divitias

205 2119 357 2150 ceperant:
368 2120 498 2151 quorum
509 2120 614 2150 partim
625 2110 797 2142 invitiffimi
805 2111 896 2142 castra
906 2112 974 2142 sunt
983 2112 1085 2145 secuti,
1095 2121 1161 2152 par-

198 2154 264 2182 tim
275 2154 393 2183 summa
404 2162 475 2183 cum
487 2154 550 2193 ejus
560 2151 726 2183 offensione
735 2153 821 2183 domi
831 2154 1046 2184 remanserunt.
1066 2156 1158 2184 Attici

197 2203 305 2224 autem
321 2196 406 2235 quies
426 2203 578 2235 tantopere
589 2195 695 2226 Caesari
708 2194 768 2225 fuit
783 2205 861 2236 grata
873 2215 881 2229 ,
900 2204 934 2225 ut
947 2195 1063 2230 tristor,
1083 2195 1156 2226 cum

197 2238 324 2277 ‘privatis
338 2238 477 2276 pecunias
491 2246 543 2276 per
554 2236 692 2276 epistolas
703 2239 861 2277 imperaret
871 2258 879 2272 ‚
901 2238 972 2268 huic
981 2248 1045 2268 non
1056 2238 1156 2269 solum

197 2277 348 2308 *molestus
357 2287 421 2307 non
432 2277 523 2309 fuerit
532 2298 540 2312 ‚
557 2279 604 2309 sed
615 2281 706 2309 etiam
718 2279 830 2310 sororis
847 2285 861 2308 7
872 2278 972 2310 filium
983 2282 1156 2322 QCicero-

202 2329 275 2350 nem
297 2329 334 2349 ex
350 2322 490 2359 Pompeii
515 2320 613 2351 castris
631 2320 814 2351 concesserit.
838 2320 877 2352 sic
895 2331 994 2352 vetere
1015 2323 1155 2353 instituto

201 2363 275 2392 vitae
286 2359 390 2402 effugit
400 2371 479 2392 nova
498 2363 637 2402 pericula.
659 2366 800 2394 secutum
817 2363 945 2394 estillud
956 2365 1055 2395 occiso
1065 2364 1158 2395 Caesa·

199 2412 232 2433 :te
243 2421 252 2436 ,
275 2402 347 2433 cum
358 2403 474 2442 respub.
484 2413 576 2443 penes
585 2406 692 2435 Brutos
705 2405 855 2436 videretur
866 2404 924 2435 effe
935 2425 945 2439 ‚
964 2406 997 2436 δε
1006 2404 1140 2436 Cassium
1148 2426 1157 2440 ,

200 2454 236 2474 ac
255 2453 315 2474 tota
331 2446 435 2475 civitas
457 2441 511 2475 8se
529 2445 565 2475 ad
585 2456 656 2476 eum
673 2446 853 2477 convertisse
871 2447 1030 2478 videretur.
1055 2448 1092 2479 fic
1107 2451 1151 2479 M.

197 2487 291 2517 Bruto
301 2486 369 2517 usus
378 2485 420 2517 est
429 2506 439 2522 ,
458 2495 492 2518 ut
502 2487 591 2519 nullo
600 2488 652 2519 ille
662 2489 834 2520 adolescens
843 2490 951 2531 aequali
962 2488 1152 2529 familiarius,

234 2616 258 2633 1.
277 2612 424 2639 optimarum
430 2611 561 2644 partium]
583 2614 726 2643 optimatum
735 2613 802 2647 legit
811 2613 936 2641 Ursinus.

228 2651 259 2669 2.
279 2643 364 2676 Effioefis
375 2646 504 2679 ambita]
525 2645 627 2672 Gifanii
639 2647 717 2679 liber,
727 2648 800 2681 effitfi.

229 2687 258 2714 3.
278 2683 358 2713 Neque
361 2683 414 2712 geri
416 2681 493 2715 fine]
513 2684 567 2714 Rffli
579 2700 586 2713 ,
598 2681 702 2717 legebat
712 2685 821 2711 Fulvius
837 2695 843 2711 :
867 2685 971 2713 Gifanii
983 2686 1050 2713 liber
1063 2706 1072 2720 ,
1081 2697 1154 2723 mque

192 2722 243 2748 rep.
254 2715 327 2750 vulg.
339 2725 411 2749 neque
421 2719 478 2749 reip.

229 2758 258 2784 4.
278 2752 453 2786 Qminemsuo
463 2752 577 2786 nomine]
599 2753 701 2780 Gisani‘i
711 2754 790 2787 liber,
800 2759 915 2782 neminem
923 2767 995 2792 neque
1000 2759 1044 2792 fico
1049 2763 1150 2787 nomine.

232 2795 258 2820 5.
277 2791 366 2824 ‘Deque
381 2797 496 2823 quoquam
507 2790 535 2821 Jc
552 2790 658 2825 movim]
680 2790 783 2819 (jifanii
800 2791 868 2818 liber
880 2812 889 2825 ‚
906 2803 980 2828 neque
990 2795 1018 2829 fi·
1035 2806 1151 2830 quoquam
1172 2796 1174 2803 '

186 2830 274 2849 ‚zm-m.

193 2882 196 2885 ,
226 2859 253 2884 6.
272 2859 348 2893 Ipficm
356 2861 487 2894 Pompejum
495 2862 644 2894 nonjunHm
653 2871 698 2887 non
707 2862 826 2897 findit]
847 2864 929 2899 Vulg.
950 2867 1095 2899 conjunerum
1104 2877 1149 2893 non

188 2893 299 2933 offendi15
319 2893 361 2921 sed
371 2895 482 2923 Ursinus
495 2896 667 2932 viderejubet
677 2907 740 2925 num
751 2899 849 2925 melius
858 2899 888 2926 fit
900 2919 908 2932 ,
919 2910 1078 2927 emm-ventem
1088 2912 1149 2939 pro,

187 2933 343 2962 con-luntberti.

226 2971 254 2996 7.
273 2968 359 2992 filium
368 2968 566 3003 QCiceronem]
588 2968 670 2995 Liber
680 2970 783 2998 Gifanii
797 2973 891 3005 ,filiium
901 2991 909 3005 ,
922 2972 951 3003 ὠ·
962 2975 1146 3009 Qffiteroneui.

189 2998 289 3026 Ursino
299 3002 439 3036 legendum
452 3004 654 3039 videtur,filium
663 3008 684 3031 ei
693 3009 875 3042 QCiceromm.

225 3034 252 3061 8.
271 3039 299 3061 Se
307 3038 423 3071 adeum]
443 3041 546 3066 Giranii
557 3041 635 3072 liber,
646 3042 679 3067 ad
687 3053 733 3069 eos.

221 3078 252 3105 9.
272 3074 337 3098 Illius
344 3073 458 3107 ordina]
479 3075 581 3103 Gifani'i
593 3077 671 3110 liber,
681 3080 731 3113 <jue
739 3080 837 3106 ordinis.

226 3115 235 3133 ι
242 3115 269 3132 o.
289 3111 338 3139 Im,
349 3116 375 3133 m
386 3111 414 3134 B.
424 3109 453 3139 ἐγ
461 3113 489 3136 C.
496 3116 686 3146 provinciarum,
696 3125 745 3149 qua
753 3117 783 3141 iis
793 3117 850 3142 dicis
860 3118 957 3152 cauſsa]
980 3117 1023 3144 Sic
1032 3118 1142 3146 omniuo
1165 3113 1168 3141 i

183 3143 269 3180 magis
280 3142 368 3179 placet
377 3145 512 3183 ivlaeiutio,
523 3157 575 3179 non
587 3150 649 3179 vero
661 3168 671 3185 ‚
680 3152 743 3180 necis
751 3153 823 3188 causa
835 3171 846 3188 7
856 3160 923 3184 utin
935 3153 1062 3191 vulgatis,
1084 3155 1143 3185 An-

2075 141 2175 204 965

1211 204 1302 246 quam
1321 207 1379 238 hoc
1391 208 1480 239 sene:
1498 220 1597 255 neque
1609 211 1709 245 solum
1719 224 1790 247 eum
1799 214 1969 258 principem
1979 216 2097 249 confini·
2112 219 2171 250 ha-

1215 247 1305 295 beret,
1315 249 1364 279 sed
1373 252 1462 282 etiam
1474 253 1506 282 in
1518 253 1887 299 conviAEruExcogitatum
1899 258 1941 290 est
1949 259 2169 302 aquibusdam,

1213 296 1244 317 ut
1256 298 1406 337 privatum
1421 295 1556 324 aerarium
1567 296 1687 326 Caefiiris
1704 298 1950 332 interfeetoribus
1960 302 1996 331 ab
2007 302 2172 343 Equitibus

1214 331 1365 378 Romanis
1374 333 1612 366 constitueretur.
1626 337 1655 368 id
1666 338 1752 370 facile
1762 339 1841 371 effici
1850 340 1932 382 poffe
1941 343 2072 374 arbitrati
2082 344 2165 377 sunt„

1214 369 1233 399 si
1245 371 1278 400 δε
1289 376 1462 424 principes?
1472 377 1555 407 illius
1564 378 1682 410 ordinis
1690 384 1829 421 pecunias
1839 383 2044 415 contulissent.
2067 387 2168 427 itaque

1213 414 1374 460 appellatus
1384 415 1426 446 est
1435 420 1494 462 a-C.
1506 420 1597 449 Flavo
1606 439 1614 453 ,
1631 423 1713 452 Bruti
1722 422 1864 455 familiari
1876 445 1885 460 ‚
1905 429 2022 456 Atticus
2033 447 2041 461 ‚
2057 436 2089 457 ut
2101 429 2168 466 ejus

1215 463 1257 482 rei
1268 463 1406 502 princeps
1416 456 1474 488 esse
1485 460 1582 490 vellet.
1602 471 1629 492 at
1642 463 1692 493 ille
1700 483 1709 497 ‚
1722 467 1775 505 qui
1785 465 1884 497 officia
1892 469 1996 498 amicis
2005 468 2169 508 praestanda

1214 492 1274 524 fine
1285 495 1419 542 fastione
1429 499 1631 536 existimaret,
1654 504 1827 547 semperque
1840 511 1855 538 a
1871 508 1978 538 talibus
1992 510 2020 539 se
2034 509 2168 540 consiliis

1213 536 1406 585 removissep
1425 541 1578 580 respondit
1589 564 1597 576 ‚
1616 543 1635 573 fi
1650 548 1722 586 quid
1735 550 1842 578 Brutus
1855 549 1892 579 de
1905 550 1965 580 suis
1977 550 2168 582 facultatibus

1212 587 1256 608 uti
1267 578 1408 610 voluisset
1417 601 1426 614 ‚
1441 583 1563 614 usurum
1575 604 1583 617 ,
1599 595 1745 626 quantum
1759 600 1799 620 eae
1809 599 1997 630 paterentur3
2011 592 2058 622 sed
2070 603 2170 634 neque

1212 629 1282 665 cum
1293 630 1445 661 quoquam
1456 624 1492 653 de
1507 635 1538 655 ea
1552 637 1582 656 re
1593 628 1829 665 collocuturum,
1842 642 1939 678 neque
1950 636 2112 664 coiturum.
2130 633 2169 664 sic

1213 661 1265 690 ille
1284 662 1489 694 consensionis
1506 667 1613 706 globus
1631 670 1718 709 'nujus
1732 675 1823 703 unius
1835 673 2167 715 dissenfionedisjet‘kus

1213 701 1267 732 est.
1282 705 1389 743 Neque
1402 707 1499 751 multo
1510 707 1576 747 post
1587 709 1718 749 superior
1727 712 1784 744 ess'e
1795 718 1886 755 coepit
1896 719 2061 751 Antonius,
2077 719 2107 737 ¹0
2116 719 2168 749 ita,

1214 753 1246 774 ut
1256 746 1364 774 Brutus
1376 746 1407 776 &
1418 746 1532 778 Cassius
1541 754 1762 788 provinciarum
1774 775 1781 789 ‚
1794 766 1860 796 quae
1871 759 1907 787 iis
1918 757 1992 788 dicis
2002 759 2084 789 causa
2095 758 2170 789 darae

1213 795 1296 816 erant
1312 788 1327 816 ii
1338 788 1521 819 Consulibus
1532 810 1540 824 ‚
1561 791 1719 832 desperatis
1733 797 1818 826 rebus
1830 818 1838 831 ,
1860 801 1892 829 in
1908 800 2034 830 exilium
2045 799 2169 841 profici-

1212 827 1370 858 scerentur.
1395 831 1531 865 Atticm,
1553 834 1604 873 qui
1619 839 1776 874 pecuniam
1793 837 1878 869 simul
1891 851 1962 871 cum
1974 852 2078 873 ceteris
2092 851 2169 872 con-

1211 868 1286 899 ferre
1297 871 1432 917 noluerat
1443 871 1563 904 florenti
1581 876 1627 905 illi
1646 880 1739 916 parti,
1763 879 1878 913 abieSto
1890 884 1982 914 Bruto
1994 904 2002 918 ‚
2023 885 2167 925 Italiaque

1212 910 1330 942 cedenti
1350 922 1404 959 ‘³1⁵
1422 923 1545 945 centum
1557 917 1654 948 millia
1667 922 1785 950 muneri
1796 921 1893 952 misit:
1915 925 2011 955 eidem
2030 929 2061 956 in
2072 929 2167 966 Epiro

1211 953 1314 983 absens
1322 964 1375 1001 'ccc
1385 954 1466 994 Juffit
1481 957 1561 988 daii:
1585 969 1684 1000 neque
1697 972 1734 991 eo
1746 965 1840 1004 magis
1850 969 1966 1004 potenti
1981 967 2113 998 adulatus
2123 966 2168 998 est

1212 997 1369 1029 Antonio,
1390 1006 1488 1038 neque
1497 998 1666 1039 desperatos
1682 1005 1812 1044 reliquit.
1836 1009 1977 1038 Secutum
1993 1009 2034 1039 est
2049 1009 2167 1039 bellum

1209 1036 1325 1083 gestui-n
1344 1038 1420 1078 apud
1432 1041 1581 1072 Mutinam
1594 1063 1603 1075 2
1622 1046 1654 1074 in
1665 1054 1726 1085 quo
1739 1046 1884 1078 sitantum
1896 1059 1967 1079 eum
1983 1051 2166 1090 prudentem

1209 1078 1330 1125 dicam3
1349 1082 1452 1110 minus
1463 1102 1471 1115 ‚
1493 1083 1583 1123 quarn
1599 1085 1722 1116 debeam
1733 1107 1741 1121 ,
1760 1089 1943 1127 praedicem?
1960 1092 2033 1122 crim
2048 1092 2100 1122 ille
2111 1102 2168 1133 po-

1211 1129 1270 1150 tius
1283 1121 1406 1151 divinus
1416 1121 1506 1154 fuerit
1516 1136 1524 1158 3
1542 1123 1561 1154 si
1571 1125 1720 1158 divinatio
1729 1131 1902 1169 appellanda
1912 1132 1954 1162 est
1962 1143 2102 1173 perpetua
2111 1144 2166 1164 ua—

1211 1163 1312 1209 turalis
1332 1163 1449 1194 bonitas
1462 1185 1470 1198 ,
1483 1175 1549 1206 quae
1565 1168 1659 1198 nullis
1673 1169 1783 1201 casibus
1804 1176 1829 1191 ¹¹
1840 1183 1978 1213 augetur,
1991 1185 2089 1216 neque
2101 1179 2164 1205 rni-

1211 1213 1323 1251 nuitur.
1355 1205 1461 1236 Hostis
1482 1211 1635 1240 Antonius
1652 1211 1800 1250 judicatus
1811 1233 1819 1247 ,
1842 1217 1926 1246 Italia
1943 1215 2072 1247 cefferat.
2098 1218 2166 1257 spes

1209 1244 1385 1276 restituendi
1401 1249 1486 1279 nulla
1503 1259 1571 1280 erat.
1597 1255 1699 1283 ¹2non
1717 1254 1815 1285 solun]
1828 1257 1947 1288 inimici
1960 1279 1969 1292 ,
1989 1261 2041 1299 qui
2061 1268 2166 1290 tamen*

1209 1297 1293 1333 erant
1302 1288 1498 1328 potentiffimi
1510 1311 1519 1325 ‚
1532 1292 1566 1322 &
1574 1294 1710 1332 plurimi,
1724 1299 1753 1323 ¹3
1767 1297 1815 1327 sed
1825 1300 1917 1329 etiam
1927 1302 1979 1340 qui
1990 1300 2165 1331 adversariis

1207 1339 1271 1365 ejus
1282 1329 1309 1359 se
1323 1330 1440 1364 dabant,
1451 1332 1484 1362 ὃ(
1494 1335 1526 1363 in
1538 1344 1574 1364 eo
1583 1335 1722 1367 laedendo
1731 1338 1861 1379 aliquam
1874 1342 2087 1372 consecuturos
2098 1343 2166 1382 spe-

1206 1371 1307 1401 rabant
1327 1375 1357 1397 ¹4
1364 1374 1626 1410 commoditatem,
1637 1377 1798 1409 familiares
1810 1382 2042 1422 insequebantur
2052 1404 2062 1417 ‚
2084 1394 2166 1415 uxo-

1208 1422 1272 1458 rem
1283 1414 1421 1444 Fulviam
1436 1417 1582 1447 omnibus
1602 1420 1690 1449 rebus
1707 1421 1830 1460 spoliare
1847 1418 2007 1463 cupiebant
2019 1445 2027 1458 2
2049 1425 2168 1457 liberos-

1206 1462 1295 1483 etiam
1307 1455 1494 1497 exstinguere
1504 1459 1654 1497 parabant.
1677 1465 1794 1492 Atticus
1805 1484 1813 1497 ‚
1837 1464 1908 1495 cum
1922 1468 2077 1496 Ciceronis
2087 1469 2168 1498 inti-

1208 1504 1258 1524 ma
1275 1494 1473 1543 familiaritate
1494 1509 1644 1535 uteretur,
1673 1503 1868 1535 amiciffimus
1886 1506 1955 1537 efl‘et
1965 1510 2076 1541 Bruto,
2097 1519 2164 1540 nori.

1206 1536 1301 1566 modo
1321 1539 1401 1567 nihil
1424 1540 1462 1569 iis
1480 1541 1602 1572 indulsit
1621 1543 1657 1573 ad
1668 1547 1840 1576 Antonium
1858 1549 2040 1579 violandum
2052 1569 2061 1582 ‚
2080 1550 2129 1581 sed
2141 1551 2161 1582 e

1207 1581 1357 1608 contrario
1366 1581 1530 1611 familiares
1540 1584 1604 1622 ejus
1614 1603 1622 1616 ‚
1643 1595 1681 1615 ex
1694 1587 1764 1616 urbe
1774 1587 1978 1630 profugientes
1987 1610 1996 1624 ,
2014 1600 2165 1631 quantum

1206 1621 1307 1659 potnit
1317 1639 1324 1653 ‚
1337 1623 1429 1656 texit,
1441 1623 1554 1663 quibus
1561 1625 1648 1655 rebus
1659 1627 1853 1669 indiguerunt
1864 1650 1872 1664 ‚
1887 1631 2021 1671 adjuvit:
2040 1635 2074 1663 P.
2086 1633 2165 1664 verb

1205 1662 1378 1708 Volumnio
1388 1674 1420 1694 ea
1429 1664 1534 1696 tribuit
1544 1685 1553 1699 ‚
1575 1676 1608 1696 ut
1619 1668 1702 1707 plura
1715 1670 1731 1699 a
1744 1679 1862 1709 parente
1874 1672 2022 1712 proficisci
2033 1683 2096 1705 non
2106 1685 2164 1716 po-

1209 1711 1329 1733 tuerint.
1353 1704 1407 1745 ipsi
1417 1715 1516 1736 autem
1528 1708 1642 1739 Fulviae
1654 1729 1662 1743 ,
1674 1709 1746 1741 curri
1758 1712 1862 1742 litibus
1871 1713 2062 1746 distineretur
2071 1736 2079 1749 ‚
2097 1726 2164 1749 ma-

1205 1745 1331 1786 gnisque
1351 1748 1514 1778 terroribus
1535 1759 1695 1782 vexaretur
1714 1763 1719 1781 :
1751 1762 1830 1784 tanta
1847 1754 2003 1797 diligentia
2021 1755 2162 1791 officium

1205 1788 1295 1817 suum
1308 1788 1467 1827 praestitit,
1481 1799 1513 1820 ut
1524 1792 1645 1822 nullum
1659 1794 1712 1824 i'lla
1728 1795 1935 1835 &praestiterit
1945 1799 2161 1833 vadimonium

1204 1826 1265 1875 fine
1276 1831 1397 1863 Attico,
1418 1831 1543 1871 sponsor
1561 1836 1705 1865 omniurn
1724 1846 1823 1866 rerum
1841 1837 1940 1869 fuerit.
1963 1843 2038 1881 quiri
2054 1844 2160 1878 etiam,

1205 1878 1276 1899 cum
1290 1870 1342 1900 illa
1351 1870 1482 1902 fundum
1497 1874 1622 1905 secunda
1638 1876 1760 1908 fortuna
1769 1877 1886 1910 emiss‘et
1896 1883 1928 1916 iri
1938 1881 2020 1912 diem
2034 1894 2039 1912 :
2060 1893 2161 1926 neque

1202 1910 1273 1950 post
1283 1912 1482 1943 calamitatem
1501 1916 1650 1946 versuram
1672 1917 1765 1949 facere
1780 1930 1821 1960 po

1201 1952 1316 1991 posuit:
1327 1957 1556 2000 ⁵pecuniamque
1567 1956 1627 1988 sine
1636 1958 1771 1996 foenore,
1786 1961 1905 2005 sineque
1916 1965 1977 1996 ulla
1987 1965 2160 2008 stipulatio-

1202 2003 1241 2023 ne
1254 1994 1379 2026 credidit
1390 2018 1398 2025 .
1418 2000 1590 2029 maximum
1606 2000 1782 2033 existimans
1795 2004 1942 2045 quaestum
1954 2026 1964 2041 ‚
1985 2017 2158 2040 memorem

1200 2045 1378 2077 gratumque
1387 2040 1539 2079 cognosci,
1554 2039 1581 2061 ¹⁶
1592 2040 1739 2085 simulque
1749 2048 1861 2085 aperire
1872 2066 1881 2080 ,
1901 2048 1929 2078 {e
1941 2058 2005 2079 non
2014 2049 2162 2085 fortunae,

1199 2077 1249 2108 fed
1262 2078 1444 2110 hominibus
1454 2081 1547 2112 solere
1558 2082 1615 2114 esse
1626 2087 1776 2116 amicum:
1788 2088 1932 2128 quaecum
1944 2089 2069 2123 faciebat
2079 2112 2087 2126 ‚
2101 2103 2158 2124 ne-

1199 2128 1252 2167 mo
1262 2130 1332 2150 eum
1344 2125 1487 2162 temporis
1499 2125 1581 2155 causa
1596 2124 1690 2156 facere
1701 2137 1814 2168 poterat
1827 2130 2008 2162 existimare.
2032 2135 2159 2165 nemini

1197 2171 1281 2191 enim
1303 2164 1334 2192 in
1352 2166 1533 2203 opinionem
1553 2168 1691 2199 veniebat
1707 2189 1716 2202 ‚
1736 2173 1910 2203 Antonium
1924 2183 2022 2205 rerum
2037 2178 2157 2216 potitu-

1196 2213 1275 2237 rum,
1289 2207 1318 2232 ¹7
1328 2205 1375 2235 sed
1389 2206 1492 2236 sensus
1504 2208 1567 2246 ejus
1580 2209 1595 2239 a
1610 2212 1770 2241 nonnullis
1785 2215 1980 2253 optimatibus
1993 2219 2156 2258 reprehen-

1196 2245 1427 2292 debaturrquod
1440 2258 1545 2288 parum
1556 2250 1649 2281 odisti·
1658 2253 1756 2283 malos
1769 2256 1849 2285 cives
1862 2256 2019 2288 videretur.
2038 2259 2091 2289 ille
2101 2269 2155 2290 au-

1196 2296 1258 2317 tem
1271 2287 1314 2317 sui
1325 2288 1446 2328 judicii,
1464 2294 1576 2330 potius,
1591 2294 1663 2333 quid
1677 2294 1805 2325 sefacere
1818 2306 1868 2337 par
1877 2296 1960 2332 effer,
1971 2301 2155 2335 intuebatur,

1194 2328 1286 2369 quam
1300 2331 1373 2370 quid
1390 2332 1441 2361 alii
1460 2333 1609 2364 laudaturi
1625 2334 1726 2367 forent
1737 2357 1745 2371 ‚
1773 2334 1954 2370 ¹3conversa
1965 2341 2086 2373 fortuna
2095 2342 2155 2373 cst-

1194 2380 1228 2400 ut
1240 2374 1391 2402 Antonius
1401 2373 1490 2404 rediit
1500 2377 1533 2404 in
1542 2377 1660 2407 Italiam
1672 2397 1680 2410 ‚
1692 2388 1785 2410 nemo
1796 2373 1858 2410 n'on
1871 2391 1982 2422 magno
1991 2385 2023 2413 in
2031 2386 2154 2424 pericu-

1193 2413 1224 2442 lo
1234 2415 1369 2459 [atticum
1380 2424 1511 2455 putarat,
1532 2427 1653 2458 propter
1666 2421 1808 2452 intimam
1819 2421 2053 2455 familiaritatem
2064 2427 2155 2457 Cice-

1193 2464 1277 2484 mnis
1289 2455 1322 2485 &
1332 2457 1424 2487 Bruti.
1448 2459 1548 2499 itaque
1558 2460 1593 2489 ad
1604 2461 1767 2492 adventum
1788 2466 2004 2503 imperatorum
2024 2467 2060 2497 de
2079 2467 2157 2498 foro-

1192 2495 1352 2527 decesterat
1363 2518 1373 2535 2
1387 2501 1497 2530 timens
1505 2501 1756 2543 proscriptionem
1771 2515 1776 2533 z
1787 2505 1955 2548 latebatque
1965 2509 2042 2549 apud
2052 2511 2156 2539 nvo-

1986 2550 2158 2586 lumnium*5

1825 1921 1922 1952 tuiffet
1933 1943 1941 1956 ,
1962 1924 2014 1954 ille
2024 1921 2053 1955 se
2063 1927 2162 1957 inter-

1198 2620 1286 2688 toiis'ius
1307 2621 1421 2656 August.
1441 2622 1508 2658 legit
1520 2641 1528 2655 ,
1547 2625 1619 2648 itaut
1636 2625 1779 2658 B.&Caff.
1796 2629 1823 2652 in
1835 2631 1977 2660 pre-nimias
1994 2630 2081 2664 quails
2096 2631 2158 2659 dicis

1197 2664 1241 2681 (au
1253 2665 1279 2681 a.

1233 2701 1241 2717 i
1252 2701 1260 2717 1
1269 2712 1274 2717 .
1294 2693 1427 2726 Augetur]
1451 2693 1552 2720 Gifaiiii
1564 2693 1641 2725 liber,
1653 2697 1744 2728 agitur,
1755 2704 1785 2723 ut
1796 2697 1860 2725 &in
1873 2699 1947 2735 vulg.

1231 2737 1274 2769 ῃ.
1293 2732 1353 2764 Qu
1363 2729 1438 2762 filimi
1454 2732 1562 2762 inimici,
1581 2734 1622 2765 qui
1630 2733 1735 2768 numm]
1756 2734 1838 2770 ang.
1856 2737 1979 2770 nonfiiliam
1988 2739 2039 2772 ejue
2046 2740 2157 2774 inimica.

1207 2773 1234 2789 m
1242 2770 1301 2790 ἵκῃ).

1192 2773 1206 2798 q
1231 2808 1238 2825 i
1247 2807 1271 2834 3.
1293 2800 1338 2824 ΗΑ
1345 2803 1417 2825 etiam
1426 2804 1468 2834 qui
1476 2801 1649 2837 adver-sanis]
1672 2803 1753 2839 Vulg.
1758 2805 1803 2838 sed
1809 2808 1881 2832 eriam
1890 2810 1962 2833 amici
1971 2809 2129 2843 advaerfhriis.

1228 2843 1270 2867 14.
1291 2837 1476 2862 Commoditatem
1488 2839 1644 2870 ‚familiares
1654 2841 1862 2876 insequebantur]
1883 2843 1987 2870 Gifanii
1997 2844 2152 2880 liber-,infi-

1170 2881 1172 2908 ἶ
1188 2873 1322 2904 qseebamnr
1334 2891 1342 2903 ,
1354 2872 1424 2910 quod
1435 2872 1528 2908 probat
1541 2874 1660 2900 Ursinus,
1683 2878 1814 2903 Ceterum
1826 2877 1896 2904 idem
1908 2879 1956 2905 ins.
1965 2889 2014 2916 pro
2026 2900 2034 2914 ‚
2052 2891 2151 2909 comma—

1170 2913 1171 2944 3
1188 2907 1286 2967 {sitalem
1298 2926 1306 2939 ‚
1317 2908 1400 2934 rere-rt
1412 2927 1420 2940 ,
1431 2909 1645 2936 commendationem
1656 2922 1663 2936 :
1682 2912 1755 2948 vulg.
1765 2915 1954 2948 commoditatem,
1960 2919 2063 2945 Antonii
2067 2919 2152 2952 fami·-

1169 2951 1171 2963 ⁴
1198 2950 1274 2968 lass-s.

1168 2965 1171 2977 ⁴
1199 3013 1204 3017 ι
1228 2987 1269 3011 ¹5·
1290 2980 1425 3012 Ps3fflirerit
1442 2981 1631 3016 vadimonium]
1652 2983 1742 3010 Multo
1753 2984 1852 3012 melius-
1866 2986 1883 3013 fi
1893 2996 1940 3024 per
1949 2995 2052 3016 veteres
2063 2989 2149 3018 libros

1187 3012 1373 3045 liceat‚sstler·zt
1381 3015 1555 3049 Υπ.ια.ῖ.“ηιοηὶιιηι,
1567 3018 1645 3044 Manu
1651 3019 1689 3045 tio
1700 3020 1816 3047 videtur.

1227 3050 1268 3076 16.
1279 3053 1397 3090 Simulque
1406 3053 1523 3085 ast-rim]
1537 3053 1706 3088 chenduni,
1717 3065 1841 3091 apparere,
1852 3058 1919 3086 dicit
1929 3060 2053 3094 manus,
2062 3062 2092 3088 δε
2105 3061 2151 3090 ita-

1187 3093 1308 3112 notatum
1321 3096 1345 3112 ln
1359 3086 1426 3112 libro
1437 3088 1547 3115 Camilli
1566 3090 1716 3125 Sighicelli.
2039 3108 2042 3109 ⁷

1224 3130 1253 3156 ¹7
1260 3141 1265 3147 .
1285 3122 1414 3156 Sed-senfin
1424 3125 1473 3156 cjm·
1481 3124 1497 3149 it
1505 3127 1649 3160 nonnullis]
1671 3129 1773 3165 Vulgo,
1787 3130 1916 3164 ftdfinfim
1926 3132 1946 3157 is
1956 3131 1971 3157 ἂ
1981 3133 2108 3160 κονιπηίίῐϊ.

1224 3157 1266 3188 13.
1286 3160 1403 3195 Conversio
1405 3160 1507 3195 fortuna
1517 3161 1577 3195 effi]
1599 3162 1704 3190 Gifanii
1715 3164 1793 3200 liber,
1803 3168 1914 3202 conversa
1921 3168 2010 3204 [heito.

1539 3198 1562 3226 F
1571 3197 1585 3226 5
1593 3197 1606 3227 ἱ
1615 3197 1629 3227 f
1635 3199 1651 3227 f
1657 3198 1672 3228 f
1689 3208 1702 3237 3
2056 3212 2082 3232 i.
2093 3206 2157 3233 Ge}-
