2360 3400
512 91 609 124 DE

161 161 297 201 hostium
314 159 380 191 vim
399 157 459 190 sese
473 156 681 199 perversurum
698 157 838 199 putavit,
860 159 1003 200 pervertit
1020 167 1122 190 autem

161 205 256 236 suam.
289 205 398 239 Utrum
420 202 511 241 igitur
526 211 631 230 eorum
651 199 801 232 accidisset
811 221 820 235 ‚
839 211 946 232 verum
964 201 1120 232 oraculum

159 244 280 277 fuisset!
293 247 353 274 Gur
370 252 471 273 autem
490 243 548 273 hoc
564 242 682 273 credam
702 253 846 284 umquam
865 243 1121 273 edirumCroeso?

158 296 208 318 aut
219 286 411 317 Herodotum
430 295 483 315 cur
501 286 683 315 veraciorem
704 285 811 315 ducam
822 287 946 315 Ennio?
966 295 1041 315 num
1060 287 1120 313 mi-

158 327 219 359 nus
231 328 283 357 ille
295 329 395 368 potuit
403 326 439 357 de
452 327 553 357 Croeso
564 346 573 361 ,
592 326 683 368 quarn
694 327 730 356 de
741 328 855 366 Pyrrho
866 325 978 367 fingere
989 329 1120 371 Ennius?

157 371 226 411 quis
237 371 321 399 enim
333 368 375 400 est
387 389 396 404 ‚
407 371 460 410 qui
469 369 584 404 credat,
596 369 752 409 Apollinis
761 378 798 399 ex
809 369 930 399 oraculo
938 369 1051 408 Pyrrho
1061 366 1119 397 esse

159 411 338 452 responsum
350 414 361 440 ?

253 456 317 483 Aio
339 462 382 483 TE
404 456 553 484 AEacx-nA
574 455 740 484 Romanos
762 462 917 483 vmcmuz
939 461 1041 482 Posse..

155 495 298 526 Primum
310 496 418 526 Latine
427 496 540 536 Apollo
553 505 721 535 numquam
736 497 854 525 locutus
867 493 917 524 est.
941 494 1052 524 deinde
1064 492 1119 523 ista

155 537 220 567 sors
237 537 370 568 inaudita
382 540 494 568 Graecis
510 536 562 568 est.
584 546 722 577 praeterea
735 538 838 576 Pyrrhi
851 536 1041 576 temporibus
1053 536 1116 574 jam

154 578 270 618 Apollo
280 580 380 610 versus
387 579 484 610 facere
494 577 624 609 deflerat.
647 578 801 619 postremo
811 598 821 612 ‚
841 588 1026 620 quamquam
1036 579 1118 609 sem-

154 629 209 660 per
216 620 291 656 fuit,
308 631 340 652 ut
349 622 426 661 apud
439 623 575 652 Ennium
587 619 631 651 est
643 641 652 655 ‚
812 632 816 636 >

250 679 297 687 ---
310 663 445 699 stolidum
452 672 542 703 genus
552 663 752 692 eAEacidaram
761 682 770 696 ‚

250 706 440 746 Bellipotentes
446 705 516 745 sunt
524 709 629 745 magi’‚
638 715 727 746 quam
734 704 978 746 fhpientipotentes
987 715 1000 732 .-

151 753 256 778 tamen
266 748 341 778 hanc
351 747 568 787 amphiboliam
581 748 681 777 versus
692 749 859 788 intelligere
871 745 1022 787 potuisset,
1037 755 1055 775 v
1063 754 1118 775 1N-

153 799 244 819 CERE
265 799 307 819 TE
325 791 492 820 ROMANOS
503 809 512 822 ,
535 790 635 819 nihilo
645 791 739 829 magis
748 790 781 818 in
794 789 841 822 se,
852 789 987 829 quam'in
1000 790 1118 818 Roma—

155 841 214 861 nos
234 832 340 861 valere.
365 833 444 860 Nam
466 831 517 860 illa
534 831 719 870 amphibolia
728 850 737 863 ‚
756 840 823 870 quae
833 830 967 860 Croesum
988 830 1115 868 decepit,

152 873 202 903 vel
214 871 410 912 Chrysippum
431 871 571 912 potuisset
588 871 700 902 fallere.
728 872 793 902 haec
810 870 883 901 vero
903 881 941 901 ne
952 874 1115 911 Epicurum
1157 879 1176 910 g

91 907 137 939 57
154 914 289 953 quidem.
330 913 389 944 Sed
400 934 410 947 ‚
429 913 511 954 quod
521 922 607 953 caput
618 912 677 946 est,
688 922 740 942 cur
750 912 807 943 isto
819 912 983 952 modojam
996 912 1116 943 oracula
1155 920 1175 951 q

151 955 283 995 Delphis
293 965 357 985 non
369 955 498 985 eduntur
507 974 516 988 ‚
538 965 600 985 non
613 954 709 985 modo
720 954 818 985 nostra
830 964 914 985 aetate
925 974 934 988 ,
945 959 957 974 ¹
978 955 1027 985 sed
1036 956 1115 994 jam—

146 996 205 1027 diu
215 1016 224 1031 ‚
242 996 304 1036 jam
327 1006 360 1027 ut
379 997 458 1027 nihil
477 995 564 1037 poffit
583 995 641 1027 effe
652 999 857 1027 contemtius?
881 999 950 1027 Hoc
960 997 1028 1033 loco
1039 996 1111 1027 cum

148 1047 295 1079 urgentur
304 1058 312 1072 ‚
328 1038 477 1069 evanuisse
488 1041 571 1078 ajunt
580 1037 720 1074 vetustate
729 1039 791 1068 vim
800 1038 853 1068 loci
863 1040 890 1078 ej
895 1049 928 1069 us
939 1057 948 1072 ‚
969 1038 1050 1069 unde
1059 1048 1113 1068 an-

149 1080 264 1110 helitus
277 1081 329 1110 ille
342 1089 423 1111 terrae
440 1080 523 1110 fieret
534 1101 543 1114 ‚
561 1091 623 1120 quo
634 1082 739 1120 Pythia
749 1090 850 1111 mente
860 1083 980 1111 incitata
995 1081 1113 1111 oracula

151 1122 263 1152 ederet.
286 1124 334 1152 De
349 1123 424 1152 vino
436 1142 445 1156 ‚
465 1123 701 1153 autsalsamento
709 1132 794 1162 putes
805 1123 887 1163 ioqui
899 1143 907 1156 ‚
926 1132 994 1163 quae
1003 1132 1111 1153 evane-

146 1163 234 1194 scunt
244 1163 396 1194 vetustate.
419 1164 455 1194 de
473 1167 506 1195 vi
525 1165 584 1194 loci
604 1166 699 1206 agitur
711 1185 720 1197 ,
741 1174 838 1205 neque
857 1164 957 1194 solum
973 1165 1110 1198 naturali,

146 1205 197 1236 sed
209 1207 299 1236 etiam
310 1206 414 1236 divina
428 1217 433 1235 :
453 1216 518 1247 quae
532 1216 593 1246 quo
608 1206 730 1236 tandem
744 1206 838 1236 modo
853 1207 976 1237 evanuit
988 1209 998 1236 ?
1015 1209 1112 1237 Vetu-

146 1246 220 1277 state
230 1267 238 1281 ,
259 1250 385 1289 inquies.
410 1250 483 1289 Qae
495 1247 618 1284 vetustas
628 1247 670 1278 est
681 1268 690 1281 ‚
710 1259 774 1289 quae
785 1250 852 1279 vim
864 1249 1002 1279 divinam
1013 1246 1111 1279 confi-

142 1298 211 1319 cere
221 1289 327 1329 poffit?
343 1290 415 1329 quid
425 1299 486 1320 tam
497 1290 640 1329 divinum
650 1299 750 1321 autem
761 1291 851 1332 quam
861 1289 976 1321 afflatus
987 1300 1026 1320 ex
1037 1299 1111 1320 terra

144 1340 284 1361 mentem
295 1334 334 1362 ita
351 1342 500 1366 movens,
520 1342 553 1362 ut
571 1342 637 1362 eam
654 1333 813 1372 providam
829 1343 926 1363 rerum
939 1331 1108 1363 futurarum

143 1371 256 1404 efficiat
266 1393 274 1407 ‚
296 1382 328 1404 ut
339 1384 371 1403 ea
381 1384 443 1404 non
454 1373 550 1404 modo
562 1384 661 1404 cernat
672 1375 772 1404 multo
783 1375 851 1405 ante
862 1395 873 1408 ‚
888 1375 938 1405 sed
950 1384 1040 1405 etiam
1052 1384 1110 1405 nu-

144 1424 252 1448 mero,
274 1416 417 1456 versuque
427 1417 623 1455 pronuntiet?
642 1416 762 1455 quando
781 1425 881 1446 autem
901 1415 955 1446 ista
975 1419 1020 1446 vis
1040 1426 1109 1447 eva·
1149 1424 1169 1455 q

143 1458 232 1487 nuit?
242 1467 279 1487 an
286 1452 434 1497 postquam
443 1457 564 1485 homines
571 1455 665 1485 mimis
675 1457 777 1485 creduli
789 1457 847 1487 efi'e
856 1467 1011 1497 coeperunt
1023 1460 1031 1485 ἓ
1044 1461 1110 1488 De-

142 1498 319 1528 mosthenes
329 1498 465 1538 quidem,
476 1500 527 1538 qui
539 1498 650 1527 abhinc
660 1507 756 1527 annos
766 1499 859 1538 prope
871 1508 946 1528 ccc.
965 1498 1031 1533 fuit,
1048 1501 1107 1537 jam

141 1548 210 1570 tum
221 1541 364 1573 φιλιππίζειν
375 1540 514 1579 Pythiam
529 1539 646 1580 dicebat
657 1558 665 1572 ‚
685 1539 717 1569 id
728 1539 771 1569 est
782 1559 790 1572 ‚
810 1540 892 1581 quasi
907 1550 971 1569 cum
980 1541 1107 1582 Philtppo

133 1580 303 1620 facere.hoc
314 1590 413 1611 autem
425 1581 462 1611 eo
471 1582 490 1611 s
483 1581 668 1621 peelabanut
680 1591 745 1611 eam
760 1583 775 1612 a
786 1582 926 1622 Philippo
937 1592 1107 1622 corruptam

141 1622 264 1653 diceret.
286 1633 348 1663 quo
357 1623 427 1654 licet
439 1622 611 1654 existimare
623 1643 631 1657 ,
642 1626 676 1653 in
686 1623 752 1653 aliis
762 1633 882 1664 quoque
893 1624 1020 1655 oraculis
1031 1625 1107 1654 Del-

138 1665 239 1704 phicis
250 1664 363 1705 aliquid
376 1675 442 1696 non
455 1664 558 1696 sinceri
570 1663 667 1696 fuifle.
698 1665 755 1696 Sed
773 1666 876 1696 nescio
888 1666 1047 1706 quomodo
1057 1665 1106 1696 isti

136 1706 315 1747 philosophi
327 1726 336 1740 ‚
358 1706 548 1748 superstitiosi
561 1727 569 1741 ,
582 1707 615 1737 &
627 1707 712 1746 paene
722 1707 843 1737 fanatici
852 1726 864 1740 ³
883 1708 1005 1748 quidvis
1014 1709 1107 1738 malle

135 1747 299 1782 videntur,
317 1748 408 1789 qu‘am
426 1749 455 1779 se
471 1759 536 1779 non
553 1751 683 1788 ineptos.
707 1747 867 1778 Evanuisse
886 1749 1027 1779 mavultis
1042 1768 1051 1783 ,
1072 1749 1106 1780 &

136 1788 325 1820 exstinetum
342 1789 401 1820 effe
422 1790 453 1821 id
464 1811 474 1824 ‚
494 1790 576 1832 quod
593 1789 614 1819 si
630 1799 773 1831 umquam
789 1788 889 1820 fuisset
903 1809 912 1824 ,
930 1791 1009 1820 certe
1019 1799 1105 1820 aeter-

139 1841 216 1862 num
227 1830 298 1862 esset
306 1852 315 1865 ‚
328 1833 420 1874 quam
433 1842 466 1863 ea
475 1853 483 1867 ‚
495 1843 562 1873 quae
572 1841 637 1862 non
646 1832 715 1862 sunt
724 1831 872 1863 credenda
881 1851 890 1865 ‚
902 1841 966 1862 non
976 1832 1103 1862 credere.

72 1866 120 1903 58
136 1873 256 1904 Similis
271 1873 314 1905 est
326 1884 407 1905 error
422 1880 455 1905 in
474 1876 601 1905 somniis
614 1884 619 1902 :
637 1882 770 1914 quorum
780 1873 904 1914 quidem
915 1871 1049 1904 defensio
1058 1883 1104 1903 re-

135 1917 230 1957 petita
238 1926 331 1956 quam
342 1916 433 1957 longe
446 1916 510 1946 est?
528 1916 642 1945 divinos
652 1916 760 1945 animos
769 1915 890 1946 censent
900 1913 959 1945 effe
969 1914 1102 1949 nostros,

134 1957 246 1998 eosque
257 1955 314 1988 effe
325 1958 434 1988 tra&os
444 1958 629 1988 extrinsecus
640 1977 648 1991 ‚
663 1959 896 1998 animorumque
906 1957 1100 1987 consentien-

135 2000 216 2030 tium
235 2000 434 2030 muititudine
451 2001 641 2041 completum
660 1997 719 2030 esse
738 1998 893 2029 mundum
907 2010 913 2028 :
936 1999 992 2030 >hac
1010 2000 1102 2040 igitur

135 2042 250 2072 mentis
261 2062 270 2075 ‚
284 2041 416 2082 &ipsius
425 2042 583 2073 divinitate
594 2061 603 2075 ‚
617 2041 650 2071 δε
660 2042 728 2081 conj
733 2040 878 2072 unffione
884 2051 958 2072 cum
969 2043 1101 2072 externis

134 2083 292 2114 mentibus
302 2104 310 2118 ‚
326 2087 409 2114 cerni
421 2094 486 2124 quae
498 2083 553 2115 sint
562 2084 672 2114 futura.
693 2085 839 2114 Contrahi
849 2092 949 2114 autem
959 2085 1098 2114 animum

133 2124 224 2155 Zeno
235 2145 244 2158 ,
265 2126 296 2156 &
308 2125 388 2166 quasi
402 2127 461 2156 labi
475 2135 572 2167 putat,
592 2135 679 2166 atque
687 2125 848 2156 concidere
861 2146 870 2160 ‚
891 2126 1031 2166 &ipsum
1041 2124 1100 2156 effe

131 2166 258 2196 dormire.
280 2169 348 2209 Jam
360 2169 536 2210 Pythagoras
547 2188 555 2202 ‚
577 2169 610 2198 &
620 2168 702 2198 Plato
715 2166 939 2208 locupletissimi
952 2167 1099 2201 austures,

136 2218 199 2249 quo
222 2210 253 2239 in
275 2211 394 2240 somnis
411 2212 538 2240 certiora
554 2211 713 2241 videamus
731 2229 741 2243 ‚
769 2219 947 2250 praeparatos
965 2210 1097 2250 quodam

133 2251 236 2285 cultu,
258 2261 343 2292 atque
359 2251 442 2282 viCm
456 2251 608 2292 proficisci
618 2252 654 2283 ad
664 2252 880 2282 dormiendum
894 2251 1008 2287 iubent.
1031 2251 1098 2282 faba

135 2292 260 2333 quidem
272 2295 447 2334 Pythagorei
462 2296 565 2335 utique
574 2293 757 2325 abstinuere:
780 2292 859 2334 quafi
878 2292 954 2324 verb
973 2303 1010 2323 eo
1027 2293 1097 2323 cibo

132 2343 222 2364 mens
232 2354 241 2369 ‚
261 2345 326 2366 non
335 2345 441 2366 venter
453 2334 584 2366 infletur.
607 2336 663 2367 Sed
674 2336 775 2366 nescio
786 2335 944 2376 quomodo
965 2345 986 2365 N
997 2345 1009 2365 1
1019 2345 1042 2365 H
1053 2345 1064 2364 1
1075 2345 1096 2365 L

133 2385 155 2405 τ
164 2386 187 2406 Α
196 2386 223 2406 Μ
238 2377 362 2409 absurde
374 2377 433 2408 dici
443 2377 539 2418 potest
550 2398 558 2412 ‚
579 2378 661 2419 quod
673 2388 737 2408 non
749 2377 864 2408 dicatur
874 2378 910 2407 ab
918 2378 1019 2418 aliquo
1029 2377 1098 2417 phi-

130 2417 342 2458 losophorum.
375 2416 487 2450 Utrum
506 2421 597 2462 igitur
613 2419 768 2450 censemus
789 2420 1010 2450 dormientium
1030 2419 1095 2449 ani-

132 2469 203 2490 mos
214 2464 228 2480 ²
239 2470 289 2500 per
298 2462 327 2492 se
338 2472 376 2492 ne
388 2463 468 2502 ipsos
478 2464 510 2492 in
522 2461 704 2492 somniando
715 2464 852 2496 moveri,
865 2472 902 2492 an
912 2481 921 2496 ‚
934 2470 964 2492 ut
975 2463 1096 2491 Demo-

131 2504 224 2532 critus
242 2503 361 2537 censet,
381 2513 503 2535 externa
514 2523 523 2538 ‚
543 2504 576 2533 &
587 2503 750 2534 adventitia
761 2503 875 2534 visione
888 2504 1020 2544 pulsari?
1036 2501 1095 2533 five

133 2545 219 2573 enim
231 2542 269 2573 sic
279 2543 320 2574 est
330 2565 339 2578 ‚
357 2543 416 2575 five
426 2546 482 2576 illo
492 2546 587 2575 modo
598 2565 607 2579 ,
618 2545 714 2575 videri
723 2544 844 2584 pofliint
853 2546 1002 2585 permulta
1010 2544 1093 2574 som-

131 2586 287 2616 niantibus
304 2585 374 2616 falsa
389 2596 443 2626 pro
458 2588 546 2616 veris.
570 2589 650 2617 Nam
663 2587 696 2616 &
706 2585 910 2626 navigantibus
921 2588 1036 2616 moveri
1048 2588 1092 2616 vi-

131 2627 241 2657 dentur
258 2637 291 2658 ea
303 2648 310 2660 ,
331 2638 399 2668 quae
417 2627 508 2658 stant:
532 2628 564 2658 ὃς
575 2628 707 2669 quodam
726 2628 835 2658 obtutu
854 2628 1014 2658 oculorum
1030 2627 1092 2656 duo

131 2678 187 2709 pro
198 2679 260 2699 uno
272 2669 400 2699 lucernae
411 2671 537 2700 lumina.
550 2669 631 2711 Qid
642 2670 738 2700 dicam
749 2689 757 2703 ,
769 2669 891 2703 insanis,
903 2669 990 2710 quid,
1001 2668 1092 2698 ebriis

131 2711 222 2751 quam
235 2712 330 2741 multa
339 2710 408 2742 falsa
419 2712 576 2742 videantur
586 2714 594 2737 ἓ
603 2711 686 2751 quod
698 2709 718 2740 fi
727 2711 878 2751 ejusmodi
889 2710 955 2740 visis
964 2710 1089 2740 creden-

691 78 1385 125 D1v'1NAT1oNE

1474 79 1516 126 L
1550 94 1568 125 1
1605 94 1646 125 Β.
1720 49 1792 127 ΙΙ..
2004 97 2127 145 1177

1163 157 1200 188 de
1212 160 1260 189 his
1276 158 1426 189 erroribus
1436 178 1446 192 2
1468 159 1489 189 si
1501 160 1576 191 velis
1586 180 1596 194 ‚
1617 159 1709 201 quam
1719 161 1757 192 de
1767 161 1896 192 somniis
1906 160 2052 204 disputare
2064 174 2070 193 :
2091 171 2126 195 u:

1164 210 1195 230 ea
1207 220 1215 234 ‚
1236 211 1301 241 quae
1312 200 1389 232 stant
1400 221 1409 235 ‚
1430 199 1451 231 fi
1464 205 1582 233 moveri
1601 202 1777 237 videantur,
1797 211 1998 238 terra-motum
2010 203 2127 246 fignifi-

1163 251 1226 271 care
1237 243 1337 286 dicas?
1350 252 1399 273 aut
1409 246 1595 283 repentinam
1605 245 1734 284 aliquam
1747 245 1848 287 fugam
1862 257 1868 275 ;
1887 248 2013 287 gemino
2023 244 2126 278 autem

1162 283 1288 315 lucernae
1300 286 1417 315 lumine
1428 286 1567 316 declarari
1579 305 1587 320 ‚
1602 286 1785 327 dfflbifiortem
1794 307 1803 322 ,
1820 298 1852 318 ac
1862 287 2043 319 seditionem
2053 288 2126 319 moss

1163 330 1236 354 veri.
1254 327 1322 367 Jarn
1333 336 1370 356 ex
1383 328 1555 358 insanorum
1566 348 1575 361 ,
1587 337 1636 358 aut
1647 328 1801 359 ebriorum
1812 329 1881 359 vifis
1892 331 2125 362 innumerabilia
2140 325 2189 363 59‘

1162 368 1334 406 conjectura
1347 370 1420 399 trahi
1431 368 1551 408 pofl'unt
1563 390 1572 403 ‚
1590 380 1655 410 quae
1667 369 1765 401 futura
1774 371 1939 402 videantur.
1962 374 2039 414 Qis
2054 382 2073 402 Ε
2082 382 2095 403 s
2104 384 2125 403 r

1162 411 1244 438 enim
1258 429 1265 442 ,
1276 412 1330 450 qui
1340 419 1437 440 totum
1451 410 1672 451 diemjaculans
1686 416 1698 439 3
1709 423 1774 443 non
1783 413 1946 454 aliquando
1955 416 2099 445 collineet
2111 417 2124 443 ?

1155 453 1173 476 4
1189 459 1264 480 totas
1282 451 1400 481 trocleis
1418 452 1626 488 somnium-uu
1643 464 1741 495 neque
1757 455 1818 484 ulla
1829 455 1892 485 sere
1908 455 1950 486 est
1961 475 1970 489 ,
1990 466 2047 496 qua
2056 466 2122 487 non

1161 492 1366 522 dormiamus:
1387 494 1419 523 δε
1432 496 1596 529 miramur,
1617 495 1779 536 aliquando
1796 497 1847 530 id,
1867 498 1949 537 quod
1962 498 2121 529 somniari-

1160 543 1230 564 mus
1240 554 1250 568 ,
1268 535 1413 564 evadere?
1430 535 1503 576 quid
1517 536 1559 566 est
1576 546 1634 567 tam
1649 539 1796 568 incertum
1809 557 1818 571 ‚
1838 544 1928 579 quam
1940 539 2067 570 talorum
2080 541 2124 578 ja·

1159 576 1225 606 &us
1235 579 1245 605 ?
1257 585 1358 606 tamen
1369 586 1463 607 nemo
1473 577 1528 611 est,
1547 588 1622 619 quin
1633 579 1842 620 saepejastans,
1854 581 2024 611 Venereum
2032 575 2121 621 jaci‘ac

1158 617 1319 658 aliquando
1331 637 1339 652 ,
1352 628 1586 660 nonnumquam
1598 623 1688 650 etiam
1701 623 1808 651 iterum
1820 642 1828 655 ,
1843 632 1876 652 ac
1886 624 2019 652 tertium.
2045 633 2122 654 num

1158 661 1250 700 igitur
1260 680 1268 693 ‚
1282 668 1314 689 ut
1325 662 1419 700 inepti
1432 681 1440 693 ,
1453 664 1577 690 Veneris
1587 661 1615 691 id
1629 660 1692 692 fieri
1702 664 1833 703 impulsu
1844 664 1998 694 malumus
2008 685 2017 698 ,
2028 667 2121 705 quiam

1157 702 1225 731 casu
1235 701 1358 731 dicere?
1374 702 1453 742 quod
1468 701 1486 731 si
1497 712 1602 732 ceteris
1613 706 1801 742 temporibus
1810 725 1818 738 ‚
1831 704 1910 735 falfis
1918 705 1987 736 visis
1996 707 2121 736 creden-

1159 744 1232 773 dum
1255 753 1319 772 non
1338 742 1403 777 est3
1423 754 1487 773 non
1498 744 1606 778 video,
1626 746 1700 784 quid
1712 748 1852 785 praecipui
1868 747 1993 778 somnus
2003 747 2120 781 habeat.

1157 787 1190 814 in
1208 794 1270 825 quo
1286 785 1405 815 vileant
1421 784 1490 815 falsa
1508 795 1561 825 pro
1576 789 1663 816 veris.
1687 787 1776 826 Qud
1794 788 1814 817 si
1826 791 1864 819 ita
1875 799 1976 820 natura
1985 798 2118 830 paratum

1159 825 1249 860 efl'et,
1269 836 1302 856 ut
1319 836 1351 857 ea
1364 826 1552 857 dormientes
1565 837 1702 868 agerent,
1726 839 1791 869 quae
1802 830 2002 861 somniarent:
2027 835 2040 859 5
2051 831 2120 862 alli·

1177 868 1248 899 andi
1270 879 1380 899 omnes
1400 865 1515 902 essent,
1534 872 1586 910 qui
1604 869 1741 900 cubitum
1761 872 1845 901 irent.
1875 874 2003 912 majores
2019 875 2119 906 enim,

1178 911 1248 940 uam
1270 911 1326 940 ulli
1344 910 1461 944 insani,
1481 908 1634 942 efficerent
1651 921 1752 942 motus
1772 913 1965 944 somniantes.
1989 914 2079 955 Qibd
2098 913 2119 944 si

1155 963 1184 981 m
1198 962 1316 981 anorum
1325 951 1393 993 vifis
1403 951 1476 982 fides
1487 963 1550 982 non
1563 952 1604 983 est
1615 953 1749 984 habenda
1761 974 1770 987 ‚
1790 957 1859 996 quia
1878 955 1945 986 falsa
1957 957 2024 986 sunt
2035 969 2043 991 3
2056 960 2119 986 'cu'r
2158 981 2170 993 .-

1154 995 1288 1025 credatur
1302 995 1522 1024 somniantium
1535 993 1602 1025 visis
1611 1015 1620 1029 ,
1634 1006 1700 1036 quae
1711 996 1810 1026 multo
1819 999 1910 1028 etiam
1920 999 2117 1036 perturbatio—
2162 1005 2170 1009 ⁴

1155 1045 1185 1067 ra
1206 1037 1294 1071 sunt,
1316 1046 1382 1067 non
1402 1037 1549 1078 intelligo.
1573 1047 1609 1067 an
1620 1037 1702 1078 quod
1712 1038 1809 1068 insani
1821 1039 1869 1070 sua
1879 1041 1940 1070 visa
1949 1040 2118 1079 conjcdlori

1153 1088 1217 1109 non
1233 1087 1368 1113 narrant,
1383 1079 1823 1119 narrantquisomniaverunt?
1845 1084 1955 1120 Qaero
1967 1083 2054 1111 etiam
2070 1103 2078 1116 ,
2099 1081 2121 1113 si

1153 1121 1248 1151 velim
1260 1121 1385 1151 scribere
1403 1121 1476 1161 quid
1489 1140 1497 1154 ‚
1518 1122 1692 1162 autlegerffi
1713 1131 1763 1152 aut
1774 1132 1879 1152 canere
1897 1124 1944 1153 vel
1956 1133 2031 1153 voce
2043 1144 2052 1157 2
2071 1125 2120 1153 vel

1153 1160 1284 1196 fidibus,
1308 1171 1358 1193 aut
1375 1164 1596 1203 geometricum
1616 1162 1761 1203 quiddam
1774 1184 1783 1198 ,
1803 1173 1852 1194 aut
1871 1165 2028 1204 Physicum
2041 1185 2049 1198 ,
2069 1175 2120 1196 aut

1153 1204 1348 1234 dialetfficum
1360 1205 1527 1244 explicare,
1549 1205 1745 1235 somniumne
1763 1206 1984 1245 expe&audum
2005 1205 2057 1241 fic,
2078 1217 2117 1237 an

1150 1257 1197 1275 arr
1213 1245 1386 1280 adhibenda,
1411 1246 1472 1276 sine
1488 1256 1546 1287 qua
1558 1246 1637 1277 nihil
1651 1257 1751 1277 earum
1767 1258 1868 1278 rerum
1883 1259 1939 1278 nec
1954 1247 2036 1282 fieri,
2061 1258 2118 1279 nec

1150 1288 1285 1328 expediri
1297 1287 1393 1329 potest
1405 1292 1416 1319 ἓ
1440 1290 1534 1329 Atqui
1547 1308 1555 1322 ‚
1573 1299 1612 1319 ne
1625 1288 1646 1318 si
1659 1291 1795 1331 navigare
1805 1290 1930 1331 quidem
1941 1291 2036 1320 velim
2048 1311 2056 1324 ‚
2077 1293 2118 1321 ita

1148 1331 1358 1371 gubernarem,
1370 1339 1403 1360 ut
1414 1330 1640 1361 somniaverim.
1661 1334 1787 1371 pi‘aesens
1797 1334 1880 1364 enim
1890 1341 1979 1372 poena
1989 1331 2031 1362 sit.
2051 1331 2114 1374 Qi

1150 1374 1241 1413 igitur
1257 1375 1427 1406 convenit,
1447 1382 1541 1414 aegros
1559 1372 1575 1403 a
1593 1372 1766 1412 conjeetore
1786 1372 1978 1405 somniorum
1998 1374 2113 1414 potius,

1171 1415 1240 1444 uam
1251 1417 1267 1445 a
1280 1415 1400 1445 medico
1410 1424 1510 1454 petere
1522 1415 1708 1445 medicinam
1723 1420 1735 1445 ἓ
1747 1425 1784 1446 an
1797 1415 1985 1456 AEsculapius
1995 1436 2004 1450 ‚
2018 1427 2055 1447 an
2065 1420 2119 1447 Se·

1148 1458 1224 1496 rapis
1244 1456 1340 1497 potest
1357 1457 1446 1486 nobis
1455 1457 1641 1496 praescribere
1653 1465 1701 1498 per
1709 1458 1855 1496 [bmnium
1864 1460 2051 1488 cui-ationem
2064 1468 2117 1488 va-

1147 1498 1307 1532 litudinis3
1322 1500 1484 1538 Neptunus
1492 1498 1728 1539 gubernantibus
1740 1509 1805 1529 non
1815 1499 1910 1539 potest
1923 1504 1933 1528 ?
1954 1500 2005 1532 δε,
2020 1498 2041 1528 fi
2053 1499 2114 1529 sine

1148 1540 1270 1570 medico
1288 1540 1475 1569 medicinam
1494 1539 1577 1569 dabit
1590 1542 1747 1575 Minerva3
1765 1541 1861 1571 Musae.
1880 1540 2050 1573 scribendi,
2073 1542 2117 1570 le-

1147 1581 1239 1621 gendi
1250 1600 1259 1615 ,
1279 1591 1444 1611 ceterarum
1456 1583 1567 1610 artium
1577 1580 1732 1611 scientiam
1744 1582 1965 1612 somniantibus
1980 1592 2046 1612 non
2064 1582 2119 1612 da·

1150 1624 1225 1653 bunt
1235 1625 1249 1652 ἓ
1274 1627 1312 1652 At
1323 1620 1343 1651 si
1354 1624 1468 1653 curatio
1475 1621 1594 1652 daretur
1605 1622 1781 1653 valitudinis
1791 1642 1799 1657 ‚
1815 1624 1877 1654 haec
1888 1633 2009 1664 quoque
2019 1643 2029 1657 ,
2048 1633 2115 1664 quae

1146 1664 1211 1694 dixi
1222 1685 1232 1698 ,
1256 1664 1405 1695 darentur.
1429 1674 1495 1705 quae
1508 1666 1654 1705 quoniam
1665 1675 1730 1695 non
1741 1665 1849 1696 dantur
1862 1685 1871 1699 ,
1883 1666 2036 1696 medicina
2047 1674 2114 1696 non

1147 1707 1240 1736 datur.
1263 1717 1323 1747 qua
1340 1707 1452 1737 sublata
1463 1727 1472 1740 ,
1492 1706 1609 1737 tollitur
1619 1709 1724 1737 omnis
1735 1706 1894 1738 aue‘toritas
1904 1707 2109 1738 somniorum.

1146 1746 1161 1768 ⁶
1172 1748 1229 1778 Sed
1249 1749 1312 1779 haec
1329 1758 1450 1789 quoque
1464 1750 1497 1778 in
1510 1757 1655 1788 promptu
1666 1748 1799 1779 fuerim:
1818 1759 1900 1779 nunc
1913 1751 2056 1781 interiora
2065 1752 2113 1780 vi·
2130 1737 2177 1771 50

1146 1790 1280 1819 deamus.
1304 1793 1364 1820 Aut
1381 1793 1466 1820 enim
1479 1790 1583 1820 divina
1594 1792 1643 1820 vis
1656 1790 1794 1831 quaedam
1805 1810 1815 1825 a
1834 1791 1996 1821 consuleris
2008 1791 2111 1826 nobis,

1145 1831 1339 1861 somniorum
1353 1830 1584 1871 significationes
1600 1830 1687 1861 facit:
1706 1841 1755 1862 aut
1773 1832 1963 1872 conjectores
1984 1843 2022 1864 ex
2041 1843 2115 1874 qua-

1145 1871 1215 1902 dam
1232 1873 1446 1902 convenientia
1461 1893 1471 1907 ,
1499 1872 1532 1902 &
1553 1872 1772 1912 conjunfflone
1793 1883 1902 1905 naturae
1915 1894 1924 1908 ,
1943 1884 2035 1915 quam
2056 1886 2113 1905 vo-

1143 1922 1211 1944 cant
1221 1914 1367 1945 σνμπὰὃεκω
1378 1934 1385 1946 ,
1406 1914 1480 1955 quid
1490 1916 1599 1955 cuique
1610 1916 1653 1944 rei
1663 1917 1825 1946 conveniat
1835 1935 1844 1950 ,
1863 1926 1902 1946 ex
1912 1917 2040 1947 somniis
2050 1937 2059 1950 ,
2075 1918 2110 1948 ὃς

1142 1955 1214 1997 quid
1224 1966 1375 1997 quamque
1386 1966 1450 1986 rem
1461 1956 1617 1996 sequ-itur,
1636 1957 1831 1998 intelligunt:
1852 1967 2015 1988 auteorum
2031 1968 2109 1989 neu-

1142 2007 1221 2029 trum
1237 1997 1298 2033 est,
1318 1999 1367 2028 sed
1383 1997 1519 2039 quaedam
1533 1996 1687 2038 observatio
1706 1998 1842 2035 constans,
1863 2010 1951 2041 atque
1965 2000 2107 2039 diuturna

1143 2040 1185 2071 est
1195 2060 1205 2074 ‚
1219 2041 1291 2071 cum
1301 2040 1374 2081 quid
1386 2042 1485 2071 visum
1495 2040 1660 2071 secundum
1671 2043 1804 2082 quietem
1815 2041 1847 2072 fit
1859 2062 1867 2075 ,
1882 2042 1954 2083 quid
1965 2045 2101 2077 evenire,

1142 2083 1175 2113 &
1191 2082 1265 2124 quid
1285 2083 1367 2123 sequi
1385 2083 1488 2113 soleat.
1525 2082 1664 2113 Primum
1686 2085 1776 2125 igitur
1794 2084 2030 2125 intelligendum
2049 2083 2103 2119 est,

1141 2125 1258 2155 nullam
1278 2126 1342 2154 vim
1360 2122 1417 2154 effe
1431 2124 1566 2155 divinam
1583 2123 1766 2155 effe&ricern
1781 2126 1981 2156 somniorum.
2006 2130 2105 2167 Atque

1137 2166 1215 2196 illud
1228 2166 1354 2207 quidem
1368 2168 1556 2207 perspicuum
1572 2165 1614 2196 est
1625 2186 1633 2199 ,
1656 2167 1740 2197 nulla
1757 2168 1817 2198 visa
1830 2167 2019 2198 somniorum
2034 2179 2107 2209 pro-

1139 2208 1231 2239 ficisci
1242 2210 1257 2239 a
1268 2210 1398 2238 numine
1409 2209 1547 2238 deorum.
1563 2207 1663 2239 nostra
1674 2211 1757 2239 enim
1771 2210 1854 2240 causa
1866 2211 1908 2240 dii
1920 2210 1952 2241 id
1961 2209 2102 2244 facerent,

1137 2260 1171 2281 ut
1190 2250 1348 2290 providere
1366 2249 1465 2281 futura
1480 2248 1645 2291 possemus.
1669 2253 1788 2293 Qotus
1807 2252 1899 2291 igitur
1910 2250 1954 2281 est
1965 2253 2102 2293 quisque,

1140 2295 1191 2334 qui
1206 2293 1334 2322 somniis
1348 2295 1464 2331 pareat?
1487 2293 1714 2334 quiintelligat?
1733 2295 1992 2334 quimeminerit?
2010 2295 2103 2335 quam

1138 2334 1228 2364 multi
1249 2332 1340 2367 vero,
1359 2336 1412 2374 qui
1431 2342 1625 2367 contemnant,
1648 2345 1774 2376 eamque
1786 2335 2104 2375 superstitionemi'm-

1136 2376 1237 2406 becilli
1247 2378 1361 2410 animi,
1386 2385 1473 2416 atque
1482 2376 1571 2407 anilis
1579 2379 1707 2416 putent?
1724 2376 1798 2418 quid
1809 2377 1851 2407 est
1861 2379 1950 2419 igitur
1962 2398 1970 2411 ‚
1991 2388 2042 2408 cur
2054 2379 2102 2413 liis

1133 2418 1316 2448 hominibus
1329 2420 1492 2449 consulens
1503 2418 1576 2449 deus
1587 2437 1595 2451 ,
1616 2419 1744 2449 somniis
1757 2429 1881 2449 moneat
1891 2429 1941 2449 eos
1956 2439 1964 2454 ‚
1985 2422 2036 2460 qui
2048 2420 2099 2451 illa

1135 2470 1200 2491 nou
1214 2459 1311 2490 modo
1323 2470 1393 2491 cura
1406 2480 1414 2493 ,
1434 2460 1483 2490 sed
1501 2471 1539 2490 ne
1560 2463 1710 2490 memoria
1726 2461 1850 2502 quidem
1865 2461 1954 2501 digna
1967 2461 2100 2492 ducant?
2133 2464 2135 2466 ’

1135 2511 1214 2532 NEC
1233 2504 1315 2532 enim
1334 2503 1471 2542 ignorare
1491 2502 1565 2532 deus
1583 2501 1699 2541 potest,
1720 2513 1776 2544 qua
1791 2513 1890 2533 mente
1910 2504 2034 2544 quisque
2047 2502 2101 2533 fit:

1135 2554 1190 2574 nec
1199 2542 1318 2577 frustra,
1332 2554 1364 2574 ac
1374 2543 1434 2573 sine
1443 2544 1526 2574 causa
1536 2544 1608 2584 quid
1618 2543 1722 2578 facere,
1733 2545 1861 2585 dignum
1873 2544 1930 2574 deo
1942 2544 1983 2575 cst
1995 2556 2000 2574 :
2013 2545 2097 2586 quod

1131 2586 1269 2616 abhorret
1288 2587 1378 2614 etiam
1398 2586 1434 2615 ab
1456 2586 1591 2615 hominis
1606 2584 1767 2621 constantia.
1791 2589 1835 2616 Ira
1853 2585 1873 2615 fi
1890 2587 2031 2628 pleraque
2047 2588 2098 2618 so—

1131 2630 1214 2657 mnia
1224 2635 1273 2656 aut
1284 2629 1461 2667 ignorantur
1470 2646 1478 2661 ‚
1490 2635 1539 2657 aut
1549 2628 1743 2668 negliguntur
1753 2640 1762 2662 ·,
1777 2637 1826 2658 aut
1835 2629 1928 2658 nescit
1938 2629 1995 2659 hoc
2004 2629 2090 2662 deus,

1107 2679 1109 2684 ’
1126 2676 1175 2699 aut
1194 2667 1299 2698 frustra
1319 2669 1513 2698 somniorum
1533 2667 1750 2710 significanone
1770 2671 1872 2700 utitur.
1901 2670 1962 2701 Sed
1980 2672 2092 2702 horum

1128 2719 1270 2741 neutrum
1290 2711 1322 2739 in
1335 2710 1425 2740 deum
1441 2710 1526 2740 cadit.
1551 2711 1630 2740 nihil
1641 2713 1731 2751 igitur
1742 2712 1758 2741 a
1768 2711 1826 2742 deo
1834 2712 1964 2742 somniis
1974 2711 2090 2753 fignifi-

130 2753 206 2784 dum
215 2763 282 2784 non
292 2752 334 2784 est
343 2772 352 2788 ,
365 2754 553 2785 cursomniis
563 2754 694 2785 credatur
706 2773 716 2787 ,
728 2753 838 2784 nescio.
862 2763 935 2785 nam
946 2762 1004 2785 tam
1016 2753 1088 2784 licet
1101 2763 1105 2780 1
1124 2754 1185 2785 cari
1202 2751 1362 2784 fatendum
1381 2751 1432 2783 est.
1473 2752 1555 2783 Illud
1565 2753 1657 2783 etiam
1666 2755 1785 2794 requiro
1797 2774 1806 2788 ‚
1828 2764 1879 2784 cur
1888 2773 1898 2789 ,
1919 2753 1938 2784 fi
1953 2754 2025 2784 deus
2035 2754 2090 2786 ista

2026 2798 2090 2830 visa

170 2890 195 2908 ι.
214 2881 314 2914 sedjam
323 2881 364 2906 diu
377 2899 384 2912 ,
398 2882 454 2915 jam
464 2887 490 2905 ut
508 2878 593 2912 miliia]
615 2879 710 2904 Metuo
720 2887 752 2904 ne
770 2877 845 2904 locus
856 2876 925 2902 mala
935 2876 1038 2903 laboret
1049 2876 1089 2903 in-
1132 2876 1197 2904 facie
1207 2879 1324 2903 conliniet.
1348 2876 1380 2902 fic
1389 2876 1415 2902 in
1427 2875 1519 2902 iisdem
1530 2877 1671 2901 liniamenta
1684 2873 1746 2900 visas
1756 2883 1804 2910 pro
1814 2876 1968 2900 lineamenta.

129 2916 313 2943 tei-stinetione
325 2936 334 2949 ,
344 2916 427 2952 fitque
441 2915 557 2942 vitiofioi·
568 2916 647 2950 quani
659 2914 779 2940 habetur.
796 2923 854 2940 nam
868 2912 923 2938 Pal.
935 2922 974 2948 pr.
986 2914 1012 2938 ὃ(
1025 2919 1089 2939 tert.

1166 2921 1194 2946 4.
1212 2915 1280 2939 'strar
1298 2915 1374 2938 noi‘Tes
1387 2914 1533 2946 mem'amm
1544 2930 1553 2943 ‚
1570 2910 1645 2944 dra]
1668 2910 1839 2937 Confirmant
1858 2911 1922 2937 hanc
1941 2909 2084 2937 [eetionem

123 2953 265 2985 sedjamdiu
275 2953 486 2985 tamummodojam
498 2960 524 2977 m
533 2954 603 2977 nihil.
629 2960 713 2986 reque
724 2951 801 2976 aliter
812 2955 920 2983 quartus
933 2968 942 2980 ‚
961 2948 1007 2975 nisi
1018 2948 1089 2984 quod
1130 2949 1197 2975 Pan.
1209 2951 1330 2975 Muretus
1342 2956 1430 2974 tamen
1443 2948 1489 2974 lib.
1502 2957 1544 2973 vr.
1554 2949 1618 2974 Var.
1629 2944 1694 2972 lect.
1706 2955 1762 2983 cap.
1777 2946 1964 2987 163emendat3
1974 2954 2034 2972 totas
2043 2957 2086 2975 710-

131 2988 218 3014 adhuc
228 2987 412 3021 infarcizit‚sed
421 2988 600 3021 etiam-iamdiu.
612 2986 875 3020 S.Vi5loris‚sedjam
885 2985 925 3010 diu
934 2985 1090 3011 tantummodo
1130 2987 1176 3011 {les
1185 2986 1322 3016 dormrmm,
1332 2986 1382 3015 &a
1402 2994 1449 3018 qua
1458 2984 1648 3016 nonfiimniemus·
1659 3001 1668 3014 ,
1688 2982 1758 3018 quod
1769 2983 1854 3009 statim
1865 2983 1977 3018 arripuit
1989 2982 2084 3009 bamb.

129 3031 158 3050 ut
166 3025 237 3053 nihil,
246 3024 297 3053 &a
317 3023 452 3050 Victorius
465 3023 698 3059 vulgavit‚sedjmn
709 3023 760 3054 diu,
771 3030 798 3047 ut
806 3023 876 3047 mhil.

121 3066 126 3070 ·
167 3068 195 3086 2.
215 3060 291 3092 Pers}
301 3068 329 3084 ne
337 3059 421 3092 ipsis-s]
443 3059 745 3094 Vulgatipersemctipsos.
756 3057 799 3084 sed
808 3058 922 3085 alterum
932 3057 1005 3086 estin
1018 3056 1085 3084 Pali.

129 3096 157 3123 in
168 3095 313 3130 exemplari
326 3096 353 3121 S.
363 3093 480 3120 vieini-is
491 3096 518 3121 &
529 3095 646 3121 edi-tione
657 3095 821 3121 Victoriana.

162 3138 192 3167 3.
211 3134 271 3167 ‘mm
281 3131 408 3167 aliquanda
417 3131 542 3166 collinam]
562 3131 605 3159 Ita
615 3131 685 3159 Pall.
694 3140 786 3160 omnes
797 3131 826 3159 S.
836 3129 953 3159 visions
966 3149 975 3164 ,
985 3128 1029 3158 sed
1038 3129 1085 3159 hac
1124 3129 1175 3164 lio,
1184 3128 1367 3165 flagitamibus
1378 3128 1448 3157 Pali.
1460 3136 1546 3164 quatt.
1558 3129 1585 3154 S.
1596 3127 1670 3155 Viet.
1680 3129 1707 3155 8<
1718 3127 1784 3156 edit.
1795 3127 1921 3156 vietor-ii.

1167 3031 1193 3055 5.
1211 3021 1347 3054 (Alligandi
1355 3030 1430 3046 omnes
1441 3019 1535 3054 efferta]
1556 3018 1616 3046 Pal.
1626 3019 1705 3055 prim.
1715 3029 1768 3046 nou
1780 3018 1857 3046 habet
1866 3020 1918 3053 effer
1927 3039 1937 3052 ‚
1957 3028 2042 3055 neque
2053 3028 2085 3045 eo

1124 3055 1191 3084 adeo
1209 3064 1270 3092 eget
1289 3056 1428 3083 sententia.

1162 3093 1189 3120 6.
1209 3094 1254 3119 Sed
1261 3095 1305 3119 lm
1314 3102 1400 3127 quoque
1410 3095 1435 3118 in
1443 3098 1549 3126 promptu
1554 3091 1676 3126 fiterlnt]
1697 3090 1767 3117 Illud
1773 3092 1868 3125 suerint
1878 3091 2002 3118 redonari
2014 3090 2085 3120 Tul-⁴

1419 3163 1627 3194 Kkkkkkk
1983 3163 2084 3190 LA-aeo
