2295 3400
157 129 258 180 322
575 113 643 159 M.
714 110 764 158 T.
800 124 834 156 u
869 124 898 156 t.
935 124 964 156 L
1005 116 1075 156 1'1

152 196 319 225 Cleomene
329 212 338 227 ,
357 194 439 234 quod
452 192 482 222 in
495 190 556 232 ejus
566 191 747 233 quadriremi
758 191 937 221 Cleomenes
948 188 1051 220 vefflrs
1065 188 1110 218 es-

154 229 206 268 set:
218 245 319 266 tamen
330 237 398 275 quia
407 235 599 274 pertimuerat
608 233 789 266 adolescens,
797 232 880 273 quod
890 232 1017 262 eandem
1027 231 1110 261 suam

154 278 274 309 causam
293 277 413 306 videbat
429 272 505 308 effe,
525 284 615 315 quam
631 274 772 308 illorum,
794 276 846 315 qui
860 275 1037 305 innocentes
1046 282 1112 313 per-

155 319 258 350 ibant:
280 317 314 348 ad
326 318 485 347 hominem
494 315 608 346 accedit
620 316 839 346 Timarchides:
861 315 877 346 a
888 316 980 346 securi
990 324 1075 356 negat
1084 315 1113 344 ei

158 359 217 391 effe
227 360 408 400 periculum:
430 360 518 399 virgis
533 368 571 387 ne
581 357 757 391 caederetur,
777 366 1040 388 monetutcaveat.
1066 359 1113 386 Ne

158 402 258 433 multa
266 421 274 434 ‚
287 401 383 441 ipsum
394 399 491 430 dicere
502 399 720 430 adolescentem
731 399 863 433 audistis,
877 400 903 430 se
914 399 954 430 ob
966 400 1045 429 hunc
1055 400 1115 427 vir·-

156 453 261 485 garum
274 451 389 472 metum
403 441 551 481 pecuniam
561 441 733 470 Timarchidi
745 441 906 479 nnmeraffe.
939 443 1032 472 Levia
1049 440 1118 470 sunt

152 485 223 515 'haec
234 486 265 513 in
276 486 333 513 hoc
343 493 393 513 reo
405 484 540 513 crimina.
565 492 681 512 metum
692 485 842 524 virgarum
852 484 1016 514 navarchus
1027 482 1116 512 nobi-

156 524 277 556 ]iffimae
288 527 416 555 civitatis
426 527 521 564 pretio
534 524 670 554 redemit:
684 525 862 555 humanum.
886 525 961 555 alius
973 545 982 558 ,
994 534 1031 554 ne
1042 534 1115 554 con-

160 567 353 598 demnaretur
363 586 371 600 ‚
390 568 547 606 pecuniam
567 566 663 596 dedit:
691 565 826 596 usitatum
837 565 889 596 est.
914 577 978 596 non
986 567 1051 596 vult
1061 575 1117 605 po-

159 609 250 650 pulus
263 611 360 638 Rom.
378 608 521 638 obsoletis
538 608 718 638 criminibus
737 608 864 638 accusari
876 611 1018 637 Verrem:
1039 616 1118 637 nova

162 649 288 691 postulat
298 670 306 682 ,
319 649 450 680 inaudita
464 647 605 680 defiderat
616 660 621 678 2
633 660 697 679 non
707 649 742 680 de
752 659 876 689 praetore
884 651 993 680 Siciliae
1002 670 1010 683 ,
1022 649 1070 679 sed
1081 648 1117 678 de

97 698 145 731 45
162 689 363 723 crudelissimo
375 700 501 731 tyranno
516 690 580 721 fieri
592 691 746 731 judicium
757 692 920 721 arbitratur.
952 690 1118 721 Includun-

162 742 210 764 tur
220 737 252 763 in
262 743 409 763 carcerem
419 733 629 763 condemnati:
648 733 828 773 supplicium
838 732 1028 763 constituitur
1037 735 1069 761 in
1081 731 1116 760 il—

160 776 208 806 los
219 786 224 804 :
237 775 365 804 sumitur
375 774 412 804 de
421 775 538 805 miseris
545 774 717 814 parentibus
731 776 949 805 navarchorum
960 785 963 802 ς
974 772 1118 814 prolnben-

159 824 212 847 tur
226 817 303 845 adire
312 816 348 846 acl
359 815 439 851 filios
451 817 532 846 suos:
546 816 744 856 prohibentur
754 817 854 846 liberis
866 816 924 846 suis
933 816 1037 846 cibum
1047 835 1054 848 ‚
1067 825 1118 844 ve-

161 856 327 899 stitumque
335 857 421 888 ferre.
445 861 540 888 Patres
552 859 582 887 hi
594 878 602 892 ‚
614 868 688 898 quos
697 858 806 888 videtis
817 878 825 890 ‚
848 858 979 894 jacebant
990 859 1023 886 in
1036 858 1120 886 limi-

162 909 204 930 ne
213 920 222 934 ,
236 900 402 940 matresque
413 900 526 930 misera:
536 898 748 940 pei‘no&abant
757 899 791 930 ad
806 898 918 929 ostium
929 900 1049 929 carceris
1061 918 1069 931 ‚
1085 897 1120 927 ab

156 950 302 973 ,ext-remo
312 942 476 981 complexu
487 940 616 971 liberum
634 941 778 971 exclusae:
797 951 861 981 quae
878 940 1045 970 nihilaliud
1057 949 1122 969 ora-

161 981 235 1015 bant
246 1004 255 1016 ‚
267 981 364 1013 nisiut
375 982 510 1013 filiorum
521 992 692 1013 extremum
695 983 831 1021 spirirum
841 993 883 1011 ore
892 983 1011 1023 excipere
1022 980 1074 1011 sibi
1085 981 1120 1010 li-

162 1033 255 1055 ceret.
279 1025 388 1055 Aderat
408 1026 516 1061 ianitor
534 1026 656 1054 carceris
666 1044 674 1058 ‚
695 1023 828 1054 carnifex
845 1027 978 1063 praetoris
991 1034 995 1052 z
1017 1032 1100 1053 mors
1111 1041 1119 1055 2

164 1074 316 1107 terrorque
327 1066 477 1096 sociorum
489 1085 497 1099 ,
510 1066 542 1096 &
551 1067 678 1100 civium,
692 1065 780 1096 listor
789 1065 914 1096 Sestius:
927 1067 975 1095 cui
984 1076 1022 1095 ex
1032 1066 1121 1094 omni

163 1109 279 1150 gemitu
289 1127 297 1141 ,
321 1107 484 1148 doloreque
503 1115 578 1136 cerm
594 1117 692 1137 merces
708 1107 942 1147 comparabatur.
966 1115 998 1137 ut
1017 1106 1100 1137 adeas
1111 1126 1120 1138 ,

166 1158 285 1180 tantum
295 1149 394 1179 dabis:
414 1158 445 1179 ut
454 1149 558 1179 cibum
569 1149 624 1178 tibi
634 1148 715 1179 intro
725 1148 800 1179 ferre
810 1150 913 1182 liceat,
925 1158 1053 1179 tantum.
1068 1158 1122 1177 ne-

166 1201 223 1221 mo
232 1191 387 1220 recusabat.
411 1191 482 1231 quid
494 1211 502 1224 ,
521 1199 554 1220 ut
562 1200 614 1219 uno
625 1189 685 1219 ι’ἱὶιι
695 1191 802 1221 securis
811 1189 932 1220 afferam
944 1200 1075 1220 mortem
1087 1188 1121 1219 fi-

165 1232 211 1262 lio
223 1241 275 1262 tuo
287 1252 296 1265 ‚
316 1232 387 1273 quid
402 1232 505 1262 dabis?
524 1242 562 1262 ne
573 1232 624 1262 diu
634 1234 800 1262 crucietur?
818 1242 855 1262 ne
866 1232 970 1272 saepius
981 1231 1120 1261 feriatur?

165 1283 204 1304 ne
215 1283 285 1303 cum
296 1274 381 1303 sensu
390 1273 504 1304 doloris
514 1274 626 1315 aliquo,
637 1283 685 1304 aut
695 1276 824 1304 cruciatu
836 1274 951 1313 spiritus
962 1273 1121 1304 auferatur?

162 1315 265 1347 Etiam
275 1315 314 1345 ob
325 1315 400 1345 hanc
407 1316 522 1346 causam
531 1318 657 1355 pecunia
666 1315 765 1345 lictori
776 1315 904 1346 dabatur.
929 1318 956 1345 O
965 1325 1119 1356 magnum,

163 1366 254 1397 atque
264 1357 486 1387 intolerandum
497 1357 635 1387 dolorem
649 1359 653 1386 3
674 1356 693 1387 ὃ
701 1367 821 1398 gravem
834 1377 842 1390 ‚
856 1357 1050 1397 acerbamque
1060 1356 1123 1386 for-

166 1406 273 1428 tunam
286 1400 291 1427 !
313 1408 377 1428 non
386 1400 479 1428 vitam
491 1397 622 1428 liberum
633 1419 641 1433 ‚
659 1399 707 1429 sed
718 1401 826 1429 mortis
834 1399 1015 1429 celeritatem
1026 1401 1122 1438 pretio

166 1440 316 1470 redimere
324 1440 504 1481 cogebantur
511 1450 657 1480 parentes.
681 1443 778 1481 Atque
789 1439 843 1481 ipsi
852 1443 942 1471 etiarn
953 1440 1122 1470 adolescen-

167 1489 212 1512 tes
227 1485 237 1500 ¹
247 1491 318 1511 cum
327 1481 421 1512 Sestio
432 1482 467 1512 de
479 1482 581 1512 eadem
592 1483 674 1523 plaga
685 1503 694 1515 ,
714 1482 746 1512 &
757 1482 793 1512 de
804 1493 867 1512 uno
878 1483 933 1512 illo
944 1481 1007 1512 ictu
1017 1482 1122 1523 loque-

167 1522 285 1552 bantur.
308 1523 398 1564 idque
407 1523 594 1563 postremum
604 1526 749 1565 parenteis
758 1524 825 1554 suos
837 1524 924 1554 liberi
934 1523 1056 1554 orabant
1066 1544 1074 1557 ‚
1091 1532 1123 1553 ut

165 1564 287 1595 levandi
305 1568 475 1600 2cruciatus
487 1566 530 1596 sui
541 1569 630 1608 gratia
642 1565 739 1595 lictori
754 1575 881 1605 pecunia
891 1565 1014 1596 daretur.
1039 1565 1124 1595 Mul-

166 1607 211 1640 ti,
230 1606 263 1636 &
279 1616 380 1648 graves
400 1607 518 1637 dolores
532 1609 650 1638 inventi
665 1607 852 1647 parentibus,
879 1608 912 1638 &
927 1609 1122 1648 propinquis:

166 1648 270 1678 multi.
293 1658 502 1679 verumtamen
514 1659 585 1678 mors
589 1649 630 1690 fit
638 1657 770 1678 extrema.
794 1659 857 1679 non
871 1651 937 1679 erit.
961 1649 1012 1679 Est
1022 1660 1059 1679 ne
1069 1650 1122 1679 ali-

165 1688 240 1730 Quid
250 1689 326 1719 ultra
334 1710 343 1723 ‚
354 1689 415 1731 quo
423 1691 558 1731 progredi
568 1691 725 1721 crudelitas
735 1689 840 1730 poffit?
850 1693 1020 1730 reperietur.
1038 1701 1120 1724 nam,

166 1731 294 1761 illorum
305 1731 391 1761 liberi
401 1731 472 1762 cum
483 1741 569 1762 erunt
579 1732 670 1762 securi
681 1731 803 1772 percussi
814 1753 822 1766 ‚
833 1743 864 1762 ac
874 1735 968 1763 necati
979 1752 988 1765 ,
1000 1742 1123 1772 corpora

166 1771 238 1802 feris
248 1772 439 1811 objicientur.
454 1774 511 1803 hoc
521 1773 541 1802 fi
549 1773 723 1804 luCtuosum
733 1773 775 1803 est
783 1776 909 1814 parenti,
921 1774 1047 1804 redimat
1056 1784 1121 1814 pre-

166 1815 211 1845 tio
220 1814 367 1855 sepeliendi
379 1814 553 1856 potestatem.
577 1816 710 1845 Onasum
728 1815 921 1855 Segestanum
931 1836 939 1848 ‚
960 1817 1121 1845 hominem

165 1856 306 1886 nobilem
319 1876 327 1889 ‚
340 1856 436 1886 dicere
446 1856 568 1886 audistis
579 1877 586 1890 ,
599 1858 627 1887 se
638 1857 679 1886 ob
688 1858 867 1897 sepulturam
878 1858 1007 1888 Heraclii
1018 1868 1120 1888 navar-

165 1898 216 1927 chi
226 1900 384 1938 pecuniam
395 1898 584 1928 Timarchidi
595 1897 805 1929 dinumerasse.
830 1902 899 1929 Hoc
915 1909 953 1929 ne
968 1898 1058 1939 poffis
1074 1899 1121 1929 di-

165 1948 232 1969 cere
245 1950 249 1968 ;
263 1946 357 1979 patres
374 1940 447 1975 enim
457 1940 575 1969 veniunt
584 1961 594 1973 ‚
614 1940 718 1980 am1ffis
729 1940 799 1979 filiu
809 1961 818 1974 ‚
838 1942 919 1970 irati.
943 1943 989 1970 vir
1007 1943 1119 1981 prima-

165 1981 228 2010 rius
238 2000 247 2014 ,
260 1983 356 2010 horno
366 1980 569 2011 nobilissimus
579 2002 587 2015 ‚
599 1982 686 2012 dicit:
704 1992 802 2023 neque
817 1982 854 2013 de
869 1981 934 2012 filio
949 1982 1030 2012 dicit.
1051 1984 1119 2024 Jam

164 2022 225 2051 hoc
235 2042 244 2055 ‚
256 2024 324 2063 quis
334 2031 399 2052 tum
409 2022 468 2053 fuit
478 2021 620 2062 Syracusis
633 2045 641 2057 ‚
654 2025 704 2064 qui
716 2034 780 2054 non
790 2024 931 2057 audierit,
943 2035 1017 2065 quin
1029 2025 1097 2055 sciat
1108 2046 1117 2058 ,

166 2064 216 2093 has
226 2073 278 2103 per
289 2064 516 2108 Timarchidem
525 2065 680 2103 pactiones
691 2066 846 2105 sepulturae
859 2076 929 2096 cum
940 2068 1017 2096 vivis
1028 2069 1117 2097 etiam

165 2105 227 2135 illis
239 2104 295 2134 esse
306 2105 417 2136 factas?
436 2116 499 2136 non
508 2107 608 2147 palam
618 2117 688 2137 cum
700 2107 892 2137 Timarchide
904 2108 1120 2148 loquebantur?

166 2155 231 2176 non
243 2157 350 2176 omnes
359 2149 502 2177 omnium
517 2150 678 2189 propinqui
692 2149 930 2179 adhibebantur?
947 2160 1011 2179 non
1021 2151 1119 2190 palam

164 2186 307 2218 vivorum
319 2189 424 2228 funera
442 2189 627 2219 locabantur?
649 2191 766 2231 Qibus
774 2190 862 2220 rebus
872 2192 1015 2221 omnibus
1025 2191 1098 2222 aCtis
1109 2213 1117 2226 ,

166 2237 252 2270 atquc
263 2228 364 2260 decifis
374 2251 383 2264 ,
404 2231 610 2270 producuntur
621 2231 637 2261 ὲ
646 2241 756 2262 carcere
766 2251 774 2265 ‚
789 2231 821 2261 δι’.
831 2231 1000 2273 deligantur
1015 2233 1049 2263 ad
1067 2244 1118 2273 pa-

102 2272 149 2313 46
167 2271 244 2300 lum.
257 2274 334 2313 Qis
345 2280 405 2302 tam
415 2271 539 2304 fuitillo
549 2283 681 2313 tempore
693 2273 795 2306 durus,
808 2272 968 2307 &fei-reus,
980 2277 1047 2314 quis
1058 2285 1118 2305 tarn

159 2313 354 2343 inhumanus
365 2333 373 2347 ,
384 2323 487 2354 praeter
497 2325 592 2345 unum
603 2324 641 2348 te,
653 2317 705 2355 qui
716 2325 780 2344 non
790 2314 913 2344 illorum
924 2324 1018 2349 mate,
1029 2317 1118 2347 nobi-

164 2354 246 2385 litate
257 2375 266 2388 ‚
280 2355 398 2385 miseria
408 2359 668 2386 commoveretur?
688 2358 787 2397 ecquis
797 2355 871 2389 fuit,
891 2359 965 2397 quin
976 2358 1118 2397 lacryma-

166 2399 267 2426 retur?
285 2407 360 2437 quin
377 2399 417 2426 ita
429 2397 626 2429 calamitatem
637 2406 749 2437 putaret
758 2398 882 2427 illorum
894 2417 902 2431 ‚
924 2407 955 2428 ut
964 2398 1116 2429 fortunam

166 2446 269 2468 tamen
278 2448 342 2469 non
351 2439 478 2468 alienam
490 2459 498 2472 ‚
517 2439 672 2479 periculum
680 2449 779 2470 autem
790 2449 931 2468 commune
946 2441 991 2479 agi
1000 2440 1120 2471 arbitra-

166 2482 267 2510 retur?
283 2482 441 2510 Feriuntur
450 2481 552 2511 securi.
576 2481 682 2511 laetaris
695 2483 770 2511 tuin
779 2482 922 2511 omnium
932 2484 1045 2522 gemitu
1058 2502 1066 2515 ,
1085 2482 1118 2512 &

168 2522 331 2560 triumphas
344 2533 349 2550 2
370 2521 467 2551 testeis
481 2524 607 2553 avaritiae
618 2531 674 2552 tua:
685 2522 792 2563 gaudes
803 2520 859 2552 esse
870 2522 1011 2553 sublatos.
1034 2526 1118 2554 Erra-

166 2562 228 2596 bas,
240 2565 344 2592 Verres
358 2583 369 2596 ,
380 2563 614 2594 &vehementer
624 2566 734 2594 ermbas
744 2584 752 2598 ‚
764 2563 836 2594 cum
847 2573 875 2594 te
884 2565 1014 2595 maculas
1023 2565 1118 2595 furto-

165 2613 234 2633 rum
243 2623 252 2637 ,
273 2604 304 2633 &
316 2603 495 2645 flagitiorum
506 2615 627 2636 tuorum
637 2625 646 2639 ,
666 2606 816 2636 sociorum
826 2608 1037 2636 innocentium
1049 2606 1119 2646 fim-

163 2645 252 2686 guine
261 2645 347 2675 eluere
356 2647 545 2679 arbitrabare:
564 2657 693 2689 praeceps
711 2649 843 2678 amentia
858 2646 1008 2683 ferebare,
1026 2650 1078 2690 qui
1090 2658 1118 2679 te

206 2789 229 2806 ι.
248 2784 306 2806 Cum
321 2783 392 2813 Sestio
409 2782 436 2806 de
454 2783 534 2808 eadem
545 2785 636 2815 plaga,
655 2785 723 2818 ἀι]
752 2783 844 2818 Cujac.
863 2784 965 2811 addidit
977 2786 1029 2819 fito.
1049 2785 1118 2820 quod

168 2812 325 2856 blandientis
346 2816 449 2844 videtur
461 2837 469 2849 ,
489 2826 518 2845 ut
538 2818 662 2846 videlicet
680 2819 799 2853 dixerit,
819 2823 892 2855 noster
908 2824 982 2847 Sexti.
1011 2821 1120 2848 Guliel-

169 2860 248 2878 mius.
804 2876 808 2880 .

200 2895 230 2913 2.
248 2888 516 2922 Cruciaetmfieigraria‚
525 2890 592 2924 εἴγε]
605 2890 720 2918 Malebat
730 2892 902 2925 deletigratia
911 2891 1082 2920 Gulielmius.

201 2931 230 2957 3.
249 2925 343 2963 Etp-Im
352 2923 424 2963 qrceim
435 2925 498 2957 satis
514 2933 571 2957 opus
583 2927 641 2960 ert]
662 2929 703 2954 Ita
712 2937 804 2955 omnes
815 2928 876 2955 edd.
887 2929 914 2955 δε
928 2929 995 2955 l'all.
1007 2929 1119 2965 reperit-

167 2967 216 2994 que
227 2959 291 2984 item
302 2967 328 2985 in
340 2958 389 2985 suis
401 2959 556 2987 Lambinus.
576 2961 617 2987 scd
628 2970 715 2990 tamen
727 2965 858 3000 expunxit
867 2963 935 2991 illud
944 2972 1000 2998 epm
1011 2984 1019 2997 ,
1034 2975 1118 3001 neque

166 2994 270 3021 admifit
282 2993 376 3020 Paulus
390 2996 523 3022 Manutius
535 3016 543 3028 ‚
553 2997 621 3025 abest
632 2999 785 3033 Cujaciauo.

168 3068 175 3073 ..
201 3037 230 3063 4.
249 3032 314 3056 Doleo
331 3033 357 3056 in
373 3037 445 3056 tanta
463 3033 625 3068 calamitate]
646 3036 740 3070 Cujac.
757 3045 808 3063 nou
820 3035 898 3064 habet
907 3036 1116 3074 praepositionem

163 3076 190 3092 m
200 3085 208 3097 ,
222 3066 250 3091 &
261 3072 366 3101 poterat
375 3065 468 3092 abesse.

1152 108 1685 157 CicrzR‘ours

1152 187 1336 219 existimares
1350 191 1479 220 avaritiae
1489 189 1613 220 vulnera
1625 187 1807 220 crudelitatis
1824 187 1965 219 remediis
1974 187 2053 229 pofl‘e
2065 190 2110 221 sa·

1153 240 1231 260 nare.
1245 233 1366 261 Etenim
1377 241 1558 272 quamquam
1569 232 1615 262 illi
1628 232 1694 261 sunt
1704 232 1818 260 mortui
1828 231 1944 260 sceleris
1956 233 1998 261 tui
2009 230 2118 265 testes,r

1154 281 1254 302 tamen
1265 282 1369 303 eorum
1380 275 1543 314 propinqui
1554 283 1651 314 neque
1663 273 1728 306 tibi,
1743 282 1839 312 neque
1855 272 1915 301 illis
1931 271 2038 302 desunt
2049 283 2055 301 :
2066 281 2111 303 ta-

1155 323 1227 343 men
1238 324 1276 344 ex
1286 315 1341 344 illo
1351 315 1414 354 ipso
1427 325 1556 345 numero
1566 316 1783 345 navarchorum
1793 315 1885 354 aliqui
1896 314 2051 347 vivunr,&
2061 313 2112 344 ad-

1156 355 1223 385 sunt
1235 366 1239 384 :
1252 366 1340 396 quos,
1354 365 1386 386 ut
1396 358 1474 386 mihi
1484 356 1612 389 videtur,
1620 356 1655 386 ab
1666 356 1791 385 illorum
1802 357 2013 385 innocentium
2024 365 2112 395 poena

1148 397 1269 435 fortuna
1279 397 1313 428 ad
1324 400 1398 428 hanc
1407 399 1523 429 caulam
1537 399 1708 428 reservavit.
1730 397 1821 427 Adest
1831 397 1982 438 Philargus
1995 398 2112 428 Halun-

1156 441 1236 468 tinus
1247 459 1255 473 ‚
1266 441 1334 480 qui,
1346 442 1415 480 quia
1423 450 1494 470 curn
1506 440 1670 469 Cleomene
1680 449 1743 469 non
1754 438 1841 479 fugit,
1852 437 2004 478 oppressus
2014 440 2029 469 a
2037 449 2123 479 praew

1158 480 1306 514 donibus,
1326 482 1465 521 &captus
1476 481 1533 511 est:
1554 483 1603 511 cui
1613 480 1861 520 calamirasfizlutz
1871 482 1956 519 fuit:
1972 483 2044 521 qui,
2057 479 2113 512 nisi

1157 531 1256 561 captus
1267 524 1281 552 ἐι
1292 525 1394 562 piratis
1406 522 1493 556 effer,
1507 525 1540 552 in
1552 524 1634 552 hunc
1642 523 1817 562 praedonern
1829 522 1980 552 sociorum
1990 522 2114 553 incidis-

1158 563 1209 593 set.
1233 564 1312 593 dicet
1322 566 1345 593 is
1355 574 1409 603 pro
1424 563 1600 594 testimonio
1609 585 1617 598 ,
1627 565 1664 594 de
1675 563 1816 594 miss'ione
1827 572 1982 593 nautarum
1993 583 2001 597 ,
2017 563 2053 593 de
2069 563 2116 594 fa-
2129 590 2132 593 .

1159 615 1208 634 me
1221 626 1229 638 ,
1249 605 1285 634 de
1295 606 1470 636 Cleomenis
1478 605 1556 647 fuga.
1581 606 1671 636 Adest
1682 607 1894 646 Centuripinus
1907 606 2063 646 Phalargus
2080 607 2114 636 in

1159 645 1339 686 amplissima
1350 649 1469 677 civitate
1481 667 1489 681 ‚
1506 646 1690 687 amplissimo
1708 648 1777 678 loco
1791 656 1885 677 natus.
1909 646 2012 677 eadem
2022 647 2113 678 dicit:

1161 689 1244 718 nulla
1253 690 1285 718 in
1296 699 1325 718 re
1335 688 1486 728 discrepat.
1520 693 1574 720 Per
1582 689 1654 719 deos
1664 690 1863 719 immortaleis
1873 709 1882 722 ,
1903 688 2016 726 judices
2025 709 2033 722 ‚
2051 699 2114 730 quo

1159 729 1281 759 tandem
1301 732 1406 760 animo
1426 730 1529 761 sedetis
1541 734 1551 760 ?
1569 740 1619 761 aut
1637 732 1698 761 haec
1715 729 1974 772 quemadmodum
1985 730 2116 760 auditis?

1161 770 1274 801 Utrum
1294 782 1348 813 ego
1363 771 1474 812 desipio
1484 793 1492 807 ,
1517 776 1529 800 3
1542 773 1574 802 &
1585 774 1650 812 plus
1661 774 1753 814 quam
1764 773 1829 802 satis
1839 782 1914 811 opus
1924 771 1981 805 est,
1999 776 2016 798 4
2025 772 2116 803 doleo

1162 814 1194 842 in
1206 822 1284 843 tanta
1292 815 1475 848 calamitate,
1496 815 1672 855 miseriaque
1682 816 1850 845 sociorum?
1870 824 1908 844 an
1925 823 1978 843 vos
1996 824 2117 855 quoque

1163 855 1211 884 hic
1220 853 1422 885 acerbissimus
1433 856 1621 885 innocentium
1631 858 1782 889 cruciatus,
1795 856 1827 885 &
1837 865 1949 885 moeror
1958 859 2020 894 pari
2030 855 2117 886 sensu

1163 896 1278 926 doloris
1295 895 1406 927 afficit?
1425 900 1489 938 Ego
1506 900 1590 927 enim
1608 898 1679 928 cum
1692 898 1903 928 Herbitensem
1915 917 1923 931 ‚
1940 897 2013 927 cum
2024 899 2117 927 Hera-

1161 937 1305 968 cliensem
1325 939 1416 968 securi
1436 937 1492 968 effe
1512 938 1681 979 percussum
1701 940 1769 970 dico
1779 959 1787 973 ,
1808 939 1936 969 versatur
1957 940 2034 969 mihi
2049 947 2118 970 ante

1163 980 1267 1009 oculos
1276 980 1436 1021 indignitas
1446 982 1630 1012 calamitatis.
1654 985 1809 1012 Eorumne
1819 981 2116 1020 populorum‘civeis,
2137 992 2186 1027 47

1163 1024 1175 1048 5
1185 1031 1331 1052 eorumne
1343 1032 1481 1063 agrorum
1497 1023 1638 1053 alumnos
1648 1044 1656 1057 ‚
1678 1034 1715 1053 ex
1733 1023 1841 1063 quibus
1852 1024 1985 1052 maxima
1994 1025 2040 1052 vis
2054 1021 2117 1052 fru-

1165 1065 1261 1093 menti
1273 1066 1436 1104 quotannis
1446 1065 1528 1104 plebi
1539 1067 1685 1095 Romanae
1697 1086 1706 1099 ‚
1721 1066 1845 1094 illorum
1857 1066 1954 1104 operis
1966 1085 1975 1097 ,
1992 1075 2024 1095 ac
2035 1065 2117 1095 labo·

1164 1105 1245 1134 ribus
1255 1107 1415 1146 quaeritur‚
1431 1108 1483 1146 qui
1496 1107 1512 1136 ὲ
1524 1107 1695 1145 parentibus
1707 1127 1715 1139 ,
1739 1107 1785 1146 spe
1799 1105 1892 1136 nostri
1902 1108 2020 1145 imperii
2031 1125 2040 1139 ‚
2060 1116 2120 1136 no-

1165 1145 1287 1187 straeque
1306 1149 1468 1188 aequitatis,
1485 1148 1624 1189 suscepti,
1639 1148 1806 1189 educatique
1822 1148 1907 1181 sunt,
1928 1148 1963 1177 ad
1973 1151 2005 1178 C.
2018 1150 2119 1178 Verris

1164 1188 1308 1218 nefariam
1318 1191 1539 1219 immanitatem
1551 1209 1559 1222 ‚
1586 1190 1618 1219 &
1629 1190 1663 1219 ad
1680 1191 1741 1227 ejus
1759 1191 1890 1219 securem
1901 1189 2049 1220 funestam
2060 1188 2119 1219 effe

1163 1230 1307 1260 servatos?
1329 1230 1408 1260 Cum
1428 1232 1506 1260 mihi
1517 1231 1707 1261 Tindaritani
1724 1231 1806 1260 illius
1818 1233 1902 1260 venit
1914 1234 1947 1260 in
1961 1241 2096 1261 mentem
2107 1250 2121 1265 ,

1163 1270 1235 1301 cum
1243 1272 1404 1314 Segestani,
1415 1281 1480 1302 tum
1489 1274 1553 1311 jura
1564 1271 1650 1302 simul
1660 1275 1828 1306 civitatum,
1839 1281 1924 1313 atque
1934 1271 2034 1303 officia
2043 1283 2129 1303 con-2*

1165 1312 1268 1344 sidero.
1288 1324 1360 1355 quas
1370 1314 1468 1344 urbeis
1479 1317 1511 1344 P.
1524 1313 1680 1344 Africanus
1689 1317 1780 1344 etiam
1794 1314 1940 1344 ornandas
1950 1313 2006 1344 ess'e
2015 1315 2121 1354 spoliis

1164 1354 1298 1386 hostium
1309 1356 1461 1386 arbitratus
1471 1355 1513 1386 est
1521 1377 1529 1390 ,
1550 1366 1596 1386 eas
1607 1359 1638 1386 C.
1651 1359 1756 1386 Verres
1767 1366 1830 1386 non
1842 1355 1941 1386 solum
1956 1357 2016 1386 illis
2029 1366 2119 1387 orna-

1165 1400 1276 1427 mentis
1288 1419 1297 1432 ,
1319 1398 1368 1428 sed
1379 1399 1469 1428 etiam
1478 1400 1549 1427 viris
1560 1396 1751 1428 nobiliffimis
1762 1396 1878 1428 nefario
1897 1397 2003 1428 scelere
2021 1400 2118 1438 priva-

1163 1440 1216 1469 vit.
1251 1442 1297 1470 En
1308 1439 1388 1480 quod
1397 1439 1586 1470 Tindaritani
1597 1440 1724 1469 libenter
1732 1439 1906 1479 praedicent:
1930 1442 1997 1469 Nos
2013 1450 2051 1468 ιΝ
2066 1450 2120 1469 εε-

1164 1491 1367 1512 ΡτΕΜῡΕοιΜ
1386 1482 1504 1521 populis
1521 1482 1627 1511 Siciliae
1647 1491 1855 1511 numeramur:
1877 1491 1933 1511 nos
1952 1481 2068 1525 semper
2082 1484 2117 1513 in

1163 1525 1307 1555 omnibus
1316 1526 1448 1556 Punicis,
1463 1522 1723 1563 Siciliensibusque
1734 1523 1820 1553 bellis
1829 1523 2118 1556 amicitiammdem-

1163 1577 1220 1608 que
1233 1566 1339 1606 populi
1357 1568 1491 1596 Romani
1505 1565 1595 1595 secuti
1609 1565 1726 1595 sumus:
1748 1564 1763 1594 a
1777 1565 1867 1594 nobis
1887 1567 1992 1594 omnia
2004 1565 2129 1605 populo*

1164 1612 1307 1639 Romano
1316 1608 1430 1646 semper
1442 1607 1474 1637 ὃς
1485 1606 1556 1636 belli
1566 1606 1729 1646 adjumenta
1739 1626 1747 1639 ‚
1764 1607 1797 1636 ὃς
1806 1608 1886 1645 pacis
1895 1614 2055 1635 ornamenta
2068 1607 2120 1637 ad·

1165 1649 1331 1680 ministrata
1349 1650 1425 1680 sunt.
1458 1647 1595 1678 Multum
1606 1647 1679 1678 vero
1690 1649 1751 1678 haec
1762 1649 1808 1677 his
1823 1649 1886 1685 jura
1894 1648 2072 1688 profuerunt
2085 1651 2118 1679 in

1164 1692 1248 1722 istius
1264 1693 1391 1731 imperio
1402 1710 1410 1724 ,
1423 1701 1454 1720 ac
1465 1689 1613 1730 potestate.
1636 1688 1758 1720 Vestros
1767 1689 1920 1730 quondam
1930 1699 2031 1720 nautas
2041 1700 2118 1720 con-

1163 1743 1206 1764 tra
1217 1734 1428 1774 Karthaginem
1438 1734 1538 1771 Scipio
1558 1731 1659 1761 duxit.
1680 1741 1709 1761 at
1721 1741 1803 1761 nunc
1815 1733 1914 1761 naveis
1926 1741 2029 1762 contra
2042 1741 2119 1771 prae·

1164 1776 1259 1806 dones
1267 1776 1350 1815 paene
1362 1776 1478 1804 inaneis
1488 1774 1667 1803 Cleomenes
1678 1773 1768 1803 ducit.
1784 1773 1949 1803 Vobiscum
1959 1773 2119 1804 Africanus

1164 1817 1297 1847 hostium
1312 1817 1423 1856 spolia,
1444 1816 1608 1855 &praemia
1623 1815 1718 1845 laudis
1736 1815 1967 1844 communicavit.
1991 1825 2019 1846 at
2036 1825 2120 1847 nunc

1162 1869 1213 1899 per
1224 1868 1273 1888 me
1284 1858 1410 1898 spoliati,
1421 1867 1495 1887 nave
1505 1857 1521 1887 a
1532 1856 1724 1896 praedonibus
1734 1856 1869 1890 abducta,
1880 1855 1931 1896 ipsi
1940 1858 1974 1886 in
1984 1856 2120 1888 hostium

1163 1910 1306 1934 numero,
1316 1901 1442 1940 locoque
1452 1898 1618 1929 ducemini.
1637 1898 1718 1940 Qid
1728 1909 1800 1928 vero
1811 1902 1821 1927 ?
1830 1899 1881 1928 illa
1889 1898 2119 1939 Segestanorum

1164 1952 1228 1972 non
1238 1942 1337 1972 solum
1350 1943 1452 1971 litteris
1463 1940 1576 1973 tradita,
1585 1950 1681 1980 neque
1690 1949 1928 1970 commemorata
1936 1941 2035 1970 verbis
2048 1961 2056 1974 ,
2067 1940 2119 1971 sed

1164 1984 1269 2014 multis
1278 1982 1388 2013 officiis
1398 1984 1523 2012 illorum
1535 1983 1668 2021 usurpata
1678 2002 1686 2015 ‚
1708 1983 1740 2012 &
1751 1983 1944 2022 comprobata
1955 1984 2093 2024 cognatio
2104 2001 2116 2016 ,

1162 2036 1237 2066 quos
1248 2023 1485 2062 tandemfi‘ucsbm
1494 2025 1616 2061 hujusce
1625 2022 1848 2054 necessitudinis
1862 2026 1896 2054 in
1914 2023 1998 2054 istius
2017 2026 2118 2064 impe-

1162 2070 1209 2098 rio
1219 2068 1310 2096 tulit?
1329 2069 1449 2106 Nempe
1463 2067 1521 2096 hoc
1537 2065 1670 2104 fuitjure
1681 2085 1689 2099 ,
1712 2065 1822 2101 iudices
1832 2086 1842 2099 ‚
1863 2075 1895 2095 ut
1903 2075 1941 2095 ex
1952 2064 2016 2095 sinu
2026 2068 2116 2105 patris

1163 2107 1366 2139 nobiliffimus
1379 2108 1547 2138 adolescens
1557 2128 1568 2140 ‚
1582 2107 1615 2137 &
1624 2107 1640 2137 ὲ
1651 2108 1815 2146 complexu
1826 2108 1926 2136 matris
1935 2117 2050 2146 ereptus
2067 2109 2117 2136 in-

1163 2160 1275 2181 nocens
1286 2150 1366 2180 filius
1378 2170 1386 2183 ,
1406 2149 1490 2179 istius
1502 2147 1633 2179 carnifici
1644 2150 1739 2178 Sestio
1748 2148 1914 2178 dederetur.
1938 2151 1994 2178 Cui
2003 2150 2118 2179 civitati

1162 2193 1290 2231 majores
1307 2191 1401 2222 nostri
1421 2192 1574 2221 maximos
1583 2200 1666 2229 agros
1678 2210 1686 2223 ‚
1709 2199 1794 2230 atque
1812 2199 1945 2229 optimos
1963 2189 2115 2220 concesse-

1162 2243 1248 2264 runt:
1267 2243 1358 2274 quam
1376 2235 1551 2262 immunem
1565 2230 1622 2260 esse
1633 2232 1810 2261 voluerunt:
1831 2233 1894 2261 haec
1911 2240 1987 2262 tanta
1999 2231 2074 2271 apud
2086 2241 2116 2263 te

1161 2277 1347 2316 cognationis
1357 2294 1365 2309 ‚
1377 2273 1539 2307 fidelitatm
1549 2272 1700 2303 vetustatis
1710 2272 1894 2306 au&oritate,
1904 2272 1920 2294 ⁶
1930 2283 1969 2303 ne
1978 2275 2036 2303 hoc
2046 2276 2115 2315 qui-

1162 2317 1233 2347 dem
1250 2318 1321 2354 juris
1337 2316 1487 2348 obtinuit,
1501 2324 1533 2345 ut
1543 2315 1631 2344 unius
1642 2313 1840 2344 honestissimi
1850 2334 1858 2348 ‚
1869 2324 2114 2356 atqueinnocen-

1162 2357 1264 2388 tissimi
1272 2359 1347 2387 civis
1357 2366 1501 2390 mortem,
1514 2357 1547 2386 ὃς
1556 2357 1732 2396 sanguinem
1742 2356 1950 2396 deprecaretur.
1974 2357 2043 2398 Qb
2052 2369 2116 2388 con·
2129 2355 2175 2399 48

1155 2400 1271 2440 fugient
1285 2399 1378 2438 sicii?
1400 2409 1493 2439 quem
1512 2398 1736 2438 implorabunt?
1755 2403 1769 2426 7
1780 2409 1836 2439 qua
1854 2398 1902 2438 spe
1914 2399 2043 2440 denique
2053 2420 2062 2432 ‚
2080 2408 2114 2431 ut

1160 2451 1259 2471 vivere
1270 2441 1386 2474 velint,
1408 2440 1588 2470 tenebuntur
1599 2459 1607 2472 ,
1625 2437 1646 2468 si
1655 2450 1709 2468 vos
1719 2450 1771 2469 eos
1780 2440 1933 2470 deseritis?
1953 2436 1968 2459 8
1976 2441 2012 2471 ad
2030 2442 2113 2472 sena-

1162 2491 1227 2512 tum
1239 2482 1418 2515 devenient,
1441 2484 1494 2523 qui
1507 2481 1543 2511 de
1554 2485 1644 2510 Verre
1663 2481 1842 2520 supplicium
1857 2482 1973 2512 sumat?
1988 2493 2053 2513 non
2069 2482 2112 2514 est

1160 2523 1297 2554 usitatum
1310 2545 1321 2556 ,
1332 2534 1393 2553 non
1404 2524 1593 2554 senatorium.
1617 2521 1652 2552 ad
1660 2523 1809 2562 populum
1819 2525 1996 2554 Romanurn
2004 2523 2115 2555 confu-

1159 2568 1261 2607 gient?
1276 2564 1372 2596 facilis
1383 2565 1424 2595 est
1432 2566 1514 2595 causa
1522 2565 1637 2604 populi.
1660 2565 1756 2605 legem
1772 2567 1856 2594 enim
1871 2565 2020 2596 sociorum
2031 2567 2116 2597 causa

1157 2605 1270 2647 Juss'iss'e
1279 2628 1287 2640 ‚
1303 2607 1336 2636 &
1345 2617 1399 2636 vos
1412 2609 1437 2636 ei
1452 2607 1509 2648 legi
1517 2606 1654 2637 custodes
1662 2625 1670 2639 ‚
1683 2616 1715 2635 ac
1726 2606 1859 2636 vindices
1867 2607 2056 2646 praeposuisse
2066 2608 2115 2639 di-

1163 2659 1220 2680 cct.
1244 2650 1302 2679 Hic
1313 2649 1397 2679 locus
1407 2648 1449 2679 est
1458 2650 1549 2689 igitur
1560 2657 1637 2683 unus
1646 2668 1655 2683 ,
1666 2646 1728 2688 quo
1736 2647 1901 2689 perfugiant
1912 2659 1918 2678 2
1937 2650 1987 2679 hic
1994 2658 2111 2690 portus,

2055 2693 2119 2723 haec

1160 2787 1257 2814 nititur
1267 2787 1318 2814 fide
1329 2787 1511 2815 Palatinorum
1521 2788 1646 2815 duorum.
1656 2786 1698 2814 sed
1709 2788 1737 2813 &
1746 2787 1834 2815 allusit
1844 2787 2012 2823 Cujacianns,
2023 2790 2049 2817 in
2057 2792 2121 2827 'quo‘

1161 2825 1276 2850 alunnm.

1197 2860 1224 2885 6.
1244 2864 1287 2894 Q
1303 2862 1343 2886 hoc
1361 2861 1452 2894 quidem
1461 2861 1528 2894 juris
1545 2860 1670 2894 omnuim]
1691 2859 1790 2885 Vocula
1792 2860 1858 2893 juris
1867 2859 1935 2888 abest
1946 2861 2110 2896 Cujacian03

1161 2904 1245 2930 neque
1256 2895 1313 2922 sitne
1325 2896 1482 2931 requiritur.

1196 2939 1223 2964 7.
1242 2933 1297 2963 ἔξω
1309 2934 1349 2964 spe
1368 2933 1464 2965 denique
1472 2938 1499 2956 ut
1508 2934 1591 2957 vivere
1599 2933 1676 2956 velim
1686 2932 1826 2956 tenebrentur
1837 2951 1846 2963 ,
1860 2932 1927 2965 alyne]
1948 2932 2038 2965 Cujac.
2049 2942 2114 2967 quae

1158 2967 1254 3000 denique
1261 2975 1338 2999 preces
1348 2974 1374 2992 ut
1383 2970 1440 2994 viv.
1450 2969 1493 2992 vel
1497 2969 1616 2995 tenebunt.
1628 2965 1679 2993 fuit
1689 2966 1772 2997 forte3
1783 2968 1859 3001 quafi'
1868 2967 2009 3002 dcniquespe
2019 2976 2046 2994 tn
2054 2972 2112 2996 viv,

1157 3005 1325 3029 veltenebunt.
1345 3003 1517 3030 Gulielmius.

1194 3037 1221 3064 8.
1240 3040 1398 3064 AdSrnatum
1407 3039 1539 3070 devenient,
1548 3038 1615 3072 εἶχε]
1629 3037 1759 3064 Emendat
1770 3038 1925 3071 Lambinus,
1936 3043 2043 3066 venient.
2053 3041 2113 3067 Gu-

1158 3074 1274 3100 lielmius
1295 3075 1372 3101 litera
1390 3080 1492 3101 mutata
1504 3093 1512 3106 ,
1532 3075 1713 3100 adsenatrtmne
1730 3077 1837 3101 venient.
1867 3075 1909 3101 Sic
1919 3084 1966 3111 pro
1978 3077 2089 3103 Murena
2099 3086 2112 3103 τ

203 3110 228 3134 5.
240 3105 355 3127 Eorumne
364 3111 470 3135 agrorum
480 3104 612 3138 alumnos]
626 3106 743 3133 Primum
755 3107 808 3133 haec
819 3116 871 3135 vox
883 3108 975 3136 visitur
984 3108 1114 3140 hocloco,
1137 3121 1139 3133 ι
1157 3112 1206 3142 Qu
1219 3111 1245 3143 fi
1263 3112 1330 3146 miser
1347 3117 1424 3140 verm
1435 3115 1445 3141 ,²
1464 3111 1591 3140 domnmne.
1609 3118 1658 3146 pro
1668 3110 1780 3140 Flacco:
1801 3112 1873 3147 Qem
1883 3113 2020 3146 implorem?
2036 3115 2114 3138 Sena-

163 3135 291 3166 haflenus
300 3137 372 3167 enim
381 3137 448 3167 editi
458 3158 467 3173 ,
487 3148 595 3174 agrorum
605 3143 689 3170 colonos
699 3161 709 3177 ,
726 3142 785 3174 satis
796 3145 902 3175 rustice.
921 3144 1039 3175 nostrum
1047 3145 1118 3176 illud

1137 3162 1140 3182 i
1158 3153 1248 3176 tumne·

1992 3183 2107 3216 mrem»,
