2360 3400
519 118 857 168 Tuscut..

279 209 347 242 dam
357 206 436 239 sanat
444 203 515 236 illos
524 223 534 238 ,
554 204 611 234 hos
619 202 680 244 ipsa
691 211 791 234 natura
801 222 811 237 ‚
827 205 837 223 ¹
850 202 1007 233 intelle&o
1018 212 1055 233 eo
1065 222 1074 236 ,
1084 201 1167 243 quod
1187 205 1190 244 1

213 251 383 287 remedium
394 245 470 278 illud
479 247 616 277 continet
626 265 635 280 ,
649 245 764 275 malum
777 264 786 278 ‚
801 245 884 286 quod
897 247 1053 285 opinatum
1064 243 1098 274 fit
1106 241 1166 274 ess'e

211 295 382 326 maximum
394 309 403 324 ,
415 297 600 330 nequaquam
612 285 670 318 esse
680 295 796 317 tantum
808 306 817 320 ‚
829 295 861 317 ut
870 288 963 317 vitam
975 286 1088 317 beatam
1098 285 1167 325 pos-

210 335 247 368 fit
255 341 396 365 evertere.
419 331 478 362 hoc
490 332 580 372 igitur
592 327 729 362 efficitur,
740 338 772 359 ut
783 338 821 359 ex
831 328 887 358 illo
898 330 1092 368 nec-opinato
1101 324 1164 367 plz‘i·

207 389 246 421 ga
257 376 353 415 major
362 372 396 404 fit
405 393 415 408 ,
433 381 497 403 non
506 381 538 403 ut
547 373 592 402 illi
600 379 724 412 putant,
742 379 776 400 ut
785 389 796 403 ,
815 368 886 400 c'um
897 369 1014 400 duobus
1023 378 1107 409 pares
1117 377 1164 398 ca-
1184 375 1186 404 ῑ

208 421 260 453 sus
277 417 451 448 evenerint,
482 416 506 444 is
517 413 612 444 modo
634 411 812 459 aegritudine
832 410 994 446 afficiatur,
1013 414 1028 431 ²
1044 412 1095 441 cui
1111 409 1164 440 ille

208 461 406 500 nec-opinato
421 456 502 488 casus
520 456 664 487 evenerit.
693 463 793 494 iraque
810 452 950 484 dicuntur
968 452 1113 483 nonnulli
1131 453 1162 481 in
1184 471 1185 475 ,

210 511 343 535 moerore
352 521 361 535 ,
371 503 384 528 3
395 498 466 530 cum
477 498 514 529 de
523 500 577 528 hac
585 498 745 528 communi
754 497 919 525 hominum
927 494 1104 525 conditione
1114 502 1165 523 au-

210 543 354 577 diviffent
365 561 373 576 ,
394 551 428 570 ea
444 541 500 581 lege
521 538 570 577 ff
590 550 636 569 nos
653 545 733 571 natos
746 557 756 571 ‚
774 544 810 566 ut
820 546 896 567 nemo
906 539 1107 580 inperpetuum
1116 534 1165 572 effe

151 599 196 632 25
210 586 294 630 poffit
312 593 405 627 eat-pers
414 584 485 612 mati
495 603 503 616 ‚
522 581 640 624 gravius
651 582 741 610 etiam
753 577 862 609 tuliffe.
884 581 1031 621 roirca
1039 581 1167 609 Carnea-

209 630 263 660 des
274 649 282 663 ‚
302 638 335 658 ut
343 623 579 658 videonostrum
595 621 719 654 scribere
730 622 917 653 Antiochum
926 640 935 655 ‚
951 620 1167 661 reprehendere

209 668 411 711 Chrysippum
429 666 561 700 solebat,
585 664 754 697 laudantem
772 662 970 705 Euripideum
987 672 1108 693 carmen
1132 661 1167 693 il-

211 712 264 745 lud

267 732 277 749 )
303 751 464 784 4M0rtali4
480 759 557 779 nemo
577 747 614 786 est
623 768 632 783 ,
667 757 752 790 quem
767 758 820 778 non
840 746 964 787 attingit
977 745 1064 781 dolor,

303 794 485 835 Morbufique.
509 791 596 820 multi
609 791 679 830 fiant
695 790 829 819 humandi
844 788 934 822 liberi,

304 836 431 876 Rursum
449 833 580 863 creandi:
595 835 608 858 5
617 832 744 872 morfique
759 830 795 866 est
806 830 898 869 finita
913 828 1050 864 omnibus,

304 879 378 918 Qae
398 875 493 917 generi
522 875 642 902 humano
668 882 799 912 angorem
816 872 1008 913 nequidquam
1029 870 1165 913 afferunt,

304 911 452 951 Reddenda
469 913 505 951 est
522 921 596 943 terra
615 921 709 943 terra:
732 921 795 942 tum
812 914 878 942 vita
897 911 1033 947 omnibus,

303 959 438 992 Merenda
450 978 458 991 ,
477 963 512 985 ut
523 954 620 996 fruges
631 975 639 988 ,
653 954 780 996 sr'cjuber
789 954 934 994 neceffi'tas.
1062 979 1077 990 s

213 1003 348 1046 Negabat
365 1009 460 1042 genus
473 999 529 1028 hoc
541 998 685 1028 orationis
695 996 860 1038 quidquam
871 998 1004 1026 omnino
1017 996 1052 1027 ad
1064 996 1167 1028 levan-

209 1047 279 1081 dam
290 1042 497 1086 aegritudinem
507 1048 663 1080 pertinere.
685 1039 718 1069 id
727 1041 811 1069 enim
821 1038 919 1077 ipsum
930 1038 1097 1069 dolendum
1109 1037 1168 1069 effe

208 1087 327 1119 dicebat
336 1106 347 1119 ‚
365 1083 448 1126 quod
468 1092 499 1112 in
511 1091 570 1111 tarn
577 1080 731 1111 crudelem
741 1078 938 1111 neceffitatem
949 1079 1166 1112 incidiffcmus.

209 1139 281 1162 nam
302 1128 385 1159 illam
403 1126 526 1167 quidem
549 1124 719 1153 orationem
743 1132 781 1152 ex
789 1124 1085 1153 commemoratione
1094 1125 1168 1154 alie-

206 1176 319 1204 norum
333 1168 481 1199 malorum
502 1164 537 1195 ad
549 1164 708 1195 malivolos
717 1163 917 1194 consolandos
927 1161 984 1194 effe
993 1174 1168 1195 accommo—

205 1213 318 1244 datam.
342 1211 419 1240 mihi
439 1206 512 1238 vero
536 1206 626 1247 longe
645 1205 763 1236 videtur
776 1206 867 1236 secus.
889 1215 960 1235 nam
976 1205 1165 1237 &neceffitas

206 1253 337 1286 ferendae
356 1250 541 1282 conditionis
555 1249 693 1278 humanae
704 1267 712 1281 ‚
735 1246 814 1288 quali
824 1257 895 1277 tum
905 1246 962 1277 deo
971 1257 1100 1289 pugnare
1107 1259 1164 1279 co-

209 1296 295 1328 hibet
303 1294 519 1332 ,admonetque
532 1288 589 1320 effe
601 1290 771 1320 hominem:
781 1299 846 1330 quae
855 1290 996 1330 cogitatio
1007 1300 1170 1332 magnope-

211 1348 243 1369 re
255 1336 371 1366 luEtum
383 1335 474 1364 levat:
496 1332 528 1362 δε
539 1334 727 1362 enumeratio
736 1331 950 1371 exemplorum
962 1351 970 1365 ‚
985 1341 1049 1361 non
1061 1342 1091 1362 ut
1101 1342 1167 1363 anr-

211 1387 299 1410 mum
312 1375 528 1408 malivolorum
539 1372 670 1403 oble&et
679 1393 688 1406 ,
697 1372 817 1403 affertur
826 1393 834 1406 ,
847 1373 895 1403 sed
906 1381 937 1402 ut
946 1373 997 1403 ille
1007 1393 1015 1407 ‚
1026 1376 1078 1414 qui
1087 1384 1165 1405 moe-

209 1430 254 1452 ret
264 1440 272 1454 ,
283 1417 441 1450 ferendum
453 1414 505 1445 sibi
517 1414 547 1444 id
559 1414 673 1444 censeat
686 1433 694 1446 ‚
705 1414 786 1454 quod
797 1415 897 1444 videat
905 1415 1019 1445 multos
1030 1416 1169 1447 modera-

211 1470 240 1493 te
250 1481 260 1496 ,
279 1461 312 1491 Bc
322 1455 482 1498 tranquille
494 1452 603 1485 tulisse.
625 1454 752 1484 omnibus
762 1457 845 1484 enim
855 1455 937 1484 modu
940 1455 1081 1493 fulciendi
1086 1457 1166 1497 sunt,

208 1502 263 1545 qui
279 1507 386 1533 ruunt,
407 1507 462 1528 nec
483 1497 632 1527 cohaerere
647 1494 769 1536 poffunt
785 1505 907 1535 propter
923 1499 1166 1535 magnitudinem

207 1542 402 1584 aegritudinis.
425 1537 489 1569 ⁶ex
499 1547 560 1578 quo
569 1537 660 1578 ipsam
671 1538 880 1578 aegritudinem
889 1538 965 1568 λύπην
973 1538 1166 1579 Chrysippus,

204 1583 286 1627 quasi
295 1583 476 1615 solutionem
495 1581 588 1609 totius
607 1579 744 1609 hominis
756 1599 764 1612 ,
783 1579 958 1619 appellatam
977 1588 1068 1619 putat.
1101 1591 1168 1621 quae

207 1635 271 1658 tota
281 1626 390 1667 poterit
400 1623 508 1654 evelli,
520 1621 662 1660 explicata
672 1640 681 1654 ,
695 1630 728 1650 ut
736 1623 886 1661 principio
896 1622 978 1654 dixi,
990 1621 1072 1651 causa
1081 1625 1165 1663 aegri-

208 1668 335 1700 tudinis.
359 1674 415 1696 its-r
436 1673 526 1694 εΝιΜ
545 1663 629 1693 nulla
645 1663 700 1694 alia
712 1683 721 1696 ‚
745 1661 799 1693 nifi
823 1665 930 1702 opinio
941 1683 949 1698 ‚
970 1663 1002 1692 &
1019 1663 1164 1699 iudicium

204 1711 308 1751 magni
322 1707 474 1749 praesentis
485 1724 493 1738 ‚
503 1714 590 1745 atque
602 1707 732 1745 urgentis
744 1705 826 1736 mali.
849 1706 947 1746 itaque
958 1705 991 1735 δε
1000 1704 1165 1736 dolorcor·

203 1755 289 1793 poris
299 1771 307 1784 ,
326 1750 412 1788 cujus
421 1746 465 1778 est
475 1746 589 1777 morsus
603 1748 775 1779 acerrimus,
787 1744 952 1786 perferetur
961 1747 1009 1786 spe
1016 1745 1163 1786 propofita

206 1794 284 1824 boni
295 1803 302 1821 2
313 1793 346 1822 ὅτ
355 1790 419 1821 aera
428 1798 496 1820 aetas
506 1785 643 1821 honeste,
655 1798 687 1818 ac
697 1787 863 1827 splendide,
874 1797 985 1817 tantam
995 1786 1080 1818 affert
1088 1798 1163 1819 con-

206 1835 385 1869 solationem
395 1851 407 1867 ,
422 1841 455 1862 ut
468 1839 519 1860 eos
530 1849 539 1862 ‚
558 1830 610 1869 qui
621 1831 661 1859 ita
669 1829 801 1859 vixerint
810 1848 819 1861 ‚
835 1838 884 1859 aut
898 1839 961 1859 non
973 1838 1069 1869 tangat
1077 1832 1162 1870 aegri-

140 1883 191 1921 ‘26
206 1876 281 1908 tudo
293 1896 303 1910 ,
321 1884 372 1906 aut
387 1873 542 1915 perleviter
561 1879 672 1910 pungat
688 1871 782 1900 animi
805 1870 902 1900 dolor.
934 1870 1014 1901 7Sed
1034 1871 1068 1900 ad
1089 1872 1166 1901 hanc

205 1920 386 1960 opinionem
408 1916 510 1956 magni
527 1912 602 1943 mali
619 1922 689 1942 cum
708 1911 759 1943 illa
776 1913 866 1942 etiam
882 1913 991 1953 opinio
1006 1910 1165 1947 accesserit,

203 1969 362 2001 oportere:
381 1956 498 1988 redium
520 1953 595 1984 effe:
615 1954 652 1984 ad
665 1952 802 1984 officium
813 1956 978 1993 pertinere:
997 1953 1072 1984 ferre
1085 1954 1162 1985 illud

203 2002 293 2045 aegre,
303 2000 387 2044 quod
398 1998 546 2030 acciderit:
561 2004 627 2026 tum
635 1995 766 2037 deniq-ie
774 1994 903 2026 efficitur
913 1996 964 2026 illa
973 1998 1068 2038 gravis
1077 1998 1162 2037 aegri-

203 2044 322 2075 tudinis
332 2040 523 2083 perturbatio.
546 2047 584 2068 ex
596 2039 648 2068 hac
658 2039 804 2077 opinione
814 2037 882 2068 sunt
892 2037 942 2068 illa
952 2040 1030 2068 varia
1040 2057 1049 2071 ,
1066 2038 1098 2068 &
1108 2038 1161 2068 de-

203 2085 349 2117 testabilia
359 2093 466 2125 genera
477 2079 599 2123 lugendi
612 2098 620 2114 ‚
633 2079 766 2119 paedores
777 2099 786 2114 ‚
799 2079 961 2110 muliebres
971 2080 1161 2110 lacerationes

198 2136 346 2170 genarum
358 2146 366 2160 ‚
377 2124 518 2166 petitoris,
529 2120 702 2155 faeminum‚
713 2122 817 2162 capitis
827 2119 1039 2162 percuffiones.
1054 2117 1069 2142 ⁸
1078 2123 1162 2152 Hinc

204 2170 257 2201 ille
271 2171 483 2210 Agamemnon
495 2166 677 2195 Homericus
687 2183 696 2197 ‚
715 2163 748 2193 &
757 2163 838 2193 idem
850 2164 1009 2198 Accianus,

299 2209 432 2242 scindens
449 2205 697 2238 aoiaretdenn'dem
717 2205 856 2245 intonsum
872 2215 991 2234 comam.

927 118 1489 184 Qffisrrouum
1559 122 1641 169 L‘i
1672 130 1729 177 134
1762 121 1856 168 ΙΙΙ.

2024 122 2151 186 u083

1209 205 1245 233 In
1264 213 1325 244 quo
1343 203 1473 236 facetum
1488 204 1564 236 illud
1575 205 1700 239 Bionis3
1718 199 1844 246 perinde
1853 201 2058 234 stultiffimum
2069 213 2175 244 regem
2215 228 2217 230 .

1210 247 1242 274 in
1253 245 1335 277 luctu
1343 247 1486 287 capillum
1496 245 1549 278 fibi
1558 248 1698 280 evellere,
1713 245 1791 288 quasi
1801 246 1923 276 calvitio
1934 255 2047 276 moeror
2055 245 2172 276 levare·

1210 295 1265 317 tur·
1288 288 1344 320 Sed
1364 289 1426 319 haec
1444 290 1550 320 omnia
1566 289 1679 320 faciunt
1690 309 1699 323 ,
1719 290 1878 329 opinantes
1891 289 1931 318 ita
1943 286 2007 318 fieri
2018 296 2168 327 oportere.

1208 330 1308 368 Itaque
1326 330 1359 361 &
1370 331 1526 361 AEschines
1545 332 1578 362 in
1589 330 1830 362 Demosthenem
1854 330 2008 360 invehitur
2019 348 2028 363 ,
2048 328 2132 370 quod
2143 330 2171 359 ie

1204 369 1337 409 septimo
1346 371 1395 402 die
1403 371 1469 412 post
1479 370 1549 403 filiae
1559 382 1690 403 mortem
1701 371 1811 403 hostias
1820 369 2016 402 immolasset.
2029 373 2067 402 At
2076 371 2170 412 quam

1206 412 1354 443 rhetorice
1370 414 1480 454 ?quam
1491 415 1623 455 copiose?
1635 424 1708 455 quas
1718 415 1876 445 sententias
1882 413 2014 455 colligit?
2022 422 2089 454 quae
2100 421 2172 442 ver-

1206 451 1241 482 ba
1251 463 1431 496 contorquet
1442 458 1453 485 ?
1464 464 1495 485 ut
1506 456 1593 487 licere
1602 456 1724 497 quidvis
1733 457 1846 486 rhetori
1856 455 2016 495 intelligas.
2036 464 2102 495 quae
2112 463 2172 484 ne-

1208 503 1262 524 mo
1272 496 1408 534 probaret
1418 516 1426 530 ,
1447 495 1500 527 nisi
1510 497 1632 528 insitum
1643 497 1720 528 illud
1735 499 1768 527 in
1776 498 1888 527 animis
1898 496 2075 527 haberemus
2083 516 2093 528 .
2104 505 2168 528 om.-

1206 538 1258 565 neis
1268 536 1347 567 bonor
1359 538 1596 578 interitufiiorum
1605 537 1862 581 quizmgraviffime'
1870 547 1980 568 moerere
1989 544 2115 578 oportere.
2129 546 2170 569 etc

1208 577 1265 608 hoc
1275 581 1396 614 evenit,
1415 589 1447 610 ut
1468 583 1499 610 in
1512 583 1607 612 animi
1617 581 1775 612 doloribus
1783 581 1834 611 alii
1845 579 2024 610 solitudines
2032 587 2165 620 captent,

1208 629 1242 651 ut
1249 622 1289 651 ait
1299 622 1454 651 Homerus
1465 622 1502 652 de
1513 623 1754 663 Bellerophonte,

1302 662 1368 703 Qi
1389 664 1471 702 miser
1490 665 1518 692 in
1537 673 1636 705 campis
1654 674 1766 694 maerens
1784 663 1895 693 errabat
1917 663 2012 696 Aleis,

1303 705 1364 744 IPft
1375 704 1463 744 suum
1481 716 1524 734 cor
1542 706 1636 740 edens,
1654 707 1797 736 hominum
1816 705 1935 746 vestigia
1953 705 2061 734 vitans.

1209 745 1355 776 &Nioba
1373 745 1494 787 fingitur
1516 747 1629 787 lapidea
1645 767 1653 781 ‚
1676 757 1795 788 propter
1815 757 1961 777 aetetnum
1975 766 1983 780 ‚
2002 744 2112 778 credo.
2133 745 2167 777 in

1208 787 1293 817 luein
1309 786 1472 818 silentium.
1505 789 1662 819 Hecubam
1689 798 1788 819 autem
1815 798 1918 829 putant
1935 797 2054 828 propter
2071 789 2169 818 animi

1206 829 1396 860 acerbitatem
1408 829 1557 870 quandam
1568 851 1576 864 ,
1598 831 1631 861 δι’.
1642 831 1753 861 rabiem
1766 851 1773 863 ,
1789 829 1860 871 fingi
1870 833 1899 860 in
1910 839 2016 861 canem
2025 828 2081 859 esse
2092 838 2169 859 con-

1207 871 1333 901 versam.
1356 872 1530 902 suntautem
1542 873 1592 902 alii
1603 892 1612 907 ,
1633 882 1708 915 quos
1721 874 1751 901 in
1763 871 1845 902 lulitu
1852 882 1921 902 cum
1933 873 1992 912 ipsa
2003 870 2165 902 solitudine

1209 913 1294 954 loqui
1305 913 1378 953 saepe
1387 912 1513 943 deleEtat
1529 932 1537 947 ‚
1560 923 1593 944 ut
1604 914 1655 945 illa
1664 913 1741 954 apud
1754 915 1887 944 Ennium
1900 922 2014 943 nutrix:

1302 954 1406 997 Cupido
1429 955 1500 996 cepit
1519 956 1649 995 miseram
1664 966 1736 984 nunc
1754 965 1797 984 me
1809 975 1818 988 ‚
1838 954 1967 996 proloqui

1304 997 1370 1026 Calo
1387 1004 1474 1038 atque
1493 1005 1567 1026 terrae
1588 1002 1603 1025 9
1614 998 1716 1028 Medea
1733 997 1869 1036 mifirias.
2100 1021 2102 1023 .

1209 1041 1282 1070 Haec
1290 1041 1373 1069 omia
1383 1040 1462 1069 reeta
1473 1059 1482 1071 ,
1501 1049 1569 1070 vera
1580 1059 1588 1072 ‚
1608 1040 1706 1070 debita
1715 1047 1849 1079 putantes
1861 1059 1870 1072 ,
1883 1036 1996 1068 faciunt
2009 1038 2042 1067 in
2051 1036 2165 1067 dolote
2185 1042 2226 1064 2⁷

1210 1082 1404 1122 maximeque
1414 1081 1575 1111 declaratur
1584 1100 1592 1115 ‚
1606 1083 1664 1112 hoc
1673 1079 1752 1121 quasi
1762 1078 1856 1110 officii
1863 1079 1979 1120 judicio
1992 1077 2055 1108 fieti
2065 1098 2074 1111 .
2083 1078 2167 1119 quod

1210 1121 1230 1153 fi
1241 1125 1293 1164 qui
1302 1121 1392 1157 forte,
1406 1125 1436 1143 ¹0
1444 1122 1515 1153 cum
1526 1123 1594 1153 sein
1605 1123 1688 1154 lustu
1699 1121 1878 1153 ess'evellent
1890 1144 1899 1156 ,
1909 1120 2022 1161 aliquid
2034 1119 2170 1150 fecerunt

1210 1163 1376 1195 humanius
1387 1184 1395 1199 ‚
1406 1174 1455 1195 aut
1466 1162 1487 1194 si
1498 1164 1622 1195 hilarius
1633 1166 1724 1195 locuti
1733 1164 1801 1194 sunt
1812 1183 1820 1197 ,
1832 1172 1973 1194 revocant
1986 1162 2012 1192 se
2023 1162 2122 1192 rursus
2130 1163 2167 1192 ad

1210 1206 1401 1240 moestitiam,
1411 1208 1581 1247 peccatique
1593 1207 1621 1237 se
1630 1205 1818 1239 insimulant,
1831 1210 1840 1225 ¹
1848 1210 1857 1225 ¹
1870 1203 1953 1247 quod
1963 1203 2064 1234 dolere
2076 1205 2166 1233 inter‹

1209 1249 1355 1278 miserint-
1374 1257 1482 1289 pueros
1499 1247 1571 1278 vero
1590 1258 1716 1283 matres,
1734 1247 1767 1278 δε
1789 1248 1920 1289 magistri
1928 1244 2066 1286 castigare
2075 1246 2166 1276 ctiam

1207 1290 1312 1320 solent
1320 1309 1329 1323 ,
1351 1299 1407 1320 nec
1417 1289 1514 1320 verbis
1526 1290 1625 1320 solum
1636 1311 1644 1324 ,
1655 1290 1704 1322 sed
1715 1291 1803 1319 etiam
1816 1287 1991 1320 verberibus
2000 1306 2008 1320 ι
2021 1285 2041 1315 fi
2051 1285 2125 1327 quid
2136 1288 2167 1317 in

1207 1330 1376 1363 domestico
1390 1330 1474 1362 Ιιιᾶιι
1494 1332 1658 1363 ¹2hilarius
1675 1332 1711 1362 ab
1730 1333 1764 1361 iis
1775 1330 1888 1361 fastum
1899 1330 1960 1363 est,
1979 1337 2029 1358 aut
2038 1326 2164 1357 diffilm-

1207 1374 1323 1414 plorare
1339 1382 1461 1414 cogunt.
1484 1373 1578 1414 quid?
1598 1375 1657 1414 ipsa
1675 1371 1807 1404 remiffio
1820 1372 1917 1403 luctus
1926 1370 1998 1404 cum
2009 1368 2051 1399 est
2059 1369 2172 1399 conse*

1210 1425 1289 1449 cuta,
1302 1418 1333 1443 ¹3
1344 1414 1556 1455 intellec‘taque
1574 1416 1651 1446 nihil
1662 1413 1769 1456 profici
1780 1415 1948 1448 moerendo,
1967 1415 1995 1438 ¹4
2004 1420 2110 1441 nonne
2123 1421 2170 1440 1⁴2²-ss

1207 1456 1336 1487 declarat
1343 1455 1431 1486 fuisse
1441 1465 1540 1487 totum
1550 1457 1626 1488 illud
1634 1458 1857 1488 voluntarium?
1868 1459 1895 1483 ¹5
1903 1452 1978 1497 quid
1988 1453 2040 1483 ille
2049 1455 2168 1484 Teren-

1208 1500 1306 1529 tianus
1317 1498 1378 1537 ipse
1389 1498 1417 1528 se
1427 1499 1557 1537 puniens
1567 1520 1574 1532 ‚
1587 1499 1616 1528 id
1627 1498 1669 1529 est
1679 1519 1687 1532 ‚
1701 1499 1774 1526 ἑωιῖὸν
1784 1499 1972 1531 τιμωρέμενΘέ

1301 1539 1426 1568 Decrevi
1446 1538 1583 1581 tantisper
1600 1550 1644 1569 me
1661 1541 1754 1569 mium
1774 1542 1892 1579 injurie,

1300 1580 1443 1614 Chremes,
1462 1590 1520 1611 meo
1533 1590 1623 1622 gnato
1634 1582 1746 1620 facere,
1771 1582 1839 1610 dum
1850 1582 1925 1620 fiam
1942 1582 2035 1622 mifir.

1208 1623 1268 1652 Hic
1277 1620 1410 1651 decernit
1421 1640 1430 1654 ,
1449 1631 1482 1652 ut
1500 1624 1591 1653 miset
1609 1621 1652 1654 fit.
1675 1631 1752 1652 num
1761 1624 1830 1663 quis
1839 1624 1929 1663 igitur
1938 1623 2103 1665 quidquam
2115 1624 2165 1657 de-

1205 1665 1301 1694 cernit
1310 1664 1440 1693 invitus?

1299 1703 1393 1735 Micio
1410 1704 1525 1746 quidem
1541 1715 1585 1735 me
1605 1706 1703 1748 quovis
1719 1705 1838 1746 dignum
1851 1705 1990 1747 deputem.

1207 1746 1289 1777 malo
1301 1747 1330 1776 se
1339 1747 1465 1788 dignum
1477 1747 1613 1788 deputat,
1634 1745 1691 1778 nili
1702 1749 1792 1778 miser
1801 1747 1843 1778 fit.
1868 1747 1951 1778 vides
1962 1758 2032 1789 ergo
2041 1751 2168 1789 opinio-

1205 1791 1253 1818 nis
1263 1786 1320 1817 effe
1330 1808 1339 1822 ‚
1352 1797 1416 1818 non
1426 1798 1537 1819 naturae
1547 1789 1673 1820 malum.
1697 1787 1727 1809 ¹⁶
1735 1789 1807 1830 quid
1820 1809 1829 1822 .
1848 1789 1930 1830 quod
1941 1799 1986 1820 res
1997 1790 2058 1830 ipsa
2066 1792 2166 1832 lugere

1202 1829 1362 1869 prohibet?
1374 1839 1406 1860 ut
1422 1830 1501 1869 apud
1512 1833 1687 1861 Homerum
1697 1830 1879 1871 quotidianae
1891 1840 1977 1862 neces
1986 1851 1996 1865 ‚
2007 1834 2162 1864 interitus-

1202 1881 1260 1911 que
1270 1871 1437 1902 multorum
1448 1890 1457 1905 ‚
1478 1871 1664 1903 sedationem
1675 1872 1825 1903 moerendi
1835 1870 1972 1903 afferunt:
1981 1874 2059 1914 apud
2069 1884 2163 1915 quem

1204 1915 1244 1943 ita
1256 1912 1379 1945 dicitur,

1299 1955 1435 1995 Namque
1451 1953 1531 1983 nimis
1547 1954 1660 1988 multos,
1684 1959 1809 1996 ¹7arque
1825 1955 1901 1985 omni
1912 1956 1972 1987 luce
1988 1956 2121 1989 cadentes}

1300 1996 1441 2025 Cernimus
1451 2006 1463 2023 .·
1481 2003 1516 2024 ut
1532 2006 1607 2025 nemo
1623 1996 1702 2036 poffit
1718 2007 1830 2026 moerore
1845 2007 1954 2028 vacare.

1296 2037 1364 2078 Qo
1383 2039 1470 2078 magis
1485 2036 1521 2072 est
1535 2048 1644 2079 aequum
1663 2038 1777 2068 tumulis
1795 2039 1926 2068 mandare
1936 2047 2072 2080 peremtoe

1296 2082 1389 2109 Firmo
1407 2081 1501 2109 animo
1512 2098 1520 2112 ‚
1544 2081 1579 2113 ὼ·
1599 2078 1708 2108 luctum
1726 2080 1853 2122 lacryma
1866 2079 1952 2120 finire
1966 2082 2086 2112 diurnis.

1203 2123 1283 2161 Ergo
1293 2123 1326 2151 in
1337 2121 1479 2161 potestate
1488 2120 1530 2151 est
1539 2122 1665 2160 abjicere
1673 2121 1811 2152 dolorem
1825 2143 1834 2156 .
1843 2132 1914 2153 cum
1926 2124 2002 2153 velis
2010 2142 2019 2157 ‚
2032 2124 2163 2165 tempori

1203 2163 1392 2193 servientem.
1416 2167 1465 2193 An
1475 2162 1517 2193 est
1529 2163 1627 2194 ullum
1639 2171 1757 2204 tempus
1767 2164 1922 2205 (quoniam
1933 2165 2057 2205 quidem
2068 2176 2113 2197 res
2128 2169 2161 2198 in

1203 2203 1302 2236 nostra
1323 2204 1465 2246 potestate
1485 2204 1540 2245 est)
1558 2206 1608 2236 cui
1627 2214 1694 2236 non
1713 2206 1862 2246 ponendae
1881 2215 1957 2237 cur-e
1975 2208 2161 2249 aegritudinis

2076 2250 2160 2281 causa

243 2350 255 2367 ι
264 2362 270 2368 .
289 2341 402 2367 1ηιεΠεΠο
411 2348 433 2364 eo
442 2338 504 2372 quod
519 2337 643 2362 remedium
651 2337 711 2362 illud
726 2339 825 2362 continet
836 2353 845 2367 ‚
863 2335 958 2362 Malum
966 2335 1028 2368 quod
1042 2335 1162 2367 opinamm

198 2377 257 2412 fin]
280 2376 465 2411 Palat.quart.
484 2374 604 2400 Vatican.
621 2373 683 2407 quod
697 2382 745 2398 rem
761 2372 821 2397 illud
836 2374 935 2397 continet
953 2372 1051 2396 malum.
1070 2370 1159 2405 quint.

202 2413 265 2447 quod
273 2421 320 2438 rem
329 2415 429 2438 continet
437 2411 535 2436 malum.
557 2408 620 2436 Fab.
633 2409 694 2443 quod
700 2411 820 2442 opinatum
822 2408 866 2441 fir,
875 2407 930 2442 &fi
938 2415 985 2432 rem
994 2408 1111 2432 continent
1120 2406 1161 2439 ff

204 2456 346 2475 maximum.

241 2493 269 2510 2.
290 2486 335 2510 Cui
342 2484 378 2510 me
386 2481 534 2514 nec-opinato
543 2481 610 2514 casm
627 2479 757 2513 evenerit]
779 2478 822 2505 Sic
831 2478 903 2505 reste
914 2477 1050 2504 Victorius
1062 2496 1071 2509 ,
1090 2475 1158 2504 Pali.

203 2529 245 2558 pr.
256 2518 304 2546 sec.
316 2519 404 2555 quint.
417 2518 494 2546 Fabia
507 2517 578 2543 l'ith.
588 2517 673 2543 vatic.
685 2515 765 2550 vulgo
777 2518 944 2549 nec-opinatus
953 2514 1031 2547 casue.

263 2576 269 2581 .
289 2555 346 2581 Crini
365 2555 390 2580 de
408 2557 453 2580 hac
470 2555 582 2579 communi
599 2553 715 2578 hominum
731 2551 856 2577 conditione
872 2550 1041 2584 audiviffitm]
1062 2549 1159 2577 Dicant

204 2592 251 2619 alii
262 2590 333 2627 quod
345 2590 409 2617 libet
421 2601 426 2616 :
439 2590 500 2624 jure
510 2588 622 2624 praefero
633 2588 698 2614 hanc
710 2586 853 2613 lectionem
865 2588 880 2613 a
892 2585 998 2612 Viaor.
1009 2585 1158 2617 admissam,

203 2628 233 2655 iu
254 2627 309 2654 Pal.
328 2627 445 2662 quinque
457 2645 465 2657 ‚
485 2625 666 2659 Vaticanoque
675 2630 818 2659 repertam.
838 2623 919 2658 vulgo
940 2622 967 2647 de
984 2623 1029 2648 hac
1047 2624 1159 2648 communi

203 2666 306 2691 omnium
320 2663 445 2688 conditione
453 2661 580 2692 audifflnt.

239 2707 268 2733 4.
285 2699 417 2727 {Mi-talis
427 2707 489 2723 nemo
498 2699 533 2722 eff
543 2715 551 2728 ,
570 2704 636 2730 quem
645 2705 689 2721 non
699 2697 795 2728 attingit
803 2694 900 2730 dolor-,J
911 2694 952 2721 Ita
964 2692 1048 2729 scripfi
1058 2692 1158 2721 fiducia

203 2735 261 2764 Pal.
273 2742 387 2764 oriatuor
406 2733 524 2769 priorum
536 2743 541 2759 :
565 2731 687 2768 Euripid.
704 2731 748 2763 ’lev
767 2735 809 2763 μὲν
819 2731 874 2760 &Sele
884 2749 892 2762 ‚
911 2730 957 2761 8503
969 2732 981 2757 ἐ
991 2733 1051 2756 πονεῖ
1059 2731 1153 2765 βροῖῶυ.

203 2765 289 2808 Qud
307 2770 324 2797 si
344 2780 394 2797 non
416 2770 464 2795 hoc
482 2767 587 2796 satisdat
598 2777 606 2799 3
625 2767 785 2795 obtendatur
802 2766 869 2794 illud
881 2766 985 2794 Flacci:
1006 2767 1064 2793 Edit
1077 2766 1159 2792 cicutis

203 2809 285 2834 allium
297 2810 426 2832 nocentiae.
1077 2804 1084 2811 ”

206 2854 211 2857 >
245 2849 271 2876 ’ς-
289 2843 400 2877 Moffque
408 2844 444 2868 eff
454 2843 531 2876 finita
542 2840 672 2873 omnihus]
693 2839 773 2874 Quod
783 2837 891 2865 exhibet
901 2837 1049 2869 victorius,
1060 2837 1157 2864 habent

206 2877 403 2915 Pall.pi·.tei·t.
423 2885 510 2913 quart.
522 2877 609 2912 quint.
629 2876 700 2902 Pitli.
719 2866 844 2902 l‘e‘cundus
856 2883 943 2902 tamen
962 2883 991 2901 ac
1008 2874 1103 2901 tertius
1121 2874 1155 2900 ad

206 2916 394 2948 oram,fim'1ae.
416 2913 496 2949 vulgo
509 2913 604 2947 efffinis
615 2914 728 2937 omnibus.

244 2949 273 2976 6.
293 2953 332 2976 Ex
348 2959 392 2984 quo
408 2950 482 2982 ipsam
499 2948 654 2983 mhi-itudincm
671 2951 747 2979 λύπην
765 2947 900 2980 Clnyfippm
916 2946 983 2981 quafi
993 2945 1154 2980 filudonem]

206 2984 350 3012 Hoc‘reste
361 2985 494 3011 ViEtoi-ius
504 2986 530 3010 &
542 2984 671 3011 concinni:
690 2993 748 3009 cnm
762 2983 828 3009 l’all.
840 2982 888 3008 lec.
899 2990 986 3018 quart.
998 2982 1085 3016 quint.
1105 2982 1154 3008 Va-

207 3021 289 3048 tican.
299 3020 378 3047 Fabi.
389 3021 460 3047 Pith.
469 3021 515 3048 alii
524 3021 551 3048 in
562 3020 680 3047 editione
690 3019 734 3047 sair
745 3030 751 3047 z
764 3025 840 3050 λύπην
851 3020 988 3053 Chrysippue
997 3019 1063 3052 quast
1070 3019 1156 3050 λύσινς

207 3057 236 3084 id
243 3059 289 3088 eff,
299 3056 442 3089 firminum.

244 3100 273 3127 7.
288 3092 335 3117 sed
342 3092 376 3117 ad
391 3093 584 3125 hancopinionem
593 3095 672 3126 magni
687 3091 771 3125 mali.]
792 3090 914 3118 Insa-runt
930 3094 960 3118 τὸ
977 3093 1055 3123 magni
1073 3088 1156 3116 editio

208 3127 336 3159 vibiani,
349 3126 414 3154 1²:111.
425 3128 552 3163 quinque.
563 3128 642 3155 Fabr.
653 3128 726 3155 Pith.
737 3128 856 3154 Vatican.
869 3127 949 3161 vulgo
961 3127 1104 3153 omittunt.

243 3162 272 3192 8.
291 3167 352 3191 Hinc
360 3166 397 3191 ille
405 3164 586 3199 Agamemnon]
607 3163 676 3193 Pau.
685 3163 792 3196 secund.
801 3170 890 3202 quart·
903 3165 1070 3198 agamemno:
1089 3169 1118 3192 ut
1128 3162 1156 3190 8⁶

1203 2334 1356 2361 Pithoeanus
1371 2333 1466 2360 codex.
2149 2347 2157 2361 x

1234 2378 1263 2404 9.
1284 2370 1370 2396 Medeae
1387 2369 1521 2403 miserias]
1541 2370 1613 2396 Beue
1623 2368 1764 2396 Turnebus
1784 2368 1831 2395 lib.
1843 2377 1908 2395 xrx.
1927 2377 1983 2404 cap.
1997 2377 2021 2402 5.
2043 2369 2154 2396 Medeai.-

1199 2405 1241 2468 sedd
1252 2415 1311 2447 cum
1322 2407 1349 2432 iu
1360 2406 1435 2433 nullo
1445 2407 1562 2434 nostrum
1581 2405 1728 2442 reperiatur
1739 2423 1749 2437 ,
1767 2414 1820 2432 non
1830 2403 1904 2432 ausus
1915 2403 1970 2432 sum
1985 2404 2156 2433 introducere

1199 2451 1213 2468 e
1234 2449 1324 2468 itioui.

1238 2487 1279 2504 ro.
1299 2481 1358 2504 Cum
1360 2479 1387 2511 se
1396 2481 1421 2504 in
1430 2479 1494 2504 luft‘n
1504 2478 1544 2511 effi
1551 2477 1662 2511 vellent]
1685 2476 1806 2512 Eleganti
1817 2474 1969 2512 pleonasmo
1980 2494 1988 2508 ,
1999 2483 2030 2503 ut
2041 2470 2159 2505 indicavi*

1197 2514 1224 2541 in
1235 2513 1408 2550 Crepundris,
1420 2514 1452 2541 sic
1463 2514 1529 2541 Pall.
1541 2514 1590 2539 sec.
1601 2521 1665 2540 tert.
1676 2520 1765 2548 quart.
1780 2514 1866 2548 quint.
1880 2511 1958 2539 Fabr.

1237 2559 1278 2577 ιι.
1297 2549 1644 2583 Qoddolereimermiserint.]
1665 2548 1732 2575 Pall.
1744 2547 1842 2583 pr.sec.
1855 2548 2036 2583 ψει-μείωσιν.
2151 2565 2154 2573 ,

1236 2595 1279 2612 12.
1299 2589 1409 2613 Hilarim
1428 2588 1459 2612 ab
1474 2588 1504 2613 iis
1517 2587 1610 2619 fiu‘ium
1628 2587 1663 2611 ef?
1679 2591 1722 2610 am
1739 2584 1852 2617 fufium]
1874 2582 1968 2610 Laudo
1986 2583 2044 2610 Pal.
2062 2590 2154 2620 quart.

1197 2621 1396 2657 praesentantem
1415 2629 1460 2648 aut
1468 2624 1583 2648 edibiam:
1604 2628 1634 2647 ut
1643 2621 1729 2646 edicere
1739 2619 1781 2646 sua
1794 2620 1879 2654 primo
1893 2619 1965 2654 (iguo
1976 2618 2007 2646 fit
2018 2622 2156 2656 prolerre,

1195 2657 1347 2693 eloquendo
1357 2657 1456 2684 dicere.
1467 2657 1518 2694 iple
1529 2656 1598 2683 infra
1608 2655 1640 2683 de
1651 2657 1698 2683 Fin
1706 2676 1711 2682 .
1722 2657 1760 2683 11.
1775 2658 1821 2682 Es?
1829 2658 1888 2681 enim
1898 2657 1941 2682 nbi
1949 2655 2094 2689 edicendum,
2102 2665 2152 2691 qua

1195 2696 1231 2728 fis
1241 2694 1408 2727 observaturus
1417 2696 1443 2719 ln
1454 2696 1510 2728 jure
1520 2693 1626 2719 dicundo.

1236 2738 1279 2766 ¹3·
1297 2732 1460 2763 lniclleHaque
1477 2731 1541 2755 nihil
1550 2727 1660 2763 profici]
1680 2727 1724 2754 Sic
1739 2727 1862 2754 edentem
1872 2725 2025 2754 Vietorium
2034 2727 2152 2756 defenit-

1196 2773 1253 2793 taut
1263 2767 1380 2802 quinque
1392 2765 1458 2791 Pali.
1470 2766 1536 2791 alias
1547 2775 1553 2791 ε
1575 2766 1800 2798 inteucflumqmeff
1808 2766 1872 2789 ninil
1882 2765 1973 2797 profit-i.
2145 2787 2147 2790 ⁴

1237 2810 1276 2835 14.
1297 2805 1377 2827 Nonne
1394 2811 1431 2827 res
1441 2801 1574 2834 declarat.)
1595 2801 1691 2827 Itidem
1711 2800 1764 2825 lraec
1782 2809 1797 2825 a
1810 2799 1880 2826 Vise.
1899 2799 1927 2825 δε
1946 2799 2065 2835 quinque
2074 2799 2145 2827 Pall.

1195 2838 1257 2865 Fab.
1270 2838 1342 2864 Pith.
1354 2838 1472 2864 Vatican.
1484 2838 1508 2863 in
1521 2836 1656 2863 tralatitiis
1666 2835 1783 2871 exempl.
1793 2839 1822 2864 vt,
1832 2845 1868 2861 res
1877 2834 2011 2862 deserunt.

1234 2883 1276 2907 ις.
1295 2873 1359 2907 Qid
1366 2875 1401 2899 ille
1410 2876 1563 2899 Terentianus
1571 2872 1617 2905 ipse
1629 2874 1654 2905 se
1668 2873 1796 2906 puniens]
1820 2871 1890 2898 Pali.
1900 2878 1966 2898 tert.
1983 2870 2060 2898 Fabr.
2073 2871 2145 2899 Pith.

1190 2913 1315 2943 poem'tens.
1328 2909 1394 2936 Pall.
1406 2909 1455 2936 sec.
1466 2909 1678 2948 quiunpenitens.
1690 2915 1777 2943 quart.
1790 2911 1889 2941 penites.
1906 2908 1947 2934 Ex
1959 2907 2030 2934 Pitli.
2042 2908 2068 2934 8<
2082 2907 2147 2935 Fab.

1194 2945 1431 3008 bei‘i'ifflielmius
1442 2951 1592 2980 conjecerat
1604 2947 1726 2977 poenien55
1743 2943 1817 2980 quod
1829 2942 1988 2971 veriffimum
1998 2943 2034 2971 est
2047 2963 2056 2976 ,
2065 2951 2094 2971 ut
2104 2943 2148 2970 su-

1213 2991 1239 3009 ra
1265 2992 1271 3008 i
1295 2991 1323 3008 ro
1338 2991 1360 3008 ι.
2151 3001 2153 3004 ,

1193 2991 1210 3018 p
1239 3019 1281 3044 16.
1301 3017 1366 3051 Qid
1381 3016 1443 3052 quod
1458 3026 1495 3043 res
1513 3017 1591 3051 ipsa]
1612 3016 1743 3044 Pal.tert.
1755 3015 1771 3042 ἑ
1789 3015 1876 3052 prima
1886 3016 2096 3050 manuquidquor
2106 3023 2145 3041 res

1194 3055 1254 3087 [josa.
1274 3054 1344 3090 quod
1355 3053 1386 3080 ad
1398 3053 1496 3089 apicem
1508 3061 1582 3088 aeque
1591 3053 1617 3079 in
1629 3052 1716 3080 Vatic.
1725 3052 1773 3079 est.
2151 3081 2154 3084 ⁴

1236 3098 1277 3125 17.
1297 3093 1374 3124 Atque
1382 3092 1442 3115 omni
1449 3091 1499 3115 lucc
1507 3089 1640 3123 cadentem]
1663 3090 1746 3115 Hom.
1756 3090 1888 3122 ἐπῆτυμω
1895 3087 1974 3120 iiia-2&
1982 3088 2058 3120 πάυὶξὶ
2068 3086 2145 3113 nlilit-

1192 3137 1246 3156 σιμ,
1260 3134 1350 3153 tamen
1371 3127 1396 3152 in
1407 3125 1529 3152 omnibus
1547 3124 1709 3152 editionibus
1727 3124 1824 3153 &mffi
1841 3128 1914 3154 certe
1925 3124 1994 3153 Pau.
2014 3131 2153 3160 quinque,·

1193 3162 1266 3192 Pith.
1279 3163 1364 3192 Vatic.
1374 3168 1480 3190 carentes
1493 3161 1531 3187 vel
1543 3162 1655 3188 carentis.
1901 3181 1906 3184 .

1491 3198 1697 3232 Xxxxxvxa.
2050 3183 2149 3229 μςζιοιῖ
