2295 3400
205 114 304 163 226
646 110 1146 160 M.Tvt.1,11-

205 209 246 230 ex
257 199 356 229 senatu
369 217 377 231 ,
390 196 441 237 qui
452 203 517 226 rcus
529 192 624 224 ficret:
646 196 698 235 qui
708 214 716 228 ‚
728 191 802 224 dum
813 191 862 224 hic
872 213 880 227 ,
898 203 964 235 quae
975 203 1051 234 opus
1060 191 1164 226 essent,

203 248 389 280 compararet
400 258 408 272 ‚
426 238 542 268 causam
553 238 662 266 interea
671 245 740 267 ante
749 245 820 265 eum
832 235 953 268 diceret.
977 235 1096 276 Qbus
1106 245 1162 276 ego

203 283 293 312 rebus
302 281 375 322 quid
387 279 439 310 iste
452 279 558 318 speret,
572 278 605 307 ὃς
615 276 676 317 quo
686 279 827 309 animum
838 277 990 311 intendat,
1000 276 1088 308 facile
1099 286 1167 317 per-

204 324 309 364 spicio,
333 321 539 363 Qaniobrem
551 318 623 350 vero
637 319 665 349 se
675 317 807 350 confidat
817 319 929 360 aliquid
939 317 1080 359 perficere
1097 319 1168 359 pos-

204 366 234 396 sc
244 385 252 398 ,
280 368 291 385 ¹
304 365 361 394 lioc
372 363 536 393 Glabrione
553 370 676 401 praetore
687 382 696 394 ,
717 361 750 391 &
760 363 818 391 hoc
828 360 955 391 consilio
965 380 973 394 ‚
998 361 1165 402 intelligere

203 416 268 437 non
279 404 408 446 possum.
433 407 540 434 Unum
557 402 634 433 illud
645 403 803 444 intelligo,
821 402 903 444 quod
915 412 1022 442 praetor
1036 404 1070 433 in
1089 403 1165 442 reje-

203 448 307 478 ctione
319 447 452 483 iudicum
462 445 607 484 judicavit
617 465 624 478 ,
644 455 677 475 ea
687 445 734 484 spe
745 443 836 475 istum
845 444 932 475 fuisse
942 445 1102 485 praeditum
1112 465 1120 478 ,
1133 453 1165 474 ut

201 498 310 519 omnem
320 488 455 517 rationem
460 486 560 526 stilum
578 486 608 514 in
615 487 735 528 pecunia
741 493 849 528 ponerer
857 498 868 514 .·
887 488 946 517 hoc
958 496 1059 527 erepto
1068 486 1164 526 praesi-

165 535 189 568 4
203 531 255 561 dio
267 550 276 565 ,
297 539 329 560 ut
339 530 454 559 nullam
467 527 528 558 sibi·
538 538 601 558 rem
621 529 799 568 adjumento
810 527 873 559 fore
888 529 1084 559 arbitraretur.
1109 531 1165 559 Et-

200 575 286 603 enim
297 570 377 613 quod
387 570 430 601 cst
443 572 601 611 ingenium
611 579 726 600 tantum
740 575 750 600 Ξ
762 580 826 611 quae
838 579 917 601 tanta
927 569 1050 601 facultas
1059 570 1163 600 dicen-

200 614 245 648 di,
257 614 289 644 &
298 614 394 653 copia,
406 622 471 654 quae
482 611 565 648 istius
578 621 671 642 vitam
681 633 689 646 ,
706 620 750 643 tot
760 616 774 631 2
786 614 868 642 vitiis
879 632 887 646 ‚
902 611 1078 653 flagitiisque
1087 622 1163 643 con—

199 656 316 686 vifihim
328 675 336 689 ‚
348 656 411 695 jam
422 653 539 695 pridem
550 657 694 684 omnium
703 654 857 684 voluntate
870 674 878 687 ,
893 655 1065 695 judicioque
1077 654 1163 684 dam-

201 707 302 728 natam
313 717 322 731 ‚
338 697 438 738 aliqua
446 706 484 726 ex
493 705 573 736 parte
582 694 668 736 possit
678 694 838 726 defendere
849 699 860 725 ?
871 697 962 735 Cujus
972 705 1004 726 ut
1013 695 1162 735 adolescen-

198 740 246 769 tiae
255 738 379 768 maculas
389 758 397 772 ‚
417 737 659 780 ignominiasque
668 746 839 777 praeteream
853 748 857 766 :
870 737 1013 778 quaestura
1026 758 1033 771 ‚
1047 740 1162 777 primus

201 780 308 822 gradus
320 781 446 811 honoris
456 800 464 814 ,
484 779 557 820 quid
566 780 648 810 aliud
660 779 747 809 habet
757 781 789 810 in
801 780 827 809 se
839 800 847 813 ,
859 778 914 809 nisi
925 783 979 810 Cn.
992 780 1160 809 Carbonem

199 823 364 862 spoliatum
381 822 396 853 ’.ὶ
407 821 551 863 quaestore
571 821 622 851 suo
634 823 758 861 pecunia
776 821 915 861 publica?
935 821 1083 851 nudatum
1092 840 1101 854 ‚
1129 821 1162 850 δε

199 864 359 905 proditum
367 864 545 894 consulem?
561 862 709 893 desertum
730 865 897 892 exercitum
909 883 917 896 ‚
938 862 1077 892 relictam
1093 871 1163 901 pro-

199 908 356 938 vinciam?
375 906 459 936 sortis
470 903 717 935 necessitudinem
728 925 735 938 ,
756 905 998 945 religionemque
1007 904 1163 933 violatam?

199 948 297 988 eujus
307 949 565 989 legatio,exitium
576 945 633 975 fuit
643 945 716 976 Aslae
727 948 830 978 totius,
843 946 874 975 &
885 946 1069 985 Pamphiliae.
1085 946 1162 989 QLi-

199 989 299 1020 busin
308 991 472 1030 provinciis
482 989 590 1018 multas
600 988 720 1020 domos,
732 987 876 1026 plurimas
888 987 974 1017 urbes
986 1007 994 1020 ‚
1006 989 1110 1017 omnia
1119 991 1163 1016 ia-

199 1042 241 1062 na
250 1031 438 1072 depeculatus
449 1030 491 1060 est
500 1050 507 1063 ‚
526 1030 596 1060 cum
607 1031 640 1058 in
652 1032 705 1059 Cn.
719 1028 912 1059 Dolabellam
924 1029 1016 1059 scelus
1027 1029 1115 1059 suum
1127 1028 1163 1058 il-

201 1073 254 1104 Iud
265 1072 425 1114 pristinum
437 1073 590 1102 renovavit
601 1091 609 1104 ,
631 1071 663 1100 8<
674 1069 846 1100 instauravit
854 1069 1047 1111 quaestorium
1060 1082 1064 1099 z
1090 1069 1162 1100 cum

202 1125 275 1146 eum
286 1135 295 1149 ,
312 1116 360 1145 cui
371 1115 481 1154 legatus
491 1134 499 1147 ,
512 1113 544 1143 &
554 1123 606 1152 pro
616 1111 761 1153 quaestore
772 1110 873 1142 fuisset
884 1132 892 1146 ,
914 1113 942 1141 in
954 1112 1095 1141 invidiam
1104 1112 1162 1151 fias

202 1156 349 1196 maleficiis
357 1156 478 1184 adcinxit
489 1176 497 1188 ‚
519 1155 593 1185 &in
604 1152 670 1194 ipsis
679 1154 821 1194 periculis
830 1164 894 1184 non
912 1154 1012 1184 solum
1023 1154 1163 1187 deseruit,

202 1198 253 1229 sed
263 1200 353 1228 etiam
365 1198 549 1238 oppugnavit
559 1216 568 1231 ,
588 1206 620 1226 ac
630 1196 771 1235 prodidit.
795 1196 880 1235 cujus
899 1206 1022 1236 praetura
1041 1196 1162 1229 urbana,

201 1240 315 1270 audium
326 1240 482 1269 sacrarium
491 1237 548 1268 fuit
559 1258 567 1272 ,
587 1238 840 1278 publicorumque
857 1246 987 1278 operum
1004 1237 1164 1278 depopula—

201 1283 264 1312 tio:
288 1281 377 1311 simul
387 1281 492 1319 injure
502 1280 636 1310 dicundo
648 1300 656 1313 ‚
676 1280 827 1310 bonorum
840 1299 848 1313 ‚
873 1278 1158 1320 poss'effionumque,

201 1332 306 1353 contra
324 1325 466 1353 omnium
486 1321 620 1352 instituta
631 1341 638 1355 ‚
660 1321 793 1352 addietio
806 1342 814 1354 ,
834 1321 867 1351 &
877 1321 1071 1352 condonatio.
1093 1323 1161 1363 Jam

199 1363 275 1395 verb
285 1367 428 1395 omnium
438 1366 586 1394 vitiorum
597 1364 719 1393 suorum
731 1364 862 1403 plurima
872 1383 880 1396 ‚
899 1364 932 1393 ὃς
944 1365 1079 1393 maxima
1089 1373 1164 1393 con-

202 1406 299 1438 stituit
309 1415 510 1437 monumenta
524 1426 532 1439 ,
557 1406 590 1436 &
600 1405 711 1435 indicia
720 1408 752 1435 in
761 1407 918 1445 provincia
931 1406 1046 1436 Sicilia:
1070 1415 1159 1446 quam

201 1448 255 1479 iste
273 1458 326 1488 per
335 1450 501 1479 triennium
528 1451 540 1475 3
554 1450 592 1477 ita
600 1449 719 1477 vexavit
730 1467 737 1480 ‚
756 1457 787 1477 ac
802 1446 933 1486 perdidit
943 1467 951 1481 ‚
971 1456 1002 1478 ut
1013 1457 1046 1478 ea
1055 1445 1162 1483 restitui

197 1491 230 1520 1'71
240 1489 509 1531 aririqmtmstarum
527 1490 598 1518 nullo
608 1489 684 1518 modo
691 1488 773 1530 poffir
782 1500 792 1515 :
811 1490 865 1518 vix
877 1498 976 1519 autem
987 1499 1039 1529 pei·
1049 1489 1163 1519 multos

200 1542 298 1562 annos
319 1553 327 1566 ,
348 1534 595 1572 innocenteisquc
621 1540 759 1571 praetores
778 1531 876 1572 aliqua
891 1541 929 1561 ex
946 1541 1026 1571 parte
1047 1531 1162 1559 recreari

198 1574 361 1614 aliquando
378 1572 459 1614 pofl'e
476 1573 619 1604 videatur.
645 1575 714 1602 Hoc
732 1582 854 1613 praetore
865 1573 958 1603 Siculi
976 1583 1073 1614 neque
1100 1573 1163 1603 suas

199 1616 281 1658 leges
293 1636 301 1649 ,
320 1626 418 1657 neque
428 1615 527 1646 nostra
537 1615 785 1645 senatusconsulta
796 1635 804 1648 ,
817 1624 914 1655 neque
928 1616 1162 1654 communia-ju-

200 1668 233 1688 ra
252 1657 420 1688 tenuerunt.
447 1667 563 1688 tantum
583 1657 707 1697 quisque
726 1657 813 1687 habet
829 1658 861 1686 in
871 1657 972 1686 Sicilia
984 1677 993 1691 ‚
1015 1665 1161 1697 quantum

201 1700 339 1730 homin-is
350 1698 508 1730 avariffimi
521 1699 553 1728 δε
563 1696 794 1728 libidinosiffimi
804 1707 854 1728 aut
864 1699 1081 1739 imprudentiam
1092 1699 1162 1729 sub-

162 1756 184 1788 5
204 1741 324 1782 terfugit
335 1761 354 1778 „
366 1751 415 1771 aut
428 1741 563 1781 fittierarz'
575 1739 725 1780 superfuit.
750 1741 843 1770 Nulla
859 1750 904 1770 res
919 1750 972 1781 per
981 1742 1158 1774 triennium,

202 1782 259 1814 nisi
269 1783 304 1815 ad
315 1792 424 1813 nutum
444 1782 527 1814 istius
538 1802 547 1816 ‚
563 1782 693 1821 judicata
704 1781 746 1812 est
758 1792 763 1811 :
781 1782 865 1812 nulla
877 1791 921 1812 res
936 1791 995 1813 tam
1006 1784 1099 1822 pati-ia
1109 1793 1159 1812 cu-

197 1825 338 1866 jusquam
351 1845 359 1859 ‚
378 1834 463 1866 atque
473 1826 550 1854 avita
558 1823 617 1854 fuit
626 1844 634 1858 ‚
654 1833 720 1864 quae
729 1834 792 1854 non
801 1824 836 1854 ab
844 1834 880 1854 eo
893 1844 900 1857 ‚
921 1825 1051 1864 imperio
1062 1823 1158 1858 istius,

198 1867 426 1907 abjudicaretur.
450 1866 688 1896 Innumerabiles
698 1868 835 1905 pecuniae
851 1876 888 1896 ex
898 1875 1047 1896 aratorum
1059 1866 1158 1900 bonis,

197 1918 285 1939 novo
296 1928 305 1943 ‚
325 1908 499 1949 nefarioque
512 1907 649 1938 instituto
657 1906 766 1937 caniae
779 1918 784 1936 2
805 1908 877 1938 socii
889 1906 1053 1938 fideliffimi
1062 1910 1095 1938 in
1105 1909 1161 1938 ho-

196 1949 290 1981 stium
302 1960 430 1982 numero
440 1949 609 1980 existimati:
620 1951 700 1980 cives
711 1952 748 1980 R.
762 1949 897 1980 servilem
909 1952 941 1980 in
953 1950 1084 1980 modum
1096 1960 1163 1980 cru-

199 1994 282 2027 ciati,
294 1992 327 2023 ὃς
336 1994 434 2023 necati
445 2003 450 2021 :
461 1994 604 2022 homines
615 1991 796 2032 nocenti-'ffimi
802 1999 911 2034 propter
918 1992 1161 2034 pecuniasjudicio
1180 2011 1182 2029 ,

196 2032 315 2064 liberari
327 2033 558 2067 :honefflffimi‚.
567 2042 652 2074 atque
664 2035 851 2075 integerrimi
863 2054 871 2068 ‚
883 2033 1018 2064 absentes
1027 2036 1069 2064 rei
1078 2033 1162 2068 faeti,

197 2075 316 2106 indieta
323 2076 408 2106 causa
416 2076 550 2106 damnati
562 2096 571 2109 ,
587 2075 620 2105 &
630 2074 718 2115 ejeeu
729 2095 737 2109 ‚
753 2084 857 2115 portus
867 2074 1059 2106 munitiffimi
1072 2088 1080 2110 3
1097 2086 1162 2106 ma-

196 2119 293 2148 xjmae
306 2138 315 2150 ,
327 2116 537 2158 tutiffimaeque
548 2117 636 2147 urbes
649 2137 660 2150 ,
671 2118 780 2156 piratis,
793 2117 1043 2158 praedonibusque
1052 2117 1163 2157 patefa-

197 2158 256 2189 &ae
267 2170 272 2188 z
283 2169 378 2189 nautae
389 2178 398 2192 ,
411 2160 580 2205 militesque
592 2159 774 2191 Siculorum,
786 2159 859 2188 socii
872 2158 977 2192 nostri,
988 2168 1074 2200 atque
1084 2161 1162 2189 ami-

195 2203 225 2230 ci
237 2221 245 2235 ,
253 2197 334 2231 fame
345 2202 454 2231 necati:
468 2200 567 2231 clafles
577 2202 712 2240 optim-x,
721 2209 808 2240 atque
818 2198 1073 2240 opportuniffimae
1087 2211 1157 2231 curn

196 2244 474 2284 magnaignomina
482 2242 587 2282 populi
596 2243 731 2272 Romani
740 2239 862 2274 amissae,
878 2241 911 2271 ὃς
920 2241 1051 2281 perditae.
1072 2242 1158 2272 Idem

197 2283 253 2315 isse
269 2293 377 2324 praetor
393 2292 596 2314 monumenta
611 2281 812 2324 antiquissima
828 2284 935 2322 pai-tim
953 2293 1058 2324 regum
1073 2284 1159 2313 locu-

195 2324 430 2366 pletiffimoium
443 2346 451 2359 ,
461 2335 526 2366 quae
537 2325 582 2355 illi
591 2333 770 2355 ornamento
781 2324 904 2355 urbibus
916 2323 973 2354 ess'e
984 2325 1156 2358 voluerunt,

197 2369 309 2408 partim
320 2369 411 2398 etiam
420 2367 592 2398 nostrorum
602 2368 830 2406 imperatorum,
842 2376 907 2407 quae
917 2365 1046 2396 victores
1054 2368 1159 2396 civita-

200 2410 281 2440 tibus
291 2409 397 2440 Siculis
406 2428 416 2443 ,
435 2417 486 2439 aut
504 2407 652 2439 dederunt
661 2428 670 2441 ‚
687 2417 736 2438 aut
745 2407 939 2438 reddiderunt
948 2427 957 2441 ‚
980 2408 1155 2448 41'poliavir,

199 2451 384 2491 nudavitque
394 2452 508 2481 omnia.
531 2453 639 2490 Neque
651 2451 707 2479 hoc
719 2450 819 2479 solum
829 2451 862 2479 in
872 2448 984 2483 statuis,
995 2459 1158 2479 ornamen-

199 2493 295 2534 tisque
326 2493 433 2522 ublicis
446 2491 533 2522 fecit:
551 2492 600 2522 sed
613 2494 703 2522 etiam
712 2490 827 2521 delubra
836 2491 927 2520 omnia
932 2490 1107 2531 fiinstiffimu
1117 2501 1159 2520 re-

197 2502 352 2574 ιιζιοηιῗκς
361 2534 515 2573 consecrata
524 2533 715 2574 depeculatus
725 2532 767 2564 est
778 2544 782 2562 :
793 2533 884 2564 deum
895 2533 1026 2574 denique
1036 2533 1156 2562 nullum

199 2577 377 2616 Siculis,qui
391 2587 418 2605 ei
429 2574 518 2616 paulo
527 2577 621 2617 magis
632 2573 741 2606 affabre
754 2584 840 2616 atque
849 2577 972 2615 antiquo
982 2573 1107 2604 artificio
1116 2573 1160 2604 fa-

198 2616 266 2648 ftus
275 2617 444 2649 videretur,
469 2618 596 2658 reliquit.
621 2620 658 2647 In
668 2616 774 2657 stupris
785 2615 856 2647 vero
867 2637 875 2650 ,
899 2616 932 2646 &
943 2615 1061 2657 flagitiis
1072 2615 1155 2646 nefa-

197 2662 253 2690 rias
264 2659 478 2700 ejuslibidines
487 2669 727 2690 commemorare
738 2679 747 2693 ‚
766 2658 880 2699 pudore
890 2658 1049 2689 deteri-eor.
1068 2656 1156 2690 fimul

239 2792 261 2809 1.
283 2787 327 2809 Hoc
337 2785 459 2809 Glabrione
467 2786 595 2819 ¹P›·aetore.]
610 2785 769 2819 Expunxere
780 2784 826 2811 alii
837 2794 932 2811 nomen
943 2784 1074 2810 Glabrionis
1086 2803 1093 2815 ‚
1105 2793 1154 2809 no-

195 2819 235 2845 i-:i
246 2828 289 2845 cos
302 2819 382 2855 sequi.
393 2827 420 2845 at
431 2821 517 2855 postca
526 2820 557 2845 iis
567 2820 718 2846 aufftoribus
729 2820 816 2847 delevi
827 2825 962 2854 Romanus,-
974 2819 1043 2856 quod
1054 2820 1080 2847 iii
1093 2820 1154 2846 uul-

193 2855 223 2881 J.i
232 2855 350 2890 alioquin
361 2863 416 2881 erait
427 2855 543 2882 editione
555 2857 657 2887 veteri,
669 2864 714 2882 aut
723 2856 789 2883 :ideo
800 2857 825 2883 in
838 2857 905 2883 Pau,

232 2899 262 2916 2.
281 2891 497 2925 Μιίἱῑβαςηὶᾔὶχκε
507 2892 662 2926 σοηνίίῖαηι]
685 2892 753 2918 Pall.
764 2893 801 2918 ita
811 2892 899 2929 scripti
910 2892 968 2919 sunt
980 2911 988 2923 ,
1006 2898 1036 2918 ut
1046 2889 1154 2917 difficile
1175 2902 1176 2912 i

198 2926 230 2954 s2t
241 2926 357 2957 judit-arc
369 2945 377 2958 ,
388 2928 562 2953 iiialuerintiie
574 2930 718 2962 cmjmfz'am
729 2938 758 2954 an
771 2932 936 2961 convini⁴lam5
947 2929 975 2954 Sc
988 2930 1050 2954 vero
1063 2927 1152 2954 malim

199 2963 338 2994 ultimum,
349 2964 430 2997 quirin
440 2963 638 2996 coxi-iettaneum
650 2964 771 2991 Lambini
783 2968 967 2999 coinquinatam.

238 3007 264 3033 3.
285 3001 324 3023 Ita
333 3002 437 3024 vexavit
446 3008 474 3024 at
482 2999 609 3033 pei-didit]
623 3000 755 3027 Reme-:iri
767 2999 909 3027 letfrionem
922 2999 978 3026 inis.
996 2999 1023 3025 ἃ*
1036 2998 1153 3026 Asconii.

201 3035 265 3060 neni
275 3035 423 3070 antiquitus
433 3034 576 3061 editorum.
604 3037 651 3062 aevi
671 3037 740 3062 euim
756 3036 855 3069 medii,
875 3041 911 3063 ita
929 3038 1039 3070 vastavit
1050 3055 1058 3067 ,
1076 3045 1157 3062 vexa-

201 3078 238 3095 ’m
250 3089 257 3101 ,
267 3072 319 3101 dvc.

235 3114 263 3137 4.
282 3107 553 3140 spilla-firmavitque
563 3107 665 3140 omnia]
683 3107 738 3133 Pil.
749 3117 789 3143 pr.
801 3108 998 3141 conmidiimiriyue.
1017 3107 1088 3143 quod
1100 3115 1154 3136 tam

201 3150 300 3176 :ai-um,
312 3141 432 3171 librarius
443 3152 494 3171 non
506 3143 643 3179 expromt,
653 3143 699 3172 uisi
709 3144 735 3173 iu
741 3152 847 3174 vetitiun
857 3154 884 3173 iii
895 3153 925 3173 au
931 3144 1057 3174 isenrico.
1176 3139 1181 3183 ξ

1219 108 1745 158 C1czRoN1s

1210 191 1333 223 illorum
1343 191 1539 222 calamitatem
1547 193 1778 223 commemorando
1789 202 1888 234 augere
1898 192 1965 224 nolo.
1975 192 2085 235 quibus
2095 191 2176 225 libe·

1211 244 1258 264 ros
1269 254 1278 269 ‚
1288 235 1357 274 conj
1362 235 1488 276 ugesque
1498 235 1561 265 suas
1571 251 1584 268 r
1600 237 1727 276 integras
1739 236 1775 265 ab
1785 235 1869 266 istius
1879 236 2042 276 petulantia
2051 236 2172 266 conser-

1208 286 1277 306 vare
1295 286 1362 307 non
1384 278 1504 307 licitum
1523 276 1577 306 est.
1601 279 1641 307 At
1657 279 1740 308 enim
1761 278 1823 308 haec
1834 280 1873 307 ita
1882 275 2040 307 commissa
2051 277 2117 307 sunt
2133 277 2171 308 ab

1209 317 1266 349 isto
1277 338 1286 353 ,
1308 327 1341 348 ut
1351 329 1402 348 non
1416 318 1593 359 cognitafint
1611 319 1648 348 ab
1658 319 1813 348 omnibus.
1839 321 2010 349 Hominem
2022 317 2079 348 ess'e
2090 318 2170 349 arbi-

1209 369 1269 391 tror
1279 363 1437 391 neminem
1449 380 1457 394 ,
1467 362 1519 400 qui
1532 371 1649 390 nornen
1659 360 1743 390 istius
1754 361 1879 391 audierit
1890 381 1898 395 ,
1918 362 1993 401 quin
2007 359 2083 390 faEta
2092 370 2169 400 quo-

1207 412 1265 443 que
1284 403 1348 442 ejus
1367 401 1478 432 nefaria
1495 412 1734 432 commemorare
1753 401 1839 442 possir
1859 413 1863 431 z
1887 412 1919 433 ut
1934 403 2013 432 mihi
2024 404 2117 443 magis
2129 404 2168 432 ti-

1208 443 1355 474 mendum
1367 442 1400 473 sit
1411 463 1419 477 ,
1431 453 1468 474 ne
1478 445 1573 474 multa
1581 445 1708 473 crimina
1718 446 1940 483 praetermittere
1949 464 1956 478 2
1964 443 2055 485 quam
2065 450 2102 473 ne
2110 453 2168 484 qua

1206 487 1240 515 in
1250 485 1341 525 istum
1355 484 1648 527 fingei·e“existimei·.
1674 488 1781 526 Neque
1792 488 1877 516 enim
1887 487 1964 516 mibi
1975 485 2093 516 videtur
2103 487 2166 516 haec

1207 527 1390 561 multitudo,
1418 537 1484 568 quae
1493 527 1528 556 ad
1539 526 1727 556 audiendum
1746 527 1909 561 convenit,
1932 527 2109 569 cognoscere
2125 537 2166 558 ex

1206 579 1255 598 me
1265 570 1379 599 causam
1390 566 1518 599 voluisse
1530 579 1542 600 2.
1552 568 1602 600 sed
1614 579 1645 598 ea
1661 588 1669 602 ‚
1688 579 1753 609 quae
1764 570 1816 600 scit
1828 590 1842 606 ‚‚
1855 580 1963 598 mecum
1972 569 2162 609 recognoscere.

1205 613 1279 652 Qae
1289 621 1359 641 cum
1379 612 1418 641 ita
1435 609 1491 640 sint
1502 630 1510 644 ‚
1534 609 1587 640 iste
1599 611 1695 640 homo
1706 621 1810 641 amens
1821 632 1829 645 ‚
1850 622 1882 641 ac
1891 612 2022 651 perditus
2033 610 2088 641 alia
2099 621 2163 641 me-
2182 611 2204 645 6

1205 663 1274 683 cum
1294 655 1408 683 ratione
1417 661 1540 694 pugnat.
1565 662 1631 682 non
1640 652 1671 682 id
1683 655 1743 694 agit
1753 673 1761 686 ‚
1782 662 1815 683 ut
1825 654 1950 691 alicujus
1959 653 2163 694 eloquentiam

1206 696 1285 724 mi'ni
1295 703 1426 735 opponat
1438 705 1444 723 ;
1456 704 1520 724 non
1530 696 1629 735 gratia,
1639 704 1702 724 non
1713 694 1885 725 auctoritate
1895 695 2068 736 cujusquam
2080 715 2088 728 ‚
2100 705 2165 725 non

1205 739 1339 776 potentia
1349 738 1462 766 nititur.
1488 734 1606 765 simulat
1617 737 1663 765 his
1680 736 1707 766 se
1717 736 1805 766 rebus
1814 735 1963 766 confidere
1975 747 1980 764 :
2002 737 2050 766 sed
2062 736 2164 770 video,

1204 777 1276 817 quid
1293 787 1371 819 agat:
1393 778 1502 818 (neque
1515 779 1598 807 enim
1614 779 1673 819 agit
1684 776 1894 818 occultissime)
1911 779 2052 818 proponit
2069 779 2166 807 inania,

1208 819 1287 850 mihi
1299 818 1452 848 nobilitata
1462 839 1470 852 ‚
1492 820 1552 848 hoc
1561 818 1603 849 est
1613 840 1620 852 ‚
1644 819 1810 849 hominum
1826 828 2029 861 arrogantium
2040 820 2165 849 nomina.-

1206 862 1331 900 quinon
1343 870 1403 890 tam
1415 871 1464 890 me
1476 860 1649 899 impediunt
1658 881 1665 894 ‚
1686 860 1769 901 quod
1780 862 1896 891 nobiles
1907 862 1975 891 sunt
1984 881 1992 894 ‚
2012 862 2102 902 quam
2113 862 2165 892 ad-

1182 901 1184 907 '
1203 903 1312 942 juvant
1324 922 1332 935 ‚
1342 901 1425 943 quod
1436 905 1503 932 noti
1514 903 1592 932 sunt.
1605 901 1723 933 simulat
1733 903 1760 932 se
1770 913 1876 933 eorum
1887 901 2021 943 praesidio
2031 902 2165 933 confide-

1208 954 1239 973 re
1251 963 1258 976 ‚
1270 943 1342 974 cum
1352 947 1466 974 interea
1476 944 1558 980 aliud
1568 944 1712 984 quiddam
1721 945 1782 984 jam
1793 944 1844 974 diu
1854 946 2052 975 machinetur.
2065 948 2178 986 Qatn-

1209 986 1292 1025 spem
1302 996 1383 1016 nunc
1394 985 1497 1016 habeat
1505 986 1538 1015 in
1548 986 1687 1015 manibus
1700 1007 1708 1019 ‚
1729 986 1762 1016 &
1771 986 1844 1027 quid
1855 987 1998 1016 moliatur
2008 1007 2016 1019 ,
2036 986 2166 1017 breviter

1204 1028 1268 1066 jam
1280 1047 1289 1060 ,
1308 1027 1424 1067 judices
1436 1048 1444 1061 ,
1461 1037 1612 1066 exponam
1621 1048 1629 1061 ‚
1652 1027 1700 1057 sed
1711 1030 1755 1067 pri
1762 1026 1794 1057 iis
1804 1048 1812 1061 ,
1831 1037 1863 1058 ut
1872 1029 1907 1058 ab
1927 1030 2017 1058 initio
2028 1038 2072 1058 res
2082 1029 2117 1058 ab
2127 1039 2165 1058 eo

1206 1068 1367 1105 constituta
1377 1068 1411 1099 sit
1420 1089 1429 1103 ‚
1443 1070 1560 1110 quaeso,
1581 1070 1758 1111 cognoscite.
1782 1073 1825 1100 Ut
1835 1069 1971 1110 primum
1983 1069 1999 1099 ὲ
2008 1072 2165 1109 provincia

1205 1110 1294 1140 rediit
1303 1131 1312 1144 ‚
1325 1111 1471 1153 redemptio
1482 1108 1524 1140 es‘?
1531 1110 1811 1150 htajusjucli'cz'ifasta
1817 1112 1922 1152 grandi
1928 1112 2056 1153 pecunia.
2074 1121 2162 1142 man-

1206 1150 1239 1183 sit
1250 1154 1283 1182 in
1292 1153 1469 1183 conditione
1478 1172 1486 1186 ‚
1498 1161 1584 1193 atque
1595 1152 1682 1192 paeto
1704 1156 1716 1179 5
1729 1153 1818 1193 usque
1829 1153 1864 1183 ad
1874 1163 1946 1182 eum
1957 1152 2050 1182 linem
2061 1173 2070 1186 ‚
2088 1153 2162 1184 dum

1205 1195 1320 1234 judices
1330 1193 1433 1235 rejeffi
1443 1194 1523 1224 sunt.
1542 1193 1734 1235 posteaquam
1746 1193 1870 1233 rejectio
1876 1195 2015 1233 judicum
2026 1194 2102 1225 fa&
2111 1191 2162 1226 est:

1206 1235 1288 1277 quod
1300 1236 1373 1266 &in
1385 1237 1552 1269 sortitione,
1564 1235 1649 1266 istius
1661 1236 1741 1275 spem
1753 1255 1760 1269 ‚
1782 1234 1798 1255 ⁶
1800 1236 1921 1275 fortuna
1926 1236 2022 1278 populi
2031 1238 2164 1270 Romani,

1209 1279 1241 1308 &
1253 1280 1285 1308 in
1294 1278 1466 1319 rejiciendis
1474 1277 1627 1318 judicibus
1635 1288 1697 1306 mea
1705 1278 1742 1306 die
1748 1279 1856 1318 igentia
1864 1278 1990 1312 istorum
2000 1278 2167 1318 impuden-

1205 1322 1278 1350 tiam
1289 1322 1399 1350 vicerat
1412 1330 1417 1349 ;
1440 1325 1457 1348 7
1464 1321 1636 1350 renunciata
1646 1319 1689 1350 cst
1705 1329 1764 1350 tota
1778 1320 1956 1359 condufitio.
1978 1320 2117 1352 Praeciare
2134 1320 2162 1355 se

1204 1372 1249 1392 res
1265 1362 1398 1392 habebat.
1422 1361 1519 1392 libelli
1529 1363 1696 1392 nominum
1706 1361 1874 1392 vestrorum
1887 1383 1896 1395 ,
1919 1360 2097 1403 consiliique
2106 1363 2163 1395 hue

1200 1405 1251 1444 jus
1269 1405 1303 1434 in
1322 1403 1462 1434 manibus
1473 1412 1556 1433 erant
1574 1406 1726 1433 omnium.
1751 1404 1836 1434 nulla
1844 1412 1915 1436 nota
1924 1425 1932 1437 ‚
1953 1404 2056 1435 nullus
2067 1404 2163 1439 color,

1205 1446 1298 1476 nullae
1306 1445 1406 1476 sordes
1416 1445 1596 1476 videbantur
1605 1446 1652 1475 his
1663 1446 1820 1476 sententiis
1829 1446 1916 1476 allin'i
1923 1444 2015 1486 posse:
2026 1444 2099 1476 cum
2109 1445 2163 1476 iste

1202 1487 1325 1528 repente
1336 1497 1375 1517 ex
1385 1487 1472 1518 alacri
1480 1496 1567 1528 atque
1577 1487 1645 1518 laeto
1656 1507 1664 1521 ,
1686 1486 1724 1517 fic
1733 1497 1793 1517 erat
1802 1488 1927 1518 humilis
1938 1508 1947 1521 ‚
1959 1490 2047 1528 atque
2056 1487 2166 1519 dimis-

1203 1529 1251 1560 sus
1263 1549 1271 1563 ,
1290 1539 1322 1559 ut
1338 1539 1402 1559 non
1417 1528 1513 1559 modo
1529 1529 1644 1569 populo
1655 1531 1695 1559 R.
1708 1529 1756 1561 sed
1773 1530 1865 1559 etiam
1875 1527 1929 1559 fibi
1945 1530 2006 1569 ipse
2016 1529 2159 1560 condem—

1206 1580 1293 1602 natus
1303 1570 1462 1601 videretur.
1487 1565 1501 1589 3
1513 1572 1586 1601 Ecce
1595 1579 1696 1601 autem
1713 1571 1834 1611 repente
1846 1591 1855 1605 ,
1878 1572 1925 1602 his
1936 1571 2042 1601 diebus
2051 1573 2163 1611 paucis,

1201 1614 1336 1643 comitiis
1345 1612 1551 1643 consularibus
1562 1611 1647 1643 fastis
1658 1633 1666 1646 ‚
1689 1612 1793 1643 eadem
1812 1613 1863 1643 illa
1872 1622 1970 1644 vetera
1978 1612 2100 1644 consilia
2113 1621 2164 1654 pe·

1203 1656 1287 1685 cunia
1295 1655 1399 1694 majore
1407 1661 1567 1697 repetuntur
1577 1675 1586 1688 ‚
1604 1654 1778 1695 eaedemque
1786 1654 1890 1685 vestrae
1897 1654 1986 1685 famae
1997 1675 2005 1689 ‚
2016 1653 2167 1686 fortunii?-

1203 1707 1260 1738 que
1282 1699 1426 1727 omnium
1445 1695 1558 1727 insidiae
1573 1706 1625 1737 per
1642 1696 1764 1727 eosdem
1782 1697 1926 1727 homines
1941 1705 2161 1736 comparantur.

1205 1742 1279 1781 Qae
1289 1749 1334 1768 res
1342 1737 1443 1780 primo
1454 1759 1462 1772 ,
1479 1749 1489 1778 J
1495 1737 1596 1769 udices
1607 1759 1616 1772 ‚
1628 1740 1766 1778 pertenui
1775 1739 1866 1769 nobis
1874 1747 2052 1780 argumento
2060 1758 2069 1771 ‚
2077 1748 2087 1778 J
2093 1738 2162 1769 udi·

1204 1783 1312 1822 cioque
1321 1780 1464 1822 patefaffihi
1473 1779 1516 1810 est
1525 1791 1530 1809 :
1538 1778 1607 1820 post
1615 1789 1714 1820 aperto
1723 1780 1899 1820 suspicionis
1908 1782 2034 1811 introitu
2043 1779 2080 1810 ad
2089 1790 2160 1810 om-

1205 1825 1256 1853 nia
1273 1825 1383 1854 intima
1400 1821 1528 1852 istorum
1545 1820 1668 1852 consilia
1686 1822 1747 1852 fine
1758 1823 1824 1852 ullo
1839 1833 1937 1852 errore
1953 1823 2157 1862 pei-venimusi

1206 1867 1288 1895 Nam
1300 1873 1332 1895 ut
1341 1863 1517 1895 Hortensius
1527 1862 1769 1905 Costdesignatus
1779 1883 1787 1898 ,
1800 1864 1929 1894 domum
1939 1864 2132 1894 reducebatur
2140 1864 2157 1895 ὲ
2179 1872 2198 1906 7

1205 1914 1312 1947 campo
1323 1926 1331 1940 ,
1354 1910 1371 1933 9
1380 1917 1450 1936 cum
1461 1908 1596 1936 maxima
1603 1905 1772 1947 frequentia
1781 1926 1790 1939 ,
1803 1906 1818 1936 a
1829 1905 2043 1936 multitudine:
2061 1904 2094 1936 fit
2104 1906 2159 1937 ob-

1204 1951 1286 1979 viam
1295 1949 1360 1979 casu
1372 1950 1399 1978 ei
1411 1948 1601 1978 multitudini
1611 1950 1737 1978 C.Cui·io
1750 1958 1858 1988 :quem
1868 1958 1923 1990 ego
1933 1949 2094 1978 hominem
2104 1949 2162 1979 ho-

1206 1992 1290 2021 noris
1299 1989 1400 2030 potius
1411 2010 1419 2024 ‚
1440 1989 1532 2031 quam
1550 1990 1744 2020 contumeliae
1763 1991 1847 2020 causa
1861 1992 2058 2020 nominatum
2076 1990 2160 2021 volo.

1205 2034 1328 2064 Etenim
1338 2043 1370 2063 ea
1381 2032 1477 2063 dicam
1491 2053 1500 2065 ‚
1511 2042 1577 2073 quae
1586 2032 1648 2066 ille,
1658 2031 1679 2062 si
1687 2034 1922 2062 commemorari
1931 2030 2082 2066 noluisset,
2093 2042 2160 2062 non

1205 2084 1288 2106 tanto
1307 2077 1340 2104 in
1356 2083 1509 2104 conventu
1522 2094 1532 2107 ,
1553 2083 1612 2103 tam
1630 2073 1726 2114 aperte
1737 2093 1745 2106 ‚
1764 2074 1923 2115 palamque
1939 2072 2067 2103 dixiss'et.
2091 2084 2160 2114 quae

1206 2126 1307 2147 tamen
1316 2115 1332 2146 a
1343 2126 1393 2145 me
1403 2115 1588 2155 pedetentim
1600 2135 1608 2148 ‚
1620 2124 1761 2155 cauteque
1771 2115 1922 2145 dicentur:
1935 2115 2010 2145 ut&
2019 2117 2160 2146 amicitiae

1204 2157 1310 2188 nostrae
1322 2177 1330 2191 ,
1344 2158 1377 2187 &
1386 2157 1537 2197 dignitatis
1545 2157 1628 2186 illius
1638 2156 1738 2186 habita
1746 2158 1820 2186 ratio
1830 2155 1887 2186 effe
1897 2156 2092 2198 intelligatur.
2101 2159 2159 2187 vi-

1203 2199 1293 2230 detad
1303 2200 1401 2239 ipsum
1412 2199 1562 2228 fornicem
1574 2198 1737 2228 Fabianum
1749 2200 1781 2227 in
1791 2198 1875 2229 turba
1885 2201 2019 2228 Verrem.
2029 2199 2158 2239 appellat

1200 2242 1362 2271 hominem
1372 2260 1380 2274 ‚
1393 2241 1426 2270 &
1435 2241 1462 2269 ei
1475 2242 1505 2258 ¹0
1514 2249 1587 2269 voce
1596 2242 1729 2270 maxima
1738 2241 1896 2281 gratulatur
1907 2251 1911 2269 :
1921 2238 1975 2280 ipsi
1984 2240 2158 2275 Hortensio,

1201 2284 1253 2323 qui
1262 2282 1367 2313 consul
1379 2290 1437 2312 erat
1445 2280 1542 2311 faetus
1553 2301 1561 2314 ‚
1572 2283 1750 2322 propinquis
1761 2302 1769 2315 ‚
1782 2281 2007 2323 necessariisque
2018 2283 2093 2322 ejus,
2104 2284 2157 2324 qui

1201 2334 1267 2354 tum
1283 2323 1403 2353 aderant
1418 2343 1426 2357 ‚
1449 2322 1575 2355 verbum
1587 2324 1707 2352 nullum
1726 2322 1797 2353 facit
1818 2334 1823 2352 ε
1847 2334 1918 2354 cum
1935 2325 1994 2354 hoc
2011 2323 2158 2359 consistit,

1202 2367 1283 2395 hunc
1292 2365 1493 2405 amplexatur,
1510 2365 1591 2394 hunc
1604 2365 1689 2403 jubet
1699 2363 1758 2394 sine
1767 2375 1834 2395 cura
1843 2364 1911 2395 esse.
1926 2367 2064 2395 irenuntio
2076 2386 2085 2400 ,
2106 2368 2156 2397 in-

1200 2409 1281 2448 quit,
1294 2405 1346 2436 tibi
1357 2427 1366 2440 ,
1378 2415 1404 2435 te
1413 2406 1530 2435 liodcrms
1539 2408 1656 2436 comitiis
1665 2406 1712 2444 effe
1722 2406 1892 2446 abfhlutum.
1911 2408 2001 2450 Qod
2011 2418 2081 2438 cum
2092 2417 2154 2439 tam

1201 2449 1290 2479 multi
1299 2449 1440 2478 homines
1450 2447 1650 2478 honestissimi
1669 2448 1813 2479 audifl'ent
1822 2469 1830 2482 ‚
1843 2449 1941 2479 statim
1951 2450 1986 2480 ad
1998 2459 2046 2480 me
2057 2449 2157 2480 defer-

1200 2500 1247 2520 tur
1258 2501 1262 2519 :
1273 2489 1373 2520 immo
1383 2489 1456 2520 verb
1467 2510 1474 2523 ‚
1487 2499 1519 2519 ut
1528 2491 1652 2531 quisque
1663 2501 1711 2520 me
1722 2490 1833 2521 viderat
1841 2511 1850 2525 ,
1862 2491 2006 2522 narrabat.
2029 2492 2106 2521 Aliis
2116 2492 2156 2522 il-

1203 2531 1254 2562 lud
1275 2532 1437 2573 indignum
1450 2554 1459 2566 ,
1482 2532 1547 2561 aliis
1565 2533 1727 2562 ridiculum
1745 2532 1911 2563 videbatur.
1932 2533 2086 2562 ridiculum
2103 2535 2152 2568 iis,

1200 2576 1250 2615 qui
1263 2573 1345 2604 istius
1356 2574 1471 2604 causam
1483 2575 1515 2603 in
1527 2571 1648 2604 testium
1660 2573 1718 2604 fide
1728 2594 1737 2608 ,
1757 2576 1790 2604 in
1799 2577 1966 2605 criminum
1975 2577 2089 2605 ratione
2099 2595 2107 2608 ‚
2121 2577 2154 2606 in

1198 2615 1335 2656 judicum
1347 2614 1487 2655 potestate
1498 2635 1506 2649 ‚
1525 2617 1632 2646 nonin
1642 2618 1777 2646 comitiis
1785 2616 1990 2646 consularibus
2002 2637 2011 2649 ‚
2028 2615 2154 2656 positam

1200 2657 1414 2688 arbitrabantur
1429 2668 1434 2687 :
1457 2656 1604 2697 indignum
1621 2660 1678 2693 iis,
1696 2660 1749 2699 qui
1763 2656 1853 2688 altius
1870 2658 2102 2699 perspiciebant,
2121 2659 2155 2689 &

2081 2701 2159 2732 hanc

1237 2792 1249 2816 5
1257 2804 1262 2808 .
1283 2784 1353 2817 [fsque
1363 2784 1396 2809 ad
1403 2786 1532 2817 eiimfimm
1542 2802 1550 2814 ,
1561 2784 1713 2816 ditm-judices
1724 2786 1800 2818 rechi
1808 2783 1893 2818 fiam]
1913 2783 1956 2810 An
1967 2792 2018 2810 non
2030 2782 2157 2818 resipiunt

1197 2818 1296 2853 aliquid
1309 2819 1411 2855 profani
1423 2819 1467 2845 illa
1478 2820 1488 2846 ?
1502 2820 1681 2854 aderimfimvn.

1234 2856 1261 2880 6.
1281 2857 1469 2887 I-bi-mnapnpuli
1476 2856 1599 2889 Romani]
1612 2855 1755 2882 Lambinus
1760 2856 1863 2889 sbi-tuna
1871 2856 2008 2888 rei‘prablicae.
2018 2855 2073 2881 Res
2085 2853 2156 2882 redit

1198 2890 1291 2917 eodem
1305 2911 1312 2921 ‚
1323 2890 1364 2917 scd
1376 2899 1462 2917 tamen
1474 2900 1519 2917 cui·
1530 2891 1596 2918 abiit
1605 2893 1618 2918 ἐι
1630 2892 1758 2927 scriptura
1767 2891 1890 2927 recepta?

1234 2935 1261 2960 7.
1283 2930 1432 2953 Rtnzintiiiia
1440 2929 1478 2952 et?
1486 2934 1533 2952 iota
1544 2928 1686 2961 candubrio]
1701 2929 1808 2954 Pati-um
1818 2936 1874 2953 aevo
1887 2926 1971 2962 viguit
1982 2927 2089 2953 conditio.

1234 2961 1261 2989 8.
1281 2965 1340 2988 Ecci·
1351 2970 1427 2988 antem
1439 2963 1528 2995 repenti*
1537 2964 1571 2988 his
1581 2963 1688 2999 diebm]
1707 2963 1869 2991 Gulielmius
1880 2962 1985 2989 delebat
1994 2961 2061 2988 illud
2073 2970 2155 2995 repen-

1198 3000 1220 3025 ιὲ
1230 3018 1238 3031 ,
1249 3008 1294 3024 ceu
1306 2998 1421 3033 glossarii
1433 2998 1553 3031 alicujus.
2148 3009 2152 3012 ’

1233 3043 1262 3068 9.
1282 3038 1339 3060 Cum
1350 3035 1605 3068 maxiniaficquesm‘a,
1624 3033 1639 3060 (ἶ
1651 3035 1824 3070 multitudine]
1845 3034 1887 3061 Sic
1897 3034 1965 3061 Pall.
1976 3035 2004 3060 Sc
2014 3033 2097 3060 editIO
2107 3033 2159 3060 Vi-

1199 3070 1290 3097 ξίοτίἰ.
1310 3070 1453 3096 Lambinus
1465 3070 1558 3096 maluit
1568 3080 1626 3096 cuin
1639 3071 1795 3097 Hotoinaiii.
1806 3080 1834 3096 ac
1843 3070 2003 3096 multitudine.

1240 3116 1280 3133 10.
1302 3109 1355 3132 iace
1375 3110 1480 3132 „intima
1492 3106 1659 3143 ς(ν-ιιτιιίαῄυιπ]
1680 3107 1823 3145 Ευμςίῡιηο
1842 3106 1910 3136 abest
1929 3108 2066 3134 via‘t'orl'am.
2085 3104 2157 3132 adest

1202 3143 1271 3174 Pau.
1283 3142 1411 3179 editisque
1423 3142 1557 3172 ominbus.
2118 3179 2134 3202 5

2083 3185 2109 3206 1.
2130 3183 2174 3210 pen
