2360 3400
363 82 1986 171 M.T.C1c.Ep1sT.AnQ1N·i-umFRATREM,L1B.1.
2083 131 2174 181 933

520 222 615 283 M.
715 223 1116 283 TULLII
1214 222 1825 288 CICERONIS

222 337 2174 461 EPISTOLARUM

630 519 1053 576 LIBER
1170 520 1753 592 PRRIMUS,

1137 618 1258 663 AD

454 666 1937 791 QUINTUMAERATREM.

425 847 459 875 M
471 845 497 872 Α
507 845 535 872 R
547 844 570 872 C
580 845 610 872 U
619 845 637 872 s
659 844 698 878 Q.
723 842 780 870 FR
792 842 818 869 A
830 843 859 870 Τ
868 842 897 870 R
906 842 938 874 1,
961 842 988 870 S·
1224 842 1283 872 lam
1294 842 1475 874 seditionem
1486 846 1634 876 exercitus
1644 847 1899 886 pertimescimus:
1922 852 2122 893 quaepersaepe
2131 853 2172 884 sa-v

490 887 532 913 Ts
541 894 551 912 i
566 883 749 914 dubitabam,
761 884 834 921 quin
847 882 923 911 hanc
931 879 1088 920 epistolam
1099 880 1181 910 mul-
1224 883 1416 923 pientiss'imis
1427 889 1500 916 viris
1509 887 1697 922 acciderunt,
1709 898 1742 919 ut
1751 910 1758 923 ‚
1769 891 2024 930 quemadmodum
2031 893 2173 934 guberna-

379 955 390 964 L
488 928 509 954 ti
523 925 622 953 nuntii
635 943 643 956 ‚
663 923 742 952 fama
756 923 884 962 denique
897 921 966 951 ess‘et
980 922 1037 961 ipsa
1047 942 1056 954 ‚
1071 922 1121 952 sua
1132 932 1180 952 ce·
1224 933 1292 954 tores
1304 927 1403 966 oprimi
1417 928 1479 956 vim
1493 927 1658 969 tempestatis
1669 950 1678 963 ‚
1698 930 1735 961 sic
1754 932 1801 960 illi
1816 931 1944 962 fortunae
1960 936 2106 974 impetum
2121 936 2172 966 su-

424 964 456 980 >¹
486 967 599 995 leritate
619 965 804 1004 superatura,
826 973 916 1004 tuque
926 963 993 994 ante
1005 963 1040 993 ab
1053 965 1119 993 aliis
1129 974 1181 994 au·
1221 977 1319 1007 perare
1339 978 1403 998 non
1420 968 1545 1008 poss'ent.
1576 972 1649 1001 Tibi
1668 972 1731 1002 data
1748 972 1790 1002 est
1810 973 1927 1004 summa
1946 985 2002 1013 pax
2019 997 2027 1009 ‚
2051 977 2169 1008 summa

309 1029 328 1042 s
392 1015 394 1024 =
416 1004 456 1044 j
487 1007 601 1036 diturus
612 1004 684 1035 css'es
695 1026 703 1039 ,
715 1015 831 1036 annum
843 1003 1117 1041 tertiumacceffifl‘e
1127 1005 1182 1035 de·
1222 1011 1419 1049 tranquillitas
1431 1022 1436 1039 2
1453 1013 1492 1041 ita
1502 1021 1600 1042 tamen
1613 1033 1621 1046 ‚
1634 1022 1665 1042 ut
1676 1024 1707 1043 ea
1716 1014 2113 1056 dormienremgubernatorem
2122 1018 2170 1048 vel

226 1076 236 1089 0
333 1066 337 1073 ,
380 1045 398 1053 ”
441 1064 446 1070 .
487 1047 592 1077 fidem)
610 1047 712 1077 nosti-o
725 1067 733 1081 ‚
755 1047 788 1077 &
804 1047 897 1078 labori
913 1056 1104 1083 monumen
1115 1049 1181 1077 exi-
1219 1049 1346 1085 obruere,
1366 1052 1536 1092 vzgtlantem
1550 1062 1637 1082 enam
1652 1054 1783 1085 detestare
1796 1056 1886 1097 poffit.
1909 1058 2125 1090 Constateni'm
2140 1070 2174 1091 ea

251 1084 273 1096 ''
307 1087 332 1101 ἕ
346 1097 353 1102 ··
487 1089 607 1119 stimavi
628 1089 644 1119 a
664 1100 711 1119 me
733 1098 856 1130 quoque
868 1088 923 1118 tibi
932 1089 1021 1126 'nujus
1033 1089 1181 1119 moiestjae
1218 1095 1373 1133 provinc-ia
1383 1094 1516 1133 primum
1527 1106 1565 1125 ex
1576 1106 1611 1125 eo
1620 1107 1726 1137 genere
1736 1098 1887 1128 sociorum
1899 1119 1908 1133 ‚
1918 1100 2055 1140 quodrest
2065 1111 2102 1131 ex
2114 1103 2171 1132 ho·
2209 1102 2212 1103 ⁷

231 1138 238 1146 ’
493 1133 636 1161 nuntium
651 1130 775 1171 perferri
785 1138 930 1169 oportere.
956 1133 1038 1162 Nam
1047 1131 1179 1170 superio·
1221 1136 1343 1164 minum
1353 1138 1441 1166 omni
1451 1147 1556 1176 genere
1570 1137 1817 1170 humaniffimum
1829 1149 1836 1170 ε
1847 1140 1957 1171 deinde
1967 1152 2051 1171 exeo
2061 1153 2169 1184 genere

211 1172 294 1203 ribus
317 1172 422 1202 litteris
435 1192 443 1205 ‚
466 1183 528 1203 non
551 1175 618 1203 unis
633 1194 640 1206 ‚
661 1173 709 1202 sed
728 1172 882 1212 pluribus,
902 1170 1045 1212 Cslmjam
1065 1174 1100 1202 ab
1114 1173 1179 1202 aliis
1220 1178 1334 1206 civium
1348 1196 1357 1210 ‚
1379 1180 1430 1217 qui
1444 1188 1492 1207 aut
1501 1178 1582 1218 quod
1596 1180 1748 1219 publicani
1759 1184 1837 1215 sant,
1850 1192 1907 1212 nos
1916 1184 2035 1213 summa
2043 1183 2171 1215 necesti-

211 1214 360 1254 desperata
380 1224 425 1244 res
445 1213 516 1245 ess'et
532 1235 539 1248 ‚
559 1224 661 1245 tamen
673 1215 795 1256 egotibi
810 1214 892 1253 spem
903 1223 1026 1258 maturae
1036 1212 1177 1244 deceffio-
1220 1218 1326 1248 tudine
1334 1222 1498 1259 attingunt:
1519 1230 1567 1250 aut
1577 1220 1658 1261 quod
1671 1225 1709 1252 ita
1721 1226 1910 1264 negotiantur
1921 1245 1930 1258 ‚
1955 1234 1988 1255 ut
2006 1226 2171 1266 locupletes

212 1258 262 1285 nis
279 1253 457 1290 affert-*barin
481 1267 546 1286 non
561 1257 658 1286 solum
672 1277 685 1289 2
702 1256 832 1296 utquam
853 1254 1016 1285 diutiffirne
1029 1257 1176 1294 tejucun-
1221 1258 1296 1293 sint,
1314 1260 1407 1291 nostri
1425 1262 1597 1292 consulatus
1617 1262 1764 1294 beneficio
1785 1265 1812 1295 se
1830 1266 2013 1296 incolumeis
2032 1267 2167 1298 fortunas

212 1298 249 1328 da
268 1299 414 1337 opinione
435 1298 615 1329 obiectarem
628 1318 636 1331 2
662 1297 710 1328 sed
730 1300 820 1327 etiam
841 1298 909 1337 quia
929 1305 1008 1327 tanta
1017 1297 1175 1343 adhibeba-
1218 1302 1324 1331 habere
1335 1302 1522 1333 arbitrantur.
1544 1306 1584 1334 At
1597 1307 1680 1335 enim
1692 1308 1769 1336 inter
1783 1307 1930 1347 nosipsos
1944 1307 2088 1339 exsistunt
2103 1319 2169 1350 gra·
2189 1322 2208 1346 2

212 1348 262 1369 tur
278 1340 311 1369 &
329 1339 445 1370 anobis
456 1360 464 1372 ‚
484 1340 517 1370 δε
539 1340 554 1370 a
576 1340 750 1380 praetoribus
769 1338 928 1369 contentio
940 1359 948 1371 2
974 1348 1006 1368 nt
1020 1337 1174 1378 remposse
1215 1353 1265 1372 ves
1282 1343 1490 1376 controversiae
1501 1365 1510 1379 ‚
1523 1347 1627 1376 multe:
1646 1347 1941 1388 nascunturinjuriae‚
1963 1360 2078 1390 magnae
2089 1361 2167 1381 con-

210 1379 321 1411 confici
339 1391 404 1410 non
425 1380 605 1411 diffiderem.
628 1384 719 1411 Nunc
727 1382 873 1421 quoniam
884 1381 923 1409 ita
931 1379 1040 1410 accidit
1050 1400 1059 1413 ‚
1082 1390 1114 1410 ut
1123 1391 1177 1410 ne·
1216 1394 1366 1419 tentiones
1376 1387 1609 1427 consequuntur.
1633 1388 1720 1426 Quasi
1731 1389 1803 1420 verb
1813 1400 1869 1431 ego
1884 1391 1914 1421 id
1925 1401 2028 1431 putem
2039 1412 2047 1426 ‚
2064 1402 2127 1423 non
2139 1402 2168 1423 te

209 1432 269 1464 que
289 1431 428 1462 praetores
445 1423 504 1452 suis
524 1423 760 1463 opibus‚neque
782 1431 839 1451 nos
861 1420 1072 1465 npstrostudio
1086 1422 1175 1462 quid·
1195 1429 1196 1433 ’
1215 1427 1400 1466 aliquantum
1416 1431 1530 1469 negotii
1548 1429 1698 1459 sustinere.
1729 1432 1873 1473 Lntelligo
1891 1443 2089 1475 permagnum
2110 1433 2170 1465 effe

211 1473 300 1505 quam
311 1462 454 1503 proficere
463 1463 616 1504 possemus
627 1485 635 1498 ,
647 1463 689 1494 est
701 1465 831 1493 omnino
843 1462 966 1493 difficile
978 1473 1040 1493 non
1050 1467 1176 1503 graviter
1215 1470 1370 1507 negotium
1383 1489 1392 1502 ‚
1413 1470 1446 1499 ὅτ.
1466 1472 1595 1500 maximi
1614 1470 1743 1501 consilii.
1766 1473 1817 1503 sed
1835 1483 1993 1505 memento
2011 1495 2020 1508 ,
2050 1474 2169 1507 consilii

210 1506 244 1536 id
263 1505 356 1535 ferre:
375 1506 422 1535 sed
439 1514 540 1535 tamen
554 1515 692 1536 Nosrizos
703 1515 748 1535 AN
756 1514 834 1535 imos
844 1506 990 1534 maximis
1001 1506 1033 1533 in
1045 1504 1131 1534 rebus
1142 1505 1174 1535 δε
1193 1530 1194 1539 ,
1215 1519 1265 1538 me
1284 1511 1341 1540 hoc
1358 1512 1517 1551 negotium
1535 1511 1593 1541 effe
1613 1516 1707 1553 magis
1724 1514 1878 1554 aliquanto
1889 1535 1898 1549 ,
1917 1514 2008 1556 quarn
2024 1515 2167 1551 fmrunae,

206 1547 390 1589 gerendis,&
400 1546 579 1578 sustinendis
588 1549 775 1580 exercitatos,
785 1545 890 1587 frangi,
903 1545 1094 1576 &debilitari
1105 1556 1173 1576 mo·
1213 1560 1324 1589 putare.
1363 1554 1451 1591 Qm
1474 1562 1529 1582 EST
1558 1562 1648 1583 ENtM
1677 1564 1818 1584 NEGO'ru
1838 1575 1847 1589 ,
1877 1566 2074 1586 com-mam:
2096 1567 2166 1591 Eos,

207 1588 294 1619 lestia
307 1598 373 1618 non
383 1598 510 1628 oportet.
534 1593 573 1620 Et
583 1590 728 1630 quoniam
739 1586 960 1628 eamolesttffim&
971 1588 1045 1627 serre
1055 1588 1175 1617 homines
1215 1601 1338 1630 Qfflvs
1358 1603 1483 1623 pRAESffi
1498 1613 1506 1626 ,
1530 1604 1559 1623 st
1579 1605 1621 1624 TE
1642 1605 1712 1625 ηπ,
1729 1600 1941 1627 CONUNEAs?
1962 1598 1998 1628 Id
2015 1607 2115 1628 autem
2134 1597 2169 1630 fit

205 1629 303 1660 debent
314 1651 322 1664 ,
333 1641 392 1672 qua
402 1629 523 1672 ifisbrum
532 1631 612 1673 culpa
624 1629 841 1672 contrastasunt
850 1650 860 1664 ,
871 1628 913 1659 est
923 1629 1067 1670 quiddam
1078 1632 1109 1659 in
1120 1630 1173 1660 hac
1213 1643 1358 1673 magnum
1371 1654 1380 1668 ‚
1396 1635 1428 1664 δε
1441 1634 1566 1666 difficile
1575 1638 1682 1666 ceteris
1692 1657 1702 1669 ‚
1722 1636 1793 1667 sicut
1802 1638 1844 1668 est
1853 1637 2076 1670 difficillimum
2088 1650 2094 1670 ε
2112 1641 2168 1671 tibi

205 1683 238 1703 re
259 1674 335 1702 mihi
350 1673 507 1703 molestius
516 1672 675 1704 ferendum
687 1692 696 1707 ,
717 1672 809 1714 quam
820 1670 886 1702 tibi.
909 1670 1023 1701 faEtum
1035 1670 1170 1701 esteriim
1190 1709 1192 1718 Ι
1215 1675 1313 1705 &fuit
1323 1678 1380 1707 hoc
1392 1677 1506 1716 semper
1516 1676 1698 1708 facillimum
1710 1698 1719 1713 ,
1741 1679 1773 1709 &
1783 1679 1855 1710 verb
1867 1679 1925 1711 effe
1938 1681 2044 1711 debuit
2057 1692 2062 1710 :
2080 1683 2167 1721 cujus

205 1724 276 1744 mea
285 1715 370 1754 culpa
380 1734 389 1748 ‚
409 1714 511 1744 contra
525 1734 535 1749 ,
554 1715 645 1756 quiim
656 1724 687 1745 tu
702 1724 823 1744 mecum
838 1733 847 1747 ‚
869 1712 1121 1753 &proficiscen82
1139 1713 1172 1744 &
1212 1727 1318 1748 natura
1337 1719 1403 1748 talis
1421 1718 1464 1748 est
1474 1739 1482 1752 ‚
1505 1729 1538 1749 ut
1548 1722 1638 1756 etiam
1653 1719 1712 1750 fine
1721 1721 1860 1753 doetrina
1871 1723 2004 1752 videatur
2014 1723 2167 1754 moderata

206 1765 258 1796 per
268 1756 377 1786 litteras
386 1766 483 1797 egeras
494 1776 502 1790 ‚
523 1766 556 1786 ut
568 1759 669 1796 priore
679 1765 759 1795 anno
771 1765 835 1785 non
846 1755 1056 1785 succederetur.
1080 1755 1170 1796 Qod
1213 1758 1268 1788 ess‘e
1279 1758 1410 1798 potuifl'e
1421 1771 1427 1789 :
1439 1771 1472 1790 ea
1482 1770 1581 1791 autem
1593 1762 1724 1792 adhibita
1733 1763 1870 1796 doc'trina
1880 1763 1923 1794 est
1932 1785 1945 1797 ,
1961 1768 2049 1805 :quae
2057 1765 2105 1795 vel
2115 1767 2169 1804 vj·-

206 1807 264 1838 ego
282 1797 356 1827 dum
372 1797 520 1827 sociorum
533 1798 618 1828 saluti
627 1798 755 1828 consulo
767 1816 775 1830 ,
795 1796 868 1826 dum
881 1797 1078 1836 impudentiae
1088 1807 1169 1827 non-
1211 1799 1394 1831 tiosiisimam
1406 1811 1542 1832 naturam
1552 1804 1686 1833 attollere
1694 1803 1845 1843 poffitTu
1855 1804 1926 1835 cum
1936 1808 2081 1845 pecuniae,
2092 1805 2164 1838 curn

207 1839 363 1868 nullorum
384 1841 605 1879 negotiatorum
617 1838 716 1869 refisto
727 1858 742 1872 ,.
755 1839 830 1868 dum
842 1837 971 1867 nostram
983 1838 1109 1876 gloriam
1121 1847 1170 1868 tua
1210 1842 1355 1881 voluptati
1365 1843 1459 1876 ‚sum
1470 1846 1612 1877 omnium
1624 1854 1723 1876 rerum
1734 1848 1890 1885 cupiditati
1900 1846 2028 1881 resistes,
2042 1858 2073 1878 ut
2081 1848 2165 1880 facis:

206 1881 318 1910 virtute
336 1883 434 1921 augeri
445 1890 552 1920 expeto
569 1901 577 1914 ,
596 1880 728 1911 fecinon
739 1880 898 1919 sapienter:
923 1879 1168 1924 praesertimcum
1210 1884 1264 1912 erit
1283 1903 1292 1916 ‚
1320 1883 1439 1917 credo,
1468 1887 1658 1924 pffljculum,
1680 1897 1718 1917 ne
1737 1888 1914 1927 jmprobum
1934 1891 2163 1930 negotiatorem,

206 1921 239 1951 id
250 1923 459 1952 commiserim
471 1941 479 1955 ‚
492 1924 583 1952 utille
593 1923 665 1952 alter
673 1931 768 1952 annus
783 1924 871 1950 etiam
882 1930 1003 1950 tertium
1015 1919 1167 1964 possetad-
1186 1949 1187 1968 ἶ
1208 1925 1311 1963 paullo
1328 1925 1518 1964 cupidiorem
1538 1927 1734 1966 publicanum
1755 1932 1957 1968 comprimere
1973 1941 2038 1961 non
2056 1930 2158 1971 poffis.

206 1963 323 1993 ducere.
347 1964 436 2005 Qod
447 1965 591 2000 quoniam
601 1973 757 2004 peccatum
772 1973 876 1993 meum
887 1959 945 1992 effe
956 1964 1114 1995 confiteor,
1126 1961 1168 1993 est
1185 1969 1187 2001 ς’
1209 1968 1289 1995 Nam
1312 1968 1408 1996 Graeci
1426 1967 1551 2007 quidem
1572 1967 1609 1998 fic
1630 1978 1657 1998 te
1676 1971 1719 1998 ita
1741 1971 1884 2000 viventem
1903 1971 2086 2002 intuebuntur
2098 1992 2105 2006 ,
2129 1982 2165 2003 ur

205 2005 353 2045 sapientiae
366 2026 374 2039 ,
395 2000 481 2046 atque
491 2007 566 2035 hum
577 2008 696 2036 anitatis
709 2015 765 2035 tuae
777 2025 791 2038 ,
807 2014 906 2034 curare
916 2003 948 2033 &
957 2002 1096 2043 perficere
1108 2024 1118 2037 ‚
1136 2013 1168 2035 ut
1185 2021 1187 2028 ν
1208 2007 1346 2048 quendam
1356 2018 1390 2037 ex
1399 2010 1547 2038 annalium
1561 2011 1694 2040 memoria
1704 2031 1712 2046 ,
1733 2022 1781 2043 aut
1794 2022 1884 2043 etiam
1903 2013 1936 2043 cle
1949 2015 2163 2050 coel0.dtvinura

205 2048 263 2076 hoc
273 2045 509 2089 minicsfhptenter
520 2058 537 2076 a
547 2048 751 2089 mepruwftcm,
765 2046 921 2087 diltgenritr.
934 2053 985 2074 tua
997 2046 1163 2087 corrigatur.
1185 2059 1186 2078 1
1209 2050 1346 2079 hominem
1360 2049 1417 2080 effe
1436 2053 1467 2081 in
1485 2055 1673 2091 pro-nnciam
1687 2053 1839 2094 de12psum
1853 2065 1966 2095 putent,
1990 2059 2087 2096 quue
2097 2059 2162 2088 haec

205 2091 250 2118 Ac
268 2087 288 2117 si
307 2098 334 2118 te
354 2090 415 2128 ipse
425 2091 634 2119 vehementius
643 2090 677 2119 ad
690 2091 810 2119 omneis
824 2091 928 2128 parteis
941 2089 1015 2118 bene
1025 2088 1167 2119 audiendi
1184 2118 1185 2121 ,
1207 2102 1289 2122 nunc
1307 2102 1371 2122 non
1387 2102 1418 2122 ut
1436 2093 1524 2123 facias
1535 2115 1544 2128 ,
1567 2094 1615 2124 sed
1636 2105 1667 2125 ut
1685 2105 1712 2125 te
1729 2096 1825 2127 facere
1837 2117 1846 2130 ,
1872 2098 1905 2127 ἃ.
1917 2096 2017 2128 fecisse
2025 2098 2161 2139 gaudeas,

205 2132 364 2164 excitari&
389 2141 453 2161 non
467 2140 498 2161 ut
511 2142 580 2162 cum
591 2133 673 2165 aliis,
690 2131 739 2161 sed
750 2141 780 2160 ut
791 2135 987 2169 ri-:cuMJAM
1000 2140 1072 2160 IPSE
1085 2141 1166 2161 CER-
1184 2123 1186 2146 s
1204 2134 1309 2165 scribo.
1333 2137 1560 2166 PRAECLARUM
1572 2136 1613 2166 est
1621 2138 1918 2171 eiiirinsummocum
1933 2141 2062 2179 imperio
2073 2140 2161 2170 fuifi‘e

202 2181 284 2206 ‘15⁵3
305 2170 325 2200 si
339 2182 465 2203 omnem
477 2182 557 2203 tuam
570 2183 704 2203 mentem
716 2193 725 2206 ‚
748 2182 849 2203 curam
859 2192 868 2206 ‚
880 2175 1096 2213 cogitationem
1109 2193 1116 2207 ‚
1128 2173 1164 2203 ad
1183 2195 1184 2210 i
1206 2179 1239 2206 in
1253 2175 1317 2206 Afra
1329 2179 1496 2207 triennium
1509 2190 1517 2211 ·,
1542 2178 1579 2208 sic
1590 2187 1621 2208 ut
1632 2180 1752 2209 nullum
1766 2189 1793 2209 te
1805 2179 1919 2221 signum
1932 2201 1940 2215 ,
1952 2181 2161 2221 nullapiclmra

201 2214 401 2244 excellentem
421 2215 566 2245 omnibus
583 2218 616 2245 in
641 2215 729 2245 rebus
747 2215 844 2245 laudis
854 2215 1047 2254 cupiditatem
1056 2217 1164 2245 incita·
1182 2234 1183 2256 l
1202 2219 1322 2248 nullum
1334 2228 1395 2251 vas,
1407 2219 1489 2249 nulla
1500 2220 1723 2253 vestismullum
1735 2225 1934 2262 mancipium,
1946 2227 1960 2242 2
1971 2224 2054 2253 nulla
2065 2223 2161 2254 forma

199 2257 260 2285 ris:
279 2256 356 2285 mihi
377 2256 478 2290 crede,
499 2267 588 2287 tirius
608 2266 718 2287 ANNUS
730 2256 846 2286 additus
857 2257 948 2286 labori
957 2266 1009 2286 tuo
1021 2277 1030 2290 ‚
1049 2258 1164 2286 multo·
1182 2260 1183 2265 ’
1203 2260 1379 2300 cujusquam
1393 2280 1402 2293 ‚
1414 2261 1497 2290 nulla
1507 2262 1644 2292 conditio
1654 2264 1789 2302 pecuniae
1801 2264 1920 2304 (quibus
1931 2266 2019 2294 rebus
2029 2265 2159 2295 abundat

200 2305 269 2326 rum
283 2307 435 2327 annorum
447 2298 581 2328 laetitiam
591 2299 679 2328 nobis
690 2319 698 2332 ‚
719 2299 847 2340 gloriam
857 2297 929 2328 vero
939 2300 1028 2328 etiam
1038 2298 1163 2338 posteris
1201 2301 1255 2331 ista
1277 2303 1452 2343 provincia)
1469 2303 1505 2332 ab
1515 2304 1633 2334 summa
1643 2306 1809 2345 integritate
1820 2325 1830 2339 ‚
1852 2308 2095 2346 continentiaque
2108 2307 2160 2336 de-

199 2337 310 2368 nostris
332 2338 442 2369 afferet.
466 2343 651 2382 Qaproptei·
664 2342 722 2371 hoc
733 2350 759 2370 te
769 2339 905 2380 primurn
917 2350 989 2379 rogo
1007 2360 1016 2373 ‚
1037 2350 1075 2370 ne
1085 2350 1161 2370 cori-
1180 2340 1181 2345 ¹
1202 2343 1331 2373 duxerit.
1355 2343 1436 2385 Qid
1458 2353 1557 2375 autem
1581 2347 1768 2385 reperiritam
1780 2349 1951 2381 eximium,
1973 2357 2092 2378 auttam
2104 2358 2158 2378 ex-

200 2380 296 2409 trahas
309 2399 318 2413 ,
333 2390 382 2411 aut
392 2381 531 2412 demittas
542 2385 693 2416 animum,
704 2392 779 2412 neve
789 2391 816 2412 te
827 2381 928 2415 obrui,
940 2391 1091 2422 tamquam
1104 2382 1158 2413 flu·
1178 2391 1180 2403 ²
1198 2385 1364 2425 petendum
1383 2385 1496 2425 potest,
1518 2397 1609 2428 quam
1629 2387 1715 2417 istam
1735 2391 1876 2419 virtutem
1888 2410 1896 2423 ,
1917 2390 2156 2421 moderationem

199 2419 251 2449 Sto
263 2440 271 2453 ,
291 2420 328 2451 sic
345 2425 554 2464 magnitudine
573 2426 688 2465 negotii
707 2422 799 2454 finas:
823 2432 984 2464 contraque
994 2426 1105 2465 erigas,
1125 2435 1158 2456 ac
1177 2445 1179 2472 l
1198 2428 1296 2465 animi
1310 2447 1318 2460 ‚
1344 2431 1570 2467 temperantiam
1583 2449 1591 2462 ‚
1613 2440 1677 2459 uon
1690 2429 1820 2460 laterem
1834 2431 1961 2461 tenebris
1974 2441 2088 2472 ,neque
2099 2430 2158 2462 effe

198 2460 319 2496 resistas,
335 2461 392 2494 sive
403 2465 491 2494 etiam
502 2463 575 2495 uli-rb
585 2476 708 2495 occurras
717 2466 840 2506 negotiis.
864 2468 972 2506 Neque
982 2469 1159 2506 enim-ejus-
1198 2468 1336 2498 abditamv
1351 2469 1401 2499 sed
1419 2471 1452 2500 in
1472 2471 1538 2501 luce
1557 2469 1630 2501 Asiae
1643 2491 1651 2504 ‚
1673 2472 1701 2499 in
1711 2471 1791 2501 oculu
1803 2471 1964 2502 clariffimae
1977 2476 2155 2513 provinciae,

198 2504 284 2533 modi
296 2513 407 2544 partem
420 2508 490 2546 reip.
515 2510 591 2548 geris
604 2528 613 2542 ‚
628 2510 658 2537 in
690 2518 725 2538 ua
735 2516 890 2538 FoaruNA
900 2507 1094 2543 dominetur,
1108 2509 1156 2539 sed
1199 2511 1327 2551 atquem
1338 2510 1455 2540 auribm
1465 2515 1607 2543 omnium
1619 2514 1755 2554 gentium
1767 2533 1775 2547 ‚
1794 2524 1826 2544 ac
1836 2516 1999 2544 nationum.
2009 2513 2066 2544 effe
2076 2514 2156 2554 pofi-

195 2545 231 2574 in
249 2555 306 2586 qua
315 2547 482 2586 plurimum
499 2559 606 2579 RArio
614 2559 654 2589 po
679 2559 720 2583 it,
739 2550 770 2580 &
781 2549 940 2589 diligentia.
965 2549 1056 2590 Qod
1068 2549 1087 2580 si
1102 2551 1157 2581 tibi
1176 2561 1178 2587 ,π
1200 2555 1284 2582 tam?
1305 2562 1370 2583 non
1385 2555 1544 2585 itineribus
1557 2557 1615 2583 tuis
1625 2558 1779 2594 perterreri
1793 2557 1956 2585 homines?
1977 2566 2040 2586 non
2051 2557 2154 2587 sumtu
2177 2587 2180 2589 Α

195 2585 311 2617 bellum
334 2589 456 2629 aliquod
475 2600 618 2630 magnum
631 2611 639 2624 ,
665 2591 698 2622 δε
717 2591 919 2632 periculosum
936 2590 1158 2629 administranti
1197 2595 1347 2624 exhauriri
1368 2597 1379 2619 -2
1397 2605 1462 2625 non
1485 2596 1614 2627 adventu
1633 2599 1845 2627 commoveri?
1863 2596 1920 2627 effe
1932 2618 1940 2631 ,
1959 2608 2152 2639 quocumque

193 2637 386 2670 prorogatum
406 2632 569 2670 imperium
579 2632 714 2662 viderem
726 2645 736 2666 3
754 2642 912 2662 tremerem
923 2634 1028 2663 animo
1043 2653 1052 2667 ,
1074 2634 1154 2674 quod
1176 2632 1177 2655 ¹
1196 2638 1312 2666 veneris
1324 2655 1332 2669 ,
1345 2635 1505 2676 &publice
1520 2657 1529 2672 ,
1542 2638 1574 2667 &
1585 2639 1725 2676 privatim
1735 2640 1902 2669 maximam
1913 2640 2066 2670 laetitiam:
2081 2640 2153 2671 cum

193 2669 303 2700 eodem
315 2680 449 2711 tempore
458 2671 515 2702 effe
526 2673 727 2714 intelligerem
739 2675 829 2703 eriam
841 2673 969 2704 fortunae
979 2673 1156 2714 potestatem
1175 2672 1177 2686 ¹
1198 2677 1267 2707 urbs
1286 2676 1441 2708 custodem
1453 2698 1461 2712 ‚
1484 2689 1548 2708 non
1568 2688 1745 2717 tyrannum:
1766 2680 1876 2710 domus
1898 2682 2066 2721 hospitem,
2086 2692 2151 2713 non

192 2713 227 2741 in
247 2721 305 2742 nos
318 2722 515 2754 prorogatam.
540 2718 632 2745 Nunc
643 2714 714 2745 vero
725 2725 758 2744 ea
766 2724 830 2755 pars
840 2715 895 2745 tibi
907 2717 976 2755 reip.
1000 2716 1158 2748 commiffa
1172 2732 1173 2737 =
1196 2719 1404 2758 expilatorem,
1417 2719 1553 2760 recepiss'e
1564 2720 1717 2751 videatur?
1734 2724 1791 2751 His
1801 2732 1900 2752 autem
1913 2725 1944 2753 in
1955 2723 2110 2763 rebusjam
2123 2732 2150 2753 te
2171 2738 2185 2770 3

193 2754 237 2783 est
246 2773 254 2787 ‚
275 2755 308 2784 in
321 2765 378 2795 qua
387 2765 435 2785 aut
448 2757 563 2786 nnllam
578 2777 586 2790 ,
600 2765 647 2786 aut
657 2759 847 2797 perexiguam
859 2766 973 2797 partem
985 2756 1102 2788 fortuna
1113 2768 1157 2789 te-
1197 2761 1266 2790 ustis
1277 2761 1338 2799 ipse
1347 2761 1484 2801 profesto
1493 2762 1641 2795 erudivit,
1656 2772 1874 2804 NEQAQTAM
1885 2763 2016 2795 satisess‘e
2026 2785 2035 2799 ‚
2049 2766 2151 2805 ipsum

193 2803 246 2825 net
257 2813 265 2828 ,
288 2796 321 2825 Sc
337 2807 402 2837 quae
416 2799 493 2827 mihi
506 2807 567 2828 tota
577 2799 609 2827 in
621 2807 670 2828 tua
679 2801 788 2828 virtute
801 2819 809 2832 ‚
827 2809 859 2828 ac
874 2798 1080 2830 moderatione
1091 2803 1157 2831 ani·
1196 2802 1279 2832 hasce
1300 2802 1404 2833 habere
1413 2805 1537 2833 virtutes
1550 2824 1558 2836 ‚
1579 2803 1626 2833 scd
1639 2802 1695 2834 effi·
1708 2806 2009 2846 circumspiciendum
2018 2806 2150 2847 diligen-

192 2838 237 2865 mi
249 2835 338 2875 pofita
348 2837 405 2868 effe
416 2840 557 2870 videatur.
582 2841 688 2870 Nullas
699 2843 741 2878 (ut
751 2842 871 2880 opinor)
882 2839 1000 2871 insidias
1011 2841 1155 2876 hostium,
1197 2852 1249 2877 rer,
1264 2853 1296 2874 ut
1307 2845 1338 2873 in
1349 2845 1402 2874 hac
1412 2844 1543 2875 custodia
1554 2848 1720 2885 provmciae
1734 2857 1797 2876 non
1810 2857 1837 2877 te
1848 2858 1954 2882 unum,
1966 2848 2015 2879 sed
2027 2852 2151 2879 omneis

192 2877 308 2908 nullam
351 2881 425 2910 raelii
443 2880 675 2911 dimicationem
688 2903 695 2915 2
715 2882 830 2912 nullam
841 2881 1044 2912 defectionem
1059 2883 1156 2914 socio·
1197 2884 1354 2915 ministros
1366 2888 1484 2925 imperii
1496 2889 1538 2916 tui
1549 2907 1557 2920 ,
1571 2887 1659 2917 sociis
1673 2907 1681 2920 ‚
1694 2889 1726 2918 δε
1737 2889 1854 2919 civibus
1865 2909 1874 2924 ‚
1886 2890 1919 2920 &
1930 2892 2001 2929 reip.
2014 2889 2149 2930 pi'aestare

191 2927 261 2948 rum
270 2937 279 2952 2
294 2889 410 2952 nuliam
423 2925 558 2963 inopiam
569 2922 728 2964 stipendii,
739 2933 787 2954 aut
797 2934 838 2954 rei
847 2923 1052 2955 frumentaria:
1061 2945 1070 2959 ‚
1084 2925 1157 2955 nul-
1195 2926 1325 2958 videare.
1349 2930 1540 2969 Qamquam
1557 2928 1666 2970 legatos
1676 2931 1766 2960 habes
1777 2940 1828 2961 eos
1839 2951 1848 2965 ‚
1868 2934 1920 2972 qui
1931 2931 1983 2971 ipsi
1994 2941 2044 2971 per
2058 2932 2085 2962 se
2095 2933 2148 2962 ha-

2051 2974 2146 3004 bituri

1187 3061 1250 3093 luit,
1261 3063 1357 3094 deprimi
1367 3065 1432 3088 humo
1442 3064 1551 3090 Arvinam
1558 3066 1702 3097 particulam
1712 3072 1785 3091 aune.

1223 3107 1250 3123 2.
1270 3101 1351 3133 lea
1363 3101 1442 3132 forma
1453 3101 1613 3134 ciqufipinm]
1638 3100 1772 3127 Palatinus
1786 3100 1971 3135 untis,for1nna
1982 3119 1990 3133 ,
2002 3100 2072 3136 quod
2084 3098 2148 3126 essct

1186 3133 1315 3170 dignitas,
1324 3136 1456 3171 potentia,
1468 3144 1546 3171 atquc
1559 3136 1651 3162 honor.
1664 3136 1845 3172 cogitandum.

1521 3171 1707 3208 Bbbbbb3
2064 3173 2150 3198 Lm-

189 3065 202 3084 1
210 3077 215 3084 .
280 3059 316 3084 Uae
323 3058 534 3091 velviriofiffimam
551 3066 664 3085 naturam
675 3062 776 3085 attollere
782 3060 871 3093 postis]
894 3058 1039 3086 Exturbav'i
1052 3060 1145 3096 vulga-

280 3101 335 3119 tum
346 3096 455 3125 excolere,
466 3093 589 3121 inductus
601 3095 694 3121 itl’aH.
705 3103 821 3130 quatuor
833 3115 841 3127 ,
856 3096 881 3122 in
894 3095 987 3130 quibus
999 3094 1065 3121 illud
1077 3097 1144 3123 alte-

185 3135 258 3163 rum,
266 3136 312 3158 aut
321 3131 431 3157 accolere.
454 3128 567 3167 respexit
578 3130 650 3160 forte
663 3131 695 3161 ad
705 3131 875 3171 huricllocuiu
885 3132 1014 3160 Horatius
1024 3140 1084 3160 cum
1095 3141 1143 3162 vo-
