2360 3400
475 157 546 189 nr:
593 143 873 190 Ftnrnus
919 143 1157 190 Borion.
1207 158 1284 192 ET
1340 144 1806 196 MAL.L11³.1V.

161 226 239 260 nihss
261 222 411 257 omnino,
431 222 514 265 quod
534 223 735 264 appetendum
745 222 799 260 fit,
819 225 980 267 relinquat:
1002 224 1113 256 deinde

161 268 261 300 Aristo
280 287 289 300 ‚
306 268 359 307 qui
378 266 457 296 nihil
476 265 645 306 relinquere
663 276 728 298 non
744 266 788 297 est
805 267 891 298 ausus
911 277 918 297 z
938 267 1112 297 introduxit

159 319 271 343 autem,
280 308 390 348 quibus
399 316 575 343 commotus
583 308 696 348 sapiens
706 317 854 349 appeteret
862 309 973 349 aliquid
986 328 994 342 ‚
1007 312 1016 328 ¹
1028 307 1111 349 quod

157 354 266 391 cuique
282 352 313 379 in
331 359 468 379 mentem
487 349 631 380 incideret
649 370 658 384 ‚
690 350 723 380 δε
739 350 953 391 quodcumque
971 359 1111 390 tanquam

156 400 331 422 occurreret.
355 393 381 421 is
395 393 451 421 hoc
461 392 572 422 melior
584 412 591 425 ‚
603 391 692 433 quam
705 393 830 432 Pyrrho,
842 391 925 432 quod
934 391 1113 432 velaliquod

155 443 251 476 genus
259 433 416 473 appetendi
427 433 510 463 dedit
522 444 528 462 ε
537 433 677 468 deterior,
689 437 779 485 quam
789 435 893 468 ceteri,
902 432 984 474 quod
993 434 1113 473 penitus

156 480 286 510 anatum
296 474 417 506 receffit.
431 477 524 506 Stoici
534 484 644 509 autem,
655 475 737 517 quod
750 474 842 505 finem
854 475 1007 505 bonorum
1018 475 1047 504 in
1056 484 1114 503 una

158 519 269 546 virtute
280 527 399 557 ponunt
410 538 417 551 ,
439 516 551 547 similes
561 518 629 548 sunt
639 518 765 547 illorum
779 528 784 546 2
798 515 880 558 quod
890 525 988 547 autem
999 517 1113 557 princi-

153 563 239 601 pium
260 558 355 589 officii
371 569 525 600 quaerunt,
545 558 657 589 melius
665 559 755 601 quam
768 560 880 599 Pyrrho
895 557 995 600 :quod
1003 568 1038 589 ca
1048 567 1112 588 non

154 603 342 632 occurrentia
353 600 470 642 fingunt
484 621 492 635 ,
510 603 637 631 vincunt
647 600 821 631 Aristonem
835 611 840 630 :
859 599 941 642 quod
952 609 1052 631 autem
1065 609 1111 634 ea,

154 653 222 684 qua:
240 643 275 673 ad
300 652 434 674 naturam
454 642 697 676 accommodata,
719 643 752 673 &
775 642 863 683 perse
873 641 1045 673 assumenda
1054 641 1112 672 effe

154 687 278 718 dicunt,
300 695 363 715 non
381 687 550 726 adjungunt
571 685 606 715 ad
624 683 718 715 finem
731 685 880 715 bonorum
894 704 902 718 ,
921 683 1111 717 desciseunta

156 736 278 761 natura,
298 727 331 757 &
347 727 479 768 quodam
499 726 593 757 modo
613 727 680 757 sunt
697 736 762 756 non
783 725 940 756 diffimiles
950 725 1110 756 Aristonis.

155 769 208 798 ille
232 770 315 799 enirn
343 770 527 799 occurrentia
552 768 656 798 nescio
671 778 737 809 quae
749 767 1034 799 comminiscebatur
1047 777 1053 796 ε
1077 768 1109 797 hi

154 819 255 840 autern
267 819 385 850 ponunt
395 811 441 840 illi
453 810 579 851 quidem
588 811 684 849 prima
696 819 807 840 naturae
817 830 825 841 ‚
848 809 896 839 sed
907 819 939 839 ea
948 810 1109 850 sejungunt

156 852 173 883 a
182 851 295 883 finibus
305 871 314 885 ‚
328 852 361 882 &
373 852 388 882 a
398 852 514 882 summa
525 851 690 881 bonorum:
712 861 778 891 quae
788 850 859 881 cum
870 860 1043 890 proponunt
1054 871 1064 883 ‚
1076 858 1109 880 ut

153 893 189 924 sit
209 895 306 935 aliqua
321 903 422 923 rerum
444 892 568 923 seleeuo
591 903 601 925 3
620 900 755 921 naturam
773 892 905 920 videntur
919 893 1012 933 [ἔφη’.
1034 891 1105 922 cum

154 944 253 966 autern
276 943 403 976 negant,
421 943 454 963 ea
472 933 637 974 quidquam
655 933 691 963 ad
712 933 825 963 beatam
845 936 936 964 vitam
947 934 1105 974 pertinere:

151 977 251 1008 rursus
269 985 404 1006 naturam
422 975 606 1015 relinquunt.
637 977 652 994 ²
671 978 769 1016 Atque
783 975 879 1006 adhuc
897 985 929 1006 ea
947 975 1032 1009 dixi,
1053 985 1107 1005 cur

150 1018 234 1049 causa
245 1018 364 1048 Zenoni
375 1027 438 1047 non
446 1016 560 1050 fuiss'et,
570 1016 768 1057 quamobrem
779 1015 795 1047 ὲ
804 1017 991 1057 superiorum
1001 1017 1106 1048 andsto-

150 1061 236 1090 ritate
252 1058 427 1089 discederet.
451 1068 532 1089 nunc
544 1059 655 1099 reliqua
665 1058 821 1089 videamus
834 1070 840 1088 2
859 1058 914 1089 nisi
923 1068 972 1089 aut
982 1059 1017 1090 ad
1030 1060 1104 1094 haec,

148 1103 244 1135 Cato,
264 1101 363 1131 dicere
383 1100 496 1141 aliquid
520 1101 586 1133 vis,
605 1109 656 1130 aut
677 1110 734 1130 nos
747 1101 811 1140 jam
834 1101 985 1143 longiores
994 1102 1108 1131 sumus.

150 1144 302 1173 Neutrum
314 1141 386 1173 verb
396 1162 405 1176 ‚
416 1144 516 1183 inquit
525 1142 586 1172 ille.
609 1151 680 1172 narn
692 1142 724 1172 δε
735 1141 750 1172 ὲ
760 1150 788 1172 te
797 1141 900 1183 perfici
911 1142 996 1173 istam
1007 1142 1107 1183 dispu-

96 1190 102 1193 *
149 1186 298 1215 tationem
318 1184 392 1214 volo
404 1204 412 1217 ‚
437 1194 492 1214 nec
508 1192 559 1214 tua
578 1184 655 1213 mihi
673 1185 769 1214 oratio
788 1185 878 1225 longa
897 1184 990 1229 videri
1001 1184 1110 1225 potest.

151 1226 277 1267 Optime
289 1245 298 1260 ‚
317 1227 452 1266 inquam.
481 1225 554 1267 quid
573 1227 656 1255 enim
678 1227 755 1256 mihi
774 1226 872 1267 potest
889 1225 947 1256 esse
968 1228 1107 1267 optatius,

152 1269 244 1309 quam
268 1277 338 1297 cum
359 1270 471 1298 Catone
493 1269 635 1297 omnium
646 1269 792 1305 virtutum
804 1267 926 1299 auetore
937 1267 975 1298 de
987 1270 1108 1299 virtuti-

152 1309 210 1340 bus
229 1309 374 1349 disputare
387 1312 398 1337 ?
414 1309 461 1339 sed
473 1309 608 1349 primum
620 1309 696 1339 illud
704 1309 774 1340 vide
785 1332 794 1345 ‚
812 1308 1011 1351 graviffimam
1023 1310 1106 1340 illam

150 1350 280 1382 vestram
293 1351 470 1381 sententiam
481 1371 490 1385 ‚
503 1361 569 1392 quae
579 1345 728 1381 famiiibfli
738 1352 837 1386 ducit,
865 1361 887 1381 n
899 1362 917 1382 ο
927 1361 948 1382 N
959 1361 978 1381 ε
990 1362 1002 1382 s
1013 1362 1033 1382 τ
1045 1361 1067 1383 υ
1080 1362 1106 1382 Μ

150 1403 243 1431 Qioo
267 1402 337 1425 εῖτ,
360 1401 396 1422 11>
415 1401 487 1422 ESSE
505 1402 616 1423 SOLUM
634 1402 753 1423 BONUM
768 1404 774 1422 ε
792 1393 977 1434 honesteque
995 1395 1108 1428 vivere,

150 1435 302 1465 bonorum
322 1432 416 1463 finem
430 1453 438 1466 ‚
458 1443 658 1464 communem
679 1433 745 1464 fore
762 1435 849 1465 vobis
867 1445 937 1465 curn
949 1435 1106 1468 omnibus,

148 1478 203 1515 qui
222 1477 255 1505 in
274 1484 332 1505 una
348 1477 456 1504 virtute
476 1474 666 1505 constituunt
677 1473 770 1505 finem
785 1476 938 1506 bonorum
952 1477 1108 1518 :quodque

149 1518 250 1547 dicitis
261 1535 270 1549 ,
287 1515 435 1556 informari
445 1516 573 1557 nonpcffi’
585 1517 733 1551 virtutem,
746 1516 765 1546 fi
777 1518 944 1558 quidpiam,
957 1516 1012 1547 nifi
1023 1519 1106 1558 quod

147 1556 310 1588 honestum
321 1556 364 1591 fit,
376 1567 563 1591 numeretur,
575 1558 657 1588 idem
668 1558 782 1589 dicetur
791 1559 826 1590 ab
839 1559 910 1592 illis,
922 1568 998 1600 quos
1008 1559 1105 1590 modo

147 1601 316 1630 nominavi.
340 1601 419 1629 mihi
429 1609 529 1630 autem
538 1602 653 1641 aequius
662 1600 819 1631 videbatur
828 1621 838 1634 ,
860 1600 1020 1631 Zenonem
1032 1611 1103 1632 cum

146 1642 317 1672 Polemone
327 1640 541 1682 disceptantem
553 1663 564 1676 ‚
576 1644 592 1672 a
600 1650 675 1682 quo,
686 1652 752 1683 qua:
763 1641 854 1673 essent
861 1644 1009 1683 principia
1017 1651 1104 1673 natu·

147 1693 186 1722 rae
198 1702 206 1718 ,
226 1691 395 1723 acceperat,
418 1683 659 1714 acommunibus
670 1686 765 1715 initiis
772 1684 1012 1725 progredientem
1022 1704 1031 1718 ,
1056 1686 1103 1715 vi—

143 1725 217 1755 dere
235 1724 287 1755 ubi
309 1723 446 1766 primurn
465 1724 630 1760 infisteret‚
651 1726 684 1756 &
704 1726 784 1757 unde
802 1725 1103 1757 causacontroverfiae

145 1767 315 1798 nasceretur
324 1787 334 1800 2
357 1776 420 1796 non
432 1766 560 1798 stantem
572 1777 642 1797 curn
652 1769 688 1797 iis
701 1788 710 1801 ‚
722 1770 824 1808 quine
833 1768 1101 1809 dicerentquidem

147 1808 196 1839 sua
207 1809 325 1839 summa
334 1809 414 1839 bona
423 1807 480 1839 ess'e
490 1808 506 1839 a
516 1818 618 1839 natura
628 1808 770 1848 profetia,
782 1819 814 1839 ut
825 1809 932 1840 iisdem
943 1819 1101 1850 argumen-

87 1868 99 1892 i
111 1868 127 1900 7
146 1851 204 1884 tis,
224 1850 333 1892 quibus
352 1851 397 1880 illi
408 1859 579 1884 uterentur,
602 1850 770 1890 iisdemque
779 1851 945 1881 sententiis.
969 1851 1102 1882 Minime

144 1891 216 1922 vero
226 1892 302 1922 illud
315 1892 410 1933 probo
419 1912 428 1926 ‚
446 1892 529 1933 quod
538 1891 611 1923 cum
623 1891 765 1923 docuistis
776 1913 785 1926 ‚
797 1892 925 1923 utvobis
939 1892 1101 1928 videmini,

142 1944 255 1967 sonum
264 1944 383 1964 nomm
399 1944 474 1965 essi:
488 1954 496 1968 ‚
520 1944 611 1975 Qon
622 1944 801 1965 HONESTIJM
815 1944 866 1964 sn·
878 1955 887 1968 ,
908 1935 1099 1965 tumrursum

139 1975 245 2006 dicitis
257 1995 266 2011 ,
287 1978 371 2007 initia
382 1977 513 2016 proponi
523 1974 636 2006 neeesse
649 1974 707 2006 effe
719 1985 784 2016 apta
800 1997 810 2010 ,
831 1976 863 2007 δε
873 1976 1099 2007 accommodata

138 2026 253 2058 naturae
263 2038 271 2052 ‚
290 2028 421 2059 quorum
441 2028 478 2048 ex
504 2017 653 2048 eleffio‘ne
664 2020 758 2049 virtus
766 2017 853 2059 poffit
863 2017 1007 2049 exsistere.
1032 2028 1095 2049 non

137 2061 225 2090 enim
247 2062 278 2090 in
291 2059 452 2091 selestione
463 2061 558 2090 virtus
565 2060 705 2100 ponenda
717 2069 776 2091 crat
786 2081 796 2094 ‚
815 2069 847 2090 ut
857 2060 1002 2101 idipsum,
1013 2060 1095 2102 quod

136 2110 200 2132 crat
218 2102 372 2132 bonorum
392 2103 537 2132 ultimum
561 2122 570 2136 ,
589 2102 668 2132 aliud
686 2102 797 2144 aliquid
816 2105 990 2143 acquireret.
1023 2112 1094 2133 nam

137 2145 245 2174 omnia
255 2164 264 2178 ,
283 2154 348 2186 qua:
359 2144 501 2175 sumenda
513 2165 522 2177 ‚
545 2154 671 2185 quaeque
681 2144 804 2186 legenda
815 2154 863 2176 aut
875 2144 1002 2185 optanda
1012 2145 1092 2178 sunt,
1113 2171 1115 2182 ⁴

139 2183 232 2227 i‘neffe
241 2185 354 2216 debent
365 2188 397 2216 in
407 2186 526 2216 summa
536 2186 688 2217 bonorum
701 2206 709 2220 ‚
729 2188 795 2217 ntis
807 2207 815 2220 ,
833 2188 884 2229 qui
895 2197 961 2217 eam
971 2186 1094 2226 adeptus

136 2225 172 2263 fit
186 2248 195 2261 ,
212 2229 289 2258 nihil
298 2237 435 2268 praeterea
445 2227 598 2258 defideret.
622 2227 751 2259 Videsne
768 2248 777 2262 ‚
795 2237 846 2263 ut,
867 2228 1094 2270 quibusfizmma

134 2268 183 2310 2³¹3
193 2269 220 2298 in
233 2270 389 2311 voluprate‚
402 2270 593 2310 perspicuum
604 2268 649 2303 fit,
661 2270 733 2311 quid
745 2271 783 2300 iis
796 2269 969 2301 faciendum
982 2270 1032 2304 fit,
1045 2280 1094 2301 aut

138 2321 201 2341 non
221 2311 396 2342 faciendum
409 2314 419 2339 ?
438 2321 472 2341 ut
493 2322 587 2342 nemo
606 2311 739 2345 dubitet,
760 2322 867 2343 eorum
877 2314 983 2342 omnia
993 2311 1094 2343 officia

136 2352 200 2393 quo
224 2352 352 2393 spcstare
362 2374 370 2388 ,
394 2353 466 2395 quid
487 2354 587 2395 sequi,
607 2352 680 2395 quid
699 2352 801 2395 fugere
820 2354 954 2385 debeant.
977 2356 1021 2385 Sit
1031 2356 1090 2385 hoc

136 2394 283 2432 ultimum
294 2396 448 2426 bonorum
459 2415 468 2429 ‚
490 2395 570 2436 quod
581 2402 662 2425 nunc
673 2395 688 2426 a
701 2406 750 2427 me
759 2395 940 2427 defenditur.
961 2405 1089 2437 apparet,

136 2435 235 2466 statim
247 2456 255 2469 ,
275 2447 341 2478 quae
354 2436 406 2467 fint
422 2435 533 2471 officia,
544 2447 610 2478 quae
621 2436 764 2468 affiones.
788 2438 874 2468 vobis
887 2447 985 2469 autem
998 2459 1006 2473 ‚
1020 2440 1089 2479 qui-

136 2476 192 2515 hus
201 2479 281 2516 nihil
291 2479 333 2513 est
341 2479 422 2510 aliud
432 2478 616 2520 propositum
627 2499 636 2513 ,
645 2477 700 2510 nisi
711 2478 816 2509 renum
825 2488 929 2522 ,arque
937 2479 1086 2517 honestum,

136 2519 217 2549 unde
228 2518 322 2554 officii
333 2541 342 2554 ,
355 2521 436 2551 unde
444 2522 549 2562 agendi
559 2522 742 2562 principium
753 2523 886 2553 nascatur
895 2543 904 2557 ‚
927 2533 991 2553 non
1005 2532 1089 2563 repe-

133 2563 228 2591 rietis.
253 2564 322 2592 Hoc
331 2564 422 2603 igitur
430 2565 563 2604 quaeritis
573 2573 682 2594 ornnes
692 2584 700 2598 ‚
713 2564 745 2594 δε
757 2566 790 2597 ii,
801 2566 864 2605 qui,
875 2565 1088 2606 quodcumque

134 2605 166 2632 in
180 2613 313 2635 mentem
323 2607 444 2639 veniat,
463 2613 513 2636 aut
521 2605 734 2647 quodcumque
745 2615 877 2637 occurrat
886 2625 895 2641 ‚
906 2607 935 2637 se
951 2607 1031 2648 sequi
1041 2607 1088 2637 di—

142 2721 149 2733 ’“
174 2731 197 2748 r.
216 2723 283 2755 Qod
291 2725 372 2757 cuique
381 2726 406 2748 in
416 2730 511 2749 mentem
519 2724 633 2750 incideret
645 2724 731 2759 αἶγα]
751 2725 830 2752 Nihil
842 2733 946 2753 mutant
956 2727 1024 2753 1²:211.
1037 2736 1085 2753 no-

134 2756 179 2784 stri
191 2777 199 2790 ‚
220 2768 305 2794 neque
315 2767 372 2785 crat
383 2759 492 2786 necesse.
514 2760 620 2786 Paullus
630 2768 718 2788 tamen
728 2762 865 2789 Manutius
876 2764 985 2790 omnino
994 2772 1087 2790 emen·
1106 2760 1108 2769 ¹

132 2788 249 2827 dandum
259 2802 346 2832 putat,
355 2795 510 2830 quodcumque
517 2799 543 2822 in
552 2803 659 2823 mentem.

137 2830 155 2853 't
173 2839 200 2856 2.
217 2833 297 2866 Atque
305 2832 382 2857 adhuc
390 2840 418 2857 ea
428 2832 481 2859 dixi
491 2851 499 2863 ,
518 2842 560 2859 cur
569 2835 641 2867 cansa
650 2836 737 2860 Zenoni
745 2834 885 2868 nonsuiffivr,
895 2835 917 2865 <15
924 2835 962 2870 c.]
983 2834 1084 2863 Dubito
1105 2830 1107 2841 ¹

134 2863 331 2907 {elnfiegsitmtc
338 2867 403 2895 loci.
422 2867 488 2895 nihil
500 2877 586 2897 tamen
606 2871 697 2900 iuvant
709 2870 776 2896 Pall.
789 2869 833 2897 nifi
844 2870 914 2907 quod
925 2879 1014 2906 quart.
1035 2873 1089 2899 dixi

136 2901 209 2934 cansa
221 2898 367 2930 effraenem.
387 2905 468 2931 ceteri
480 2904 574 2933 liabent
587 2905 665 2933 verbo
675 2905 842 2942 transpofito‚
853 2907 924 2940 causa
935 2916 987 2933 cur.

167 2945 199 2977 .3·
218 2940 309 2980 ⁴⁸²}qu
327 2939 362 2969 ad
377 2942 680 2976 ‚taurania-evertimini]
709 2943 750 2969 Ita
767 2941 852 2969 edidit
871 2942 1018 2970 Vitiiorius.
1039 2943 1081 2970 sed

133 2978 234 3009 priores
246 2992 254 3005 ‚
271 2973 338 3008 item
356 2977 511 3014 posteriores
524 2997 531 3010 ‚
550 2982 700 3004 revertemini
711 2999 718 3011 ,
737 2978 830 3014 quibus
849 2978 1016 3006 consentiunt
1027 2978 1083 3006 sere

135 3010 203 3035 Pall.
224 3014 283 3037 nam
293 3012 434 3039 admodum
445 3013 584 3042 licentiose
594 3015 738 3041 Lambinus
752 3034 759 3046 ,
777 3016 806 3045 (ἔγ
816 3025 859 3040 vos
876 3018 916 3048 qui
928 3015 1082 3042 adnaturam

134 3048 341 3089 “vertumni-413.
351 3049 486 3083 Manutius
504 3050 576 3078 eruit
593 3055 607 3085 ὲ
618 3050 707 3081 Tertii
719 3050 788 3077 libro
799 3061 805 3078 ;
826 3053 870 3077 Sed
878 3061 920 3077 vus
931 3051 1023 3078 adnat.
1044 3062 1082 3077 re-

131 3093 264 3111 Yil‘flmlnl.
288 3110 291 3111 ⁷

1990 164 2114 214 1035*

1154 235 1231 257 cent:
1245 237 1251 256 :
1272 229 1285 254 ³
1295 226 1328 258 &
1338 237 1393 258 vos
1402 227 1436 258 ad
1449 236 1583 259 naturam
1595 230 1795 260 revertimini.
1816 227 1928 271 quibus
1936 237 2040 259 natura
2045 230 2114 269 jure

1154 268 1338 307 responderit
1348 289 1356 302 ,
1367 279 1431 300 non
1441 268 1498 300 ess'e
1508 280 1612 300 verum
1624 290 1633 304 ,
1644 270 1765 302 aliunde
1775 269 1868 302 finem
1882 271 1964 302 beate
1975 271 2110 304 vivendi,

1154 308 1169 338 ἐι
1189 310 1218 339 se
1235 312 1381 351 principia
1390 313 1430 341 rei
1439 311 1573 351 gerendae
1584 315 1645 352 peti
1659 323 1664 342 t
1677 311 1733 343 effe
1745 316 1830 344 enim
1847 323 1938 343 unam
1950 322 2110 345 rationem·

1153 360 1210 391 qua
1228 352 1261 382 &
1278 354 1424 393 principia
1442 363 1544 383 rerum
1565 354 1744 395 agendarum
1756 376 1765 388 ,
1788 356 1821 385 &
1840 355 1946 386 ultima
1957 355 2110 385 bonorum

1153 394 1390 424 continerentur:
1415 397 1496 435 atqui
1507 414 1517 428 ,
1538 405 1570 425 ut
1580 395 1729 426 Aristonis
1739 396 1810 427 effer
1820 397 1943 436 explosa
1952 396 2111 429 sententia,

1153 433 1291 468 dicentis,
1304 435 1492 476 nihit'dtfferre
1503 436 1586 466 aliud
1592 437 1628 466 ab
1636 438 1704 472 alio,
1716 448 1771 468 nec
1780 437 1839 468 esse
1848 448 1892 467 res
1902 439 1988 470 ullas,
2002 448 2059 478 prae
2065 447 2108 467 ter

1153 476 1286 509 virtutes,
1301 477 1333 506 δε
1343 479 1521 511 ⁷‘it1a,inter
1535 489 1607 519 quas
1626 480 1791 520 quidquam
1803 482 1934 509 omnino
1946 478 2110 512 interesset.

1154 514 1190 547 fic
1199 527 1293 547 errare
1304 520 1528 559 Zenonem‚qui
1540 521 1622 551 nulla
1632 525 1663 551 in
1676 531 1716 555 re,
1729 520 1782 551 nisi
1794 523 1826 551 in
1837 523 2008 553 virtute,aut
2019 523 2108 553 Vltio,

1152 558 1395 599 propensionem,
1410 570 1446 589 ne
1457 564 1581 592 minimi
1591 564 1715 604 quidem
1729 565 1894 596 momenti,
1905 563 1939 592 ad
1952 564 2109 593 summum

1153 600 1270 630 bonum
1291 600 1515 640 adipiscendum
1533 602 1591 634 csse
1610 604 1719 635 diceret
1735 615 1740 633 :
1763 604 1796 634 δε
1805 625 1815 638 ,
1839 605 1910 635 cum
1930 605 1965 634 ad
1986 603 2101 635 beatam

1150 643 1244 672 vitam
1255 642 1375 672 nullum
1392 653 1585 675 momentum
1598 656 1629 676 ea
1639 656 1685 677 res
1696 646 1815 677 haberet
1823 667 1833 680 ‚
1842 646 1879 677 ad
1891 647 2108 686 appetitionem

1150 692 1249 713 autem
1265 694 1362 713 rerum
1374 704 1382 717 ‚
1403 683 1459 714 effe
1471 686 1502 714 in
1516 688 1560 716 his
1571 697 1726 719 momenta
1735 688 1861 719 diceret:
1872 686 1951 729 quali
1961 686 2033 718 vero
2044 688 2105 716 hire

1149 728 1293 766 appetitio
1320 736 1384 755 non
1411 726 1446 756 ad
1472 727 1587 757 summi
1614 729 1690 759 boni
1715 730 1905 769 adeptionem
1934 732 2108 769 pertineret.

1150 767 1232 808 Qid
1242 776 1341 798 autem
1353 767 1459 797 minsis
1469 769 1704 800 consentaneum
1716 771 1757 801 est
1771 791 1779 805 ‚
1790 774 1880 811 quam
1893 792 1902 805 ‚
1913 770 1996 812 quod
2010 771 2106 810 ajunt·

1149 811 1271 849 cognito
1282 809 1403 839 summo
1412 809 1507 843 bono,
1521 814 1626 841 reverti
1638 812 1666 841 se
1675 812 1709 842 ad
1723 822 1869 847 naturam,
1880 824 1912 844 nt
1921 813 1956 843 ab
1966 822 1999 842 ea
2008 820 2109 852 pemnt

1148 851 1448 891 agendiprincipium
1459 871 1468 885 ,
1491 852 1522 882 id
1533 851 1594 886 est,
1610 852 1727 883 officii?
1747 864 1812 884 soe:
1828 865 1917 884 axin
1930 863 2103 886 ACTIONIS.

1147 901 1198 922 aut
1208 891 1304 923 officii
1314 895 1388 923 ratio
1400 894 1531 932 impellit
1539 894 1574 924 ad
1585 904 1697 935 ca‚quae
1706 896 1869 926 secundum
1881 906 2016 926 naturam
2027 896 2108 928 sunt,

1148 934 1328 974 appetenda:
1351 935 1399 965 sed
1419 935 1455 966 ab
1467 936 1513 965 his
1522 935 1556 966 δε
1565 940 1709 977 appetitio
1720 957 1728 971 ‚
1752 938 1784 968 δε
1795 937 1874 967 ᾶᾶἰο
1884 945 2106 968 commovetur.

1149 978 1242 1006 Nunc
1251 978 1343 1007 venio
1352 976 1387 1006 ad
1399 977 1450 1007 illa
1458 986 1506 1008 tua
1516 977 1628 1011 brevia.
1640 988 1704 1019 quae
1716 978 1898 1010 conse-Eraria
1911 978 1968 1009 esse
1979 978 2105 1008 dicebas:
2128 981 2168 1014 18

1148 1018 1181 1048 &
1198 1020 1332 1058 primum
1352 1018 1426 1049 illud
1439 1039 1447 1052 ,
1472 1029 1533 1059 quo
1553 1021 1631 1050 nihil
1648 1020 1746 1061 potest
1755 1020 1813 1051 effe
1826 1022 1961 1051 brevius:
1987 1023 2105 1050 Bonum

1149 1069 1252 1094 omne,
1266 1060 1415 1091 laudabile
1426 1070 1432 1090 τ
1444 1060 1589 1091 laudabile
1598 1071 1697 1093 autem
1709 1073 1814 1097 omne,
1825 1062 1987 1093 honestum
1999 1074 2005 1091 ·.
2017 1064 2108 1102 igitur

1147 1112 1226 1132 omne
1245 1100 1348 1131 bonum
1361 1122 1370 1136 ,
1393 1101 1540 1138 honestum.
1564 1106 1590 1133 O
1608 1105 1787 1144 plumbeum
1811 1107 1976 1145 pugionem
1999 1106 2005 1133 !
2029 1106 2108 1145 Qis

1148 1146 1232 1174 enim
1253 1144 1310 1174 tibi
1332 1143 1409 1174 illud
1429 1146 1565 1184 primum
1585 1145 1779 1177 concesserit?
1799 1157 1862 1187 quo
1882 1147 2008 1187 quidem
2029 1155 2108 1176 con-

1145 1184 1245 1220 ceffo,
1265 1185 1343 1216 nihil
1370 1195 1446 1226 opus
1464 1185 1508 1216 est
1531 1187 1671 1218 secundo.
1706 1187 1726 1217 fi
1755 1191 1839 1219 enim
1860 1198 1953 1218 omne
1975 1187 2106 1220 bonum,

1148 1227 1297 1258 laudabile
1317 1227 1360 1258 est
1373 1247 1381 1261 ,
1401 1231 1521 1258 *omne
1540 1228 1702 1260 honestum
1717 1228 1770 1260 est.
1794 1232 1870 1271 Qis
1880 1230 1934 1260 tibi
1945 1239 1977 1259 er
1998 1228 2105 1259 oistud

1148 1268 1248 1304 dabit,
1276 1278 1380 1310 praeter
1391 1271 1576 1309 Pyrrhonem
1589 1291 1597 1304 ,
1609 1270 1781 1302 Aristonem
1794 1291 1802 1305 ‚
1815 1281 1959 1301 eorumve
1981 1272 2110 1300 imileis?

1150 1320 1227 1351 quos
1246 1320 1278 1341 tu
1299 1321 1361 1341 non
1371 1311 1488 1351 probas.
1514 1312 1728 1347 5Arist0teles‚
1753 1315 1935 1343 Xenocrates
1948 1333 1956 1344 .
1979 1312 2106 1342 totailla

1146 1352 1274 1386 familia,
1285 1362 1350 1383 non
1359 1352 1452 1387 dabit,
1462 1355 1573 1394 quippe
1581 1357 1633 1395 qui
1643 1355 1857 1387 valitudinem,
1868 1354 2107 1387 vireis,divitias‚

1149 1394 1278 1434 gloriam
1291 1414 1299 1429 ‚
1321 1395 1417 1425 multa
1425 1395 1482 1425 alia
1493 1415 1501 1429 ,
1514 1396 1594 1427 bona
1603 1395 1662 1426 effe
1671 1396 1770 1428 dicant
1786 1417 1795 1429 ,
1809 1396 1968 1427 laudabilia
1978 1405 2041 1425 non
2057 1395 2106 1425 di·
2135 1433 2141 1437 .

1149 1445 1228 1466 cant.
1251 1436 1285 1466 &
1307 1438 1339 1466 hi
1360 1436 1484 1477 quidem
1503 1439 1543 1468 ita
1553 1447 1616 1468 non
1627 1438 1688 1468 sola
1698 1440 1805 1469 virtute
1818 1458 1826 1471 ‚
1847 1437 1938 1468 finem
1951 1438 2105 1468 bonorum

1145 1479 1296 1508 contineri
1309 1487 1431 1518 putant,
1443 1487 1475 1508 ut
1485 1478 1572 1509 rebus
1580 1489 1681 1510 tamen
1693 1479 1820 1509 onmibus
1828 1481 1970 1508 virtutem
1979 1488 2104 1517 antepo-

1147 1528 1228 1549 nant.
1251 1519 1324 1559 quid
1334 1520 1436 1550 censes
1447 1529 1500 1550 eos
1511 1519 1569 1550 effe
1580 1520 1710 1552 faeiuros
1721 1541 1729 1555 ,
1753 1523 1805 1562 qui
1816 1523 1949 1551 omnino
1958 1523 2102 1550 virtutem

1147 1560 1163 1590 ὲ
1176 1560 1329 1592 bonorum
1340 1559 1401 1590 fine
1412 1561 1654 1602 segregaverunt,
1667 1564 1843 1602 Epicurum,
1861 1564 2103 1600 Hieronymum.

1144 1601 1215 1631 illos
1225 1603 1313 1632 etiam
1327 1621 1336 1636 ,
1356 1600 1376 1631 fi
1394 1605 1446 1643 qui
1457 1603 1663 1634 Carneadeum
1683 1603 1777 1634 finem
1798 1605 1872 1633 tueri
1884 1603 2013 1633 volunt?
2032 1603 2103 1643 Jam

1145 1651 1195 1673 aut
1203 1644 1342 1683 Callipho
1352 1663 1361 1677 ,
1377 1653 1426 1674 aut
1436 1644 1593 1675 Diodorus
1604 1666 1612 1679 ,
1623 1643 1639 1665 ⁶
1650 1654 1712 1686 quo
1720 1653 1862 1686 poterunt
1872 1644 1927 1674 tibi
1939 1643 2017 1674 istud
2026 1653 2105 1674 cou-

1142 1685 1258 1719 cedere,
1269 1686 1322 1726 qui
1332 1685 1368 1716 ad
1378 1684 1566 1716 honestatem
1575 1686 1656 1717 aliud
1666 1686 1840 1727 adjungant,
1854 1685 1936 1727 quod
1946 1695 1985 1716 ex
1993 1685 2105 1716 eodem

1144 1737 1252 1768 genere
1261 1737 1325 1758 non
1338 1725 1373 1758 fit
1382 1736 1393 1758 ,2
1414 1728 1531 1759 Placeti
1555 1730 1612 1759 itur
1623 1729 1677 1759 tibi
1687 1748 1697 1763 ‚
1717 1731 1789 1759 Cato
1800 1747 1809 1762 ‚
1821 1727 1892 1759 cum
1901 1729 1949 1757 res
1963 1726 2105 1757 sumseris

1143 1779 1207 1800 non
1217 1767 1377 1804 concessa&
1391 1778 1429 1800 ex
1438 1770 1500 1800 illis
1509 1779 1524 1800 e
1561 1781 1626 1801 cere
1633 1769 1717 1812 quod
1725 1771 1823 1802 velis?
1841 1768 1908 1811 Jam
1919 1769 1971 1798 ille
1982 1769 2104 1802 sorites.

1142 1821 1204 1852 quo
1214 1811 1292 1841 nihil
1301 1813 1411 1851 putatis
1424 1810 1480 1841 effe
1490 1810 1636 1846 vitiofius,
1647 1812 1735 1854 Qud
1745 1810 1888 1852 bonumftt
1897 1830 1906 1844 ‚
1925 1810 1957 1839 id
1964 1810 2102 1851 tffiopta-

1142 1852 1215 1882 bile:
1254 1853 1308 1882 uod
1325 1851 1461 1894 optabile,
1483 1853 1514 1881 id
1530 1853 1579 1890 effi·
1599 1853 1801 1896 expetendum:
1818 1852 1893 1894 quod
1907 1853 2100 1894 expetendum,

1142 1863 1303 1923 laudaZit'e:
1321 1894 1431 1925 deinde
1449 1895 1558 1935 reliqui
1578 1896 1694 1936 gradus.
1719 1895 1767 1925 sed
1783 1905 1839 1936 ego
1859 1897 1890 1924 in
1911 1895 1969 1924 hoc
1987 1892 2100 1924 resisto.

1140 1936 1249 1966 eodem
1262 1937 1346 1966 enirn
1357 1936 1453 1966 modo
1464 1935 1519 1967 tibi
1531 1946 1624 1967 nemo
1634 1937 1716 1967 dabit
1728 1956 1736 1971 ,
1746 1936 1829 1977 quod
1839 1935 2042 1976 expetendum
2053 1933 2099 1969 fit,

1140 1977 1170 2008 id
1180 1976 1238 2007 effe
1247 1977 1403 2008 laudabile.
1426 1977 1505 2008 Illud
1515 1977 1588 2008 vero
1599 1978 1731 2008 minime
1742 1977 1960 2008 mustitanum
1976 1997 1984 2011 ‚
2004 1977 2052 2008 sed
2064 1979 2098 2008 irt

1136 2021 1243 2058 primis
1252 2024 1267 2048 7
1275 2018 1503 2053 hebes‚illorum
1511 2019 1803 2061 gloriationedignam
1812 2019 1859 2057 effe
1867 2018 1980 2049 beatam
1989 2019 2098 2053 viram,

1139 2058 1154 2081 ⁸
1171 2061 1252 2102 quod
1271 2071 1338 2092 non
1355 2059 1509 2101 poffitfine
1521 2061 1672 2093 honestate
1683 2064 1876 2103 contingere,
1900 2070 1932 2091 ut
1938 2061 2004 2100 jure
2014 2062 2098 2101 quis-

1137 2113 1226 2145 quam
1242 2104 1396 2144 glorietur.
1419 2103 1513 2134 Dabit
1528 2104 1585 2134 hoc
1609 2105 1729 2134 Zenoni
1739 2105 1911 2138 Polemon;
1929 2104 2018 2133 etiam
2031 2111 2097 2132 ma-

1134 2144 1223 2188 gister
1230 2147 1294 2184 ejus
1304 2165 1312 2179 ,
1325 2145 1358 2176 &
1372 2153 1432 2176 tota
1442 2145 1492 2175 illa
1500 2155 1585 2187 gens,
1597 2146 1628 2176 &
1640 2146 1759 2186 reliqui,
1771 2146 1823 2186 qui
1832 2149 1976 2175 virtutem
1991 2146 2097 2174 omni-

1114 2183 1115 2187 *
1130 2189 1186 2219 bus
1205 2187 1293 2218 rebus
1306 2188 1405 2218 multo
1421 2196 1656 2228 anteponentes,
1675 2188 1843 2229 adjungunt
1861 2188 1889 2216 ei
1913 2195 2014 2216 tamen
2033 2186 2090 2215 ali—

1135 2229 1207 2271 quid
1223 2229 1346 2259 summo
1362 2231 1394 2260 in
1415 2229 1499 2259 bono
1524 2227 1670 2260 finiendo.
1693 2232 1723 2259 Si
1742 2231 1827 2260 enim
1847 2229 1942 2257 virtus
1960 2225 2092 2268 dignaell

1128 2271 1300 2312 gloriatione
1313 2291 1321 2305 ,
1334 2280 1367 2302 ut
1377 2270 1419 2302 est
1430 2291 1438 2305 ‚
1452 2279 1627 2313 tantumque
1635 2270 1860 2312 pi·aestatcetei·is
1872 2270 1956 2300 rebus
1966 2290 1974 2304 ‚
1989 2279 2021 2299 ut
2031 2270 2093 2299 dici

1134 2316 1187 2344 vix
1208 2312 1295 2355 poffit
1322 2323 1328 2343 :
1351 2313 1384 2344 ὃς
1403 2314 1506 2344 beatus
1527 2312 1586 2343 effe
1605 2315 1715 2353 poterit
1731 2315 1839 2343 virtute
1858 2321 1915 2342 una
1937 2311 2091 2352 praeditus,

1130 2365 1234 2386 carens
1251 2357 1372 2389 ceteris,
1401 2365 1457 2386 nec
1468 2355 1654 2386 tamenillud
1664 2355 1720 2386 tibi
1733 2354 1877 2385 concedet
1888 2374 1895 2387 ,
1916 2362 2019 2393 ptaeter
2027 2355 2092 2383 vir-

1132 2406 1228 2428 tutem
1238 2418 1247 2432 ,
1268 2398 1346 2428 nihil
1357 2399 1390 2428 in
1402 2397 1490 2428 bonis
1499 2395 1557 2428 esse
1566 2397 1756 2428 ducendum:
1778 2397 1826 2426 illi
1836 2404 1935 2426 autem
1947 2415 1955 2428 ‚
1978 2394 2090 2439 quibus

1132 2440 1290 2471 summum
1307 2439 1424 2470 bonum
1443 2438 1504 2470 fine
1520 2441 1631 2469 virtute
1648 2438 1689 2469 est
1706 2459 1715 2473 ‚
1744 2448 1808 2469 non
1827 2437 1938 2468 dabunt
1955 2434 2087 2470 fortasse,

1131 2483 1228 2512 vitam
1249 2481 1361 2511 beatam
1368 2480 1464 2511 habere
1476 2502 1485 2516 ,
1499 2482 1528 2511 in
1538 2492 1591 2522 quo
1595 2483 1660 2521 jure
1665 2480 1744 2522 poffit
1747 2480 1869 2521 gloriari
1874 2502 1878 2506 .
1902 2477 1952 2508 etsi
1961 2478 2008 2508 illi
2019 2479 2089 2518 qui-

1130 2523 1201 2554 dem
1221 2526 1312 2555 etiam
1335 2525 1502 2564 voluptates
1518 2527 1634 2554 iaciunt
1654 2523 1806 2553 interdum
1817 2520 1970 2563 gloriosas.
1994 2520 2088 2550 Vides

1129 2567 1219 2607 igitur
1230 2586 1239 2601 ‚
1251 2575 1279 2597 te
1288 2575 1337 2596 aut
1346 2576 1378 2596 ea
1387 2566 1515 2599 sumere,
1526 2575 1590 2606 quae
1603 2575 1668 2594 non
1678 2563 1878 2595 concedantur
1890 2583 1898 2596 ‚
1911 2571 1959 2593 aut
1967 2571 2011 2595 ea,
2019 2570 2086 2602 quae

1130 2609 1221 2639 etiam
1243 2606 1393 2642 concessa,
1412 2611 1427 2635 9
1447 2617 1474 2637 te
1493 2607 1571 2637 nihil
1587 2607 1705 2648 juvent.
1728 2605 1879 2647 Equidem
1897 2606 1930 2634 in
1940 2605 2085 2634 omnibus
2107 2607 2148 2642 19

2025 2644 2090 2676 istis

1128 2726 1243 2758 honestum
1252 2728 1296 2752 eff.
1982 2756 1986 2760 .
2004 2756 2009 2760 Ι

1170 2771 1194 2795 ς.
1215 2763 1360 2794 ehistetcles
1372 2782 1380 2795 ,
1390 2765 1530 2788 Jstnocrates
1542 2781 1550 2793 ‚
1566 2768 1616 2787 rom
1624 2763 1677 2793 illa,
1686 2759 1753 2795 &t.]
1774 2760 1816 2786 Sic
1826 2758 1894 2785 Pin.
1905 2767 1932 2784 ο.
1946 2756 2084 2792 editioque

1105 2804 1107 2829 Ι
1131 2797 1256 2824 Victorii.
1276 2798 1334 2824 aliae
1347 2808 1417 2825 enim
1432 2808 1439 2829 3
1451 2799 1539 2832 eArist.
1549 2798 1606 2823 verb
1615 2800 1713 2823 Xenocr.

1165 2834 1193 2860 6.
1214 2837 1266 2867 ‘Quo
1274 2842 1381 2868 poterunt
1390 2836 1433 2861 tibi
1441 2835 1504 2867 istud
1519 2833 1661 2867 concedere]
1683 2834 1717 2859 Et
1727 2832 1776 2860 hoc
1786 2831 1862 2859 habet
1873 2830 1956 2858 editio
1965 2827 2038 2856 Visst.
2047 2836 2080 2855 ac

1128 2869 1197 2896 Pau.
1209 2879 1236 2897 o.
1247 2879 1304 2897 nam
1316 2869 1383 2902 aliae,
1393 2880 1435 2905 quo
1445 2870 1506 2896 modo
1512 2876 1621 2902 poterunt
1629 2871 1683 2901 ribi,
1692 2869 1743 2900 dre.

1163 2913 1190 2940 7.
1211 2908 1283 2932 Hebes
1300 2908 1390 2933 istorum
1403 2907 1567 2940 gloriatione]
1590 2905 1632 2932 Est
1644 2907 1659 2931 :i
1679 2904 1832 2940 coujeElura
1841 2902 1942 2930 Mureti
1953 2901 2023 2928 libro
2035 2910 2078 2941 ¹}s·

1128 2942 1190 2968 Vai‘.
1202 2941 1266 2969 lce't.
1277 2951 1332 2978 cap.
1347 2950 1388 2976 14.
1406 2941 1560 2969 confirmata
1575 2941 1670 2968 deinde
1689 2938 1950 2969 membr-iniserioli
1962 2939 2079 2973 Sigonu.

1126 2985 1155 3004 nt
1165 2978 1285 3013 prodidit
1295 2979 1430 3005 Manutius
1440 2979 1532 3014 Nepos
1564 2979 1636 3014 prius
1647 2977 1784 3013 legebatur
1793 2975 1918 3013 amplius,
1934 2974 2078 3008 illorumscz-

1101 3032 1102 3036 ,
1123 3014 1177 3039 licet
1186 3017 1302 3040 nominum
1306 3017 1443 3047 gloriatione
1454 3026 1460 3039 :
1478 3014 1548 3050 quod
1560 3017 1587 3040 δε
1597 3015 1624 3041 in
1636 3013 1757 3041 omnibus
1771 3013 1837 3040 Pau.

1161 3048 1188 3076 8.
1209 3051 1279 3084 Qod
1286 3052 1461 3084 nonpoffitfine‚
1471 3051 1538 3085 dyc]
1559 3051 1600 3077 lta
1612 3049 1724 3077 Palatini
1733 3050 1853 3086 aliquot:
1875 3044 2075 3088 respicitquefd

1124 3093 1153 3111 ea
1164 3094 1221 3120 quat
1232 3086 1366 3113 habuimus
1378 3088 1452 3122 {upra
1463 3086 1531 3120 libi-o
1543 3095 1593 3113 111.
1604 3095 1659 3122 cap.
1670 3085 1697 3113 8.
1707 3086 1772 3113 editi
1783 3093 1860 3112 antea
1873 3105 1879 3116 ‚
1890 3095 1939 3119 ‹qu-t
1948 3093 1993 3109 non
2006 3101 2014 3114 ‚
2023 3090 2073 3112 &⁶⁶-

168 3129 197 3153 4·
218 3112 420 3154 Omnibonestum
437 3120 505 3155 eff]
526 3122 561 3149 Et
580 3122 631 3154 hoc
640 3123 677 3152 est
696 3123 710 3150 ὰ
729 3122 851 3150 Vitam-io
864 3143 872 3155 ,
891 3123 931 3149 cui
953 3122 1081 3150 accedunt
1125 3130 1185 3148 nam
1197 3122 1422 3157 Lambinus‚quia
1430 3123 1547 3154 κομώσ-

133 3165 224 3183 ornnes
237 3155 359 3183 Palatini.
371 3159 438 3187 snam
449 3155 515 3188 ‘Anii
526 3155 611 3191 retiis,
620 3160 807 3187 omnilaudahile
815 3161 929 3192 honestum
938 3162 988 3192 eff,-
1008 3158 1078 3195 quod

126 3194 158 3223 ᾱ
167 3193 195 3222 in
205 3192 340 3221 nonnullis
350 3189 434 3221 adhuc
449 3190 583 3223 ‘retinetur
593 3193 660 3223 edd.
670 3191 732 3225 ‘riam
742 3196 887 3226 Lambinus
900 3215 908 3230 ,
927 3197 1080 3225 omnebonum
1123 3192 1258 3232 editosque
1273 3196 1288 3224 ἀ
1299 3195 1432 3224 Υἰῦὶοῐιο.

1161 3165 1178 3192 9
1187 3178 1193 3184 .
1212 3163 1240 3183 ‘Te
1249 3159 1424 3200 nihiljuvent3]
1445 3158 1530 3186 Aldus
1543 3164 1666 3194 uterque,
1675 3159 1801 3194 adjuvent,
1812 3157 1852 3185 sed
1863 3163 1960 3193 praeter
1969 3164 1995 3182 o.
2008 3152 2075 3179 Pall-

1998 3226 2073 3251 1.Ea

1456 3231 1644 3269 Ppppppz
