2302 3353
593 145 681 178 An
748 130 819 176 M.
867 133 1203 182 Bitu-rum
1270 134 1612 182 ORATOR.

137 208 223 242 ticus.
247 210 322 241 Ecce
343 214 445 239 autem
462 204 555 247 aliqui
573 205 603 236 se
619 205 805 248 Thucydidios
825 205 884 237 csse
905 207 1093 248 profitentur,

139 261 256 282 novum
286 249 415 281 uoddam
424 249 648 288 imperitorum,
660 248 875 279 &inauditum
884 259 987 290 genus.
1012 252 1093 281 Nam

137 295 191 334 qui
210 295 255 332 Ly
268 302 327 322 iam
346 291 509 331 sequuntur
521 309 530 324 ,
553 289 733 320 caufidicum
750 290 903 332 quendam
921 292 1094 331 sequuntur:

140 344 206 364 non
215 335 304 363 illum
313 333 436 373 quidem
447 332 584 373 amplum
594 351 603 366 ‚
622 340 707 373 atque
715 331 859 373 grandem
879 342 885 361 ;
908 332 1050 362 subtilem
1061 333 1094 363 &

137 376 304 415 elegantem
314 383 427 407 tamen,
439 374 472 405 δε
482 375 535 415 qui
545 375 579 404 in
587 372 754 404 forensibus
763 372 853 404 causis
861 372 948 414 poffit
959 374 1093 414 praeclare

136 415 301 447 consistere.
325 415 521 456 Thucydides
530 424 631 446 autem
640 425 687 446 res
695 414 800 457 gestas,
813 416 846 446 &
856 415 933 446 bella
943 424 1049 449 narrar,
1061 415 1094 445 &

135 459 241 499 prcelia
250 477 258 492 ‚
272 460 398 499 graviter
411 458 479 488 iane
490 477 500 491 ,
524 457 558 488 δε
566 457 660 498 probe
673 467 679 486 z
701 457 751 488 scd
761 457 840 487 nihil
852 457 888 488 ab
898 467 934 487 eo
944 456 1093 488 transferri

135 499 232 541 potest
240 500 276 530 ad
285 499 439 530 forensem
448 500 536 530 usum
548 519 557 533 ,
578 499 611 529 &
621 499 789 539 publicum.
811 500 884 540 Ipsae
894 499 954 530 illa:
969 501 1094 530 concio—

136 552 190 572 nes
201 544 238 572 'ita
249 542 357 572 multas
366 542 479 572 habent
486 541 624 572 obscuras
634 561 643 576 ,
661 541 831 582 abditasque
840 542 999 572 sententias
1012 562 1020 575 ‚
1039 542 1094 570 vix

135 590 171 613 ut
180 583 469 625 intelligantur-quod
479 582 521 614 est
531 584 565 614 in
575 585 710 614 oratione
722 584 807 613 civili
815 585 926 613 virium
936 584 986 613 vel
996 585 1096 612 maxi-

135 635 237 656 mum.
260 629 348 667 QAE
370 635 428 656 ias-r
449 633 551 656 autem
570 627 603 655 in
621 624 801 655 hominibus
819 634 897 655 tanta
914 623 1094 664 perversitas,

135 676 168 698 ut
178 687 186 701 ,
198 669 329 698 inventis
346 666 482 708 frugibus
494 687 502 702 ‚
513 667 621 709 glande
630 668 785 697 vescantur
795 669 806 696 ?
825 669 875 696 An
884 666 982 697 vietus
992 667 1097 696 horni-

135 719 212 740 num
222 730 231 743 ,
255 708 485 740 Athenienfium
501 707 653 739 beneficio
669 708 770 738 excoli
781 710 882 748 potuit
893 728 902 742 ‚
922 710 1017 739 oratio
1027 717 1092 737 non

133 754 254 793 potuit?
276 754 352 794 Qis
371 750 462 792 porro
473 760 619 792 umquam
632 751 806 780 Graecorum
817 750 972 780 rhetorum
982 750 998 780 a
1008 750 1095 780 Thu-

135 793 243 833 cydide
263 794 428 835 quidquam
439 793 547 823 duxit?
568 795 608 822 At
621 792 754 822 laudatus
773 791 817 822 est
829 792 865 822 ab
875 791 1028 822 omnibus.
1049 790 1093 821 fa-

135 844 200 866 teor
213 846 219 865 ;
233 837 282 866 sed
294 839 334 866 ita
343 855 351 870 ‚
364 845 397 866 ut
405 844 505 865 rerum
514 834 678 874 explicator
686 834 829 874 prudens,
840 834 959 864 severus
967 853 976 867 ‚
987 835 1092 875 gravis:

138 887 202 909 non
219 887 253 908 ut
267 880 300 908 in
309 877 433 918 judiciis
449 876 575 906 versaret
592 875 687 906 causas
699 896 707 910 ,
719 875 768 906 sed
780 885 813 906 ut
830 877 862 905 in
873 875 1005 906 historiis
1015 875 1092 905 bella

133 929 225 950 narrar
232 928 272 950 et.
290 922 393 960 Itaque
402 927 570 958 numquam
581 916 624 947 est
632 926 806 948 numeratus
817 927 925 948 orator.
937 928 993 948 nec
1004 916 1088 950 vero,

110 972 116 976 ·
133 959 156 991 si
166 961 321 991 historiam
332 970 396 990 non
415 958 568 1000 scripfifl'et
578 979 587 994 ‚
612 963 622 978 ¹
641 969 759 989 nomen
778 960 843 1000 ejus
855 959 997 993 exstaret,
1017 957 1089 990 cum

130 1003 293 1044 praesertim
302 1000 404 1032 fuisset
414 1002 577 1031 honoratus
588 1021 597 1035 ,
618 1001 651 1031 δε
660 1001 787 1031 nobilis.
812 1003 912 1041 Hujus
923 1010 1025 1032 tamen
1036 1011 1090 1031 ne-

132 1054 186 1075 mo
195 1054 292 1085 neque
303 1043 464 1074 verborum
476 1063 485 1077 ‚
497 1053 594 1084 neque
604 1043 820 1074 sententiarum
829 1045 1006 1084 gravitatem
1017 1045 1090 1073 imi-

132 1093 208 1118 tatur
219 1097 224 1115 :
235 1086 295 1119 sed,
306 1084 379 1116 cum
390 1086 497 1115 mutila
506 1084 653 1126 quaedam,
667 1085 699 1116 δε
709 1086 823 1116 hiantia
831 1087 924 1115 locuti
935 1086 1013 1118 sunt,
1025 1095 1091 1126 quae

131 1129 181 1159 vel
193 1127 252 1169 fine
260 1126 390 1168 magistro
398 1126 492 1157 facere
501 1136 664 1167 potuerunt
674 1147 682 1161 ‚
702 1136 862 1168 germanos
872 1128 900 1157 se
918 1136 1023 1167 putant
1033 1125 1091 1156 efl'e

131 1170 337 1210 Thucydidas.
360 1172 392 1199 N
394 1168 476 1199 αξξυς
495 1170 563 1199 sum
573 1170 662 1199 etiarn
672 1171 726 1210 qui
737 1170 949 1209 Xenophontis
960 1167 1090 1199 similem

131 1210 189 1243 effe
199 1213 228 1243 se
239 1220 359 1252 cuperet
375 1222 380 1240 :
398 1213 445 1251 cuj
450 1221 484 1241 us
494 1212 592 1241 sermo
603 1209 646 1240 est
655 1212 707 1240 ille
719 1211 844 1251 quidem
856 1212 947 1241 melle
960 1211 1089 1244 dulcior,

133 1253 184 1285 sed
194 1253 210 1285 a
227 1252 337 1283 forensi
347 1253 469 1293 strepitu
485 1251 713 1283 remotiffimus.
737 1252 916 1283 Referamus
926 1263 984 1283 nos
1003 1255 1094 1295 igitur

131 1295 168 1327 ad
177 1306 248 1326 eum
261 1316 269 1330 ‚
280 1306 372 1336 quem
380 1296 523 1331 volumus
534 1314 543 1328 ‚
553 1295 772 1328 inchoandum,
785 1295 818 1325 δε
831 1295 936 1325 eadem
946 1294 1093 1336 eloquen-

72 1343 87 1370 1
95 1345 116 1369 Ο
132 1339 173 1369 tia
182 1337 413 1368 informandum
424 1357 433 1371 ‚
444 1346 535 1378 quam
544 1339 579 1366 in
588 1337 676 1366 nullo
687 1338 833 1377 cognovit
841 1339 1007 1366 Antonius.
1024 1339 1090 1366 Ma—

130 1390 227 1421 gnum
238 1389 313 1419 opus
323 1389 454 1409 omnino
466 1378 499 1408 &
509 1378 634 1408 arduum
647 1398 656 1411 ,
671 1380 758 1408 Brute
770 1399 779 1412 ‚
790 1387 951 1408 conamur:
962 1378 1012 1408 sed
1022 1378 1095 1407 nihil

127 1421 239 1462 difficile
255 1421 368 1450 amanti
384 1431 467 1461 puto.
491 1423 572 1450 Amo
582 1429 682 1450 autern
693 1440 702 1454 ‚
722 1420 881 1460 &semper
889 1423 988 1451 amavi
1006 1422 1092 1462 inge-

131 1466 232 1496 nium,
244 1462 350 1497 studia‚
363 1473 462 1493 mores
473 1471 551 1492 tuos.
576 1462 725 1493 Incendor
734 1461 825 1503 porro
835 1462 971 1504 quotidie
982 1465 1089 1504 magis,

131 1515 196 1536 non
204 1503 349 1535 desiderio
358 1503 459 1535 solum
468 1505 541 1546 (quo
550 1505 675 1545 quidem
684 1503 843 1545 conficior)
853 1503 1025 1546 congress'us
1033 1515 1092 1534 no—

133 1546 207 1578 stros
217 1557 227 1581 ,-
237 1547 487 1577 consuetudinem
498 1546 596 1576 viEtus
604 1566 613 1581 ‚
631 1544 819 1577 dodhffimos
829 1547 983 1577 sermones
991 1548 1093 1588 requi-

133 1599 201 1620 rens
213 1598 279 1619 tuos
289 1609 298 1623 ‚
317 1589 366 1620 sed
377 1591 468 1619 etiarn
486 1588 656 1619 admirabili
667 1588 747 1619 fama
761 1590 908 1619 virtutum
926 1588 1092 1619 incredibi—

58 1666 62 1668 ‚
108 1628 111 1630 ⁷
135 1631 213 1661 lium
223 1650 232 1665 ‚
242 1641 307 1672 quae
316 1631 411 1672 specie
421 1631 547 1671 dispares
557 1651 566 1663 ,
583 1630 742 1671 prudentia
749 1631 985 1672 conjunguntur.
1009 1630 1092 1672 Qid

63 1675 67 1679 ¹
134 1674 220 1703 enim
236 1682 296 1703 tam
306 1673 415 1703 distans
426 1693 434 1707 ,
452 1672 543 1713 quam
553 1673 569 1702 a
579 1674 731 1703 severitate
741 1674 879 1702 comitas?
901 1674 979 1715 Qis
990 1682 1091 1703 tamen

133 1723 278 1755 umquam
290 1723 318 1745 te
336 1725 386 1745 aut
401 1715 532 1745 sanctior
550 1714 592 1744 est
609 1715 728 1744 habitus
739 1734 747 1748 ‚
768 1724 819 1745 aut
836 1714 954 1745 dulcior
974 1717 985 1743 ?
1008 1714 1090 1754 Qid

132 1763 195 1787 tam
213 1755 337 1786 difficile
349 1777 357 1791 ‚
378 1767 468 1798 quam
486 1759 520 1786 in
537 1757 743 1796 plurimorum
757 1755 965 1787 controversiis
977 1755 1018 1796 dij
1023 1756 1092 1785 udi—

131 1798 235 1828 candis
244 1797 281 1827 ab
291 1798 417 1828 omnibus
426 1798 511 1839 diligi
523 1800 533 1827 ?
551 1799 742 1839 consequeris
753 1806 855 1828 tamen
866 1818 875 1832 ,
894 1806 928 1828 ut
935 1807 987 1828 eos
997 1797 1088 1838 ipsos,

132 1850 210 1881 quos
225 1849 330 1871 contra
339 1840 445 1871 statuas
457 1861 466 1874 ,
485 1849 589 1880 aequos
600 1860 610 1874 ,
631 1840 818 1881 placatosque
829 1839 972 1870 dimittas.
991 1841 1089 1880 itaque

131 1881 237 1916 efficis,
251 1891 284 1912 ut
292 1902 300 1916 ‚
311 1881 381 1912 cum
391 1885 488 1923 gratiae
500 1882 584 1912 causa
592 1882 672 1911 nihil
682 1880 770 1912 facias
780 1901 790 1916 ,
801 1883 907 1912 omnia
919 1890 1022 1912 tamen
1032 1881 1089 1912 sint

130 1933 209 1965 grata
218 1944 226 1957 ‚
245 1934 311 1963 quae
319 1923 402 1954 facis·
425 1927 503 1965 Ergo
514 1924 659 1953 omnibus
669 1926 753 1954 terris
763 1943 772 1957 ‚
790 1934 850 1954 una
859 1924 957 1954 Gallia
978 1926 992 1943 ²
1001 1933 1090 1953 com-

134 1967 225 1995 muni
235 1975 300 1995 non
308 1965 390 1995 ardet
399 1965 542 1995 incendio
562 1975 568 1994 :
591 1967 625 1995 in
635 1975 693 2005 qua
700 1964 806 1995 frueris
815 1966 876 2005 ipse
894 1973 922 1995 te
941 1984 950 1999 ‚
973 1963 1046 1995 cum
1054 1966 1088 1994 in

131 2007 225 2037 Italiae
236 2007 302 2037 luce
312 2007 498 2047 cognosceris
508 2025 517 2040 ‚
535 2006 714 2047 versarisque
731 2008 765 2036 in
775 2010 963 2046 optimorum
972 2008 1088 2036 civium

134 2049 183 2078 vel
194 2047 267 2078 flore
277 2068 286 2082 ‚
297 2049 345 2078 vel
354 2047 472 2078 robore.
492 2049 562 2089 Jarn
570 2056 719 2088 quantum
726 2048 802 2078 illud
812 2047 855 2078 est
865 2068 874 2082 .
887 2046 969 2088 quod
979 2049 1012 2077 in
1024 2057 1089 2078 ma-

130 2091 225 2120 ximis
244 2088 471 2131 occupationibus
489 2099 657 2130 numquam
676 2091 850 2120 intermittis
862 2089 957 2120 studia
974 2088 1089 2119 (1οᾶῐί-

122 2134 200 2162 =nae?
218 2131 335 2171 semper
344 2140 393 2161 aut
402 2131 462 2171 ipse
472 2131 575 2160 scribis
590 2131 704 2172 aliquid
715 2151 724 2165 ‚
745 2141 794 2161 aut
811 2141 861 2160 me
870 2141 959 2161 vocas
969 2131 1004 2161 ad
1015 2132 1087 2161 scri-

130 2173 267 2204 bendum
286 2177 297 2203 ?
319 2175 419 2214 Itaque
437 2174 495 2203 hoc
505 2173 571 2203 sum
581 2171 726 2215 aggressus
736 2171 836 2203 statim
847 2175 958 2203 Catone
969 2173 1088 2203 absolu-

130 2223 175 2249 to,
186 2225 277 2256 quem
286 2215 385 2255 ipsum
395 2224 564 2255 numquam
572 2213 731 2256 attigissem
740 2233 750 2248 ,
762 2223 894 2255 tempora
904 2216 1017 2244 timens
1026 2216 1088 2244 ini—

134 2259 215 2288 mica
221 2259 324 2287 virtuti
334 2277 344 2290 ‚
366 2255 422 2287 nisi
441 2257 496 2287 tibi
504 2257 655 2290 hortanti,
679 2257 712 2287 &
721 2256 804 2286 illius
814 2258 996 2287 memoriam
1007 2257 1087 2287 mihi

130 2309 228 2330 caram
237 2300 399 2332 excitanti,
409 2308 475 2329 non
483 2297 583 2339 parere
593 2297 676 2330 nefas
686 2297 745 2329 effe
754 2297 906 2329 duxiss'em
919 2309 925 2328 ;
945 2298 994 2329 sed
1004 2297 1087 2329 testi-

132 2340 206 2372 ficor
216 2361 225 2375 ‚
244 2351 294 2371 me
304 2340 321 2371 a
332 2350 359 2371 te
371 2349 507 2383 rogatum
519 2360 528 2374 ‚
550 2340 583 2370 &
592 2341 777 2371 recusantem
788 2359 798 2374 ‚
819 2342 882 2371 haec
892 2340 1016 2371 scribere
1028 2339 1087 2371 efl'e

128 2384 243 2414 ausum.
262 2383 343 2414 Volo
353 2385 437 2413 enim
448 2384 525 2412 mihi
535 2391 636 2413 tecum
647 2392 813 2413 commune
823 2381 879 2413 esse
896 2384 1011 2413 crimen
1024 2403 1032 2416 ‚
1044 2391 1088 2416 ut,

129 2423 152 2454 fi
169 2424 311 2455 sustinere
328 2433 440 2455 tantam
449 2423 648 2466 quaestionem
659 2435 724 2455 non
731 2434 874 2466 potuero,
898 2423 993 2464 injusti
1008 2434 1090 2454 onem

130 2465 263 2506 impoliti
282 2476 332 2498 tua
342 2467 427 2508 culpa
446 2466 499 2501 sit,
518 2476 585 2497 mea
602 2475 721 2508 recepti.
740 2470 845 2508 inquo
864 2476 965 2498 tamen
979 2466 1089 2507 judicii
1107 2490 1108 2493 η

1107 2531 1108 2534 =
1126 2512 1213 2544 detur
1223 2511 1400 2543 testimonio
1411 2513 1542 2544 Platonis
1555 2514 1684 2543 aliorum
1695 2514 1808 2553 judicia
1817 2514 1924 2544 debere
1939 2524 2080 2545 contem-

1106 2570 1108 2573 *
1125 2565 1208 2585 nere.
1231 2554 1283 2586 Est
1292 2556 1376 2584 enim
1386 2554 1506 2595 (utscis)
1522 2553 1601 2596 quasi
1611 2557 1644 2584 in
1655 2564 1787 2585 extrema
1796 2566 1899 2598 pagina
1907 2556 2021 2586 Phaedri
2031 2557 2079 2586 his

64 2507 85 2544 ἰ
96 2517 109 2544 1
130 2508 223 2539 nostri
239 2519 391 2543 errorem,
407 2509 470 2539 laus
488 2508 544 2539 tibi
563 2508 623 2540 dati
642 2511 776 2539 muneris
792 2509 1009 2549 compensabit.
1030 2508 1088 2540 sed

64 2549 70 2555 “
130 2557 165 2587 in
178 2558 266 2586 omni
284 2567 315 2587 re
324 2555 545 2587 difficillimum
556 2554 617 2589 est,
639 2554 771 2586 formam
782 2575 791 2590 ‚
815 2555 908 2596 (quod
928 2551 1086 2593 χαερικπὶρ

133 2598 236 2628 Graece
246 2597 368 2639 dicitur)
386 2607 539 2638 exponere
548 2599 658 2638 optimi
670 2608 676 2626 2
695 2597 777 2639 quod
787 2598 868 2628 aliud
887 2598 952 2627 aliis
963 2595 1087 2627 Videtur

130 2643 295 2680 optimum.
318 2642 421 2671 Ennio
430 2639 564 2671 delefilwr
572 2660 581 2674 ‚
593 2641 633 2670 ait
641 2641 789 2680 quispiam
800 2660 808 2674 ‚
821 2639 903 2680 qnod
915 2648 981 2668 non
989 2637 1084 2668 disce—

129 2681 174 2712 dit
183 2681 199 2712 ὲ
209 2685 368 2713 communi
378 2692 463 2713 more
472 2682 634 2712 verborum
645 2693 651 2711 2
668 2684 799 2712 Pacuvio
809 2701 818 2716 ‚
829 2682 930 2722 inquit
936 2680 1011 2710 alius
1025 2690 1031 2709 z
1048 2689 1084 2710 o-

132 2733 220 2754 mnes
229 2724 306 2764 apud
315 2725 396 2754 hunc
406 2726 501 2755 ornati
519 2744 528 2758 ‚
551 2724 750 2765 elaboratique
759 2724 828 2754 sunt
844 2723 944 2753 versus
961 2732 967 2751 τ
990 2723 1086 2752 multa

129 2765 204 2805 apud
221 2767 348 2796 alterum
367 2764 578 2807 negligentius.
608 2768 664 2796 Fac
678 2767 772 2796 alium
791 2767 885 2796 Attio.
907 2764 993 2794 varia
1011 2765 1085 2793 enim

126 2807 310 2846 sunrjudicia
321 2828 330 2841 ,
349 2810 424 2837 utin
433 2809 544 2838 Graecis
556 2818 560 2836 z
581 2818 637 2837 nec
644 2807 740 2838 facilis
751 2808 912 2848 explicatio
924 2826 932 2840 ,
943 2816 1010 2848 quae
1020 2806 1083 2836 for-

130 2857 180 2880 ma
189 2849 326 2880 maxime
335 2850 470 2881 excellat.
490 2852 527 2880 In
535 2848 661 2890 piRuris
669 2850 744 2880 alios
755 2849 886 2884 horrida,
898 2849 1021 2883 inculta,
1030 2849 1084 2879 ab·
1102 2854 1104 2877 2

1871 100 1885 110 r

2008 154 2098 202 155

1136 206 1196 237 dita
1206 227 1214 241 ‚
1233 208 1267 239 ὃς
1277 218 1381 249 opaca:
1399 219 1502 242 contra
1510 212 1584 243 alios
1594 211 1688 243 nitida
1700 233 1708 246 .
1728 212 1794 245 laeta
1804 234 1813 248 D
1839 216 1851 242 3
1864 214 2031 248 collustrata
2040 217 2095 248 dee

1136 248 1232 296 lcetat.
1255 251 1335 293 Qid
1347 251 1407 285 est,
1427 262 1487 294 quo
1500 255 1691 296 prescriptum
1708 256 1830 297 aliquod
1841 277 1850 290 ,
1874 266 1923 288 aut
1931 258 2094 297 formulam

1134 299 1282 329 exprimas
1295 312 1302 326 ,
1322 291 1393 323 curn
1404 295 1436 324 in
1446 295 1499 325 suo
1515 296 1657 338 quodque
1673 308 1780 340 genere
1789 297 1905 339 praestet
1915 320 1923 333 ,
1944 300 1976 330 &
1985 311 2095 343 genera

1133 331 1217 369 plura
1228 331 1283 363 sint
1302 337 1312 362 ?
1335 337 1399 365 Hac
1416 345 1472 378 ego
1491 340 1638 380 religione
1648 349 1713 370 non
1723 340 1789 370 sum
1807 340 1843 370 ab
1853 342 1911 371 hoc
1920 352 2026 372 conatu
2045 353 2092 373 re-

1134 373 1234 418 pulsus
1255 385 1261 402 :
1284 376 1513 422 existimavique
1532 400 1540 413 ,
1564 383 1602 410 Isi
1625 391 1778 412 omnihus
1800 382 1888 413 rebus
1905 382 1962 414 ess'e
1977 384 2091 426 aliquid

1133 422 1306 461 optimum3
1328 426 1419 463 etiam
1429 417 1450 448 si
1461 422 1576 451 lateret:
1597 422 1686 463 idque
1698 423 1734 453 ab
1744 434 1780 454 eo
1790 423 1872 464 poss‘e
1881 444 1891 458 ‚
1911 428 1962 466 qui
1975 427 2038 466 ejus
2049 428 2091 456 rei

1131 464 1239 495 gnarus
1251 455 1322 487 cslet
1333 478 1341 491 ,
1358 459 1494 498 judicari.
1524 463 1579 493 Sed
1591 467 1736 505 quoniam
1746 466 1832 505 plura
1842 467 1910 497 sunt
1919 470 2093 500 orationum

1132 506 1257 543 genera,
1278 508 1367 546 eaque
1385 500 1498 532 diversa
1510 524 1518 536 ‚
1538 514 1634 546 neque
1644 509 1676 536 in
1687 517 1779 538 unam
1795 507 1927 539 formam
1939 509 2093 540 cadunto-

1134 546 1218 584 mma
1230 548 1234 566 :
1256 539 1462 572 laudationum
1475 564 1483 576 ‚
1505 546 1700 586 scriptionum
1712 569 1720 581 ,
1737 549 1972 581 &historiarum
1984 571 1993 585 ,
2007 552 2040 582 <Sc
2051 561 2093 582 ta·-

1131 579 1401 628 liumpsuasiobnum
1420 604 1429 615 ‚
1461 586 1578 624 qualem
1600 589 1741 620 Isocrates
1767 590 1837 622 fecit
1856 594 2090 634 Panegyricum,

1133 621 1282 665 multique
1291 623 1341 652 alii
1354 643 1362 656 ,
1381 634 1433 664 qui
1445 626 1512 656 sunt
1523 632 1672 660 nominati
1683 631 1836 671 sophistae,
1848 634 2090 676 reliquarumque

1111 671 1114 681 ⁴
1132 672 1233 692 rerum
1244 669 1375 695 sormam
1388 685 1396 698 .
1416 676 1481 706 quae
1495 668 1600 700 absunt
1609 672 1644 701 ab
1655 671 1764 703 forensi
1773 678 1967 706 contentione
1979 697 1988 710 ‚
2009 677 2089 717 ejus-

1132 716 1190 747 que
1211 716 1302 737 totius
1320 712 1436 756 generis
1454 730 1462 743 ,
1485 712 1567 752 quod
1588 716 1690 746 Graece
1701 716 1890 749 ἴτ’πθεικπκόν
1901 722 2086 753 nominatur,

1130 748 1213 788 quod
1230 748 1308 790 quasi
1327 750 1363 780 ad
1380 752 1604 791 inspiciendum
1616 776 1624 789 ,
1641 757 1847 790 delectationis
1864 762 1948 792 causa
1964 771 2090 802 compa-

1128 799 1225 820 ratum
1246 790 1307 825 est,
1327 802 1392 822 non
1401 794 1583 834 co1nple6tar
1599 797 1657 828 hoc
1675 807 1808 840 tempore
1822 821 1830 834 ‚
1848 813 1911 833 non
1923 813 1983 843 quo
1993 804 2090 844 negli-

1128 832 1224 878 genda
1243 831 1293 864 sit:
1316 833 1359 864 est
1376 837 1461 865 enim
1471 837 1522 866 illa
1531 837 1609 878 quasi
1626 847 1725 869 nutrix
1745 843 1807 881 ejus
1827 848 1949 874 oratoris
1961 865 1969 877 ‚
1992 855 2085 885 quem

1130 878 1294 922 informare
1304 877 1468 911 volumus,
1493 879 1570 909 &de
1587 890 1648 921 quo
1658 883 1806 913 molimur
1822 885 1935 925 aliquid
1955 885 2085 927 exquisi-

1129 924 1188 946 tius
1207 916 1314 947 dicere.
1339 918 1386 948 Ab
1405 920 1458 950 hac
1475 919 1680 953 &verborum
1696 926 1780 964 copia
1798 926 1904 960 alitur,
1929 928 1961 957 &
1979 938 2086 959 eorum

1128 957 1313 1006 constructio
1326 981 1333 992 .
1355 960 1389 990 δε
1398 970 1542 992 numerus
1552 963 1692 995 liberiore
1702 965 1830 1006 quadarn
1840 967 1949 998 fruitur
1959 969 2087 1001 licentia.

1129 1002 1225 1047 Datur
1244 1009 1335 1031 etiam
1356 1005 1444 1033 venia
1461 1006 1658 1036 concinnitati
1678 1008 1910 1039 sententiarum:
1934 1010 1966 1040 &
1983 1013 2088 1051 arguti,

1127 1050 1258 1088 certique
1267 1063 1274 1076 ,
1294 1043 1328 1074 δε
1338 1045 1554 1086 circumscripti
1564 1048 1725 1079 verborum
1735 1050 1864 1081 ambitus
1875 1051 2089 1083 conceduntur:

1127 1083 1164 1113 de
1175 1083 1378 1126 industriaque
1387 1106 1395 1120 ‚
1414 1096 1478 1117 non
1488 1098 1525 1117 ex
1535 1088 1649 1119 insidiis
1660 1111 1668 1123 ,
1681 1091 1729 1121 sed
1741 1093 1836 1132 aperte
1849 1113 1858 1126 ,
1877 1103 1910 1123 ac
1918 1093 2016 1133 paliim
2029 1094 2088 1125 ela-

1129 1125 1267 1160 boratur,
1292 1136 1324 1157 ut
1343 1127 1431 1158 verba
1440 1130 1539 1159 verbis
1550 1131 1627 1171 quasi
1640 1131 1779 1164 demensa
1792 1153 1801 1167 ‚
1825 1134 1858 1164 &
1875 1137 1955 1175 paria
1965 1136 2090 1176 respon-

1128 1167 1217 1198 deant
1231 1168 1405 1215 ‚1utcrebro
1416 1170 1608 1202 conferantur
1617 1177 1777 1215 pugnantia
1786 1196 1794 1209 ,
1815 1186 2088 1219 comparenturque

1128 1218 1272 1240 contraria
1285 1221 1291 1239 :
1311 1211 1343 1241 δε
1353 1214 1500 1251 utpariter
1508 1223 1640 1245 extrema
1650 1219 1851 1247 terminentur
1861 1238 1869 1252 ,
1892 1218 2085 1260 eundemque

1128 1250 1257 1301 reserant
1266 1254 1299 1282 iri
1309 1252 1443 1283 cadendo
1455 1255 1573 1285 sonum:
1584 1268 1649 1297 quae
1661 1260 1693 1288 in
1704 1261 1825 1289 veritate
1835 1261 1987 1290 causarum
2000 1261 2032 1291 &
2042 1272 2088 1292 ra-

1128 1303 1190 1323 rius
1210 1294 1310 1324 multo
1329 1294 1456 1326 facimus
1476 1317 1484 1329 ‚
1509 1298 1541 1327 δε
1553 1300 1630 1329 ceite
1648 1301 1803 1330 occultius.
1827 1304 1863 1331 In
1874 1303 2090 1333 Panathenaico

1127 1344 1228 1383 autern
1237 1336 1376 1383 isocrates
1386 1348 1419 1368 ea
1428 1337 1561 1369 studiose
1571 1341 1773 1371 conseAElatum
1784 1342 1900 1373 fatetur.
1923 1354 1989 1374 non
1999 1347 2084 1374 enim

1129 1376 1164 1407 ad
1179 1377 1366 1417 judiciorum
1378 1389 1527 1426 certarnen
1539 1401 1547 1415 ‚
1569 1383 1618 1412 secl
1637 1383 1671 1413 ad
1684 1384 1869 1424 voluptatem
1880 1387 1997 1415 aurium
2016 1387 2088 1417 scri-

1127 1420 1230 1459 pserat.
1263 1422 1338 1450 Haec
1349 1420 1478 1452 traEtasse
1489 1424 1725 1464 Trasymachum
1738 1427 1977 1457 chalcedonium
1994 1448 2003 1461 ‚
2027 1429 2089 1468 pri-

1128 1471 1217 1491 murn
1230 1481 1238 1496 ‚
1257 1461 1290 1492 &
1300 1464 1488 1494 Leontinum
1496 1464 1598 1496 ferunt
1608 1468 1753 1508 Gorgiam
1775 1479 1781 1497 2
1804 1469 2003 1499 Theodorum
2015 1469 2088 1500 inde

1128 1508 1310 1547 Byzantium
1321 1527 1329 1541 ,
1342 1508 1511 1550 multosque
1521 1510 1596 1540 alios
1607 1531 1614 1544 ,
1633 1521 1708 1552 quos
1719 1509 1953 1552 λοψὸωιᾶείλους
1962 1515 2091 1554 appellat

1129 1550 1162 1578 in
1175 1548 1299 1579 Phaedro
1310 1552 1443 1580 Socrates
1462 1562 1468 1580 ;
1491 1562 1621 1592 quorum
1639 1554 1704 1584 sitis
1722 1564 1820 1597 arguta
1838 1556 1933 1586 multa
1953 1576 1961 1590 ,
1985 1556 2033 1586 scd
2055 1565 2088 1587 ut

1128 1589 1224 1621 modo
1236 1611 1245 1624 ,
1264 1593 1458 1633 primumque
1467 1594 1609 1634 nafiemia
1618 1615 1626 1629 ‚
1647 1598 1764 1627 minuta
1775 1617 1783 1631 ‚
1802 1601 1819 1624 4
1830 1597 1862 1627 ὃς
1872 1597 2088 1628 versiculorum

1129 1631 1237 1663 similia
1250 1633 1396 1674 quiedam,
1409 1636 1603 1676 nimiumque
1613 1637 1738 1678 depicta.
1759 1641 1828 1681 Qo
1839 1641 1932 1680 magis
1943 1640 2011 1669 sunt
2021 1642 2087 1670 He-

1129 1675 1254 1705 rodotus
1264 1695 1272 1709 ‚
1293 1676 1545 1718 Thucydidesque
1555 1679 1706 1710 mirabiles
1719 1691 1724 1710 :
1748 1691 1879 1721 quorum
1891 1691 1956 1712 aetas
1968 1681 2039 1711 cuin
2051 1683 2085 1712 in

1131 1727 1237 1764 eorum
1247 1726 1382 1757 tempora
1393 1738 1401 1751 ‚
1412 1728 1488 1759 quos
1498 1721 1669 1755 nominavi,
1680 1721 1830 1752 incidisset
1841 1743 1849 1756 ‚
1862 1721 2030 1765 longiffime
2042 1732 2085 1753 ta-

1131 1769 1204 1788 men
1214 1757 1267 1798 ipsi
1278 1758 1294 1789 a
1304 1759 1412 1789 talibus
1422 1760 1550 1795 deliciis,
1561 1762 1609 1792 vel
1619 1765 1719 1803 potius
1730 1766 1851 1804 ineptiis
1862 1764 2027 1795 abfuerunt.
2041 1765 2085 1795 al·-

1130 1810 1173 1831 ter
1181 1811 1266 1830 enim
1277 1799 1337 1831 sine
1349 1802 1418 1831 ullis
1428 1802 1549 1833 salebris
1559 1824 1568 1838 ‚
1587 1803 1666 1845 quasi
1678 1805 1793 1845 fhdatm
1802 1808 1890 1836 amnis
1900 1805 1966 1837 fluit
1983 1818 1989 1837 :
2012 1807 2085 1837 alter

1128 1844 1283 1873 incitatior
1290 1842 1384 1873 fertur
1393 1864 1402 1877 ,
1415 1844 1448 1874 &
1458 1843 1493 1874 de
1504 1845 1621 1876 bellicis
1641 1848 1727 1877 rebus
1736 1850 1817 1878 canit
1827 1850 1917 1879 etiarn
1935 1849 2085 1889 quodam-

1128 1884 1223 1915 modo
1235 1884 1395 1915 bellicum:
1411 1887 1575 1927 primisque
1585 1888 1621 1918 ab
1630 1889 1677 1918 his
1688 1888 1733 1928 (ut
1742 1891 1782 1919 ait
1792 1890 2025 1931 Theophrastus)
2036 1891 2085 1920 hi-

1127 1925 1215 1957 storia
1230 1935 1385 1957 commota
1394 1926 1454 1961 est,
1479 1937 1510 1957 ut
1519 1929 1637 1959 auderet
1647 1929 1768 1960 uberius
1778 1951 1786 1965 ‚
1803 1931 1895 1972 quam
1907 1932 2083 1972 superiores,

1127 1969 1161 1999 δε
1181 1967 1316 1998 ornatius
1332 1968 1439 1998 dicere.
1464 1972 1584 2000 Horum
1604 1973 1681 2001 aetati
1698 1971 1828 2002 succeffit
1846 1973 1985 2006 Isocrates
1997 1994 2005 2007 ,
2028 1975 2082 2014 qui

1126 2019 1230 2050 praetei·
1244 2017 1357 2040 ceteros
1376 2010 1510 2048 ejusdem
1528 2015 1645 2051 generis
1664 2012 1798 2044 laudatur
1816 2015 1960 2055 sempera
1977 2014 2079 2048 nobis.

1125 2053 1475 2091 nonnumquam‚Brute‚
1486 2052 1600 2088 leviter,
1612 2055 1644 2084 Sc
1654 2055 1768 2085 erudite
1779 2066 1959 2097 repugnante
1971 2065 2007 2086 te.
2031 2056 2084 2087 sed.

1128 2093 1227 2123 credas
1245 2092 1448 2123 mihifortasse
1459 2114 1467 2128 ,
1490 2092 1511 2123 fi
1528 2115 1537 2128 ,
1560 2095 1633 2136 quid
1644 2097 1721 2126 ineo
1733 2097 1869 2131 laudem,
1892 2100 2082 2140 cognoveris.

1126 2139 1208 2166 Nam
1218 2133 1290 2164 cum
1299 2135 1435 2165 concisus
1452 2138 1479 2166 ci
1490 2137 1730 2176 Thrasymachus
1744 2141 1871 2169 minutis
1889 2142 2024 2170 numeris
2034 2142 2082 2169 vi-

1124 2177 1242 2207 deretur
1252 2196 1261 2210 ‚
1282 2177 1315 2206 &
1325 2179 1468 2221 Gorgias,
1487 2181 1540 2218 qui
1550 2188 1649 2209 tamen
1662 2183 1752 2219 primi
1767 2180 1920 2211 traduntur
1938 2189 2000 2210 arte
2008 2192 2082 2223 qua—

1125 2219 1192 2249 dam
1201 2218 1290 2248 verba
1298 2219 1428 2248 vinxifle
1440 2229 1446 2248 z
1469 2223 1482 2246 5
1493 2220 1684 2260 Thucydides
1695 2231 1795 2252 autern
1805 2222 1987 2262 praefraCtior
1996 2244 2004 2256 ,
2025 2233 2082 2253 nec

1126 2262 1193 2292 satis
1204 2260 1249 2299 (ut
1259 2262 1300 2290 ita
1308 2259 1420 2301 dicam)
1433 2262 1578 2292 rotundus
1592 2273 1596 2291 s
1615 2264 1692 2302 prim
1698 2273 1729 2292 us
1741 2264 1870 2295 instituit
1884 2265 2004 2295 dilatare
2015 2275 2082 2295 ver-

1127 2304 1190 2336 bis,
1214 2303 1248 2333 &
1267 2302 1460 2333 mollioribus
1479 2306 1614 2334 numeris
1634 2306 1752 2345 explere
1772 2306 1940 2336 sententias.
1964 2310 2001 2336 In
2020 2316 2080 2347 quo

1127 2344 1199 2376 cum
1218 2344 1338 2375 doceret
1346 2354 1397 2374 eos
1408 2364 1416 2378 ,
1431 2348 1483 2386 qui
1492 2348 1601 2386 partim
1614 2349 1647 2377 in
1664 2347 1793 2377 dicendo
1808 2368 1816 2382 ‚
1833 2350 1940 2388 partim
1958 2350 1992 2378 in
2010 2350 2081 2378 scri—

1126 2385 1227 2417 bendo
1235 2388 1385 2428 principes
1395 2388 1571 2418 exstiterunt
1581 2408 1589 2423 ,
1600 2388 1709 2419 domus
1719 2391 1782 2429 ejus
1792 2391 1898 2429 officina
1909 2390 2007 2419 habita
2014 2389 2080 2419 elo-

1126 2431 1256 2470 quentiae
1267 2427 1321 2458 est.
1343 2431 1443 2469 Itaque
1453 2438 1485 2460 ut
1494 2440 1549 2471 ego
1559 2450 1568 2464 ,
1587 2430 1658 2460 cum
1669 2431 1684 2461 a
1694 2430 1797 2461 nostro
1808 2434 1920 2461 Catone
1929 2431 2078 2464 laudabar.

1126 2471 1176 2502 vel
1186 2470 1362 2512 reprehendi
1373 2480 1421 2501 me
1431 2470 1448 2501 a
1457 2474 1561 2502 ceteris
1571 2471 1657 2502 facile
1667 2475 1742 2511 patre
1748 2472 1797 2502 bar
1807 2484 1811 2501 :
1832 2471 1869 2502 sic
1881 2473 2021 2503 Isociates
2031 2475 2080 2503 vi·-

1125 2595 1191 2637 ipsis
1201 2597 1299 2627 verbis
1310 2596 1436 2638 loquens
1446 2599 1575 2627 Socrates
1587 2616 1595 2630 ‚
1619 2598 1833 2627 ADOLESCENS
1853 2600 1943 2628 etiam
1953 2608 2045 2632 nunc,
2058 2597 2078 2627 ὂ

1126 2638 1247 2670 Phaedre
1255 2659 1263 2673 ‚
1275 2639 1414 2670 Isocrates
1426 2637 1468 2668 est
1478 2648 1483 2666 z
1495 2638 1543 2668 sed
1553 2638 1624 2679 quid
1635 2638 1670 2668 de
1680 2639 1735 2669 illo
1745 2649 1884 2681 augurer,
1906 2640 1987 2670 lubet
1997 2640 2079 2670 dice-

1125 2691 1166 2711 re.
1184 2681 1266 2722 Qid
1275 2680 1395 2711 tandem
1408 2701 1416 2713 ,
1427 2682 1526 2720 inquit
1535 2681 1596 2709 ille.
1615 2681 1730 2719 Majore
1740 2684 1817 2711 mihi
1828 2683 1953 2723 ingenio
1961 2682 2080 2711 videtui·

1127 2721 1185 2752 efl‘e
1196 2743 1204 2756 ‚
1217 2722 1308 2763 quam
1320 2732 1352 2753 ut
1360 2732 1431 2752 cum
1442 2722 1630 2752 orationibus
1641 2721 1733 2762 Lysia:
1743 2733 1932 2764 comparetur
1945 2734 1949 2752 z
1960 2732 2080 2763 praeter-

1124 2774 1157 2795 ea
1167 2765 1201 2795 ad
1211 2767 1352 2795 virtutem
1371 2765 1468 2804 major
1478 2764 1595 2794 indoles
1609 2774 1614 2792 :
1635 2773 1667 2793 ut
1677 2765 1807 2794 minime
1818 2768 1930 2795 minim
1941 2764 2078 2795 futurum

1127 2805 1159 2836 sit
1168 2826 1176 2840 ‚
1188 2805 1209 2836 fi
1219 2826 1228 2840 ‚
1239 2805 1311 2837 cum
1321 2815 1404 2836 aetate
1413 2804 1599 2846 processerit,
1611 2808 1700 2836 autin
1710 2808 1768 2837 hoc
1776 2809 1947 2837 orationum
1957 2816 2078 2847 genere,

1123 2850 1173 2879 cui
1183 2859 1266 2879 nunc
1275 2848 1390 2883 studet,
1403 2857 1518 2879 tantum
1529 2869 1537 2883 ,
1549 2856 1694 2889 quantum
1704 2851 1804 2889 pueris
1814 2869 1822 2883 ‚
1833 2849 1955 2890 reliquis
1963 2847 2079 2888 praestet

1975 2900 2081 2920 omni-

164 2960 175 2978 1
183 2972 188 2978 .
209 2957 294 2979 Nomen
304 2955 352 2987 ejus
361 2952 489 2987 exstaret]
502 2951 641 2980 Editiones
652 2951 788 2985 Lambini,
797 2962 842 2979 non
851 2954 952 2986 exstare!
963 2972 972 2984 ,
982 2951 1024 2978 sed
1035 2951 1081 2978 ab-

125 2988 161 3015 est
171 2987 217 3015 iila
228 2990 350 3024 negativa
361 2988 487 3015 Palatinis
497 2989 526 3015 ὃ(
536 2988 702 3017 Memmiano
714 3008 722 3022 ‚
732 2998 817 3024 neque
826 2988 972 3025 agnoscunt
981 2988 1083 3015 editio-

128 3033 174 3051 nes
184 3025 298 3060 antiquae
307 3033 353 3051 aut
364 3025 514 3052 neotericae.

164 3069 193 3086 2.
212 3064 330 3087 Communi
345 3071 390 3087 non
407 3061 476 3087 ardet
492 3061 622 3096 incendio]
633 3061 795 3089 Gulielmius
814 3067 890 3100 putat
907 3060 1008 3098 aliquid
1026 3061 1084 3088 heic

129 3094 214 3122 deesse
225 3106 232 3127 3
245 3097 271 3122 8<
283 3096 475 3123 rescribendum
489 3117 497 3130 ‚
506 3107 569 3123 nunc
578 3098 647 3123 ardet
654 3101 704 3125 inc.

167 3139 194 3166 3.
214 3134 353 3165 Couustraia
361 3133 484 3167 dalmas]
498 3134 541 3159 Sic
551 3133 619 3159 Pall.
629 3142 659 3159 ac
667 3134 831 3164 Gallicanus.
850 3135 882 3163 P.
892 3133 1030 3164 Manutius
1042 3140 1083 3163 ta-

132 3174 194 3196 men
203 3168 230 3195 &
241 3167 385 3197 Lambinus
394 3168 563 3205 publicarunt
571 3170 698 3208 deleam·

1161 2961 1190 2986 4.
1210 2956 1242 2978 Et
1259 2953 1423 2986 vcrficulorum
1434 2951 1523 2983 similia
1535 2969 1542 2981 ,
1552 2950 1619 2984 dja]
1642 2949 1720 2976 Haud
1731 2949 1837 2976 dubiam
1848 2948 1934 2976 censet
1944 2947 1999 2982 conj
2005 2947 2081 2974 eStu-

1127 2998 1182 3015 rani
1194 2987 1538 3019 Lambinus,veoficulorium
1550 2986 1752 3012 reclamantibus
1764 2986 1838 3012 libris
1848 2985 1982 3012 omnibus.
1995 2991 2023 3010 at
2033 2991 2080 3009 cui·

1126 3025 1197 3051 idem
1208 3025 1287 3050 etiam
1299 3033 1349 3049 non
1362 3030 1449 3048 mutat
1458 3021 1504 3047 illa
1516 3022 1625 3048 iuferius
1636 3032 1691 3058 cup.
1702 3031 1748 3048 ιο.
1759 3023 1824 3054 apud
1830 3031 1898 3056 quos,
1907 3020 2016 3056 nffiquod
2023 3028 2083 3045 ver·

1121 3062 1264 3096 Ji‘culifiint‚
1275 3061 1376 3084 nihile&
1385 3058 1453 3084 aliud
1460 3059 1591 3092 quotidiam·
1601 3059 1826 3093 dffmilcfi'rmom's.

1167 3106 1192 3130 5.
1212 3095 1350 3130 ‘Nmrydi'des
1362 3101 1440 3120 autem
1453 3096 1624 3130 proflatam-ss
1644 3095 1751 3122 Nonius
1760 3094 1787 3122 iii
1798 3093 1929 3121 Rotundum
1938 3092 2002 3120 citat
2011 3091 2084 3117 Theo-

1128 3134 1213 3161 Aeaci.
1232 3131 1415 3168 improb-atque
1427 3131 1582 3159 Lambinus.

1587 3203 1610 3231 V
1630 3210 1649 3230 2-
1987 3196 2078 3230 ana

2108 934 2152 960 12,
