2297 3389
484 158 739 203 ORArto
778 169 845 201 iu
884 155 935 202 L.
975 155 1369 205 CATILINAM
1407 155 1688 207 Tauria.

121 223 126 234 ι’

116 251 191 272 num
207 240 475 283 perditiffimorum
485 250 593 281 poena,
614 249 675 281 rep.
692 239 881 274 conservata,
900 240 1086 281 reliquorum

115 286 252 316 menteis
264 285 357 316 sanari
368 279 450 324 poffe
460 283 656 313 arbitraretur.
680 285 779 323 Atque
798 284 889 314 etiam
909 283 1086 322 supplicatio

117 325 179 363 diis
189 325 414 356 immortalibus
423 335 477 365 pro
489 323 630 366 singulari
649 334 757 354 eorum
770 326 878 354 merito
897 334 968 353 meo
981 326 1087 354 nomi-

117 376 157 397 ne
167 367 284 398 decreta
295 365 337 397 est
348 385 356 400 ‚
379 368 527 407 Qirites:
549 366 624 408 quid
636 367 712 396 mihi
726 365 863 405 primum
874 364 940 405 post
950 364 1025 395 hanc
1036 375 1085 395 ur-

117 408 189 440 bem
199 405 353 439 conditam
376 417 476 450 togato
496 410 644 450 contigit,
666 408 699 437 &
712 408 760 437 his
778 407 893 438 decreta
908 406 1007 437 verbis
1021 406 1064 437 est
1075 427 1084 441 ‚

118 458 212 489 Qui>
249 459 368 481 URBEM
394 459 573 480 mei-,umis
585 470 593 484 ‚
628 458 727 479 ciam:
758 457 873 479 CIVEIS
886 469 894 483 ,
928 457 1083 479 1TAL1AM

116 500 225 522 nat-Lo
248 501 469 522 LtBF-RASSEM.
486 494 560 532 Qae
568 491 742 532 supplicatio
754 489 772 520 sl
786 501 857 521 cum
867 492 970 521 ceteris
978 490 1084 521 confe-

113 542 195 564 ratur
206 553 215 568 ,
227 535 364 574 Qirites
375 554 384 567 ‚
404 535 462 564 hoc
472 532 586 564 intersit
598 546 606 568 3
618 532 814 575 quod-ceterae
822 533 899 563 bene
908 531 987 574 gesta
999 552 1007 566 ‚
1020 533 1083 563 haec

115 583 193 608 una,
221 575 393 605 conservata
404 576 517 616 republ.
530 575 690 606 constituta
699 573 750 604 est.
774 574 958 615 Atqueillud
970 595 979 607 ‚
998 575 1080 615 quod

113 614 288 647 faciendum
310 616 446 657 primurn
464 617 523 648 fuit
541 638 549 652 ‚
579 617 695 648 fastum
723 625 811 657 atque
829 615 1007 646 transaemm
1027 615 1078 646 est.

114 667 187 688 nam
198 660 229 688 P.
244 659 409 693 Lentulus,
431 670 615 701 quamquam
630 657 793 699 patefaEtus
803 658 924 687 indiciis
936 677 944 690 ,
961 657 994 686 δε
1003 667 1079 703 con-

113 697 290 730 feffionibus
301 701 361 730 suis
372 721 382 734 ,
399 701 516 740 judicio
526 703 644 732 senatus
657 720 666 734 ‚
686 710 749 730 non
764 698 858 729 modo
869 700 1071 738 piaetorisjus,

112 740 221 771 verum
237 743 325 772 etiam
336 743 405 772 eima·
415 743 550 774 amiserat
562 754 567 772 :
588 752 688 773 tamen
699 739 866 782 magistratu
877 741 904 770 se
913 739 1072 770 abdicavit.

111 792 166 816 ut,
189 793 255 824 quae
272 785 377 826 religio
398 787 430 814 C.
443 787 541 815 Mario
557 805 566 818 ,
585 782 746 814 clariffimo
764 784 848 816 viro,
871 791 934 811 non
960 780 1074 817 fuerat,

111 834 174 865 quo
184 824 288 855 minsis
308 829 338 856 C.
351 827 506 857 Glauciam
518 846 526 859 ‚
543 826 579 856 de
591 835 652 866 quo
665 824 744 854 nihil
755 825 940 854 nominatim
951 832 1011 854 erat
1021 823 1075 854 de-

110 875 240 901 cretum,
252 877 410 908 praetorem
425 868 590 900 occideret,
603 877 636 897 ea
649 876 706 896 nos
715 866 863 906 religione
872 867 905 895 in
916 867 1031 905 privato
1041 869 1073 896 P.

76 923 94 956 7
113 909 245 939 Lentulo
262 909 418 950 puniendo
437 909 639 939 liberaremur.
674 910 786 940 Nunc,
805 909 951 948 quoniam
963 927 970 941 ‚
996 910 1074 946 Qui—

109 951 200 984 mes,
224 949 454 984 sceleratiffimi‚
475 948 771 990 periculosissimique
785 949 855 979 beili
876 948 1005 979 nefarios
1016 949 1073 980 du-

111 1002 160 1022 ces
171 993 340 1032 captosjam
351 1012 359 1025 ‚
381 993 414 1022 δε
424 992 658 1033 comprehensos
670 993 777 1021 tenetis
793 1011 801 1024 ‚
822 990 994 1031 existimare
1017 991 1071 1022 de-

109 1033 320 1067 betiS‚omneis
331 1034 467 1064 Catilina:
477 1036 585 1075 copias,
603 1035 725 1064 omneis
735 1033 809 1073 spes3
829 1042 916 1074 atque
928 1042 1013 1072 opem
1025 1034 1072 1063 his

108 1073 236 1115 depulsis
247 1075 328 1105 urbis
338 1076 488 1115 periculis,
501 1075 650 1113 concidifflt.
681 1078 782 1115 Qem
796 1075 919 1116 quidem
930 1085 986 1116 ego
995 1074 1069 1104 cum

108 1127 148 1147 ex
160 1117 232 1147 urbe
242 1117 465 1157 pellebam2hoc
475 1118 671 1158 providebam
683 1119 799 1151 animo,
810 1119 954 1158 Quirites>
968 1127 1029 1146 rem
1035 1127 1071 1147 ο-

107 1166 139 1188 to
151 1159 297 1192 Catilina,
322 1169 378 1190 nec
390 1161 469 1189 mihi
491 1158 550 1190 ess'e
579 1163 609 1191 P.
629 1159 753 1190 Lentuli
774 1160 914 1189 somnum
927 1178 935 1192 ‚
956 1168 1010 1189 nec
1029 1161 1068 1189 L.

106 1198 192 1230 Caffii
209 1201 348 1241 adipem,
382 1212 438 1232 nec
458 1203 580 1244 Cethegi
595 1201 740 1232 furiosam
759 1203 958 1231 temeritatem
977 1203 1068 1240 perti—

107 1242 311 1273 mescendam.
334 1243 389 1274 Ille
399 1253 459 1274 erat
469 1254 547 1274 unus
557 1243 711 1273 timendus
727 1252 765 1272 ex
779 1244 825 1272 his
839 1242 984 1272 omnibus
995 1263 1003 1276 ‚
1017 1242 1065 1273 sed

105 1283 221 1314 tamdiu
234 1305 242 1318 ,
263 1284 336 1314 dum
348 1285 503 1316 moenibus
522 1286 604 1316 urbis
612 1285 829 1315 continebatur.
853 1287 1063 1318 omninum-at,

106 1327 250 1356 omnium
259 1326 354 1357 aditus
363 1327 480 1358 tenebat
492 1338 497 1356 :
517 1328 661 1367 appellare
672 1346 680 1360 ,
694 1335 805 1356 tentare
815 1346 824 1360 ‚
842 1327 1001 1356 sollicitare
1010 1336 1066 1366 po-

104 1374 195 1401 terat,
219 1367 361 1399 audebat:
378 1378 438 1399 erat
448 1371 475 1398 ei
485 1368 646 1399 consilium
665 1367 700 1398 ad
717 1366 833 1398 facinus
849 1377 950 1408 aptum
963 1387 971 1401 ‚
989 1378 1064 1398 con-

103 1407 170 1439 filio
179 1418 278 1439 autem
296 1420 393 1451 neque
403 1411 504 1452 lingua
514 1432 523 1445 ‚
536 1421 633 1451 neque
645 1419 752 1439 manus
762 1409 869 1440 deerat.
890 1411 957 1451 Jam
969 1409 1003 1439 ad
1014 1418 1063 1439 ce-

103 1457 180 1482 teras
194 1461 239 1481 res
256 1450 459 1482 conficiendas
479 1462 574 1483 certos
584 1454 727 1482 homines
738 1450 871 1481 <medios
882 1471 890 1485 ‚
910 1461 943 1481 ac
953 1450 1062 1482 descri-

99 1501 170 1533 ptos
179 1492 314 1523 habebat.
335 1503 433 1535 neque
448 1493 521 1524 vero
539 1504 611 1525 cum
628 1492 742 1534 aliquid
761 1493 966 1526 mandaverat,
987 1503 1062 1523 con-

98 1533 216 1565 sedtum
234 1534 363 1575 putabat.
385 1536 464 1566 nihil
476 1545 534 1566 erat
544 1556 552 1570 ‚
571 1535 653 1577 quod
665 1545 729 1565 non
739 1536 793 1576 ipse
802 1533 889 1565 obiret
904 1555 913 1570 ‚
926 1545 1063 1566 occurre-

99 1584 164 1610 ret,
177 1577 312 1619 vigilaret
321 1597 329 1611 ‚
341 1577 485 1608 laboraret
495 1588 500 1607 :
510 1577 604 1619 frigus
617 1597 625 1612 ‚
649 1576 727 1608 sitim
740 1598 749 1611 ,
769 1576 883 1607 famem
893 1576 968 1607 ferre
976 1586 1061 1617 pote-

99 1626 151 1649 rat.
175 1621 330 1661 Huncego
340 1620 502 1651 hominem
513 1629 574 1651 tam
595 1629 692 1651 acrem
705 1639 714 1654 ‚
739 1628 800 1650 tam
820 1628 955 1660 paratum
969 1640 977 1653 ,
998 1628 1059 1650 tam

99 1659 242 1692 audacem
254 1681 264 1695 ,
284 1669 342 1692 tam
352 1662 516 1698 callidum,
536 1671 596 1694 tam
614 1665 647 1693 in
659 1662 763 1693 scelere
774 1662 951 1703 vigilantem
968 1682 976 1695 ‚
999 1670 1058 1693 tarn

97 1702 132 1732 in
141 1702 263 1742 perditis
274 1703 362 1734 rebus
371 1704 547 1747 diligentem
558 1725 567 1740 ,
587 1703 642 1736 nisi
653 1714 691 1735 ex
709 1704 884 1735 domesticis
901 1703 1015 1734 insidiis
1027 1706 1060 1734 in

95 1743 240 1775 castrense
252 1744 446 1777 latrocinium
457 1746 669 1788 compulissem
680 1746 790 1786 (dicam
803 1746 844 1781 id,
858 1746 939 1787 quod
950 1747 1058 1780 sentio,

95 1786 242 1827 Qrites)
260 1797 324 1817 non
340 1787 429 1819 facile
447 1790 523 1820 hanc
543 1798 655 1821 tantam
676 1789 794 1819 molem
811 1790 885 1819 mali
899 1789 915 1819 a
932 1790 1059 1819 cervici-

95 1826 153 1857 bus
166 1827 270 1858 vestris
281 1828 471 1870 depulissem.
499 1832 576 1862 Non
594 1832 646 1861 ille
655 1831 745 1862 vobis
762 1831 926 1862 Saturnalia
942 1830 1057 1862 consti-

95 1867 196 1900 tuiflet
207 1890 216 1904 ‚
238 1880 336 1912 neque
346 1880 428 1903 tanto
437 1873 505 1905 ante
516 1875 648 1904 exitium
658 1892 667 1907 ‚
688 1883 721 1904 ac
738 1871 792 1903 fati
806 1872 889 1903 diem
909 1874 982 1913 reip.
1002 1874 1055 1903 de-

93 1910 276 1946 nuntiasset,
305 1923 402 1955 neque
420 1914 633 1949 commisisset,
659 1923 692 1945 ut
709 1913 844 1956 signum,
871 1918 881 1934 ¹
896 1924 930 1945 ut
948 1916 1054 1946 litter-ae

1132 250 1201 271 rum
1224 243 1448 275 immortalium
1466 252 1559 279 nutu,
1585 251 1674 286 atque
1689 243 1798 286 confilio
1814 241 1935 284 &gesta
1947 264 1956 278 ‚
1979 244 2012 276 &
2024 255 2098 286 pro·

1131 283 1193 313 visa
1204 283 1261 314 efl'e
1271 284 1438 316 videantur.
1464 287 1554 328 idque
1566 297 1636 317 cum
1646 287 1820 327 conjeaura
1833 287 1976 327 consequi
1996 287 2098 327 posiu-

1129 332 1200 354 mus
1211 345 1219 357 ‚
1249 329 1261 352 ³
1273 327 1353 366 quod
1365 330 1418 358 vix
1428 329 1546 359 videtur
1554 330 1681 359 humani
1697 328 1817 359 consilii
1835 336 1982 359 tantarum
1993 340 2093 362 rerum

1125 365 1303 409 gubernatio
1312 367 1369 398 csse
1381 369 1508 409 potuisse
1521 382 1526 399 z
1541 380 1606 401 turn
1620 369 1691 401 vero
1701 373 1741 402 ita
1749 371 1906 412 praesentes
1917 371 1964 401 his
1974 381 2094 412 tempo-

1125 406 1211 435 ribus
1221 417 1310 446 opem
1323 428 1331 441 ,
1348 409 1381 439 &
1392 412 1541 442 auxilium
1553 413 1642 443 nobis
1656 413 1788 444 tulerunt
1797 433 1805 447 ‚
1819 421 1851 442 ut
1859 422 1912 442 eos
1923 413 2008 453 paene
2019 424 2092 444 ocu—

1126 447 1163 477 lis
1176 447 1278 478 videre
1288 449 1454 487 possemus.
1466 455 1546 484 Nam
1559 474 1567 487 ,
1581 455 1671 485 utilia
1683 458 1836 489 omittam,
1849 455 1923 485 visas
1935 455 2091 486 nosturno

1126 498 1261 535 tempore
1275 490 1311 520 ab
1325 493 1482 523 occidente
1493 494 1581 526 faceis
1594 516 1603 530 ,
1622 497 1820 539 ardoremque
1832 497 1898 527 caeli
1908 517 1917 531 ‚
1937 506 1970 528 ut
1982 497 2091 528 fulmi-

1126 530 1307 570 ῃυηητιᾶιιε
1320 551 1327 565 ,
1352 541 1600 571 tittei'raemotu5‚
1621 547 1791 580 ceteraque,
1811 549 1878 581 quae
1896 548 1957 570 tam
1981 541 2088 574 multa,

1123 573 1213 603 nobis
1234 574 1431 608 consulibus,
1453 575 1529 607 faeta
1548 579 1634 611 sunt,
1655 588 1687 609 ut
1696 582 1776 615 haec,
1796 592 1863 622 qua:
1881 591 1963 613 nunc
1984 581 2084 616 fiunt,

1122 624 1227 644 canere
1247 615 1290 645 dii
1308 617 1498 648 immortales
1519 619 1710 651 viderentur:
1732 624 1790 654 hoc
1809 624 1885 654 certe
1898 643 1907 657 ,
1931 625 2064 664 Qirites
2077 643 2085 656 2

1120 656 1203 696 quod
1219 657 1285 686 suin
1297 657 1450 693 dicimus,
1474 669 1572 701 neque
1590 665 1879 700 pi-aetcrmittendum
1892 685 1900 698 ‚
1921 675 2021 706 neque
2039 676 2086 696 re-

1121 698 1327 738 linquendum
1347 698 1403 729 est.
1432 711 1504 731 nam
1529 702 1667 742 profeEto
1686 708 1834 736 memoria
1852 708 1958 736 tenetis
1977 726 1985 741 ,
2011 710 2084 738 Cot-

1120 747 1165 773 ta,
1185 740 1218 769 ὃς
1241 742 1398 781 Torquato
1419 745 1504 773 Coss.
1527 745 1736 784 4complureis
1756 748 1788 777 in
1808 749 1956 787 Capitolio
1976 752 2084 780 turreis

1120 780 1156 811 de
1174 781 1248 811 caelo
1264 781 1320 811 ess'e
1328 783 1473 822 percusias
1484 805 1492 818 ‚
1518 785 1589 816 cum
1605 787 1638 816 δε
1649 787 1821 827 fimui'aclira
1830 790 2084 821 deorumimmor-

1119 823 1225 853 talium
1252 823 1373 863 depulsa
1395 826 1464 856 sunt
1479 847 1488 860 ‚
1512 828 1544 858 ὃς
1567 827 1666 859 statuae
1688 839 1824 860 veterum
1842 832 2007 862 hominum
2026 833 2083 863 de-

1111 864 1203 904 jeEtae
1216 885 1224 898 ‚
1246 866 1391 907 &legum
1403 877 1459 898 aera
1477 869 1652 910 liquefadhi:
1676 870 1770 902 ῐιᾶυε
1781 871 1824 902 est
1835 874 1924 902 etiarn
1935 874 1987 903 ille
1998 895 2006 908 ,
2026 877 2080 915 qui

1117 907 1193 936 hanc
1205 907 1309 937 urbem
1321 909 1482 944 condidit,
1506 912 1674 942 Romulus:
1698 923 1790 953 quem
1801 915 1968 944 inauratum
1979 917 2012 945 in
2023 920 2080 946 Ca-

1114 948 1225 992 pitolio
1234 959 1359 988 parvum
1370 971 1379 984 ‚
1391 960 1477 1023 atque
1490 952 1651 984 lactentem
1662 974 1671 988 ‚
1682 955 1825 985 uberibus
1834 955 1947 996 lupinis
1958 957 2079 988 inhian-

1116 999 1178 1020 tem
1189 990 1275 1021 tuisse
1285 993 1416 1022 memini
1446 995 1482 1023 is.
1514 997 1584 1034 Quo
1601 997 1726 1036 quidem
1749 1006 1901 1037 tempore,
1923 997 1994 1028 curn
2009 1010 2077 1029 aru—

1115 1032 1208 1071 spices
1219 1042 1257 1062 cx
1268 1041 1328 1063 tota
1344 1036 1462 1066 Etruria
1469 1036 1698 1072 convenissent,
1719 1039 1825 1069 caedeis
1837 1059 1854 1074 ,,
1869 1048 1957 1080 atque
1970 1042 2076 1070 incen-

1114 1073 1181 1107 dia,
1204 1074 1237 1103 Ec
1257 1075 1356 1115 legum
1368 1078 1527 1108 interitum
1540 1099 1548 1113 ‚
1574 1080 1607 1109 δε
1621 1079 1736 1110 bellum
1746 1081 1854 1114 civile,
1876 1091 1909 1111 ac
1927 1081 2076 1112 domesti-

1114 1125 1184 1145 cum
1198 1136 1206 1148 ‚
1221 1116 1252 1146 Sc
1264 1119 1355 1147 totius
1366 1118 1463 1153 urbis,
1477 1129 1563 1161 atque
1574 1123 1694 1161 imperii
1706 1123 1843 1153 occasum
1853 1125 2074 1165 appropinqua-

1112 1167 1143 1187 re
1152 1157 1296 1188 dixerunt
1308 1178 1316 1192 ,
1337 1158 1391 1190 nisi
1405 1160 1447 1190 dii
1458 1163 1646 1193 immortales
1654 1166 1742 1194 omni
1752 1167 1866 1194 ratione
1874 1165 1987 1206 placati
1996 1186 2006 1200 ‚
2017 1166 2073 1196 suo

1111 1201 1239 1230 numine
1249 1201 1341 1240 prope
1351 1201 1409 1232 fata
1418 1204 1479 1242 ipsa
1491 1203 1650 1235 flexissent.
1672 1208 1775 1247 Itaque
1791 1206 1917 1237 illorum
1927 1206 2074 1247 responsis

1111 1249 1182 1271 tunc
1193 1242 1226 1271 &
1237 1242 1301 1272 ludi
1313 1243 1477 1285 decemper
1486 1246 1549 1277 dies
1559 1246 1629 1277 faeti
1641 1247 1707 1278 sunt
1717 1268 1726 1282 ‚
1738 1258 1835 1289 neque
1847 1259 1893 1279 res
1905 1249 1965 1279 ulla
1980 1253 1993 1277 ’ἲ
2004 1260 2074 1291 quae

1111 1283 1146 1329 ad
1158 1284 1335 1329 placandum
1355 1286 1428 1316 deos
1436 1290 1598 1326 pertineret
1607 1310 1616 1324 ‚
1635 1289 1829 1330 praetermiss'a
1841 1290 1883 1320 est
1894 1311 1902 1325 ‚
1914 1290 2073 1332 iidemque

1106 1324 1274 1364 Justerunc,
1297 1325 1601 1372 fimulachrumJovis
1611 1331 1706 1362 facere
1717 1334 1830 1371 majus,
1849 1333 1881 1363 δί
1898 1334 1931 1362 in
1949 1334 2070 1364 excelso

1108 1368 1272 1402 collocare,
1287 1368 1320 1398 &
1330 1370 1431 1401 contra
1442 1391 1451 1404 ‚
1467 1381 1553 1413 atque
1569 1373 1638 1404 ante
1656 1373 1767 1407 fuerat,
1791 1375 1831 1403 ad-
1843 1375 1973 1404 orientem
1992 1385 2068 1406 con-

1107 1418 1221 1439 vertere
1238 1420 1243 1438 :
1263 1420 1295 1440 ac
1306 1411 1335 1440 se
1348 1411 1459 1451 sperare
1469 1413 1632 1449 dixerunt,v
1653 1414 1673 1445 si
1682 1416 1758 1446 illud
1772 1414 1888 1457 signum
1899 1436 1908 1451 ‚
1926 1417 2008 1457 quod
2019 1419 2067 1447 vi-

1108 1450 1204 1494 detis,
1227 1451 1296 1482 solis
1315 1462 1416 1483 ortum
1430 1474 1438 1488 ‚
1459 1455 1492 1484 &
1514 1456 1616 1486 forum
1638 1478 1648 1491 ,
1665 1460 1840 1499 curiamque
1860 1459 2043 1498 conspiceret
2055 1478 2065 1492 ‚

1105 1495 1170 1522 sore
1182 1513 1191 1526 ,
1213 1502 1244 1523 ut
1263 1504 1294 1524 ea
1312 1495 1435 1526 consilia
1450 1516 1458 1530 ‚
1478 1508 1544 1538 quae
1566 1500 1643 1529 clam
1661 1498 1755 1529 essent
1776 1502 1851 1530 inita
1867 1509 1971 1530 contra
1988 1501 2066 1531 salu-

1105 1543 1167 1564 tem
1180 1535 1261 1565 urbis
1272 1556 1281 1570 ‚
1301 1540 1518 1578 atqueimpeiii
1529 1560 1537 1574 ‚
1559 1541 1795 1575 illustrarentur,
1806 1542 1862 1572 uta
1881 1545 1910 1572 S.
1926 1545 1958 1573 Ρ.
1969 1545 2059 1583 QR.

1102 1577 1227 1617 perspici
1247 1577 1376 1617 possent.
1414 1584 1511 1621 Atque
1532 1582 1608 1612 illud
1627 1581 1641 1603 ⁶
1661 1586 1700 1613 ita
1717 1583 1931 1615 collocandum
1954 1585 2065 1615 consu-

1103 1618 1146 1648 les
1166 1619 1212 1648 illi
1231 1618 1410 1651 statuerunt:
1430 1624 1478 1654 sed
1498 1633 1575 1655 tanta
1591 1624 1650 1656 fuit
1666 1627 1764 1665 operis
1779 1626 1896 1656 tarditas
1910 1647 1923 1660 1
1943 1630 2063 1657 7utne-

1103 1670 1160 1701 que
1170 1660 1186 1692 ᾖ
1200 1661 1401 1702 superioribus
1411 1666 1603 1701 consulibus,
1627 1678 1725 1708 neque
1734 1668 1749 1698 a
1759 1668 1849 1698 nobis
1859 1677 1926 1699 ante
1935 1668 2059 1699 hodier-

1102 1713 1178 1733 num
1196 1703 1279 1735 diem
1296 1707 1503 1738 collocaretur.
1540 1707 1599 1739 Hic
1615 1712 1682 1750 quis
1697 1709 1794 1749 potest
1813 1709 1871 1740 effe
1891 1730 1900 1744 ,
1926 1712 2058 1749 Quirites
2073 1723 2098 1755 9

1102 1753 1162 1776 tam
1176 1748 1292 1777 aversus
1302 1746 1317 1777 a
1328 1758 1400 1779 vero
1411 1769 1419 1783 ‚
1441 1759 1501 1780 tam
1511 1760 1638 1791 praeceps
1649 1772 1657 1785 ‚
1675 1761 1736 1782 tarn
1749 1761 1852 1783 mente
1868 1762 1969 1792 captus
1981 1773 1989 1786 ‚
2005 1755 2059 1793 qui

1102 1797 1207 1829 neget,
1229 1789 1291 1820 haec
1309 1793 1414 1821 omnia
1425 1812 1433 1825 ‚
1453 1802 1519 1833 quae
1529 1793 1670 1824 videmus
1681 1814 1689 1828 ,
1706 1795 1911 1835 praecipueque
1921 1795 1997 1824 hanc
2007 1805 2059 1826 ur-

1077 1836 1079 1848 ¹
1098 1830 1169 1860 bem
1180 1850 1188 1864 ‚
1204 1830 1331 1861 deorum
1351 1834 1576 1865 immortalium
1590 1845 1665 1866 nutu
1680 1855 1689 1869 ‚
1706 1845 1792 1877 atque
1802 1835 1944 1877 potestate
1961 1837 2055 1866 admi-

1097 1870 1210 1908 nistrari
1221 1877 1233 1902 ἓ
1253 1877 1377 1905 Etenim
1388 1874 1460 1906 cum
1471 1875 1542 1906 esset
1551 1880 1591 1907 ita
1602 1878 1775 1918 responsum
1786 1898 1795 1911 ,
1811 1877 1918 1909 caedeis
1928 1897 1936 1912 ‚
1947 1880 2057 1910 incen-

1097 1914 1145 1944 dia
1159 1935 1168 1948 ‚
1188 1916 1407 1958 interitumque
1423 1920 1500 1958 reip.
1521 1922 1685 1960 comparari
1696 1939 1704 1953 ‚
1727 1915 1740 1939 ⁸
1751 1920 1826 1951 &ea
1837 1920 1853 1950 ’21
1868 1920 1991 1960 perditis
2009 1923 2054 1951 ci-

91 1954 152 1984 suae
163 1952 248 1984 testes
257 1954 388 1996 denique
404 1957 555 1988 manifesti
566 1957 681 1988 sceleris
696 1956 965 1996 deprehenderentur.
985 1967 1053 1998 quae
1073 1957 1075 1973 ‘
1093 1956 1184 1986 vibus
1202 1977 1210 1991 ‚
1232 1968 1298 1998 quae
1319 1967 1384 1988 tum
1402 1969 1525 2000 propter
1545 1962 1787 2002 magnitudinem
1810 1962 1952 1992 scelerum
1972 1972 2054 1993 non—

92 2005 193 2030 nunc,
205 1996 262 2026 illo
277 1996 397 2028 absente
408 2018 417 2032 ‚
432 1996 557 2041 fic‘gesta
568 1999 645 2031 sunt,
659 2006 690 2028 ut
699 1999 819 2028 nullum
831 2000 863 2028 in
873 2001 987 2038 privata
995 1999 1052 2028 do·
1072 2005 1073 2012 ¹
1092 1999 1188 2028 nullis
1201 1998 1376 2028 incredibilia
1384 2001 1564 2031 videbantur
1577 2013 1582 2031 :
1603 2012 1635 2032 ea
1649 2012 1714 2032 non
1724 2002 1820 2033 modo
1829 2005 1954 2043 cogitata
1969 2004 1984 2033 a
1996 2014 2052 2034 nc-

91 2047 146 2067 mo
156 2037 271 2068 fuitum
281 2049 426 2080 umquam
438 2039 471 2070 sit
481 2050 540 2071 tam
551 2040 648 2081 palam
659 2042 818 2070 inventurn
831 2060 839 2074 ,
859 2043 874 2059 2
886 2050 977 2081 quam
988 2041 1051 2071 haec
1094 2039 1176 2070 fariis
1197 2041 1315 2071 civibus
1325 2061 1334 2075 ,
1353 2052 1459 2072 verum
1479 2045 1571 2073 etiam
1590 2044 1720 2084 suscepta
1734 2042 1793 2074 esse
1803 2044 1940 2075 sensistis.
1969 2046 2051 2077 Illud

87 2079 216 2110 tantain’
222 2081 371 2120 rempubl.
383 2083 565 2121 conjuratio,
579 2080 739 2112 manifesto
750 2083 884 2115 inventa,
896 2091 983 2122 atque
997 2082 1049 2112 de-
1090 2080 1163 2111 vero
1180 2092 1284 2113 nonne
1304 2084 1343 2113 ita
1360 2084 1487 2123 praesens
1507 2084 1566 2118 est,
1587 2093 1622 2115 ut
1639 2094 1716 2116 nutu
1725 2087 1812 2128 Jovis
1832 2096 1895 2127 opt.
1912 2096 1990 2117 max.
2007 2087 2052 2118 fa·-

86 2122 233 2162 prehensa
241 2121 295 2152 est.
308 2122 399 2164 Qod
410 2123 431 2153 fi
441 2125 567 2155 Catilina
579 2126 610 2154 in
618 2123 690 2154 urbe
701 2124 736 2154 ad
748 2124 823 2154 hanc
834 2123 916 2153 diem
927 2134 1046 2154 reman-
1091 2123 1176 2153 &um
1185 2123 1243 2154 effe
1253 2124 1388 2155 videatur
1398 2145 1406 2159 ‚
1421 2135 1452 2155 ut
1463 2147 1471 2159 ,
1485 2125 1556 2156 cum
1566 2126 1715 2157 hodierno
1725 2128 1773 2158 die
1783 2130 1872 2158 mane
1885 2138 1936 2168 per
1944 2129 2048 2161 forum

86 2161 182 2194 slffct:
205 2174 388 2205 quamquam
400 2185 408 2199 ‚
418 2166 516 2206 quoad
526 2165 584 2197 fuit
594 2186 603 2200 ,
615 2165 760 2196 omnibus
773 2166 837 2205 ejus
850 2164 983 2195 consiliis
994 2176 1046 2197 oc-
1090 2175 1162 2195 meo
1174 2165 1251 2204 jnfl'u
1262 2166 1295 2196 δε
1305 2168 1470 2206 conjurati,
1485 2168 1518 2198 &
1529 2178 1633 2198 eorum
1645 2169 1757 2200 indices
1767 2171 1799 2199 in
1809 2170 1903 2200 aedem
1914 2173 2051 2201 Concor-

82 2207 183 2239 curri,
208 2215 294 2247 atque
307 2205 410 2236 obstiti
422 2227 431 2241 ,
452 2216 572 2242 tamen,
593 2216 625 2238 ut
641 2205 788 2237 leviffirne
807 2207 906 2237 dicam
918 2226 926 2241 ‚
950 2207 1045 2237 dimi·
1088 2207 1147 2237 diae
1155 2207 1351 2242 ducerentur,
1369 2209 1482 2249 eoipso
1490 2218 1627 2250 tempore
1642 2209 1758 2251 signum
1777 2210 1972 2243 statueretur?
1986 2223 2051 2253 quo

80 2246 214 2277 candum
226 2247 314 2278 nobis
323 2258 394 2278 cum
404 2249 460 2278 illo
470 2248 572 2280 fuiss'et
585 2268 593 2284 ,
612 2259 709 2289 neque
719 2258 775 2279 nos
789 2258 936 2289 umquam
946 2268 954 2283 ,
968 2249 1043 2280 dum

80 2287 133 2318 ille
144 2290 177 2319 in
186 2289 258 2319 urbe
268 2288 363 2319 hostis
379 2289 500 2325 fuisset,
522 2293 612 2322 tantis
626 2291 768 2331 periculis
785 2291 936 2330 rempubl.
958 2299 1043 2321 tanta
1062 2278 1065 2310 Ι

40 2337 59 2371 3
76 2336 161 2370 pace,
185 2338 264 2361 tanto
273 2331 328 2360 orio
340 2351 349 2364 ,
370 2339 450 2362 tanto
452 2332 584 2374 silentio,
606 2330 821 2363 liberasiemus.
846 2335 1040 2374 Qamquam
1060 2343 1062 2361 i

79 2373 143 2403 haec
152 2374 259 2404 onmia
268 2392 277 2408 ‚
299 2375 433 2414 Qrites
441 2395 450 2410 ‚
471 2377 513 2406 ita
521 2374 590 2406 su‘nt
599 2374 615 2406 ὲ
626 2384 676 2404 me
687 2373 892 2406 administrata
901 2394 910 2409 ‚
923 2383 956 2406 ut
965 2374 1039 2406 deo-
1058 2373 1061 2408 1

114 2511 124 2528 ι
133 2522 139 2528 ,
161 2504 190 2526 Ut
198 2503 280 2528 litters
290 2502 339 2535 fitae
348 2505 413 2536 restes
422 2504 521 2539 deniqne
529 2514 595 2531 man.
605 2505 674 2538 ἀμ]
695 2505 777 2532 Abest
786 2507 802 2533 :i
813 2506 958 2533 Basilicano
969 2507 1036 2533 dem·-
1059 2515 1064 2557 {

1058 2558 1061 2582 5
1074 2546 1099 2572 in
1112 2547 1180 2574 Pali.
1192 2547 1288 2580 tribus,
1300 2549 1327 2575 in
1339 2548 1442 2574 Uvei-d.
1453 2547 1479 2574 iu
1493 2547 1568 2574 Fabi:
1581 2548 1671 2579 restet,
1683 2557 1732 2580 res,
1744 2557 1794 2574 non
1807 2554 1896 2573 turres.
1916 2548 1981 2574 edixi
1995 2556 2036 2575 ta-

71 2547 116 2573 que
127 2557 135 2569 ‚
146 2537 246 2564 libente
256 2539 406 2565 Gulielmio
417 2559 425 2572 ‚
437 2547 466 2567 ut
476 2541 579 2567 litteras
590 2540 662 2567 dicat
672 2542 750 2568 testes
760 2542 911 2570 manifestas
922 2543 1036 2570 sceleris.

72 2576 102 2600 δε
113 2577 185 2600 certi:
199 2593 206 2604 ,
217 2573 292 2600 addit
304 2594 312 2607 ,
324 2576 443 2602 Catilina
453 2585 545 2603 cavere
556 2587 607 2603 non
619 2578 707 2612 potuit
720 2597 728 2609 ,
739 2588 772 2604 ue
783 2580 798 2604 a
809 2579 917 2605 testibus
928 2580 956 2605 8<
972 2589 1037 2606 cou-

71 2609 131 2637 sciis
148 2609 309 2646 proderetur
321 2630 329 2643 ,
347 2621 380 2638 ne
399 2612 496 2639 litterae
514 2612 562 2639 suae
571 2613 834 2649 deprehenderentur
844 2614 871 2640 id
882 2616 981 2651 potuit.
1003 2616 1037 2642 sic

72 2645 137 2673 ille:
160 2654 187 2672 at
197 2645 268 2672 idem
278 2646 363 2674 sensus
376 2648 485 2675 resultat
495 2658 528 2675 ex
539 2648 668 2684 scriptura
677 2650 786 2686 vulgata
798 2670 807 2683 ‚
826 2651 902 2681 'iuxta
922 2652 1034 2678 nostram

73 2681 272 2745 ffsslnffionem
285 2692 294 2715 5
314 2684 453 2721 reperique
470 2684 539 2712 illud
549 2686 646 2721 dmiqne
656 2687 683 2713 in
695 2686 818 2713 omnibus
828 2687 897 2714 Pau.
907 2686 1034 2715 editioni-

96 2728 110 2745 u
144 2728 185 2745 ue.

112 2728 140 2781 zei
158 2756 237 2789 Qum
254 2757 299 2781 hae
315 2763 387 2782 tama
402 2759 430 2782 in
447 2764 518 2790 remp.
535 2757 689 2792 conjuratio]
709 2758 809 2785 colon.
819 2757 893 2793 quam
901 2760 946 2785 haec
953 2762 979 2785 in
989 2767 1038 2786 tora

72 2798 124 2826 reg.
143 2791 221 2818 Fabr.
233 2794 277 2818 hac
285 2795 311 2818 in
321 2799 393 2819 totam
403 2801 473 2826 remp.
485 2795 574 2829 conjur.
593 2794 664 2830 quod
684 2795 712 2821 &
730 2795 888 2822 adnotatum
907 2795 940 2822 ad
959 2796 1032 2824 Visst.

73 2826 201 2854 codicem.

111 2871 138 2898 3.
157 2864 226 2896 Qud
239 2866 288 2889 vix
304 2864 401 2890 videtur
417 2867 516 2891 humani
533 2867 618 2900 confilii
626 2873 752 2893 tamarum
763 2875 841 2892 rerum
847 2869 1036 2901 gubernatioeffi

66 2900 190 2934 pvtmffe]
206 2900 250 2927 Est
260 2900 292 2926 ab
303 2899 420 2928 editione
431 2901 544 2928 ViRorii
557 2922 566 2934 ‚
585 2912 663 2937 quam
675 2902 777 2929 secutus
787 2904 910 2930 Muretus
923 2923 931 2936 ‚
950 2905 1032 2930 Lam-

73 2934 161 2966 binus,
176 2936 322 2962 Manutius.
341 2937 492 2973 antiquitus
503 2937 553 2964 cufi
567 2957 575 2970 ‚
587 2939 648 2972 quod
655 2942 702 2965 vix
710 2940 808 2964 ‘va'detur
817 2941 927 2966 humanis
937 2941 1033 2974 confilit's

70 2977 167 2996 santam
175 2973 253 2997 molem
263 2982 341 2999 rerum
345 2975 484 3005 gubernatio
495 2975 700 3008 confiquipotuiffle
711 2994 719 3007 ‚
739 2975 876 3011 quomodo
895 2976 953 3002 Pal.
972 2977 1031 3003 dec.

70 3015 131 3033 nam
144 3016 206 3032 uon.
217 3006 284 3034 sext.
295 3007 345 3034 sec.
356 3016 428 3035 tanta
439 3011 502 3035 mole.
533 3009 642 3036 Erfurd.
655 3010 732 3037 habet
744 3020 752 3041 3
772 3013 872 3037 humani
880 3014 965 3046 consilii
974 3020 1031 3039 tan-

69 3049 152 3068 tarum
171 3044 246 3068 molem
265 3054 343 3070 rerum
356 3047 496 3078 gubernatio
512 3046 728 3081 rnnftqxtipomiffe.
749 3047 817 3074 unde
828 3047 933 3083 legebat
944 3049 1031 3084 pauds

71 3077 232 3114 transpositis
245 3080 329 3106 verbis
342 3081 473 3108 Suffridus
486 3082 572 3109 noster
586 3101 592 3114 ,
610 3083 672 3116 φὼᾱ
680 3083 778 3109 videtur
786 3085 885 3110 humani
894 3087 979 3119 consilii
983 3096 1030 3118 gu-

68 3115 175 3140 bernario
183 3120 308 3140 mmai-mn
319 3118 395 3143 molem
405 3127 483 3143 rerum
494 3118 652 3152 confiquipot.
665 3118 790 3149 Cuiacius
801 3118 828 3145 d.
839 3129 945 3155 cap.32.
957 3120 979 3147 f.
991 3122 1029 3148 le—

69 3150 150 3186 gebat
161 3158 193 3176 ex
206 3149 253 3176 ms.
271 3151 331 3184 quod
347 3155 394 3179 vix
410 3154 510 3181 viderur
527 3155 636 3181 humani«
653 3156 748 3191 confilit'e
759 3162 855 3184 tamam
864 3158 942 3184 molem
953 3166 1031 3184 rerum

65 3187 205 3221 guber-nardo
216 3185 320 3222 consequi
326 3193 375 3221 pot.

1087 2250 1235 2280 collocato
1247 2270 1255 2284 ‚
1278 2259 1363 2291 atque
1381 2250 1417 2280 ad
1436 2261 1510 2284 vos,
1541 2252 1734 2293 senatumque
1753 2254 1898 2284 converso
1914 2274 1921 2287 ,
1942 2257 2051 2287 omnia

1087 2291 1120 2321 &
1128 2291 1259 2326 senatus,
1276 2292 1308 2323 &
1318 2302 1385 2327 vos,
1398 2303 1463 2333 quae
1476 2303 1556 2324 erant
1570 2297 1585 2321 9
1595 2304 1697 2324 contra
1706 2295 1829 2325 salutem
1841 2298 1984 2326 omnium
1995 2307 2050 2327 co·-

1081 2335 1168 2375 gitata
1182 2355 1192 2366 ,
1210 2333 1351 2365 illustrata
1361 2355 1370 2368 ,
1390 2336 1423 2364 &
1433 2334 1576 2375 patefasta
1584 2335 1707 2366 vidistis.
1749 2339 1819 2379 Qo
1829 2340 1918 2368 etiam
1931 2339 2048 2374 maiore

1083 2376 1210 2407 suntisti
1220 2376 1293 2408 odio
1305 2397 1314 2412 ‚
1338 2377 1543 2419 supplicioque
1562 2377 1664 2422 digni,
1683 2380 1809 2420 quinon
1821 2379 1925 2410 solum·
1940 2380 2045 2410 vestiis

1938 2422 2042 2452 domi-

1109 2518 1138 2543 4.
1163 2514 1298 2544 Complures
1308 2515 1334 2538 in
1344 2514 1455 2545 Capitolio
1466 2511 1570 2545 turres]
1588 2512 1650 2537 Nou
1664 2512 1835 2538 temerarium
1846 2510 2041 2548 videtur,quod

1075 2592 1200 2610 mennon
1214 2585 1328 2611 variant.
1348 2585 1375 2610 8<
1388 2593 1445 2610 inea
1457 2583 1564 2619 quidem
1575 2583 1699 2618 opinione
1711 2584 1796 2609 verius
1810 2602 1817 2613 ‚
1837 2592 1884 2608 rcs.

1114 2628 1140 2652 5.
1159 2621 1215 2652 Qae
1223 2621 1406 2653 aedplacandum
1415 2620 1499 2653 Dicin]
1523 2619 1647 2654 Plerique
1658 2618 1715 2645 mss.
1726 2619 1865 2652 platan-305.
1891 2627 1917 2646 at
1937 2620 2038 2647 Colon.

1073 2664 1122 2689 quae
1131 2656 1332 2688 adsupplicandos
1339 2660 1477 2690 pertineret.
1507 2655 1590 2685 forte,
1602 2655 1689 2690 iuquit
1701 2654 1876 2684 miiieimius,
1886 2666 1934 2689 qnae
1944 2658 2042 2689 adsisp-

1070 2692 1208 2723 plicandum
1214 2695 1305 2725 pertin.
1326 2702 1402 2728 quarn
1408 2693 1445 2718 vis
1458 2691 1583 2718 libentius
1595 2690 1700 2722 fecerit,
1712 2691 1866 2724 adsupplieia
1875 2694 1973 2718 Deorum
1980 2702 2040 2726 pcr-

1072 2734 1168 2753 nuent.

1109 2764 1137 2789 6.
1157 2766 1196 2789 lta
1206 2765 1357 2790 collocandum
1367 2764 1466 2797 consules
1476 2765 1510 2789 isli
1520 2763 1682 2797 luca-nerunt]
1710 2762 1789 2789 Haud
1809 2763 1889 2790 aliter
1908 2763 1966 2790 mff.
1986 2775 2036 2792 no-

1074 2798 1117 2825 stri
1130 2800 1247 2835 potiores
1257 2812 1266 2833 5
1277 2800 1413 2836 quomodo
1423 2800 1487 2827 item
1499 2803 1512 2826 e
1525 2798 1621 2835 scripto
1633 2799 1676 2825 suo
1688 2799 1882 2826 emendandum
1894 2809 2037 2829 monuere-t

1073 2833 1174 2861 dudum
1186 2837 1310 2870 Cujacius
1322 2845 1377 2871 cap.
1389 2844 1434 2870 32.
1447 2835 1468 2861 f.

1108 2879 1135 2904 7.
1157 2875 1186 2896 Ut
1195 2882 1267 2906 neque
1277 2872 1458 2905 ‹isizperiovihm
1468 2872 1542 2897 Coss
1550 2891 1555 2897 .
1566 2880 1637 2905 neque
1646 2869 1660 2896 ,i
1671 2872 1733 2896 nobis
1746 2890 1753 2902 ‚
1773 2871 1840 2906 ὠὴ]
1869 2872 2034 2900 Gulielmius

1071 2907 1244 2942 ampletffitur
1254 2908 1353 2934 Colou.
1365 2907 1520 2942 scripturam
1533 2916 1540 2935 ς
1561 2914 1668 2941 :ermque
1679 2908 1835 2940 superioribus
1853 2909 1942 2934 Coss.
1960 2918 2034 2942 neque

1071 2944 1146 2974 nubis,
1159 2944 1208 2974 dyc.
1229 2944 1278 2969 hoc
1288 2944 1323 2970 est
1337 2963 1344 2974 ‚
1356 2953 1388 2970 ue
1409 2952 1441 2969 ue
1451 2943 1500 2968 hoc
1510 2952 1594 2978 neque
1604 2942 1736 2980 superiore
1747 2953 1825 2970 anuo.
1848 2951 1974 2980 putatque
1985 2945 2032 2972 lia—-

1071 2977 1163 3005 &enus
1175 2979 1261 3006 locuni
1273 2989 1324 3006 nou
1338 2953 1412 3005 fuisse
1423 2978 1603 3006 intellectum.
1624 2980 1639 3005 :i
1659 2978 1865 3006 condu&0ribus
1885 2981 1955 3006 euim
1971 2990 2028 3007 rem

1073 3014 1148 3041 fuisse
1159 3015 1350 3047 collocandam,
1361 3025 1411 3041 nou
1424 3016 1439 3041 a.
1449 3015 1608 3041 consulibus.
1631 3015 1736 3050 vulgata
1746 3016 1809 3042 mihi
1821 3015 1957 3043 satisfacit.
1972 3026 2030 3044 ma-

1070 3051 1195 3085 gistratus
1206 3053 1276 3078 enim
1289 3051 1396 3087 ipsemet
1408 3050 1494 3077 facere
1506 3061 1513 3075 i
1523 3050 1610 3077 idetur
1620 3051 1690 3087 quod
1703 3060 1747 3087 pei·
1759 3051 1814 3078 suos
1826 3051 1945 3087 expedit.

1108 3087 1135 3112 8.
1157 3091 1188 3113 Et
1198 3088 1356 3120 caiiperdms
1367 3088 1486 3122 cimbrus]
1508 3087 1644 3123 Perplacet
1663 3087 1734 3117 Quod
1755 3089 1790 3114 est
1808 3088 1834 3114 iu
1854 3089 1953 3115 (solon.
1964 3089 2031 3120 &es

1064 3129 1109 3155 per
1119 3126 1198 3149 εἰναι
1218 3124 1310 3158 utique
1321 3132 1380 3149 mim
1392 3124 1420 3148 ὅ(
1430 3123 1464 3149 fic
1472 3123 1537 3149 alias
1548 3124 1653 3159 legatur
1664 3121 1689 3150 'su
1702 3124 1865 3150 rubi-ieiuno.

1106 3167 1135 3192 9.
1155 3162 1244 3184 Contra
1246 3160 1349 3192 salutem
1359 3162 1458 3186 omnium
1468 3160 1594 3195 cogitata]
1615 3160 1731 3188 Auaior
1751 3160 1908 3189 basilicanus
1922 3179 1928 3192 ‚
1949 3168 2032 3186 contra

1060 3194 1106 3228 [ἐκ
1111 3201 1176 3220 atum
1184 3195 1318 3230 &salutem
1328 3205 1388 3223 omn.

1499 3232 1545 3260 Ec
1556 3240 1569 3259 c
1589 3239 1605 3269 3μ
1895 3239 1920 3259 3.
1943 3233 2035 3265 ‹Atqu-e
