2250 3358
710 124 1084 187 His’i·

143 232 188 260 ex
199 218 292 268 epist.
315 229 364 263 13.
377 216 436 255 lib.
456 228 482 252 1.
495 213 537 252 ad
550 214 656 253 Attic.
669 224 788 268 putat,
814 214 1025 252 Ciceronem
1039 230 1102 262 pro

138 268 267 308 Archia
289 266 408 303 dixisse
431 265 575 302 Metello
599 267 635 301 &
658 262 803 299 Afranio
829 274 927 298 coss.
952 264 1007 298 sed
1031 266 1102 312 qui,

137 316 231 366 quod
254 315 432 351 inchoavit
444 338 454 352 ‚
475 312 637 350 nondum
650 311 794 364 perfecit
806 337 816 352 ,
839 311 930 347 nihil
940 311 1101 359 scripiiffe

137 364 245 403 videri
270 363 391 413 potest.
417 365 497 399 Hoc
508 375 602 399 anno
615 364 801 409 Pompejus
814 360 957 396 tertium
969 361 1098 396 trium-

131 415 243 462 phurn
265 413 308 449 de
319 411 519 449 Mithridate
530 435 540 450 ‚
568 410 722 458 Tigrane
734 433 745 448 ,
769 408 994 458 plurimisque
1006 409 1098 457 regi-

132 463 207 503 bus,
221 474 259 498 ac
270 461 432 510 gentibus
444 473 505 509 per
515 459 664 496 biduum
676 470 739 494 111.
753 460 786 494 &
796 458 881 506 prid.
889 458 1097 494 KaLOftob.

130 521 172 547 ut
192 509 241 546 est
264 510 302 546 in
315 510 415 546 Fastis
429 509 577 556 Capitol.
601 508 681 556 egit·
704 507 813 544 trium
835 507 1098 554 triumphorum

130 667 209 694 tum
222 657 345 693 orbem
355 668 526 693 terrarum
540 655 658 691 nostro
669 653 818 702 imperio
826 654 950 690 teneri.
960 653 1097 690 Eodem

128 754 205 792 lum
218 754 430 791 Gaditanum
448 754 590 789 summis
612 762 829 789 ornamentis
842 750 956 788 affecit
973 777 982 792 ‚
1007 764 1096 788 con·

126 803 306 840 troversias
316 803 454 844 sedavit,
461 801 544 850 jura
554 800 709 849 ipsorum
721 800 882 849 permissu
896 800 1034 837 statuit:
1062 803 1097 838 &

127 852 353 889 inveteratam
374 850 553 899 quondam
579 850 771 887 barbariam
782 862 827 886 ex
840 850 1095 886 Gaditanorum
1111 876 1113 895 ζ

127 901 283 938 moi-ibus
303 900 547 949 disciplinaque
557 898 689 936 delevit
700 923 711 937 ,
735 910 775 935 ut
788 899 913 935 Cicero
926 899 964 934 in
976 899 1095 935 eadem

127 949 285 986 oratione
298 949 449 985 testatur·
467 951 565 985 Tum
577 960 718 997 quoque
731 949 774 983 C·
787 947 1019 996 Pomptinius,
1033 948 1093 997 qui
1110 958 1113 962 ’

125 1009 217 1034 anno
238 998 412 1046 superiore
435 998 472 1033 in
484 997 635 1034 Galliam
658 996 863 1033 ulteriorem
890 1009 934 1033 ex
945 1009 1096 1045 praetura
1110 1000 1113 1040 l

122 1046 244 1083 miffus
255 1058 338 1086 erat,
357 1046 561 1094 Allobrogas
572 1046 764 1084 domuit‚ut
774 1045 912 1093 copiose
926 1047 994 1082 Dio
1007 1046 1030 1083 l.
1039 1059 1053 1091 3
1063 1059 1091 1091 7.
1110 1044 1112 1098 ξ

124 1107 247 1140 narrat·
262 1096 427 1132 Meminit
438 1097 565 1132 Cicero
576 1109 613 1131 in
627 1094 757 1131 orat-de
770 1094 959 1143 provinciis
974 1107 1052 1131 cos.
1061 1098 1112 1141 &5

124 1144 246 1181 Livius
264 1144 355 1181 libro
385 1157 462 1190 ¹03·
487 1145 590 1182 nonis
613 1143 779 1181 Decemb.
820 1144 947 1180 Cicero
970 1144 1013 1181 ad
1025 1147 1096 1182 Att.
1111 1167 1112 1189 3

1111 1240 1112 1243 Ἴ
1141 1211 1284 1252 quoque
1302 1199 1361 1235 lib.
1380 1213 1432 1236 ιο.
1452 1203 1503 1236 16.
1515 1203 1549 1237 &
1567 1205 1618 1238 18.
1632 1203 1844 1240 Ciceronem
1858 1203 1894 1240 in
1908 1206 2112 1254 Prognosti=

1110 1254 1113 1292 ζ
1140 1259 1189 1282 eis
1202 1259 1295 1285 citat·
1308 1261 1434 1285 verum
1449 1275 1457 1290 ‚
1469 1262 1559 1298 quos
1571 1250 1711 1287 adducit
1723 1252 1836 1289 versus
1850 1277 1859 1292 ,
1874 1266 1916 1289 ex
1929 1256 2035 1292 Arato
2049 1270 2113 1295 ex-

122 1192 251 1242 stripsit
264 1193 357 1243 epist.
377 1207 428 1237 14-
442 1193 501 1231 lib.
519 1207 547 1231 1.

216 1296 314 1330 Anno
323 1292 411 1330 urbis
425 1302 582 1389 noxe-21.
593 1293 750 1330 ciceronis
762 1303 884 1329 xtvii.
897 1302 994 1328 coss.

550 1351 670 1383 terunt,

169 1405 535 1452 QCAECILIUS
582 1408 906 1445 METELLUS
953 1407 1043 1445 CE-

125 1459 130 1462 ”
321 1457 459 1495 LER,
499 1458 540 1493 L.
569 1457 881 1494 AFRANIUS.

214 1536 243 1571 E
256 1534 308 1571 his
319 1533 519 1571 consulibus
535 1534 661 1570 Cicero
674 1533 764 1570 libro
783 1547 808 1571 1-
820 1533 864 1570 ad
877 1534 949 1571 Att.
969 1533 1092 1571 Primis

123 1606 126 1607 ν
215 1583 318 1632 hujus
327 1584 408 1620 anni
417 1582 593 1620 mensibus
604 1583 744 1620 Tullius
754 1583 790 1620 in
801 1582 888 1619 urbe
897 1583 1029 1631 fuit‚ep.
1039 1596 1050 1620 1
1059 1596 1091 1627 5.

121 1635 159 1670 &
175 1636 227 1671 16.
238 1634 297 1669 lib.
314 1633 393 1670 i.ad
404 1634 476 1670 Att.
497 1632 682 1682 effecitque
704 1645 747 1669 ne
762 1635 833 1681 Q.
844 1632 939 1668 fratri
967 1635 1004 1668 in
1015 1633 1092 1670 Asia

120 1682 361 1719 succederetur
371 1682 463 1731 epist.
483 1695 510 1719 1.
531 1682 592 1718 lib·
609 1695 621 1718 i
631 1709 640 1718 .
651 1682 693 1718 ad
703 1681 798 1718 fratr.
823 1684 864 1717 L.
877 1681 1016 1718 Flavius
1028 1682 1092 1718 tri-

120 1730 240 1772 bunus
252 1731 594 1781 pl.legemAgrai-iam
605 1729 920 1779 au&orePompejo
931 1732 1090 1779 promul-

120 1780 218 1828 gavit
228 1781 271 1817 de
281 1781 370 1829 agris
381 1781 577 1817 dividendis
590 1781 759 1818 militibus
772 1781 948 1828 Pompeii,
971 1782 1006 1818 ὃ(
1016 1780 1090 1830 ple·
1108 1788 1111 1820 ,ν’

121 1829 157 1867 bi
170 1853 180 1868 ,
201 1829 245 1866 de
265 1843 334 1880 qua
353 1830 479 1867 Cicero
503 1830 561 1866 lib·
581 1843 609 1869 1.
621 1830 664 1867 ad
676 1832 748 1867 Att.
760 1832 796 1867 &
808 1829 876 1865 Dio
888 1829 946 1871 lib,
963 1842 1016 1875 37.
1028 1831 1089 1879 qui
1108 1825 1111 1848 ³

117 1878 232 1915 scribit
243 1878 428 1916 Metellum
451 1879 632 1916 consulem
652 1891 732 1916 tum
757 1880 777 1916 a
792 1878 910 1915 Flavio
921 1878 958 1914 in
972 1891 1088 1916 carce—

117 1939 194 1964 rem
205 1928 354 1965 dustum
366 1928 468 1965 fuiffe
478 1953 488 1968 ,
513 1929 608 1966 unde
619 1930 746 1965 Cicero
758 1927 856 1978 epist.
877 1927 988 1964 1.libr-
1007 1941 1019 1964 i
1028 1958 1036 1965 .
1045 1929 1088 1965 ad

116 1976 286 2012 Atticum.
307 1989 403 2012 nunc
422 1978 562 2014 consule
573 1979 611 2014 in
623 1990 758 2014 carcere
769 1977 902 2014 incluso
917 2003 927 2018 ‚
949 1979 983 2014 P.
1000 1978 1087 2014 Clo-

119 2022 198 2059 dius
211 2049 221 2064 ,
243 2034 284 2059 ut
304 2024 396 2060 idem
408 2026 477 2060 Dio
490 2026 606 2062 scribit
617 2049 627 2064 ‚
649 2027 847 2062 tribunatus
858 2025 1004 2072 cupidus
1017 2027 1087 2073 pri·

118 2083 221 2108 mum
232 2072 394 2108 tribunos
403 2072 570 2125 quosdam
580 2074 809 2120 submisit‚qui
818 2074 932 2125 legem
946 2073 1090 2116 ferrent,
1106 2106 1108 2108 .

118 2131 161 2156 ut
171 2120 320 2169 patriciis
340 2133 483 2169 quoque
496 2133 570 2168 ejus
586 2120 804 2168 magistratus
815 2121 979 2167 capiundi
992 2134 1090 2168 pote-

119 2168 184 2206 stas
197 2169 286 2206 effet.
312 2169 410 2217 quod
422 2169 480 2205 ubi
493 2182 567 2205 non
579 2168 737 2217 perfiiafit
751 2192 761 2206 ‚
784 2168 1000 2216 patriciatum
1013 2168 1089 2218 eju-

118 2218 210 2255 ravit
224 2244 233 2259 ,
256 2229 359 2267 atque
380 2218 418 2254 in
431 2218 642 2254 concionem
654 2218 848 2272 progreflus
861 2243 870 2258 ,
896 2217 938 2253 ad
951 2218 1088 2266 plebem

117 2267 262 2304 transiit.
278 2269 321 2303 In
331 2268 421 2303 hanc
428 2266 633 2303 sententiam
644 2266 855 2302 Dio-Cicero
869 2278 953 2303 vero
961 2279 1015 2321 ep.
1034 2280 1045 2303 1
1057 2279 1086 2309 5.
1104 2290 1105 2293 =

118 2315 198 2353 libri
209 2316 311 2365 primi
323 2316 365 2353 ad
377 2317 537 2353 Atticum
550 2316 597 2352 ita
605 2315 723 2352 scribit
736 2328 743 2351 :
758 2315 799 2351 C.
811 2317 1011 2352 Herennius
1023 2317 1087 2353 tri-

117 2365 234 2404 bunus
244 2365 377 2414 pleb-ad
388 2366 525 2415 plebem
537 2364 747 2402 P.C10dium
757 2364 1016 2402 traducitzidem
1044 2378 1088 2403 ue
1100 2372 1102 2374 '

119 2414 187 2451 fert
198 2439 208 2455 ,
232 2425 273 2450 ut
283 2414 463 2452 universus
475 2415 624 2464 populus
636 2414 673 2450 in
684 2427 808 2464 campo
822 2414 953 2451 Martio
966 2417 1000 2451 lu
1032 2428 1087 2452 ra-

119 2463 218 2512 gium
240 2463 283 2499 de
304 2476 341 2500 re
353 2464 470 2501 Clodii
482 2464 577 2500 ferat-
589 2462 684 2500 addit
693 2464 763 2499 Dio
778 2476 786 2499 :
813 2463 961 2499 Clodius
973 2464 1087 2500 tribu-

115 2523 242 2549 natum
251 2512 478 2567 statim—petiit
491 2526 498 2549 :
513 2512 569 2549 secl
581 2523 714 2549 creatus
726 2525 800 2548 non
814 2512 863 2549 est
875 2539 884 2554 ,
899 2513 1044 2550 Metello
1056 2514 1088 2550 ei
1102 2513 1105 2519 '

116 2560 302 2598 resistente:
315 2576 378 2611 qui
389 2565 424 2599 ὃ(
436 2563 653 2612 propinquus
665 2561 783 2598 Clodii
794 2572 867 2598 erat
877 2585 888 2600 ‚
901 2564 936 2598 δε
948 2575 997 2602 ea,
1008 2575 1086 2612 quae

118 2610 178 2647 ille
186 2610 307 2658 agebat
317 2637 327 2652 ‚
352 2611 623 2665 non-probabat.
636 2611 870 2660 praetendebat
880 2623 965 2648 vero
978 2610 1091 2661 adop?

116 2659 252 2697 tionem
264 2673 364 2697 more
375 2673 550 2708 majorum
562 2673 638 2696 non
650 2661 716 2697 effe
727 2660 865 2698 factam:
879 2661 961 2710 quia
968 2661 1087 2711 plebe-

115 2709 175 2757 jus
188 2734 198 2751 ,
208 2708 273 2745 nifi
281 2709 357 2758 lege
369 2711 512 2747 Curiata
528 2736 538 2751 ‚
548 2708 624 2746 fieri
637 2722 745 2746 nemo
758 2709 884 2760 poffet,
897 2711 989 2758 apud
1000 2710 1089 2747 Dio-

118 2769 202 2794 nem
212 2754 249 2792 (ἐν
264 2758 307 2806 ήῐ
327 2758 472 2808 εἰσ-φορᾷ
484 2756 516 2798 35
528 2753 716 2807 ςροεῖιωπκέ
727 2753 812 2806 νόμας
826 2783 836 2798 ‚
858 2759 1027 2796 mendose
1037 2759 1087 2796 est

118 2818 182 2854 pro
203 2801 235 2845 §5¹
247 2803 472 2855 φρφτςιαῖικέ
481 2835 490 2849 ,
513 2809 611 2858 quod
633 2821 677 2845 ex
700 2808 758 2844 lib.
777 2821 790 2853 3
795 2820 828 2853 9.
849 2809 1086 2857 cognoscitur.

115 2855 181 2891 *ubi
195 2881 205 2897 ,
227 2853 291 2891 aim*
301 2858 444 2905 ἐσ-φορθᾶν
458 2855 490 2897 ἵξ
503 2852 730 2906 φρφτςοοιῖικέ
741 2857 784 2893 de
796 2857 912 2896 Clodii
926 2858 1085 2907 adoptio·

116 2916 166 2940 ne
187 2917 291 2953 agens
311 2905 406 2943 dicit.
430 2907 558 2943 Clodio
585 2907 694 2955 igitur
704 2917 785 2943 tum
793 2907 898 2944 frater
910 2908 1084 2949 Metellus,

117 2954 157 2989 &
166 2965 312 2991 concors
323 2955 456 2992 senatus
465 2955 615 3006 principi
625 2956 695 2993 Cn.
704 2955 872 3006 Pompeio
881 2957 1084 2994 sententiam

115 3001 246 3039 dicenti
254 3004 422 3041 acerrime
433 3013 504 3042 una
513 3017 600 3042 voce
610 3018 649 3042 ac
658 3016 777 3042 menne
788 3005 910 3043 restitit
924 3020 938 3042 ;Δ
958 3006 1085 3043 Cicero

115 3050 164 3085 de
174 3051 285 3089 harus.
310 3053 394 3102 resp.
418 3054 579 3091 Metellus
600 3055 703 3092 etiam
726 3055 847 3092 consti]
859 3055 1086 3105 incipientem

119 3097 234 3136 furere
245 3100 412 3139 Clodium
436 3114 537 3152 atque
560 3115 748 3140 conantem
760 3130 770 3146 ,
794 3105 852 3140 sua
862 3104 895 3141 se
909 3117 1016 3142 manu
1029 3106 1086 3141 in·
1102 3094 1104 3103 i

119 3147 346 3209 reffestnxum
355 3174 368 3190 ,
377 3151 539 3193 audiente
550 3152 667 3191 senatu
677 3153 784 3199 dixit,
794 3166 858 3203 pro
867 3153 997 3192 Coelio.
1012 3154 1086 3201 Idi·

509 3258 511 3260 ,
534 3264 544 3268 ,
554 3272 565 3280 „
594 3243 618 3289 st

1165 149 1554 188 onia,
2047 157 2118 213 27

1148 221 1210 257 bus
1235 220 1371 258 Martiis
1404 220 1509 269 hujus
1545 221 1627 260 anni
1651 221 1779 260 Cicero
1804 224 2117 269 commentarium:

1148 269 1344 306 consulatus
1367 270 1416 308 sui
1430 272 1551 308 Graece
1573 271 1808 321 compositum
1821 273 1862 309 ad
1876 275 2033 313 Atticum
2044 273 2114 315 mi,-

1150 317 1187 351 s1t
1200 343 1208 356 ‚
1222 318 1312 365 epist.
1335 322 1387 356 16.
1400 320 1478 356 libr.
1497 333 1523 356 ι.
1537 320 1631 357 Mifit
1643 321 1795 358 eundem
1808 323 1980 361 Rhodum
1990 325 2032 361 ad
2045 328 2113 363 Po<

1148 363 1322 403 sidonium
1337 394 1346 409 ‚
1359 379 1398 405 ut
1409 370 1565 407 ornatius
1577 370 1620 406 de
1632 370 1750 407 iisdem
1763 371 1864 407 rebus
1874 371 2044 410 scriberet.
2055 375 2116 414 ille

1149 424 1232 447 vero
1246 415 1411 463 rescripsit
1422 442 1432 456 ‚
1444 419 1476 454 se
1488 419 1574 455 illud
1586 414 1778 465 &ramum
1792 419 1874 456 cum
1885 421 2024 469 legeret,
2037 437 2112 462 non

1145 461 1253 496 modo
1265 475 1339 498 non
1352 466 1541 503 excitatum
1552 468 1617 504 effe
1626 468 1668 504 ad
1678 467 1898 505 scribendum
1912 496 1921 511 ,
1940 471 1993 508 sed
2003 473 2112 512 letiam

267 559 284 564 ‚⁴
399 558 405 564 ,
521 558 525 563 ,
718 558 723 563 ‚
759 556 764 561 ,
905 556 923 561 ,,
1069 557 1075 562 ,
1115 543 1117 557 1
1145 509 1242 557 Plane
1254 513 1474 559 perterritum
1484 540 1492 555 ‚
1518 517 1612 564 epist.
1622 529 1647 552 i.
1660 518 1753 555 huz.
1764 516 1807 554 ad
1817 521 1887 556 Att.
1899 520 2112 560 Ciceronem

130 561 287 607 Pompeu
299 570 432 595 mentio
446 558 493 595 est
505 558 564 594 lib.
578 571 608 594 2.
620 557 664 593 de
681 559 836 592 Divinat-
847 556 891 592 de
902 555 1022 592 iisdem
1035 557 1096 592 Ci-
1115 574 1116 577 ¹

129 620 212 644 cero
223 621 286 655 pro
298 605 485 656 Balbo.Cuj
492 620 530 643 us
540 618 608 643 tres
619 606 786 653 triumphi
797 604 897 641 testes
909 604 1028 643 essent,
1041 616 1096 640 to-
1114 636 1116 639 ,

1145 555 1181 593 οἶν
1194 554 1244 593 ‘ml‘
1252 556 1326 598 rai&
1336 560 1364 595 «θ
1377 560 1549 601 ἴωσι-τείας
1562 566 1763 603 Plutarchus
1772 566 1810 602 in
1820 569 1951 605 Caesare
1961 570 2113 608 adducit.

1148 608 1286 657 Scripsit
1299 609 1403 646 etiam
1413 610 1542 647 vCicero
1555 614 1597 648 de
1611 616 1790 653 consulatu
1804 617 1864 653 suo
1878 618 2030 656 versibus
2043 632 2113 658 tres

455 706 462 713 .
699 704 703 708 .
793 702 798 707 .
1142 655 1263 693 libros.
1276 659 1439 695 Tertium
1455 661 1579 708 poema
1591 664 1780 710 exspeetato
1793 692 1803 708 ,
1816 665 1932 715 inquit
1944 669 2039 717 epist.
2059 673 2113 707 16„

128 718 223 742 anno
237 707 279 742 C.
294 706 416 744 Caelar,
428 718 511 741 cum
523 705 603 740 effet
612 716 648 740 in
658 704 821 756 Hispania
833 713 971 751 praetor,
981 715 1095 751 popu-

1143 704 1162 758 l·
1186 719 1214 742 1.
1227 707 1268 742 ad
1281 709 1348 743 Att.
1363 711 1396 745 &
1417 709 1510 755 epist·
1530 721 1556 753 3·
1570 709 1605 747 li.
1623 723 1652 746 2.
1666 712 1731 747 Sed
1756 728 1812 751 me
1823 719 2022 759 ηριπίκϋπς
2035 731 2113 757 mea

1144 754 1200 809 illa
1211 768 1417 793 commovet
1430 784 1438 798 ‚
1452 771 1529 807 quae
1541 758 1638 794 estin
1653 760 1740 796 libro
1754 764 1867 799 tertio.
1881 759 1988 803 Libro
2001 767 2107 807 etiam

1142 816 1255 851 primo
1265 854 1269 859 ¹
1279 806 1323 842 de
1336 806 1455 843 Divin·
1467 808 1512 851 Q.
1526 808 1631 844 frater
1655 809 1768 855 plures
1795 814 1910 849 versus
1923 815 1964 851 ab
1979 816 2111 855 Vrania

1143 855 1240 890 Musa
1262 868 1299 891 in
1322 853 1472 891 secundo
1495 856 1539 892 de
1562 858 1743 895 consulatu
1755 863 1995 906 pronuntiatos
2006 877 2109 904 com-0

1143 915 1332 942 memorat,
1347 918 1501 954 quorum
1515 916 1583 942 tres
1597 919 1639 944 ex
1651 906 1746 943 libi-is
1755 909 1952 948 consulatus
1963 915 2109 952 Cicero-

1143 952 1195 1005 nis
1210 953 1409 990 Lad‘tantius
1421 954 1561 990 adducit
1573 955 1631 991 lib.
1652 968 1681 1000 3.
1694 969 1766 1005 cap.
1782 970 1831 1003 17.
1844 960 1895 994 De
1910 961 2109 1009 Prognostie

1140 1012 1198 1039 εις.
1211 1015 1288 1050 quae
1303 1003 1459 1039 Atticum
1472 1004 1672 1052 propediem
1686 1007 1878 1053 exspectare
1883 1007 1997 1055 jubet,
2012 1024 2063 1049 ep.
2081 1026 2110 1052 1„

1142 1049 1202 1086 lib.
1217 1063 1247 1086 2.
1259 1051 1345 1100 quid
1367 1052 1482 1089 dicam
1508 1066 1581 1089 non
1602 1055 1723 1091 liabeo.
1746 1056 1851 1092 Certe
1863 1070 1940 1105 quae
1952 1058 2011 1095 lib.
2031 1048 2112 1099 ide

1143 1099 1262 1135 Divin.
1277 1113 1320 1138 ex
1335 1101 1517 1138 Ciceronis
1530 1103 1760 1151 prognosticis
1769 1105 1994 1144 adducuntur
2004 1135 2013 1149 ‚
2023 1112 2112 1147 Ara·

1140 1160 1195 1184 tea
1204 1149 1292 1188 sunt,
1302 1161 1405 1199 atque
1415 1152 1619 1197 Διοσημιείαις
1631 1154 1751 1190 Graece
1760 1154 1910 1191 exstant.
1920 1157 2115 1196 Priscianus

1141 1296 1240 1344 presfi
1254 1297 1344 1334 sunt.
1368 1298 1447 1334 Post
1472 1299 1552 1334 Idus
1567 1301 1683 1336 Martii
1697 1301 1800 1349 hujus
1812 1302 1895 1338 anni
1909 1304 2037 1341 Cicero
2049 1307 2113 1343 ali-

1110 1379 1112 1398 :
1141 1346 1296 1401 quandiu
1309 1347 1380 1383 ruri
1394 1348 1470 1384 fuit.
1496 1349 1651 1385 Romam
1663 1360 1779 1387 autem
1803 1351 1822 1386 ἐ
1838 1352 2049 1402 Pompejano
2076 1354 2111 1393 se

1110 1401 1111 1437 j
1141 1407 1268 1442 recepit
1288 1409 1315 1432 a.
1329 1396 1364 1432 d.
1381 1408 1433 1433 1v.
1449 1397 1500 1432 Id.
1519 1398 1628 1437 Maii,
1648 1398 1743 1446 epist.
1767 1400 1829 1436 ult.
1851 1401 1911 1437 lib.
1932 1403 2013 1439 1.ad
2036 1406 2111 1444 Att.

1142 1445 1308 1494 Kal-Jun.
1319 1445 1467 1482 Antium
1478 1446 1652 1494 profeilus
1665 1447 1750 1487 fuit,
1761 1461 1852 1498 ep·1.
1863 1450 1922 1487 lib.
1937 1463 1968 1489 2.
1980 1452 2022 1488 ad
2036 1455 2108 1491 Ate.

1138 1495 1217 1530 Hoc
1229 1507 1323 1530 anno
1335 1499 1409 1543 Q.
1423 1495 1586 1532 Metellus
1599 1498 1719 1546 Nepos
1733 1509 1861 1546 praetor
1870 1501 2027 1547 portoria
2040 1504 2111 1540 Ita·

1136 1542 1191 1579 liae
1205 1543 1280 1591 lege
1293 1544 1358 1581 lata
1369 1544 1660 1583 sustulit‚au&ore
1674 1546 1853 1584 Dione.de
1862 1550 2025 1597 portoriis
2039 1553 2110 1588 Ita-

1110 1622 1112 1625 .
1137 1592 1189 1629 liae
1201 1592 1337 1630 sublatis
1351 1620 1360 1635 ‚
1375 1593 1501 1630 Cicero
1514 1594 1609 1643 epist.
1626 1597 1678 1631 16.
1689 1595 1829 1632 lib.2.ad
1843 1600 1913 1634 Att.
1927 1599 2000 1636 Sub
2014 1600 2110 1639 idem

1135 1652 1284 1691 tenipus,
1295 1653 1336 1679 ut
1347 1643 1416 1679 Dio
1428 1643 1554 1684 scribit,
1566 1644 1707 1680 Faustus
1720 1645 1822 1682 Sullae
1837 1648 1870 1682 F.
1881 1648 1918 1683 in
1931 1648 2109 1688 honorem

1134 1693 1240 1739 patris
1253 1704 1383 1728 munus
1391 1691 1637 1739 gladiatorium
1651 1717 1661 1732 ,
1674 1696 1709 1730 &
1717 1694 1949 1742 magnificum
1960 1699 2108 1747 epulum

1138 1741 1269 1788 populo
1279 1741 1374 1777 dedit
1387 1754 1394 1776 :
1410 1741 1547 1777 balnea-s
1555 1742 1660 1778 etiam
1669 1754 1752 1779 cum
1762 1744 1841 1781 oleo
1852 1746 2006 1793 gratuito
2041 1760 2108 1784 rae·

1134 1789 1306 1827 buitl-loc
1318 1803 1448 1826 munus
1461 1790 1626 1827 Faustum
1638 1791 1844 1829 testamento
1855 1794 1959 1842 patris
1971 1761 2108 1833 deguis-

1134 1839 1166 1876 se
1179 1865 1188 1880 ‚
1203 1840 1329 1876 Cicero
1341 1852 1406 1888 pro
1419 1839 1514 1875 Sulla
1525 1840 1583 1876 ait.
1606 1843 1686 1876 Hoc
1699 1841 1748 1877 est
1760 1842 1870 1878 Fausti
1882 1844 2109 1883 adolescentis

1136 1888 1339 1925 nobilissimi
1363 1888 1509 1937 epulum
1532 1888 1916 1938 magnificentiffimum
1931 1920 1940 1936 ‚
1965 1907 2009 1931 ex
2034 1908 2106 1944 quo

1137 1938 1320 1974 Vati-nium
1331 1936 1461 1974 famem
1472 1937 1567 1975 suam
1579 1939 1727 1988 expleffe
1740 1966 1749 1981 ‚
1765 1941 1892 1978 Cicero
1906 1942 1942 1978 in
1957 1943 2109 1980 interro-

1136 1987 1278 2035 gatione
1289 1987 1347 2023 ait.
1370 1989 1452 2023 Hoc
1464 1989 1661 2026 annorcons
1656 1990 1779 2036 piratio
1794 1990 1886 2026 inter
1895 2001 1963 2028 tres
1974 1992 2106 2040 princi-

1136 2048 1193 2082 pes
1205 2036 1358 2071 civitatis
1366 2035 1454 2070 faita
1465 2036 1818 2083 est,Cn.Pompejum,
1834 2042 1884 2075 M.
1898 2041 2108 2083 Crassum&

1135 2084 1178 2118 C.
1195 2083 1365 2122 Caesarem
1377 2106 1387 2123 ‚
1408 2082 1452 2120 de
1475 2096 1544 2132 qua
1556 2083 1681 2121 Cicero
1694 2085 1785 2122 libro
1798 2086 1948 2124 secundo
1961 2090 2002 2127 ad
2013 2090 2106 2129 Atti—

1135 2144 1231 2167 cum.

1211 2232 1305 2266 Anno
1324 2228 1412 2266 urbis
1426 2241 1584 2326 nexta}¹
1604 2234 1762 2271 Ciceronis
1774 2246 1913 2272 xtvin.
1936 2247 2033 2274 coss.

1566 2291 1691 2324 uerunt,

1171 2343 1213 2380 C.
1244 2344 1453 2393 JULIUS
1483 2347 1708 2389 CAESAR,
1735 2350 1786 2385 M.
1814 2351 2070 2389 CALPUR-

1406 2396 1545 2431 NIUS
1571 2397 1830 2436 BIBULUS.

1226 2468 1292 2502 UM
1308 2468 1351 2504 C.
1363 2467 1523 2504 Antonio
1535 2470 1577 2505 C.
1594 2470 1765 2506 Octavius
1776 2471 1813 2506 in
1826 2472 2031 2510 Macedonia
2041 2486 2106 2510 ane

1150 2564 1155 2569 .
1230 2528 1278 2552 no
1290 2516 1464 2565 superiore
1475 2516 1730 2556 succeffiffetmt
1741 2521 1966 2568 cognoscitur
1976 2523 2069 2571 epist.
2079 2534 2089 2558 i
2098 2546 2107 2555 ·

1133 2564 1211 2601 libr.
1226 2564 1310 2601 2.ad
1323 2569 1393 2602 Att.
1404 2566 1579 2603 Antonius
1591 2569 1659 2604 hoc
1671 2581 1764 2605 anno
1778 2570 1853 2617 lege
1865 2572 2003 2608 Lutatia
2013 2572 2056 2607 de
2069 2572 2104 2607 v'i

1132 2614 1304 2651 accusatus
1313 2614 1362 2651 est
1375 2615 1393 2651 a
1408 2618 1458 2651 M.
1469 2616 1587 2652 Coelio
1599 2641 1608 2656 ,
1622 2628 1663 2653 ut
1674 2617 1722 2654 est
1732 2617 1772 2653 in
1785 2620 1883 2656 Orat.
1894 2633 1958 2668 pro
1974 2620 2104 2656 Coelio.

1133 2664 1331 2700 Antonium
1341 2664 1435 2713 apud
1444 2665 1512 2700 Cn·
1527 2666 1721 2704 Lentulum
1734 2667 1969 2705 Claudianum
1981 2669 2040 2714 (sic
2055 2669 2104 2705 le-

1132 2725 1179 2760 go
1192 2726 1236 2750 ex
1262 2712 1357 2750 libris
1369 2714 1463 2756 {olim
1478 2713 1657 2763 impressis)
1669 2729 1768 2753 reum
1779 2716 1910 2754 fatitum
1925 2718 1991 2754 effe
2003 2718 2022 2755 a
2032 2718 2113 2764 Q.

1134 2762 1239 2798 Fabio
1259 2762 1416 2799 maximo
1430 2789 1440 2804 ‚
1464 2763 1592 2801 Cicero
1612 2765 1650 2800 in
1672 2765 1855 2802 Vatinium
1878 2766 2105 2808 demonstrat,

1131 2810 1189 2847 sed
1201 2837 1211 2852 ‚
1233 2824 1276 2848 an
1304 2811 1348 2847 de
1360 2811 1485 2849 eodem
1501 2812 1651 2850 crimine
1662 2815 1798 2850 Coelius
1810 2818 1846 2852 &
1858 2816 2034 2853 Maximus
2046 2827 2103 2852 ac—

1130 2860 1296 2899 cusarint,
1307 2862 1394 2898 mihi
1407 2873 1481 2897 non
1492 2863 1640 2899 constat.
1654 2865 1736 2899 Hoc
1747 2863 1817 2899 Dio
1831 2864 1889 2900 lib.
1909 2869 1959 2909 38.
1974 2865 2104 2906 scribit,

1132 2909 1330 2946 Antonium
1339 2911 1382 2946 de
1392 2910 1552 2948 Catilinae
1562 2911 1805 2960 conjuratione
1813 2913 1849 2949 in
1854 2912 2031 2961 judicium
2042 2913 2104 2949 ad·

1133 2958 1282 2995 ductum
1298 2985 1308 3000 ‚
1331 2970 1471 3008 propter
1493 2961 1583 2997 male
1598 2961 1868 2999 administratam
1883 2963 2103 3011 provinciam

1131 3007 1409 3045 condemnatum
1432 3008 1542 3046 fuiffe.
1556 3010 1683 3047 Cicero
1706 3023 1793 3047 vero
1814 3023 1879 3060 pro
1903 3012 2021 3048 Coelio
2042 3011 2102 3051 ait,

1135 3057 1291 3093 Antonio
1305 3057 1460 3094 nocuiffe
1472 3059 1679 3108 opinionem
1692 3059 1851 3096 maleficii
1864 3060 2017 3108 cogitati.
2027 3061 2101 3095 An-

1133 3107 1255 3142 tonius
1274 3107 1528 3153 condemnatus
1549 3108 1588 3145 in
1611 3109 1835 3157 Cephallenia
1846 3109 2025 3146 exsulavit,
2035 3119 2099 3142 au-

1136 3156 1232 3194 &ore
1243 3156 1415 3203 Strabone
1424 3156 1483 3193 lib·
1498 3169 1550 3196 io.
1561 3169 1629 3195 nec
1640 3158 1659 3193 a
1672 3160 1721 3192 M.
1734 3157 1891 3195 Antonio
1902 3156 2014 3194 fratris
2025 3154 2100 3189 filio

1625 3205 1661 3254 (d
1677 3205 1711 3251 2)
1954 3239 1957 3243 ,
2016 3212 2102 3238 sum
