2302 3353
91 465 137 503 17

101 1843 142 1880 18

104 2682 147 2716 ¹9

529 127 616 172 An
650 123 1087 181 HERENMUM,
1123 125 1332 172 Lrnzn
1365 123 1704 191 QARTusJ

154 211 297 245 homines
303 207 435 252 judicare
443 225 452 242 ‚
462 213 497 238 ut
503 200 591 248 poffit
598 204 715 237 bellum
723 202 870 236 fortitudo
879 204 1015 235 minuere
1026 224 1035 239 ‚
1056 215 1110 245 pa—

155 263 223 286 cem
233 253 401 284 humanitas
410 260 523 290 augere.
545 251 586 279 At
594 249 647 278 ille
657 268 666 282 ‚
678 246 699 277 fi
708 246 833 281 vicisset,
844 257 921 277 num
931 246 1013 276 idem
1023 246 1110 276 fecis-

156 297 199 326 set
208 299 219 325 ?
229 305 291 326 non
300 289 436 334 profeSco
446 299 506 321 tarn
518 291 632 330 sapiens
642 288 751 320 fuiss'et.
762 288 845 329 Qid
854 290 945 328 igitur
954 289 981 317 ei
991 289 1083 327 parcis
1096 290 1105 316 ?

152 339 223 378 quia
242 336 332 366 talem
350 333 504 363 stultitiam
522 340 716 363 contemnere
726 350 734 365 ‚
752 341 804 359 non
824 330 937 359 imitari
953 329 1106 359 consuevi.

155 380 230 409 Haec
247 376 404 406 exornatio
421 373 456 404 ad
475 375 647 404 sermonem
664 374 858 403 vehementer
882 370 1107 402 accommodata

156 419 208 454 cst,
221 422 231 439 ¹
246 419 279 448 ὅ(
290 419 428 448 animum
438 415 581 446 auditoris
591 416 700 445 retinet
708 422 866 447 attentum,
877 421 944 443 tum
953 411 1106 443 venustate

154 460 311 493 sermonis,
323 468 387 489 tum
396 459 545 488 rationum
555 456 784 496 exspefihtione.
806 456 960 486 Sententia
970 474 978 488 ,
990 453 1032 484 est
1042 462 1107 484 ora-

153 504 197 534 tio
206 503 301 533 sumta
310 500 347 530 de
356 501 417 530 vita
428 518 436 533 ,
447 509 513 540 quae
521 507 571 529 aut
579 498 650 539 quid
662 496 695 528 fit
707 516 715 531 ,
726 506 776 527 aut
784 496 856 537 quid
865 495 924 527 effe
933 503 1066 536 oporteat
1074 496 1108 525 in

152 545 225 578 vita,
235 543 363 574 breviter
371 541 501 571 ostendit
511 561 520 574 ,
540 541 600 570 hoc
618 539 713 570 modo
725 549 730 568 z
752 542 767 558 ²
778 541 968 569 Dii-ricinis
985 536 1028 567 est
1046 539 1108 576 pri-

153 585 244 616 mum
253 586 375 615 virtutes
385 584 521 617 revereri,
534 584 585 623 qui
596 582 713 621 semper
720 581 847 612 secunda
855 580 974 610 fortuna
985 578 1018 608 sit
1027 579 1105 608 usus.

154 631 231 659 Item
242 645 251 661 ,
270 628 378 657 LissER
389 627 413 655 is
422 623 466 655 est
476 623 701 657 existimandus,
713 624 764 664 qui
774 622 851 651 nulli
861 620 1041 661 turpitudini
1051 620 1110 649 ser-

152 671 208 700 vit.
236 671 312 698 Item
323 687 332 701 ,
353 670 461 697 Eoeus
480 666 562 712 aeque
573 665 616 695 est
624 667 649 694 is
661 684 671 698 ,
689 666 742 704 qui
752 673 815 693 non
825 664 891 694 satis
901 662 1006 696 habet,
1028 661 1060 691 δε
1071 663 1106 693 is,

152 712 202 742 cui
213 710 291 740 nihil
301 710 366 740 satis
375 707 471 749 potest
480 708 550 738 esse.
571 708 649 737 Item
660 726 669 739 ,
689 708 829 735 OpriMA
845 704 970 735 vivendi
979 705 1054 733 ratio
1065 701 1107 732 est

151 751 299 794 eligenda.
323 761 389 780 eam
403 749 567 790 jucundam
584 746 770 778 consuetudo
789 746 899 776 reddet.
922 744 1108 785 Hujusmodi

154 794 308 825 sententiae
318 791 474 832 simplices,
485 800 549 821 non
559 790 627 823 sunt
634 788 849 828 improbandae,
861 796 1014 828 propterea
1024 785 1106 827 quod

156 835 246 867 habet
254 835 352 865 brevis
362 832 506 874 expofitio
515 852 524 866 ,
536 830 556 861 fi
565 832 687 861 rationis
698 830 810 860 nullius
820 830 935 870 indiget
946 849 955 862 ,
966 837 1106 870 magnam

155 876 396 908 dele&ationem.
407 873 462 905 Sed
472 873 548 904 illud
557 882 675 914 quoque
684 871 874 912 probandum
884 871 926 902 est
935 880 1028 911 genus
1039 870 1108 900 sen-

157 920 256 949 tentiae
267 938 275 951 ,
286 916 365 958 quod
373 914 566 946 confirmatur
574 913 759 952 subjeffione
768 915 892 944 rationis
902 933 911 947 ,
923 914 981 943 hoc
993 910 1088 942 modo
1102 921 1108 940 :

157 963 276 990 OMNES
298 960 372 988 bene
389 957 512 988 vivendi
530 958 657 987 rationes
676 958 709 986 in
718 957 826 986 virtute
836 956 905 985 sunt
914 952 1107 986 collocandae,

154 1010 307 1044 propterea
324 998 405 1040 quod
425 999 485 1029 sola
493 1000 585 1029 virtus
596 1000 627 1027 in
637 999 686 1028 sua
693 996 834 1038 potestate
842 996 885 1027 est
896 1007 902 1026 :
923 997 1027 1026 omnia
1035 1004 1109 1035 prae-

153 1052 200 1074 ter
217 1052 282 1073 eam
300 1039 430 1080 subJ'ceta
446 1041 512 1071 sunt
529 1040 658 1070 fortunae
676 1039 892 1070 dominationi.
921 1040 998 1068 Item
1009 1057 1018 1072 ,
1038 1040 1106 1078 Qt

155 1092 323 1115 rori-rums
340 1082 465 1122 alicujus
476 1081 594 1112 induffi
604 1082 769 1111 amicitiam
780 1081 843 1120 ejus
853 1081 944 1111 secuti
955 1081 1022 1110 sunt
1031 1098 1039 1112 ‚
1063 1079 1106 1112 hi,

154 1124 243 1156 fimul
253 1123 413 1155 acfortuna
421 1123 531 1164 dilapsa
539 1122 582 1154 est
592 1143 600 1156 ,
622 1123 764 1154 devolant
773 1132 892 1153 omnes.
924 1120 1003 1152 cum
1022 1121 1107 1151 enim

152 1165 265 1200 receffit
272 1176 306 1196 ea
315 1175 358 1196 res
370 1186 378 1200 ‚
399 1175 464 1206 quae
472 1166 532 1196 fuit
541 1165 765 1195 consuetudinis
774 1165 867 1198 causa,
878 1164 957 1194 nihil
967 1160 1105 1203 superest,

153 1219 244 1251 quare
252 1206 362 1249 poffint
369 1210 403 1237 in
411 1208 543 1238 amicitia
551 1208 684 1237 retineri.
706 1210 781 1238 Sunt
790 1208 865 1237 item
876 1207 1108 1245 sententiae‚quae

153 1251 313 1291 dupliciter
321 1248 512 1284 efferuntur‚3
522 1247 583 1279 sine
591 1249 752 1282 i·atione‚&
761 1259 832 1279 cum
843 1250 965 1279 ratione.
973 1248 1031 1277 hoc
1040 1256 1109 1276 mo-

154 1293 196 1324 do
213 1291 273 1322 fine
290 1293 403 1322 ratione
414 1301 420 1320 z
444 1294 587 1322 ERRANT
597 1311 606 1325 ,
625 1293 677 1332 qui
693 1292 727 1320 in
737 1291 882 1331 prosperis
892 1289 978 1320 rebus
989 1289 1109 1319 omneis

155 1337 287 1375 impetus
295 1333 421 1364 fortunae
433 1333 461 1363 se
468 1331 694 1374 putantfugiss'e.
726 1334 879 1372 Sapienter
886 1333 1016 1373 cogitant
1026 1351 1035 1365 ,
1055 1331 1109 1371 qui
1130 1335 1132 1360 '7

156 1375 341 1416 temporibus
351 1375 487 1405 secundis
496 1376 576 1405 casus
585 1374 720 1405 adversos
730 1373 937 1404 reformidant.
967 1376 1045 1403 Cum
1064 1381 1108 1401 ra-

156 1420 240 1450 tione
252 1437 261 1452 ,
272 1417 330 1447 hoc
338 1415 442 1456 paeto:
464 1419 533 1456 Qr
552 1426 838 1446 ADoLissanrmM
857 1416 983 1456 peccatis
994 1414 1109 1456 ignosci

156 1468 261 1501 putant
270 1468 406 1498 oportere
417 1476 425 1492 ,
438 1457 592 1492 falluntur,
602 1466 755 1500 propterea
763 1457 845 1499 quod
856 1466 922 1488 aetas
931 1457 982 1487 illa
992 1466 1055 1487 non
1066 1453 1109 1485 est

154 1500 375 1542 impedimento
384 1499 472 1530 bonis
482 1500 597 1530 studiis.
616 1509 645 1530 at
654 1502 686 1530 hi
697 1500 836 1541 sapienter
847 1498 977 1533 faciunt,
997 1499 1049 1539 qui
1059 1496 1111 1527 ad—

155 1543 331 1574 olescenteis
341 1541 476 1572 maxime
488 1542 629 1584 castigant
637 1561 645 1576 ‚
666 1549 700 1572 ut
708 1561 717 1576 ‚
736 1542 844 1583 quibus
861 1541 1021 1571 virtutibus
1040 1549 1110 1570 om-

157 1594 232 1617 nem
248 1585 341 1614 vitam
360 1585 434 1614 tueri
451 1582 590 1624 poss'unt,
614 1593 662 1615 eas
680 1586 713 1614 in
723 1592 805 1614 aetate
815 1581 1008 1614 maturiffima
1016 1581 1114 1612 velint

157 1635 337 1667 comparare.
360 1627 525 1657 sententias
535 1627 687 1666 interponi
698 1624 761 1656 raro
772 1627 926 1659 convenit,
937 1634 969 1655 ut
978 1625 1020 1655 rei
1029 1622 1112 1654 atsto-

158 1678 215 1702 res,
227 1677 291 1698 non
299 1667 421 1698 vivendi
430 1676 623 1708 praeceptores
633 1666 690 1698 ess'e
699 1667 867 1698 videamur.
890 1665 963 1697 cum
972 1668 1012 1696 ita
1020 1668 1113 1696 inter·-

159 1717 310 1752 ponentur
318 1728 327 1743 ,
347 1709 480 1739 multum
498 1708 621 1740 afferent
637 1711 817 1740 ornamenti.
856 1711 937 1740 Nam
947 1706 1062 1739 neceffe
1071 1706 1115 1737 est

158 1754 264 1783 animo
274 1761 339 1782 eam
349 1751 527 1792 comprobet
535 1754 639 1782 tacitus
649 1752 783 1786 auditor,
804 1750 875 1782 cum
886 1750 921 1781 ad
932 1750 1048 1781 causam
1066 1751 1115 1779 vi-

160 1794 226 1825 deat
235 1793 458 1824 accommodari
466 1803 530 1824 rem
540 1803 648 1824 certam
654 1804 704 1828 ,ex
714 1795 773 1824 vita
782 1793 815 1824 &
826 1792 963 1824 moribus
973 1793 1112 1822 sumtam.

162 1837 350 1867 Contrarium
361 1854 370 1869 ,
390 1835 472 1865 idem
481 1833 543 1866 fere
553 1835 596 1866 est
606 1856 614 1870 ‚
631 1835 715 1879 quod
724 1837 891 1866 contentio.
924 1835 1115 1865 Contrarium

159 1877 214 1912 est,
225 1876 306 1919 quod
317 1887 355 1907 ex
363 1876 450 1907 rebus
460 1876 579 1908 diversis
589 1878 702 1908 duabus
713 1897 721 1912 ,
737 1878 858 1909 alteiam
870 1877 999 1908 breviter
1006 1895 1015 1910 ,
1028 1875 1060 1906 &
1069 1875 1115 1906 fa-

159 1919 218 1951 cile
238 1916 397 1950 confirmat
406 1938 414 1953 ,
433 1919 494 1950 hoc
511 1918 598 1959 paEto
610 1930 615 1949 :
646 1922 732 1950 ΝΛΜ
744 1940 754 1954 ,
774 1929 836 1959 Ql
857 1929 929 1950 suis
949 1917 1115 1948 rationibus

160 1962 305 1993 inimicus
321 1959 411 1990 fuerit
428 1959 560 2000 semper,
581 1971 652 1991 eum
661 1961 818 2002 quomodo
825 1961 931 1991 alienis
940 1959 1027 1990 rebus
1038 1961 1116 1989 ami-

160 2012 233 2033 curn
243 2000 307 2031 fore
318 2001 411 2040 speres
422 2003 433 2029 ?
455 2004 493 2030 Et
501 2010 576 2032 item
586 2021 595 2036 ,
617 2005 703 2032 ΝΛΜ
713 2023 722 2036 ,
744 2012 841 2041 QEM
863 2004 896 2031 in
906 2003 1039 2031 amicitia
1049 2011 1116 2040 per-

164 2042 307 2074 fidiosum
318 2043 505 2082 cognoveris,
517 2053 588 2073 eum
598 2053 686 2084 quare
695 2052 778 2084 putes
790 2044 964 2076 inimicitias
974 2051 1045 2072 cum
1056 2040 1115 2071 fide

162 2085 270 2116 habere
286 2082 366 2124 posse
378 2086 389 2112 ?
419 2086 457 2113 Et
466 2103 475 2118 ‚
503 2087 571 2124 Qr
592 2095 762 2115 Pluvia-rus
783 2084 964 2115 intolerabili
983 2082 1116 2122 superbia

162 2126 263 2159 fuerit,
274 2135 345 2155 eum
357 2124 605 2160 commodum,&
613 2126 658 2156 sui
667 2127 898 2167 cognoscentem
908 2125 1009 2155 videre
1018 2127 1051 2154 in
1061 2134 1117 2164 po-

163 2167 263 2199 testate
273 2168 339 2208 quis
349 2166 462 2206 speret?
482 2169 519 2197 Et
529 2186 537 2200 ‚
559 2176 621 2207 Q}
643 2177 680 2197 IN
699 2167 887 2198 sermonibus
898 2187 906 2201 ‚
919 2167 952 2196 &
963 2174 1117 2197 conventu

162 2211 331 2241 amicorum
340 2218 446 2238 verum
456 2208 565 2238 dixerit
573 2219 739 2249 numquam
751 2229 759 2243 ,
771 2219 841 2239 eum
852 2207 906 2239 sibi
918 2210 949 2238 in
959 2209 1117 2238 concioni-

161 2251 219 2282 bus
228 2250 322 2281 credis
331 2249 347 2280 ὲ
355 2249 514 2280 mendacio
524 2259 756 2291 temperaturum
766 2253 776 2280 ?
795 2253 884 2284 Item,
897 2251 977 2291 st
985 2260 1019 2279 ex
1028 2249 1116 2279 colli-

162 2293 218 2324 bus
228 2293 403 2332 dejecimus,
414 2301 485 2321 curn
496 2294 533 2322 iis
543 2294 576 2322 in
585 2302 690 2332 campo
701 2294 866 2323 metuimus
875 2293 1017 2325 dimicare
1029 2294 1040 2321 ?
1053 2292 1115 2332 Qj

163 2333 236 2366 cum
247 2334 344 2375 plures
353 2342 436 2363 erant
446 2353 455 2367 ,
474 2335 573 2373 paucis
582 2334 671 2364 nobis
681 2336 826 2376 exaequari
836 2344 900 2364 non
910 2341 1060 2374 poterant:
1082 2334 1115 2363 hi

163 2375 320 2417 postquam
330 2377 480 2415 pauciores
490 2375 559 2408 sum
567 2395 577 2409 ,
596 2378 760 2407 metuimus
771 2396 779 2410 ‚
800 2386 838 2406 ne
857 2375 913 2406 sint
933 2376 1093 2416 superiores
1105 2377 1116 2404 ?

166 2421 236 2448 Hoc
251 2419 457 2448 exornationis
474 2426 568 2458 genus
577 2437 587 2451 2
607 2418 745 2448 brevibus
765 2418 798 2448 &
818 2419 998 2448 continuatis
1016 2416 1116 2447 verbis

161 2458 329 2501 perfeElum
338 2457 395 2489 efie
406 2459 494 2489 debet
503 2478 513 2493 ,
524 2459 558 2489 &
567 2458 639 2489 cum
650 2459 850 2490 commodum
861 2459 904 2490 est
913 2459 1015 2489 auditu
1026 2479 1034 2492 ,
1047 2468 1117 2499 pro—

161 2511 227 2542 pter
234 2501 357 2531 brevem
367 2501 400 2531 &
410 2500 574 2531 absolutam
584 2500 807 2532 conclusionem
820 2512 826 2531 2
855 2510 920 2531 tum
938 2499 1010 2531 vero
1026 2501 1118 2530 vehe—

165 2551 291 2578 menter,
305 2542 335 2572 id
348 2562 356 2577 ,
368 2541 448 2583 quod
458 2552 534 2582 opus
545 2541 586 2572 est
596 2545 704 2573 oratori
714 2563 722 2577 ,
735 2543 911 2583 comprobat
919 2543 1065 2573 contraria
1074 2551 1115 2576 re,

164 2585 199 2615 &
208 2595 247 2615 ex
256 2595 303 2619 eo,
313 2584 393 2625 quod
405 2583 531 2614 dubium
543 2593 606 2614 non
616 2584 668 2618 est,
676 2585 797 2625 expedit
806 2584 975 2625 illud,quod
986 2583 1116 2614 dubium

163 2625 208 2657 est
217 2646 226 2661 ‚
246 2635 278 2656 ut
296 2635 345 2656 aut
363 2625 439 2655 dilui
457 2635 520 2655 non
530 2624 617 2665 poffit
625 2646 635 2660 ,
657 2635 707 2656 aut
716 2627 815 2656 multo
826 2625 1009 2657 difficillime
1020 2623 1114 2666 possit.

165 2668 340 2699 Membrum
351 2669 494 2698 orationis
501 2668 662 2707 appellatur
669 2678 714 2698 res
725 2668 853 2699 breviter
860 2667 990 2699 absoluta
999 2665 1058 2697 sine
1070 2675 1116 2696 to-

164 2711 222 2741 tius
233 2710 385 2740 sententiae
403 2708 677 2743 demonstratione,
696 2720 763 2750 quae
779 2710 880 2740 denuo
897 2710 957 2739 alio
974 2708 1116 2739 membro

162 2752 305 2782 orationis
315 2752 462 2791 excipitur
472 2770 481 2785 ,
491 2751 550 2781 hoc
563 2750 657 2786 modo
669 2762 674 2780 :
694 2753 735 2785 Et
744 2752 857 2780 inimico
865 2751 1011 2792 proderas.
1032 2750 1062 2780 id
1074 2748 1117 2780 est

162 2802 260 2824 unum
270 2812 279 2827 ‚
290 2792 371 2834 quod
381 2792 543 2832 appellatur
551 2792 724 2826 membrum
737 2804 742 2822 :
762 2792 875 2825 ,deinde
885 2793 943 2823 hoc
953 2793 1118 2832 excipiatur

162 2843 280 2877 oportet
287 2834 324 2866 ab
331 2834 434 2869 altero,
445 2835 485 2864 Et
494 2834 621 2864 amicum
630 2834 766 2867 laedebas.
785 2837 832 2867 Ex
843 2834 960 2866 duobus
971 2833 1118 2864 membris

199 2981 223 3000 ι.
242 2975 354 2999 Animum
371 2973 486 3000 auditorio
503 2974 586 3000 retinet
603 2973 745 3009 attentum]
765 2975 807 3001 Ita
825 2973 914 3010 plures
932 2971 1002 3000 Pan.
1021 2972 1049 2998 ὅτ
1068 2973 1115 2999 Br.

162 3016 224 3037 nam
234 3007 312 3034 Fabr.
322 3012 430 3036 continet.
449 3009 520 3046 prius
531 3009 581 3035 cufi
592 3010 678 3036 reddit.

199 3052 228 3069 2.
246 3045 340 3077 Difficile
356 3047 392 3070 ef?
403 3047 508 3078 primum
524 3047 629 3071 virtutes
638 3045 767 3080 meanz]
788 3045 832 3072 Est
842 3044 891 3071 hoc
901 3045 916 3071 ὰ
933 3042 1119 3072 Gulielmianis

165 3078 286 3118 omnibus
296 3089 324 3105 ac
334 3080 390 3106 Pal.
400 3089 442 3116 pr.
452 3081 609 3116 tert.quiut.
619 3088 695 3108 antea
705 3080 756 3107 cusi
766 3084 890 3114 virtutem,-
899 3080 946 3107 nifi
956 3079 1028 3116 quod
1039 3081 1120 3105 Lam-

167 3112 393 3154 binus-adhaeserit
403 3115 562 3150 conjesfiturae
571 3117 722 3144 Ranconeti
728 3118 856 3150 plurimum
864 3119 990 3144 virentem.
1009 3125 1063 3145 non
1073 3124 1121 3143 ue-

166 3148 274 3178 cess'ario
283 3159 293 3184 5
304 3155 473 3187 namprimum
482 3159 559 3183 notat
566 3152 625 3183 heic
632 3153 748 3189 inprimis
758 3170 769 3188 ‚
777 3159 833 3181 ame
842 3154 932 3182 omnia.

1151 206 1215 237 haec
1225 207 1381 237 exornatio
1390 204 1487 247 potest
1494 202 1626 237 constare
1638 216 1644 236 :
1665 205 1711 237 sed
1722 204 1964 238 commodissima
1975 205 2007 237 &
2015 204 2104 238 abso:

1151 247 1291 278 lutiffima
1299 248 1342 279 est
1351 269 1359 282 ,
1371 259 1434 289 quae
1446 258 1483 278 ex
1493 248 1586 279 tribus
1596 247 1711 279 constat
1719 267 1728 281 ,
1749 249 1806 278 hoc
1835 247 1901 278 3ἃο
1913 259 1919 278 :
1940 250 1981 278 Er
1990 248 2105 279 inimico

1150 289 1287 327 proderas
1299 310 1308 323 ,
1329 290 1361 320 &
1370 292 1502 321 amicum
1513 290 1637 320 laedebas
1647 309 1656 325 ,
1675 290 1708 322 &
1717 289 1772 320 tibi
1782 291 1811 329 ip
1825 299 1834 319 i
1844 299 1907 320 non
1916 289 2104 320 consulebas.

1151 332 1227 375 ltem
1240 350 1248 363 ,
1261 333 1319 360 Nec
1327 330 1479 372 reipublicae
1487 331 1661 362 consuluisti
1672 352 1681 366 ,
1692 341 1748 361 nec
1755 333 1860 362 amicis
1869 330 2004 370 profuisti
2016 351 2024 365 ‚
2046 340 2104 362 nee

1152 372 1286 400 mimicis
1296 371 1434 402 restitisti.
1457 374 1607 404 Articulus
1617 373 1725 404 dicitur
1735 392 1743 407 ‚
1753 371 1826 403 curn
1836 370 1946 414 fingula
1954 372 2045 403 verba
2054 374 2105 403 in-

1151 411 1280 456 tervallis
1290 412 1511 453 distinguuntur
1519 415 1590 445 caesa
1599 417 1733 446 oratione
1744 434 1752 448 ‚
1763 415 1822 445 hoc
1831 413 1926 444 modo
1938 425 1944 443 2
1961 414 2106 443 Aci-ima-

1151 462 1210 485 ma,
1222 462 1307 498 voce,
1318 454 1404 483 vultu
1412 455 1589 486 adversarios
1599 455 1788 497 perterruisti.
1806 457 1881 486 item
1894 475 1902 489 ,
1914 456 2046 485 Inimico:
2056 457 2105 486 in-

1150 494 1242 528 vidia,
1254 495 1384 533 injuriis,
1396 499 1528 534 potentia
1539 517 1547 530 ,
1557 497 1680 536 perfidia
1690 496 1840 528 sustulisti.
1863 500 1945 528 Inter
1952 498 2042 536 hujus
2070 508 2104 527 e-

1151 538 1232 565 neris
1244 555 1252 569 ,
1265 535 1297 565 &
1308 536 1389 565 illius
1402 536 1556 576 superioris
1566 540 1789 569 vehementiam
1800 540 1858 569 hoc
1867 537 1988 569 interest
1997 558 2005 572 ,
2019 549 2059 580 qu
2083 537 2105 569 d

1151 577 1228 607 illud
1239 576 1358 611 tardius,
1370 577 1403 607 &
1415 579 1504 608 rarius
1515 582 1607 612 venit,
1619 581 1675 610 hoc
1684 581 1813 611 crebrius
1824 581 1857 611 δε
1866 580 1991 611 celerius
2000 590 2106 620 perve-

1152 621 1206 648 nit.
1229 622 1330 660 Itaque
1340 620 1372 649 in
1384 619 1437 648 illo
1445 629 1562 659 genere,
1575 631 1611 650 ex
1621 624 1788 652 remotione
1798 622 1910 652 brachii
1922 642 1930 656 ‚
1941 622 1974 652 δε
1984 630 2107 652 contor-

1152 663 1236 691 tione
1248 660 1376 690 dexterae
1386 660 1500 701 gladius
1511 661 1546 690 ad
1556 671 1661 700 corpus
1672 661 1767 693 afferri
1779 674 1784 692 ;
1806 665 1839 693 in
1858 665 1916 694 hoc
1932 672 2032 694 autem
2042 673 2108 693 cre-

1153 702 1206 732 bro
1217 722 1225 735 ,
1247 702 1280 731 &
1299 702 1389 732 celeri
1406 702 1531 732 vulnere
1548 713 1652 742 corpus
1662 705 1841 734 consauciari
1851 705 1976 735 videtur.
2000 706 2110 736 Conti-

1153 745 1267 777 matio,
1278 743 1322 774 est
1331 744 1430 776 densa,
1446 744 1479 774 &
1489 746 1648 774 continens
1657 744 1853 785 frequentatio
1862 747 2024 777 verborum
2034 756 2109 777 cum

1152 785 1341 816 absolutione
1352 786 1575 816 sententiarum.
1604 789 1646 816 Ea
1665 794 1782 816 utemur
1798 787 2042 818 commodissime
2055 790 2110 818 tri-

1152 825 1260 867 pertito
1271 837 1277 856 :
1300 829 1333 857 in
1344 828 1497 860 sententia,
1508 829 1541 857 in
1551 829 1710 860 contrario,
1723 831 1755 857 in
1766 828 1964 859 conclusione.
1993 833 2029 860 In
2040 829 2110 860 sen-

1153 870 1244 899 tentia
1255 889 1263 903 ,
1275 870 1334 899 lioc
1343 868 1429 909 paiste
1442 879 1447 897 :
1471 872 1511 899 Ei
1532 879 1599 899 NON
1619 868 1751 898 multum
1763 869 1858 908 potest
1868 869 1965 900 obesse
1974 871 2109 905 fortuna,

1152 912 1204 951 qui
1216 909 1269 941 sibi
1280 910 1395 941 firmius
1405 913 1437 940 in
1446 912 1555 941 virtute
1566 930 1574 944 ‚
1585 910 1676 952 quam
1687 912 1719 940 in
1729 911 1782 940 cas
1778 921 1795 940 u
1806 931 1814 945 ,
1833 910 1998 950 praesidium
2011 913 2111 942 collo-

1153 954 1239 982 cavit.
1269 955 1305 982 In
1323 955 1471 983 contrario
1482 972 1490 986 ,
1510 954 1570 982 hoc
1588 952 1698 982 modo:
1723 955 1809 982 ΝΛΜ
1830 962 1858 982 sx
1877 954 1944 993 quis
1963 954 2023 993 spei
2043 963 2109 985 non

1154 991 1288 1024 multum
1300 995 1453 1024 collocarit
1462 995 1495 1024 in
1505 994 1582 1027 casu,
1614 994 1666 1024 uid
1676 993 1728 1028 est,
1740 992 1822 1035 quod
1833 995 1861 1023 ei
1871 1004 2049 1034 magnopere
2059 1005 2112 1026 czi-

1152 1035 1200 1065 sus
1210 1034 1308 1065 obess‘e
1319 1034 1404 1077 possit
1414 1039 1424 1064 ?
1434 1038 1470 1066 In
1480 1036 1589 1066 conclu
1603 1046 1680 1069 ione,
1693 1036 1750 1066 hoc
1759 1034 1845 1076 paCto
1858 1045 1862 1064 :
1876 1038 1972 1076 Qon
1982 1035 2002 1066 si
2014 1038 2046 1066 in
2054 1044 2112 1066 eos

1151 1077 1321 1117 plurimum
1340 1077 1458 1108 fortuna
1476 1077 1571 1118 potest
1581 1097 1588 1111 ‚
1609 1079 1659 1118 qui
1680 1077 1697 1107 s
1694 1087 1742 1108 uas
1752 1079 1879 1108 rationes
1889 1080 2009 1107 omneis
2020 1079 2051 1107 in
2061 1088 2111 1108 cao

1154 1120 1221 1150 sum
1241 1120 1449 1150 contulerunt:
1478 1130 1542 1150 non
1553 1120 1619 1150 sunt
1628 1121 1733 1149 omnia
1741 1118 1960 1149 committenda
1968 1118 2112 1154 fortunae,

1153 1171 1191 1191 ne
1203 1171 1342 1202 magnam
1354 1163 1447 1192 nimis
1458 1163 1491 1193 iti
1502 1171 1557 1191 nos
1568 1161 1670 1191 habeat
1679 1160 1930 1191 dominationem.
1954 1163 1990 1191 In
2000 1161 2046 1190 his
2057 1162 2113 1190 tri-

1153 1202 1209 1233 bus
1228 1203 1386 1244 generibus
1405 1203 1440 1234 ad
1454 1205 1690 1234 continuationis
1700 1205 1764 1233 vim
1775 1201 1850 1232 adeo
1859 1201 2056 1243 frequentatio
2066 1202 2112 1233 est.

1153 1244 1321 1279 necessaria,
1332 1253 1366 1275 ut
1376 1244 1496 1276 infirma
1504 1244 1626 1275 facultas
1637 1247 1759 1275 oratoris
1770 1243 1913 1278 videatur,
1924 1242 1979 1274 nisi
1990 1244 2113 1275 senten-

1154 1289 1225 1317 tiam
1236 1307 1244 1320 ‚
1258 1287 1291 1318 &
1301 1290 1483 1317 contrarium
1495 1308 1503 1321 ‚
1516 1287 1549 1317 δε
1558 1285 1783 1317 conclusionem
1792 1285 1998 1326 frequentibus
2008 1284 2114 1317 efferat

1153 1329 1261 1359 verbis.
1291 1329 1346 1359 Sed
1357 1329 1390 1359 &
1398 1329 1467 1359 alias
1478 1339 1596 1370 quoque
1607 1337 1827 1369 nonnunquam
1838 1337 1902 1357 non
1910 1327 2044 1358 alienum
2054 1326 2112 1361 est,

1154 1369 1269 1400 tametsi
1279 1370 1393 1401 necess’e
1403 1381 1467 1401 non
1477 1369 1519 1400 est
1531 1391 1539 1404 ,
1551 1371 1653 1411 eloqui
1663 1379 1707 1400 res
1717 1370 1828 1410 aliquas
1839 1379 1891 1409 per
1900 1369 2111 1409 hujuscemodi

1154 1414 1406 1443 continuationes.
1421 1415 1550 1453 Compar
1558 1412 1727 1462 appellatur,
1738 1411 1820 1452 quod
1830 1410 1918 1441 habet
1926 1412 1959 1441 in
1970 1411 1998 1441 se
2009 1420 2109 1459 mem-
2128 1426 2178 1455 20

1154 1454 1206 1484 bra
1216 1456 1369 1488 orationis,
1382 1454 1418 1484 de
1428 1454 1537 1496 quibus
1546 1464 1615 1484 ante
1625 1453 1772 1487 diximus,
1783 1463 1848 1493 quae
1857 1451 1994 1483 constant
2002 1462 2039 1483 ex
2048 1462 2111 1493 pari

1153 1495 1217 1526 fere
1227 1506 1355 1526 numero
1365 1496 1551 1536 syllabarum.
1577 1497 1646 1526 Hoc
1656 1505 1719 1525 non
1728 1494 1764 1525 de
1775 1496 2000 1525 enumeratione
2011 1494 2114 1526 nostra

1155 1536 1206 1568 fiet
1216 1548 1222 1567 ι
1234 1537 1317 1577 (nam
1329 1528 1360 1568 13
1368 1537 1491 1579 quidem
1502 1538 1616 1578 puerile
1626 1536 1694 1578 est,)
1707 1536 1754 1567 sed
1764 1544 1884 1570 tantum
1891 1534 1975 1566 affert
1985 1536 2063 1571 usus,
2076 1536 2114 1569 ὃς

1155 1582 1329 1611 exercitatio
1346 1579 1493 1610 facultatis
1502 1599 1511 1614 ‚
1535 1587 1567 1610 ut
1584 1580 1680 1609 animi
1700 1578 1831 1620 quodam
1848 1577 1934 1608 sensu
1948 1587 2000 1619 par
2010 1588 2114 1609 mem-

1156 1621 1245 1652 brum
1254 1623 1397 1663 superiori
1404 1621 1512 1652 referre
1521 1619 1676 1662 possimus,
1687 1621 1746 1650 hoc
1756 1619 1850 1650 modo
1862 1629 1868 1648 t
1879 1620 2015 1662 Inproelio
2025 1629 2113 1650 moi·

1157 1673 1220 1696 tem
1229 1673 1310 1705 pater
1318 1664 1472 1705 oppetebat
1482 1683 1491 1697 ,
1512 1664 1597 1694 domi
1608 1661 1687 1693 filius
1698 1663 1813 1703 nuptias
1822 1661 2008 1702 comparabat
2018 1672 2023 1690 :
2045 1662 2114 1693 haec

1157 1709 1262 1738 omnia
1270 1709 1383 1747 graveis
1392 1706 1473 1736 casus
1482 1703 1735 1736 administrabant.
1763 1706 1841 1734 Item
1852 1723 1860 1737 ,
1881 1707 1898 1730 4
1906 1703 1980 1732 ,Alii
1989 1703 2117 1742 fortuma

1156 1748 1331 1780 felicitatem
1341 1747 1443 1781 dedit,
1467 1748 1537 1778 huic
1546 1746 1691 1778 industria
1699 1748 1841 1776 virtutem
1851 1746 2040 1785 comparavit.
2074 1747 2115 1776 In

1158 1793 1218 1822 hoc
1234 1800 1342 1832 genere
1360 1791 1432 1831 saepe
1444 1788 1507 1820 fieri
1516 1787 1611 1830 potest
1623 1809 1631 1821 .
1655 1796 1688 1818 ut
1696 1798 1759 1818 non
1768 1786 1856 1828 plane
1865 1785 1958 1827 parsit
1967 1795 2116 1817 numerus

1160 1833 1336 1873 syllabarum
1349 1853 1357 1867 ‚
1378 1833 1411 1862 ὃς
1421 1840 1522 1862 tamen
1531 1829 1589 1861 effe
1598 1830 1732 1861 videatur
1741 1849 1750 1863 .
1770 1828 1791 1860 si
1800 1839 1859 1860 una
1867 1830 2015 1859 autetiam
2025 1828 2118 1860 altera

1159 1874 1267 1916 syllaba
1276 1873 1319 1904 est
1327 1875 1453 1904 alterum
1464 1873 1594 1903 brevius:
1604 1881 1653 1903 aut
1662 1870 1768 1906 11,ch
1779 1873 1812 1901 in
1822 1871 1913 1901 altero
1924 1871 2022 1911 plures
2033 1869 2114 1904 sunt,

1160 1921 1193 1948 in
1202 1917 1293 1948 altero
1302 1917 1432 1957 longior,
1444 1915 1662 1956 autlongiores‚
1673 1914 1801 1954 plenior,
1810 1922 1860 1943 aut
1867 1913 2015 1952 pleniores
2025 1911 2118 1950 sylla-

1160 1960 1204 1990 bae
1214 1966 1318 1989 emnt:
1337 1956 1554 1997 utlongitudo‚
1574 1965 1623 1986 aut
1631 1954 1790 1995 plenitudo
1798 1955 1903 1984 harum
1914 1973 1923 1988 ,
1943 1952 2117 1983 multitudi-

1161 2011 1233 2032 nem
1242 2000 1361 2029 alterius
1370 1997 1533 2038 assequatur
1543 1998 1576 2028 ὃς
1585 2004 1727 2037 exaequet.
1758 1996 1905 2026 Similiter
1912 1994 2019 2025 cadens
2030 2014 2039 2028 ,
2058 2003 2115 2024 ex-

1160 2043 1278 2073 ornatio
1294 2040 1420 2073 dicitur,
1440 2038 1513 2069 cum
1531 2041 1565 2069 in
1583 2038 1687 2068 eadem
1705 2035 1928 2067 construetione
1936 2035 2115 2069 verborum.

1138 2106 1140 2110 .
1161 2084 1222 2114 duo
1232 2090 1281 2113 aut
1290 2082 1372 2122 plura
1381 2082 1399 2111 s
1396 2090 1447 2111 unt
1456 2079 1545 2110 verba
1554 2100 1562 2114 ‚
1585 2090 1651 2120 quae
1660 2077 1794 2108 similiter
1802 2077 1910 2108 iisdem
1918 2075 2029 2108 casibus
2039 2075 2115 2106 effe-

1161 2134 1276 2157 runtur,
1288 2125 1346 2154 hoc
1356 2122 1459 2153 modo:
1469 2122 1617 2151 Hominem
1625 2120 1722 2151 laudas
1731 2128 1869 2160 egentem
1878 2120 2006 2152 virtutis,
2017 2118 2116 2148 abun-

1163 2167 1285 2197 dantem
1302 2164 1464 2194 felicitatis.
1495 2166 1572 2193 Item
1585 2183 1594 2197 ,
1614 2165 1716 2201 CuJus
1735 2163 1838 2191 omnis
1855 2162 1887 2190 in
1905 2161 2032 2201 pecunia
2049 2160 2117 2200 spes

1161 2208 1214 2242 est,
1226 2209 1288 2247 ejus
1299 2206 1314 2236 a
1325 2207 1463 2245 sapientia
1472 2204 1514 2235 est
1521 2207 1641 2235 animus
1652 2212 1797 2234 remotus.
1818 2203 1984 2243 Diligentia
1991 2211 2117 2241 compa-

1161 2260 1202 2281 rat
1212 2249 1343 2281 divitias,
1355 2247 1534 2289 negligentia
1544 2246 1855 2286 corrumpitanimum
1866 2255 1871 2274 :
1885 2245 1918 2274 &
1929 2252 2030 2274 tamen
2039 2242 2114 2274 cum

1161 2294 1201 2322 ita
1210 2293 1286 2322 vivit
1296 2310 1305 2324 ,
1325 2290 1484 2320 neminem
1493 2298 1552 2329 prae
1562 2288 1590 2318 se
1602 2288 1682 2318 ducit
1691 2288 1860 2317 hominem.
1883 2286 2026 2317 Similiter
2037 2283 2115 2315 desi-

1161 2343 1236 2364 nens
1246 2331 1298 2366 est,
1311 2331 1394 2364 cuin,
1406 2329 1517 2361 tametsi
1526 2330 1606 2360 casus
1616 2339 1680 2360 non
1689 2329 1792 2359 insunt
1801 2330 1833 2358 in
1843 2328 1952 2361 verbis,
1964 2336 2064 2356 tamen
2075 2324 2096 2355 si
2106 2341 2116 2348 ι

1162 2376 1251 2408 miles
1262 2375 1359 2406 exitus
1369 2373 1448 2405 sunt,
1460 2373 1519 2402 hoc
1527 2371 1613 2412 pa&o
1625 2382 1631 2400 z
1655 2371 1785 2413 Turpiter
1792 2369 1880 2399 audes
1888 2369 1993 2401 facere,
2007 2369 2114 2408 nequi-

1161 2426 1204 2448 ter
1214 2415 1312 2448 studes
1322 2415 1427 2445 dicere.
1451 2416 1537 2444 Vivis
1546 2413 1694 2443 invidiose
1704 2432 1712 2445 ‚
1733 2412 1884 2451 delinquis
1896 2410 2025 2440 studiose
2036 2430 2044 2442 ,
2066 2410 2115 2439 lo-

1161 2460 1260 2500 queris
1271 2457 1382 2488 odiose.
1412 2458 1490 2486 Item
1502 2476 1511 2489 ‚
1530 2453 1683 2484 Audaster
1690 2455 1802 2484 territas
1814 2472 1822 2486 ,
1842 2452 1997 2482 humiliter
2007 2451 2117 2491 placas.

1163 2503 1237 2531 Haec
1245 2499 1307 2530 duo
1317 2507 1433 2540 genera,
1442 2507 1572 2538 quorum
1581 2497 1706 2526 alterum
1718 2496 1750 2524 in
1760 2496 1856 2524 exitus
1868 2513 1876 2527 ,
1887 2494 2012 2525 alterum
2022 2494 2054 2522 in
2065 2502 2113 2522 ca·

1162 2543 1209 2573 sus
1219 2540 1416 2571 similitudine
1424 2539 1552 2569 versatur
1564 2558 1571 2571 ,
1584 2540 1660 2566 inter
1668 2537 1696 2567 se
1705 2537 1899 2566 veliementer
1906 2536 2092 2565 conveniunt
2105 2543 2115 2564 τ

1163 2584 1196 2614 &
1207 2593 1240 2613 ea
1250 2593 1290 2617 re,
1302 2582 1410 2624 quibis
1420 2581 1496 2610 bene
1505 2579 1816 2618 utuntur,plerumque
1825 2575 1912 2606 simul
1922 2587 1954 2606 ea
1964 2576 2116 2606 collocant

1161 2627 1194 2656 in
1205 2625 1314 2656 iisdem
1332 2623 1462 2663 partibus
1480 2622 1635 2651 orationis.
1666 2619 1700 2649 Id
1710 2620 1768 2649 hoc
1777 2617 1864 2660 paCto
1872 2618 1966 2648 facere
1977 2626 2095 2657 oportet
2108 2626 2118 2645 ε

1162 2670 1411 2698 ΡειωιτιεειΜΑ
1429 2664 1503 2694 ratio
1513 2661 1555 2692 est
1565 2671 1699 2692 amorem
1709 2669 1806 2700 petere
1816 2680 1824 2693 ‚
1836 2660 1983 2700 pudorem
1993 2664 2093 2700 fugere
2107 2668 2116 2687 :

1161 2709 1284 2749 diligere
1294 2707 1423 2737 formam
1437 2725 1445 2739 ‚
1465 2704 1613 2745 negligere
1622 2702 1743 2732 famam.
1769 2700 1826 2732 Hic
1837 2703 1868 2732 &
1878 2712 1910 2732 ea
1919 2701 2007 2732 verba
2017 2721 2024 2735 ,
2047 2710 2114 2741 quae

1161 2751 1243 2781 casus
1254 2749 1372 2782 habent,
1395 2747 1430 2778 ad
1441 2747 1520 2776 casus
1531 2744 1651 2774 simileis
1664 2754 1669 2773 t
1681 2744 1714 2774 ὃς
1724 2744 1784 2777 illa,
1796 2754 1860 2787 quae
1871 2753 1935 2775 non
1945 2743 2064 2775 habent,
2076 2741 2112 2772 ad

1139 2776 1142 2818 l
1161 2790 1285 2821 simileis
1294 2792 1391 2820 exitus
1399 2789 1535 2818 veniunt.
1579 2788 1800 2816 Annominatio
1811 2785 1854 2815 est
1864 2805 1872 2819 ,
1892 2784 1964 2815 cum
1983 2784 2109 2815 adidem
2130 2795 2172 2821 21

1139 2827 1144 2874 J
1161 2833 1288 2865 verbum
1298 2852 1307 2867 ,
1326 2832 1361 2862 ὃ(
1378 2830 1461 2862 idem
1482 2838 1598 2860 nomen
1615 2827 1765 2861 acceditur
1773 2836 2012 2859 commutatione
2022 2827 2113 2855 unius

1993 2869 2113 2901 linem,

1193 2977 1220 3005 3.
1241 2970 1295 2995 sine
1304 2970 1394 2994 ratione
1405 2986 1412 2998 ‚
1422 2967 1452 2998 02*
1461 2975 1512 2992 cum
1522 2966 1638 3000 rarione]
1659 2964 1744 2990 Verba
1755 2964 1840 2991 isthaec
1849 2962 1938 2989 addidi
1950 2973 1984 2990 ex
1994 2963 2114 2990 auetori-

1156 3012 1212 3031 tate
1231 3005 1288 3031 Pal.
1307 3013 1347 3040 pr.
1365 3013 1395 3030 ac
1406 3003 1491 3030 tertii.
1510 3002 1618 3039 reliquis
1629 3000 1785 3028 exciderunt
1799 3019 1806 3033 ‚
1825 3000 1859 3026 ob
1869 3000 2054 3036 repetitionem
2066 3009 2114 3026 vo-

1157 3050 1216 3067 cum
1229 3040 1362 3066 fimilium.

1193 3083 1221 3109 4.
1240 3075 1560 3109 Aliiffirmnaffli'citanm.]
1573 3073 1652 3101 Haud
1663 3073 1741 3100 :iliter
1752 3072 1809 3098 Pal.
1821 3071 1870 3100 sce.
1881 3080 1957 3109 quar.
1968 3071 2042 3108 quin.
2054 3068 2114 3097 sex-

1159 3119 1213 3146 tus,
1224 3112 1251 3139 8<
1262 3111 1348 3140 Bruil,
1359 3110 1483 3141 hastenus
1493 3109 1607 3147 imprcssi
1621 3129 1629 3143 ,
1647 3110 1797 3144 qujbriunn.

1643 3181 1670 3210 1>
2105 3181 2119 3202 ε

2021 3175 2101 3210 LQJ
