2339 3379
667 133 1258 179 PHILIPPICA

228 206 342 240 stantiae
354 228 363 243 ‚
375 215 520 250 quantum
529 205 679 247 gravitatis
689 207 722 236 in
732 207 822 246 hujtis
840 205 956 235 ordinis
965 204 1091 235 confilio
1102 203 1182 238 esset,

226 251 343 291 populo
361 253 456 281 Rom.
474 249 616 279 declarare
636 246 765 288 possetis.
794 247 1010 277 Recordamini
1022 266 1030 279 ,
1051 247 1101 286 qui
1120 246 1184 294 dies

229 291 579 322 nudiustertiusdecimus
587 289 679 320 fuerit
691 309 699 323 ‚
720 298 846 330 quantus
859 287 1020 319 consensus
1035 285 1181 336 xvestrum,

225 343 334 373 quanta
353 334 445 363 virtus
456 352 464 365 ‚
485 341 593 372 quanta
609 330 775 361 constantia
787 341 792 359 2
814 334 823 349 ¹
846 340 936 371 quam
955 327 1014 358 fitis
1033 339 1049 358 a
1067 329 1183 375 populo

224 376 319 405 Rom.
339 374 457 403 laudem
467 393 475 407 ,
496 383 585 413 quam
598 373 723 414 gloriam
736 393 744 406 ‚
764 382 854 412 quam
875 373 1002 417 gratiam.
1014 369 1177 416 consecuti.

225 419 323 456 Atque
333 415 388 444 illo
399 415 447 445 die
460 435 468 448 ,
480 418 510 445 P.
521 417 552 444 C.
565 425 597 445 ea
605 413 801 444 constituistis
812 434 819 446 ,
835 423 867 443 ut
877 412 963 442 vobis
973 411 1050 456 nihil
1065 420 1129 450 Jam
1146 409 1179 440 fit

223 458 371 497 integrum
383 476 392 490 ‚
413 455 468 486 nifi
481 465 530 486 aut
539 454 711 497 honestapax
723 476 731 489 ‚
748 464 799 486 aut
812 454 911 484 beuum
921 452 1107 490 neceffltrmm.
1125 454 1180 482 Pa-

221 508 289 528 cem
299 498 364 527 vult
375 500 419 527 M.
432 500 605 527 Antonius?
620 508 700 528 arma
706 506 807 537 ponat,
821 505 914 537 roget,
926 495 1105 542 deprecetur.
1123 503 1178 540 τις·

222 540 342 568 minem
352 541 515 580 aequiorem
529 550 578 569 me
592 542 734 578 reperiet:
754 541 802 569 cui
819 538 893 568 dum
904 537 932 566 se
945 535 1179 582 civibus-impiis

219 581 426 614 commendat,
437 582 582 611 inimicus
597 580 667 614 effe,
676 584 766 621 quam
776 582 890 610 amicus
902 577 1020 624 maluit.
1043 577 1121 622 n¹h.¹¹
1134 575 1178 623 est

219 621 357 661 profem
368 642 376 656 ,
389 623 471 663 quod
482 623 544 652 dart
557 621 643 663 poffit
656 623 770 653 bellum
781 622 905 663 gerenti.
929 627 984 648 erit
992 617 1110 667 fqrtafle
1121 618 1176 647 ali-

182 673 205 698 2
220 663 292 703 quid
303 683 311 696 ‚
330 668 411 704 quod
423 665 549 694 concedi
561 663 647 704 possit
666 666 800 705 roganti.⁴
817 664 947 706 Legatos⁴
965 658 1090 705 vero-ad
1102 668 1172 705 eum

219 707 339 735 mittere
350 726 358 738 ‚
378 706 414 736 de
424 716 484 747 quo
493 705 696 747 gravissimum
710 705 856 743 judicium
876 699 1172 746 nudiustertiusdeci—

216 755 286 776 mus
295 747 425 777 feceritis
438 768 446 781 ,
469 749 601 787 nonjarn
617 748 744 777 levitatis
757 744 810 776 est,
823 743 870 773 sed
881 762 890 775 ,
901 751 951 788 ut,
961 740 1043 780 quod
1063 741 1172 787 sentio,

216 788 326 822 dicam,
337 789 505 819 dementiae.
526 790 663 819 Primum
674 788 762 817 duces
773 795 823 814 eos
836 781 1018 815 laudavistis,
1029 792 1085 828 ‘qui
1094 792 1170 829 con-

216 838 257 859 tra
266 830 354 860 illum
366 831 479 860 bellum
489 833 604 870 privato
613 827 740 860 consilio
761 822 966 870 suscepiffent3
987 823 1096 868 deinde
1109 833 1168 853 mi-

214 869 281 901 ntes
291 881 446 902 veteranos
458 892 465 904 ‚
477 873 613 912 quicum
625 870 661 899 ab
671 869 810 898 Antonio
820 869 853 896 in
865 866 1000 895 colonias
1012 864 1105 894 ellent
1115 865 1168 895 de-

214 912 314 946 dueta,
335 914 416 943 illius
434 912 559 951 benficia
574 911 740 941 libertatem
756 909 860 948 populi
879 909 972 937 Rom.
991 907 1167 946 anteposue-

211 963 294 985 runt.
319 954 509 995 Qid?legio
520 955 646 983 Martia:
669 951 766 993 quid?
787 953 977 992 Qarta,cur
987 948 1163 978 laudantur?
1185 990 1187 1000 Α

211 994 233 1024 sl
244 998 326 1025 enim
336 995 489 1025 consulem
508 995 596 1024 suum
611 995 804 1034 reliquerunt,
817 989 1018 1031 vituperanda:
1029 990 1097 1019 sunt
1110 1000 1115 1019 :
1139 989 1159 1020 fi

208 1037 373 1067 inimicum
395 1037 508 1076 reipub.
527 1038 594 1076 jure
616 1037 782 1066 laudantur.
818 1034 910 1074 Atqui
936 1042 1007 1079 cum
1026 1032 1164 1078 consules

208 1078 349 1108 nondum
359 1078 506 1108 haberetis
517 1098 525 1111 ‚
541 1077 711 1110 decrevistis
721 1097 729 1110 ,
743 1086 775 1106 ut
784 1076 816 1106 &
827 1075 862 1105 de
872 1083 1002 1114 praemiis
1012 1074 1160 1108 militum,

207 1119 242 1149 δε
261 1119 297 1149 de
306 1120 474 1149 honoribus
486 1122 700 1159 imperatorum
718 1120 819 1158 primo
828 1126 950 1162 quoque
967 1124 1103 1163 tempore
1113 1126 1161 1164 ref

202 1160 336 1191 ferretur.
360 1162 572 1191 Placeteodem
583 1170 718 1200 tempore
728 1161 849 1199 praemia
858 1156 1037 1188 constituere
1050 1167 1100 1204 ns,
1109 1167 1160 1198 qui

203 1211 308 1233 contra
319 1205 491 1233 Antonium
501 1213 581 1233 arma
594 1211 736 1242 ceperunt
748 1222 756 1234 ,
776 1201 808 1230 &
821 1200 932 1239 legatos
941 1199 976 1228 ad
987 1201 1160 1228 Antonium

203 1246 347 1274 mittere?
368 1245 468 1283 utjam
480 1244 655 1284 pudendum
666 1242 699 1274 fit
710 1263 717 1277 ,
737 1241 909 1272 honestiora
926 1240 1038 1270 decreta
1051 1238 1161 1270 effele-

202 1288 343 1326 gionum‚
356 1286 447 1326 quam
460 1286 586 1316 senatus.
610 1284 754 1326 siquidem
768 1284 902 1324 legiones
913 1282 1105 1312 decreverunt
1115 1282 1159 1330 se-

202 1337 309 1357 natum
321 1327 481 1358 defendere
497 1337 600 1357 contra
620 1330 662 1356 M.
674 1327 846 1356 Antonium
861 1335 867 1353 :
891 1323 1006 1353 senatus
1025 1323 1158 1353 decernit

200 1369 313 1410 legatos
324 1369 358 1399 ad
372 1370 551 1399 Antonium.
574 1367 691 1399 Utrum
705 1369 761 1398 hoc
771 1366 812 1396 est
831 1364 1009 1411 confirmare
1018 1366 1157 1413 ⁵militurn

200 1413 332 1444 animos,
343 1420 380 1440 an
391 1410 545 1440 debilitare
558 1411 720 1440 virtutem?
742 1413 756 1429 2
768 1412 835 1439 Hoc
843 1408 899 1437 dtes
910 1407 1051 1436 duodecim
1066 1412 1157 1449 proje-

197 1460 295 1482 cerunt
306 1472 314 1485 ‚
327 1460 368 1485 ut,
379 1462 470 1492 quem
480 1461 575 1482 nemo
584 1472 593 1486 ,
604 1461 707 1492 praeter
720 1451 870 1490 Cotylam,
882 1459 947 1479 tum
958 1451 1099 1479 inventus
1110 1448 1155 1496 iit,

198 1495 252 1535 qui
270 1492 460 1527 defenderet,
483 1495 507 1523 is
517 1494 620 1523 habeat
635 1494 698 1534 jam
710 1502 848 1533 patronos
862 1493 950 1521 etiam
962 1491 1154 1520 consulareis.

196 1537 250 1576 qui
265 1537 380 1565 utinam
391 1545 498 1565 omnes
509 1544 576 1565 ante
586 1545 636 1565 me
646 1536 824 1565 sententiam
834 1541 1014 1574 rogarentur.
1038 1533 1155 1579 (quam-

196 1586 289 1618 quam
300 1577 429 1617 suspicor
440 1597 448 1610 ‚
462 1577 535 1618 quid
545 1576 655 1607 dii-[turi
666 1577 733 1607 sunt
742 1576 866 1617 quidam
882 1584 988 1621 eorum
999 1593 1007 1607 ‚
1017 1584 1078 1621 >qui
1087 1574 1154 1614 post

194 1628 248 1649 me
255 1618 462 1660 rogabuntur.)
475 1618 595 1649 facilius
606 1628 710 1649 contra
720 1618 862 1650 dicerem,
875 1615 895 1645 fi
906 1616 979 1656 quid
993 1618 1152 1663 videretur.

193 1660 240 1691 est
249 1664 332 1691 enirn
353 1663 461 1701 opinio
474 1680 483 1695 ,
499 1661 686 1691 decreturum
703 1661 835 1700 aliquem
855 1661 899 1688 M.
911 1662 1048 1705 Antonio
1066 1658 1151 1705 illam

194 1703 335 1733 ultimam
347 1703 490 1736 Galliam,
501 1712 591 1744 quam
603 1703 728 1733 Plancus
738 1703 875 1747 obtineo
888 1703 902 1748 3¹¹
912 1699 993 1747 Qrd
1003 1700 1060 1749 hpc
1070 1700 1149 1730 aliud

194 1743 352 1784 est‚quam
361 1745 395 1775 ad
410 1744 524 1775 bellum
536 1745 626 1775 civile
635 1743 701 1782 hosti
709 1754 792 1774 arma
800 1743 901 1784 larg-rra
911 1745 922 1771 ἓ
933 1752 1070 1782 primurn
1081 1752 1150 1790 ner-

193 1794 252 1816 vos
262 1786 346 1819 belli,
355 1787 512 1825 pecuniam
522 1785 685 1820 infinitam,
696 1797 754 1828 qua
764 1796 846 1816 nunc
856 1793 920 1825 eget
929 1783 1055 1831 :deinde
1064 1794 1148 1824 equi-

194 1835 290 1858 tatum
302 1847 311 1860 ‚
329 1836 476 1868 quantum
486 1829 569 1858 velit.
591 1831 757 1869 equitatum
768 1828 836 1858 dico
848 1829 858 1856 ?
875 1825 1031 1873 dubitabit,
1043 1826 1144 1860 credo,

191 1869 307 1910 genteis
318 1868 446 1900 barbaras
455 1870 555 1900 secum
569 1870 722 1900 adducere.
748 1872 818 1899 Hoc
832 1870 960 1914 quinon
969 1867 1052 1897 videt
1064 1887 1073 1899 ‚
1093 1877 1146 1897 ex-

190 1920 274 1941 cors:
293 1912 355 1951 qui,
366 1909 438 1940 cum
447 1911 539 1944 videt,
553 1910 696 1945 decernit,
710 1912 832 1950 impius.
856 1913 905 1940 Tu
914 1918 1013 1939 crvem
1022 1908 1145 1955 scelera-

189 1961 256 1983 tum
269 1972 278 1986 ,
302 1953 334 1982 &
344 1952 493 1992 perditum
503 1971 512 1986 ‚
530 1953 685 1982 Gallorum
698 1973 706 1986 ‚
719 1953 751 1982 δε
762 1954 986 1981 Germanorum
997 1959 1142 1997 eitercitu,

191 1995 330 2034 pecunia,
343 1993 486 2034 peditatu,
500 1996 641 2034 equitatu,
653 1996 749 2034 copiis
758 1992 905 2023 instrues?
919 1992 1009 2040 nullae
1018 1990 1081 2022 istae
1089 2002 1142 2021 ex-

187 2036 354 2066 cusationes
364 2035 449 2065 sunt:
463 2038 550 2065 Meus
560 2037 673 2065 amicus
686 2034 740 2066 est.
758 2039 776 2062 4
785 2034 818 2064 sit
826 2035 927 2074 patriae
937 2043 1029 2079 prius.
1053 2036 1142 2063 Meus

185 2085 338 2118 cognatus.
361 2087 399 2108 an
412 2076 509 2117 potest
521 2086 693 2107 cocum-10
710 2078 770 2107 ulla
779 2077 902 2116 propior
910 2075 978 2109 este,
989 2085 1142 2121 quarn-pa-

187 2120 250 2150 triae
260 2121 293 2148 in
310 2129 367 2159 qua
384 2128 519 2158 parentes
541 2121 631 2149 etiam
649 2121 864 2149 continentur?
881 2117 962 2147 Mihi
979 2127 1139 2164 pecuniam

180 2159 326 2191 attribuit.
348 2162 439 2200 cupio
451 2160 553 2190 videre
562 2180 571 2194 ,
592 2163 644 2201 qui
658 2160 689 2191 id
699 2161 804 2191 audeat
813 2160 920 2190 dicere.
945 2159 1027 2206 Qud
1038 2168 1138 2206 autern

181 2210 293 2243 agatur,
304 2212 374 2232 curn
385 2212 527 2242 aperuero
537 2222 545 2236 ,
555 2201 643 2232 facile
652 2204 708 2232 erit
717 2201 849 2235 statuere,
859 2210 949 2242 quam
961 2204 1137 2248 sententiam

146 2249 162 2282 3
183 2244 286 2274 dicatis
297 2263 306 2277 ,
324 2253 472 2284 autquarn
484 2244 659 2284 sequamini.
683 2246 806 2285 Agitur,
826 2243 929 2273 utrum
944 2244 987 2272 Μ.
999 2245 1137 2273 Antonio

178 2284 303 2316 facultas
312 2285 407 2318 detur,
417 2285 623 2325 opprimendae
633 2287 705 2325 reip.
715 2286 804 2316 caedis
812 2284 956 2315 faciendae
966 2285 1132 2317 bonorum,

178 2327 356 2367 diripiendae
368 2327 460 2361 urbis,
475 2336 614 2368 agrorum
624 2329 684 2357 suis
692 2327 856 2357 latronibus
866 2325 1070 2359 condonandi,
1081 2336 1136 2366 po—

169 2369 287 2410 'pulum
299 2371 393 2400 Rom.
405 2369 544 2399 servitute
558 2368 751 2408 opprimendi
762 2379 768 2397 :
780 2378 818 2398 an
828 2369 939 2397 horum
948 2366 1134 2414 nibil-facere

177 2412 207 2441 ei
217 2411 311 2441 liceat.
329 2410 463 2441 dubitate
481 2411 554 2452 quid
567 2412 667 2452 agatis.
695 2414 734 2441 At
745 2420 808 2441 non
817 2409 927 2440 cadunt
943 2411 1008 2440 haec
1025 2419 1059 2439 in
1069 2412 1133 2440 An-

177 2454 309 2482 tonium.
332 2453 388 2482 hoc
398 2463 436 2482 ne
447 2453 551 2492 Cotyla
560 2452 685 2493 quidem
706 2452 804 2484 dicere
814 2451 943 2483 auderet.
957 2451 1031 2494 quid
1046 2454 1130 2483 enim

175 2495 210 2524 in
221 2503 294 2523 eum
303 2503 367 2523 non
375 2493 474 2525 cadit?
495 2496 558 2536 qui,
570 2496 654 2534 cujus
668 2494 736 2523 aaa
747 2496 775 2525 se
784 2494 946 2525 defendere
955 2497 1028 2525 dicit
1039 2514 1048 2528 ,
1067 2496 1130 2535 ejus

175 2545 224 2566 eas
243 2536 310 2576 leges
325 2537 480 2575 pervertit,
500 2547 571 2577 quas
582 2537 717 2567 maxime
738 2536 853 2567 laudate
870 2546 1050 2576 poteramus.
1074 2538 1129 2567 Ille

170 2578 296 2618 paludes
307 2575 407 2608 siccare
428 2579 544 2609 voluit:
561 2580 610 2608 hic
627 2588 754 2608 ornnem
771 2579 890 2608 Italiam
905 2578 1061 2608 moderato
1072 2580 1128 2609 ho-

1338 137 1735 199 Quiu'rA.
2089 162 2185 211 597

1228 206 1284 237 Sed
1295 217 1386 249 augur
1395 212 1580 243 verecundus
1592 212 1651 244 fine
1661 216 1784 256 collegis
1794 215 1831 247 de
1838 216 1983 257 auspiciis.
1999 228 2181 260 quamquam

1228 248 1279 279 illa
1288 251 1415 290 auspicia
1424 262 1487 283 non
1497 264 1585 295 egent
1592 257 1835 297 interpretatione
1844 269 1987 300 augurum
1995 282 2000 289 .
2007 262 2084 301 Jove
2095 263 2179 292 enim

1228 298 1348 321 tonante
1360 303 1430 322 cum
1446 296 1559 335 populo
1574 299 1619 338 agi
1642 308 1705 328 non
1716 298 1773 329 esse
1785 299 1828 330 fas
1839 321 1847 333 ‚
1866 304 1931 341 quis
1945 303 2062 342 ignorat
2076 306 2086 332 ?
2108 306 2181 333 Tri-

1227 330 1300 361 buni
1312 334 1390 372 pleb.
1411 337 1541 367 tulerunt
1550 338 1586 368 de
1596 343 1760 378 provinciis
1772 351 1873 372 contra
1884 342 1946 373 affra
1964 344 2082 374 Caesaris
2093 365 2101 378 ‚
2123 346 2177 375 ille

1226 370 1362 408 biennii,
1380 375 1434 406 iste
1453 378 1600 409 sexennii.
1629 391 1706 411 num
1726 385 1816 413 etiam
1835 385 1910 414 hanc
1931 385 2027 426 legem
2046 387 2176 426 populus

1224 413 1459 456 Rom-accepit?
1477 420 1569 458 quid?
1587 424 1771 465 promulgata
1783 423 1860 456 fuit?
1878 426 1971 466 quid?
1994 437 2097 458 nonne
2106 437 2175 458 ante

1220 453 1275 483 lata
1284 475 1292 486 ‚
1305 456 1394 495 quam
1407 458 1527 498 scriPta?
1545 471 1648 493 nonne
1658 474 1725 494 ante
1734 464 1850 503 fastam
1860 468 1992 498 vidimus
2004 489 2012 501 ‚
2024 468 2114 509 quam
2127 469 2176 499 fu—

1221 503 1317 541 turam
1327 498 1484 538 quisquam
1496 502 1538 532 est
1550 503 1705 543 suspicatus
1721 507 1793 536 :tubi
1805 507 1854 537 lex
1865 510 1983 540 Caecilia
1993 529 2001 542 ,
2016 510 2048 540 &
2060 511 2150 541 Didia
2162 514 2174 537 ἓ

1220 536 1271 583 ubi
1283 540 1495 580 promulgatio,
1507 545 1718 576 trinundinum
1730 556 1740 577 ?
1756 548 1806 578 ubi
1817 559 1913 588 poenae
1922 552 2032 581 recenti
2043 552 2106 593 lege
2116 554 2174 594 Ju-

1218 587 1267 608 nra
1279 598 1287 611 ,
1307 579 1487 611 &Licinia-²
1506 583 1662 622 possuntne
1680 589 1812 630 haeleges
1830 601 1897 621 iatae
1915 591 1972 622 effe
1981 591 2042 622 fine
2052 594 2172 623 interim

1216 619 1319 658 legum
1338 621 1541 662 reliquarum?
1568 629 1657 656 Eceui
1679 631 1804 667 potestas
1823 634 1856 662 in
1872 634 1974 663 forum
1993 635 2170 666 introeundi

1215 659 1295 690 fuit-²
1313 672 1378 701 quae
1387 673 1478 702 porro
1498 667 1548 696 illa
1561 670 1712 698 tonitrua?
1729 682 1794 711 qua:
1814 675 1990 713 tempestas?
2009 685 2058 710 ut,
2084 675 2104 706 fi
2116 687 2170 707 au-

1192 722 1194 727 .
1211 700 1300 740 spicia
1310 705 1357 732 M.
1368 708 1539 736 Antonium
1551 718 1615 738 non
1631 720 1806 746 moverent,
1819 715 1959 746 sustinere
1973 726 2074 748 tamen
2085 729 2169 754 eum,

1215 752 1248 772 ac
1256 742 1333 774 ferre
1341 745 1468 785 potuifl'e
1479 757 1590 779 tantam
1602 752 1665 781 vim
1677 753 1856 792 tempestatis
1866 776 1874 788 ,
1892 758 1997 787 imbris
2009 779 2016 792 ,
2027 769 2059 789 ac
2072 760 2170 790 turbi-

1213 793 1310 830 num3
1331 789 1444 817 mirum
1457 790 1616 820 videretur.
1640 795 1738 834 Qam
1751 795 1848 835 legem
1860 799 1947 838 igitur
1956 800 1984 829 se
1994 810 2085 841 augur
2094 801 2168 835 dicit

1211 825 1308 856 tulifle
1321 848 1329 860 ,
1353 839 1416 858 non
1428 831 1522 861 modo
1540 841 1662 863 tonante
1675 836 1752 875 Jove
1765 855 1773 869 ,
1794 837 1842 866 sed
1851 848 1939 878 prope
1949 841 2039 876 calesti
2050 842 2168 876 clamore

1188 872 1190 889 Ι
1204 867 1364 906 prohibente
1373 891 1380 903 ‚
1400 872 1474 902 hanc
1484 872 1633 905 dubitabit
1644 885 1748 906 contra
1760 878 1887 918 auspicia
1904 881 1991 911 latam
2003 883 2138 914 confiteri
2151 892 2163 915 ὲ

1187 912 1189 925 '
1208 909 1310 948 Qid?
1324 911 1405 951 quod
1415 924 1485 943 cum
1494 925 1531 944 eo
1543 917 1656 957 collega
1665 918 1752 951 tulit,
1766 929 1858 959 quem
1870 922 1930 960 ipse
1939 921 2009 953 fecit
2021 924 2068 954 sua
2078 935 2161 955 nun-

1186 962 1187 967 *
1207 953 1332 982 natione
1343 955 1498 988 vitiosum,
1511 957 1637 988 nihilne
1646 959 1680 989 ad
1691 960 1818 1000 auspicia
1829 961 1926 992 bonus
1936 973 2024 1005 augur
2037 966 2160 997 arbitra-

1203 360 1205 376 l

1185 1004 1187 1014 ι
1205 1000 1251 1022 tus
1261 992 1303 1023 est
1312 998 1478 1033 pertinere?
1499 998 1554 1028 Sed
1566 1000 1766 1040 auspiciorum
1777 1013 1833 1033 nos
1849 1003 1967 1035 fortasse
1986 1008 2098 1037 erimus
2110 1010 2157 1037 in—
2178 1015 2200 1044 4

1204 1042 1341 1074 terpretes
1353 1058 1361 1069 ,
1376 1040 1429 1077 qui
1440 1039 1543 1069 sumus
1552 1041 1616 1080 ejus
1626 1043 1757 1084 collegat.
1781 1055 1856 1075 num
1871 1057 1942 1087 ergo
1952 1048 2042 1077 etiam
2058 1059 2158 1079 armo-

1202 1086 1269 1106 rum
1283 1078 1455 1118 interpretes
1464 1083 1644 1121 quaerimus?
1663 1088 1742 1114 Prim
1750 1085 1800 1116 um
1816 1097 1924 1118 omnes
1933 1087 1993 1118 fori
2004 1089 2100 1120 aditus
2117 1093 2159 1121 ita

1203 1117 1270 1148 sunt
1281 1119 1377 1159 saepti,
1390 1130 1422 1150 ut
1430 1124 1521 1152 etiam
1533 1122 1553 1152 fi
1566 1134 1657 1154 nemo
1669 1126 1795 1158 obstaret
1805 1139 1931 1159 armatus
1943 1150 1951 1164 ,
1964 1139 2065 1161 tamen
2077 1152 2085 1165 ,
2102 1132 2159 1162 nisi

1201 1159 1295 1200 saeptis
1310 1161 1431 1192 revulsis
1442 1183 1450 1196 ‚
1475 1166 1594 1195 introiri
1612 1169 1645 1196 in
1661 1166 1763 1198 forum
1781 1171 1869 1200 nullo
1884 1171 1979 1202 modo
1992 1172 2096 1213 poss'et.
2119 1173 2160 1205 fic

1201 1201 1272 1231 verb
1283 1213 1365 1233 erant
1373 1204 1499 1246 a'tspofita
1512 1207 1634 1248 praefidia
1644 1228 1651 1242 ‚
1674 1213 1686 1236 5
1699 1219 1730 1239 ut
1739 1212 1896 1251 quomodo
1913 1213 2010 1244 aditus
2021 1214 2158 1246 hostium

1199 1244 1375 1281 prohibetur
1384 1246 1521 1281 castellis,
1533 1249 1566 1278 &
1575 1250 1714 1289 operibus
1727 1271 1736 1285 ,
1748 1256 1788 1283 ita
1798 1253 1834 1284 ab
1844 1253 2023 1296 ingrcssione
2033 1255 2091 1286 fori
2101 1267 2159 1297 po-

1200 1286 1320 1323 pulum,
1333 1287 1527 1330 tribunosque
1535 1291 1576 1330 pl.
1587 1293 1749 1332 propulsari
1759 1295 1884 1325 videres.
1908 1297 2025 1338 Qibus
2042 1298 2078 1328 de
2087 1309 2160 1329 cau-

1198 1325 1233 1355 fis
1244 1337 1290 1357 eas
1300 1328 1377 1370 leges
1387 1350 1396 1364 ,
1407 1341 1477 1372 quas
1488 1334 1530 1361 M.
1542 1334 1696 1364 Antonius
1705 1335 1803 1366 tuliss'e
1813 1337 1923 1368 dicitur
1933 1359 1941 1372 ,
1953 1341 2074 1369 omneis
2083 1351 2158 1371 cen—

1197 1368 1248 1398 seo
1258 1374 1381 1409 pervim
1395 1392 1403 1406 ‚
1424 1373 1456 1403 &
1466 1383 1568 1405 contra
1576 1376 1704 1416 auspicia
1714 1378 1785 1408 latas
1795 1399 1804 1412 ,
1823 1380 1916 1421 iisque
1927 1381 2042 1421 legibus
2057 1391 2156 1422 popu-

1198 1410 1264 1440 lum
1284 1422 1346 1442 non
1368 1418 1473 1444 teneri.
1497 1417 1526 1446 Si
1535 1427 1625 1457 quam
1642 1419 1741 1459 legem
1758 1420 1795 1451 de
1811 1420 1884 1451 mstis
1905 1423 2023 1452 Caesaris
2041 1423 2157 1453 confir-

1199 1454 1327 1488 mandis,
1339 1455 1413 1485 deve
1421 1456 1564 1488 diotatura
1573 1460 1607 1488 in
1616 1470 1792 1500 perpetuum
1805 1463 1948 1498 tollenda,
1959 1461 1975 1483 ⁶
1984 1464 2057 1494 deve
2067 1465 2152 1495 colo-

1196 1496 1257 1524 niis
1266 1498 1298 1525 in
1308 1507 1392 1538 agros
1403 1498 1586 1530 deducendis
1596 1521 1605 1533 ‚
1616 1500 1713 1532 tuliss'e
1724 1505 1768 1533 M.
1780 1507 1933 1534 Antonius
1943 1505 2071 1540 dicitur,
2090 1507 2154 1537 eas-

1194 1536 1265 1566 dem
1276 1538 1355 1578 leges
1363 1538 1400 1568 de
1409 1541 1525 1581 integro
1537 1561 1545 1575 ,
1564 1552 1595 1572 ut
1603 1545 1751 1583 populum
1764 1554 1884 1575 teneant
1893 1565 1902 1579 ‚
1919 1547 2004 1576 salvis
2015 1548 2154 1587 auspiciis

1193 1577 1269 1608 ferre
1278 1581 1384 1619 placet.
1408 1583 1555 1620 Quamvis
1565 1593 1634 1625 ergo
1644 1586 1723 1625 leges
1733 1586 1828 1616 bonas
1837 1588 1956 1622 vitiose,
1965 1598 2016 1628 per
2025 1591 2151 1630 vimque

1195 1621 1312 1650 tulerit:
1336 1630 1437 1652 tamen
1447 1624 1491 1653 hae
1506 1625 1585 1665 leges
1595 1635 1658 1655 non
1669 1628 1737 1657 sunt
1746 1628 1905 1659 habendae:
1924 1630 2084 1671 omnisque
2096 1642 2151 1662 au—

1194 1661 1274 1692 dacia
1283 1663 1453 1703 gladiatoris
1463 1668 1606 1700 amentis,
1616 1667 1788 1699 auftoritate
1798 1669 1896 1701 nostra
1906 1672 2085 1711 repudianda
2095 1672 2149 1703 est.

1191 1703 1246 1734 Illa
1255 1703 1327 1734 vero
1336 1704 1484 1746 dissipatio
1498 1709 1617 1748 pecunia
1629 1709 1745 1751 publicae
1761 1710 1884 1743 ferenda
1893 1713 1980 1743 nullo
1990 1714 2084 1744 modo
2094 1714 2149 1749 est,

1190 1755 1243 1785 per
1252 1756 1340 1788 quam
1353 1747 1518 1780 sestertium
1538 1750 1644 1790 septies
1657 1753 1769 1783 millies
1780 1752 1857 1783 falsis
1866 1755 2147 1795 perscriptionibus,

1191 1787 1466 1831 donationibusque
1478 1793 1599 1822 avertit:
1619 1802 1652 1823 ut
1659 1797 1791 1834 portenti
1809 1794 2049 1827 limile-videatur
2058 1819 2067 1832 ‚
2080 1807 2148 1829 tan-

1189 1838 1248 1859 tam
1260 1834 1417 1869 pecuniam
1426 1834 1532 1872 populi
1549 1836 1643 1864 Rom.
1665 1845 1724 1866 tam
1736 1837 1819 1867 brevi
1828 1847 1964 1877 tempore
1981 1842 2078 1878 perire
2088 1849 2147 1880 po-

1188 1870 1280 1901 tuiss'e.
1307 1874 1388 1910 Quid
1397 1878 1407 1900 ἓ
1417 1875 1463 1903 iili
1472 1876 1622 1906 immanes
1631 1876 1756 1917 quastus,
1767 1878 1933 1912 ferendine,
1945 1890 2021 1920 quos
2030 1883 2064 1911 M
2069 1885 2146 1912 ,ΑΠ-

1187 1914 1266 1942 tonii
1277 1922 1336 1944 tota
1348 1914 1482 1953 exhausit
1496 1916 1628 1947 domus-²
1644 1918 1758 1949 decreta
1774 1918 1846 1950 falsa
1863 1920 2018 1952 vendebat.
2039 1933 2143 1963 regna,

1186 1956 1331 1988 civitates,
1342 1956 1562 1991 immunitates,
1574 1960 1605 1988 in
1615 1969 1663 1993 aes,
1676 1970 1790 2000 accepta
1799 1964 1925 2000 pecunia
1933 1982 1941 1995 ‚
1956 1963 2081 2002 jubebat
2090 1967 2142 1995 in·

1183 1993 1252 2025 cidi.
1275 1997 1337 2026 haec
1348 1998 1376 2027 se
1385 2007 1423 2027 ex
1431 2002 1660 2030 commentariis
1670 2002 1790 2032 Caesaris
1802 2022 1810 2036 ‚
1822 2013 1952 2044 quorum
1965 2005 2024 2045 ipse
2033 2004 2139 2037 auetor-

1181 2046 1241 2067 erat
1249 2057 1257 2071 ‚
1269 2047 1350 2078 agere
1362 2038 1487 2070 dicebat.
1505 2045 1518 2068 7
1532 2041 1666 2072 calebant
1681 2044 1713 2072 in
1724 2045 1868 2075 interiore
1876 2045 1989 2076 aedium
1999 2056 2079 2086 parte
2090 2057 2141 2078 to-

1182 2080 1241 2108 tius
1249 2081 1322 2119 reip.
1339 2080 1502 2112 nundinae:
1523 2083 1634 2113 mulier
1651 2082 1704 2114 fibi
1717 2084 1853 2120 felicior,
1873 2097 1962 2128 quam
1974 2091 2063 2121 viris,
2084 2099 2138 2119 au-

1181 2119 1316 2151 &ionem
1335 2125 1557 2163 provinciarum
1567 2144 1576 2158 ,
1594 2135 1815 2169 regnorumque
1833 2128 1956 2160 faciebat
1967 2140 1973 2158 2
2001 2129 2139 2161 restitue·-

1180 2162 1287 2193 bantur
1297 2164 1414 2194 exsules
1425 2184 1434 2198 ,
1443 2195 1445 2198 ,
1454 2163 1533 2205 quasi
1542 2166 1605 2206 lege
1616 2187 1624 2200 ,
1645 2166 1704 2198 fine
1715 2169 1778 2210 lege
1791 2181 1796 2198 ;
1818 2180 1884 2216 quae
1896 2170 1951 2200 nifi
1960 2181 1995 2201 au
2001 2170 2135 2202 &oritate

1178 2204 1295 2235 senatus
1310 2206 1537 2240 rescinduntur,
1552 2210 1698 2248 quoniam
1717 2210 1835 2252 ingressi
1847 2215 1878 2241 in
1897 2213 1978 2252 spem
1992 2215 2064 2253 reip.
2085 2224 2133 2244 re-

1177 2247 1352 2286 cuperandae
1368 2248 1468 2278 sumus
1480 2268 1489 2282 ‚
1509 2250 1610 2291 imago
1622 2252 1703 2282 nulla
1718 2253 1818 2283 liberae
1835 2255 1964 2285 civitatis
1982 2256 2136 2296 relinque-

1179 2297 1237 2318 tur.
1262 2290 1369 2330 Neque
1382 2290 1480 2320 solum
1490 2296 1716 2323 commentariis
1727 2298 1949 2326 commentitiis
1958 2316 1967 2329 ,
1983 2297 2135 2338 chirogra-

1177 2329 1301 2370 phisque
1319 2331 1476 2361 venalibus
1486 2333 1716 2365 innumerabilis
1725 2339 1850 2376 pecunia
1858 2336 1996 2379 congesta
2005 2340 2037 2368 in
2046 2339 2132 2370 illam

1177 2371 1306 2401 domum
1318 2372 1360 2402 est
1371 2392 1379 2406 ,
1394 2383 1464 2403 cum
1476 2393 1487 2406 ,
1506 2384 1571 2415 quae
1580 2376 1726 2407 vendebat
1735 2381 1886 2408 Antonius
1897 2400 1906 2413 ‚
1929 2389 1961 2409 ea
1970 2380 1999 2409 se
2009 2389 2047 2409 ex
2057 2379 2132 2410 aclis

1174 2413 1292 2443 Caesaris
1311 2424 1395 2457 agere
1411 2414 1537 2446 diceret:
1561 2416 1610 2447 sed
1630 2418 1744 2449 senatus
1763 2422 1852 2450 etiam
1870 2421 2005 2451 consulta
2015 2440 2023 2454 ‚
2037 2431 2132 2461 pecu-

1175 2457 1224 2486 nia
1234 2466 1359 2498 accepta,
1363 2456 1442 2498 fulsit
1452 2456 1776 2503 referebatzsyngraphae
1787 2460 2014 2503 obfignabantur
2029 2473 2033 2491 :
2047 2463 2132 2494 sena-

1173 2498 1352 2530 tusconsulta
1361 2521 1370 2534 ‚
1383 2509 1523 2541 tanquam
1532 2501 1618 2535 faEta,
1627 2503 1661 2533 ad
1677 2506 1813 2534 aerarium
1824 2504 2034 2534 referebantur.
2059 2507 2134 2534 Hu-

1169 2541 1180 2580 j
1187 2550 1219 2570 us
1230 2542 1423 2581 turpitudinis
1434 2542 1520 2572 testes
1527 2553 1610 2574 erant
1618 2547 1709 2574 etiam
1722 2554 1828 2574 exterae
1838 2547 1983 2575 nationes.
2006 2546 2129 2578 Foedera

1172 2584 1283 2613 interea
1294 2583 1386 2614 faeta:
1410 2593 1499 2625 regna
1510 2584 1591 2614 data:
1607 2586 1730 2625 populi,
1741 2587 1965 2627 provinciaeque
1977 2587 2106 2618 liberatae
2118 2598 2130 2618 τ

171 2621 271 2652 mini,
292 2621 326 2649 L.
337 2621 474 2649 Antonio
491 2620 686 2650 dividendam
701 2620 792 2650 dedit.
816 2619 898 2661 Qid
909 2623 920 2649 ?
933 2621 1008 2650 hanc
1027 2620 1124 2662 legem
1171 2634 1333 2665 earumque
1343 2635 1443 2655 rerum
1455 2626 1533 2655 ralsae
1543 2625 1648 2656 tabulae
1659 2647 1666 2660 ,
1678 2636 1816 2667 gemente
1824 2629 1939 2667 populo
1949 2630 2044 2659 Rom.
2059 2638 2126 2661 toto

168 2661 401 2702 populusRom.
421 2663 555 2702 accepit?
575 2662 669 2703 quid?
688 2671 742 2702 per
762 2661 891 2702 auspicia
911 2660 986 2692 ferre
1001 2665 1123 2702 potuit?
1170 2668 1321 2707 Capitolio
1342 2665 1517 2707 figebantur.
1539 2667 1649 2708 quibus
1661 2669 1748 2700 rebus
1767 2678 1846 2700 tanta
1866 2672 1992 2710 pecunia
2015 2681 2074 2742 ugia
2092 2681 2129 2703 m

2051 2723 2131 2745 omo

1195 2778 1224 2803 4.
1243 2774 1280 2797 sit
1292 2773 1379 2804 patria
1393 2770 1490 2804 priam]
1512 2770 1603 2797 Stulte
1614 2769 1863 2804 Lambinusparria.
1875 2781 2019 2808 numquam
2030 2772 2123 2802 italo-

206 2774 230 2792 ι.
250 2767 387 2800 Qamfin':
397 2766 412 2792 ὰ
418 2774 471 2799 pop.
482 2769 544 2793 Rom.
555 2767 646 2792 laudem
658 2786 665 2799 ,
677 2776 749 2801 quam
757 2769 866 2801 gloriam,
876 2776 947 2801 quam
952 2771 1058 2801 gratiam
1068 2779 1131 2798 com,
1143 2777 1147 2822 J
1201 2808 1205 2812 .
1265 2808 1295 2833 C·
1398 2807 1426 2831 ὃ(
1442 2804 1523 2836 [bjudi
1533 2813 1586 2832 -mt
1600 2815 1690 2832 omnes
1702 2805 1756 2832 mss'

1162 2815 1254 2843 quitur
1291 2816 1378 2839 tccro5
1436 2817 1442 2832 a
1466 2837 1470 2840 ¹
1527 2820 1546 2831 t.
1754 2827 1759 2832 .

161 2800 262 2836 ficum]
284 2804 326 2829 Ita
335 2803 391 2829 fere
403 2802 460 2829 mss‘.
470 2802 512 2829 sed
524 2813 575 2829 non
586 2804 630 2829 uni
643 2812 649 2829 z
671 2812 685 2828 c
696 2802 803 2830 diverlis
822 2812 926 2831 erutum
938 2805 983 2830 est.
994 2805 1121 2831 nimirum
1143 2823 1145 2830 .
1855 2843 1860 2848 ·
1891 2844 1897 2853 ‚
1983 2847 1988 2851 .
2075 2847 2080 2851 ι

166 2845 282 2869 quantum
292 2846 333 2865 ter
343 2839 484 2875 repetitum
497 2839 597 2875 excipit
606 2837 690 2866 tribus
701 2839 782 2874 qna'm.
802 2840 828 2867 id
842 2840 905 2867 dum
916 2850 968 2868 non
978 2840 1124 2868 attendunt
1200 2852 1226 2877 5.
1246 2847 1275 2869 Ur
1285 2844 1389 2878 quomodo
1398 2844 1490 2875 hostmm
1511 2843 1592 2867 aditur
1606 2844 1760 2883 promittentur·
1777 2844 1910 2884 cqfffurscy
1925 2845 2033 2877 opertbus
2043 2863 2058 2885 Ξ.
2071 2852 2121 2877 tta,

166 2871 268 2900 librarii
279 2874 345 2900 miri:
357 2874 511 2901 hallucinati
521 2874 590 2902 sunt.
1162 2879 1230 2913 dnn]
1252 2880 1294 2905 Sic
1306 2879 1362 2904 Pal.
1373 2888 1477 2914 quoque
1488 2877 1536 2904 sec.
1549 2877 1594 2904 nili
1605 2878 1674 2913 quod
1686 2887 1706 2918 rs
1718 2888 1733 2903 a
1745 2881 1848 2911 castella.
1874 2879 1931 2906 mss'.
1944 2881 2060 2907 Ferrarii
2073 2882 2120 2907 ha-

203 2915 231 2933 2.
250 2913 295 2935 Hoc
304 2910 417 2936 duodecim
427 2911 476 2936 dies
490 2911 662 2944 prefecerunt]
684 2911 706 2937 R
714 2912 818 2938 evocavi
839 2911 982 2938 leetionem
1002 2920 1122 2940 veterum
1140 2930 1142 2938 ι
1161 2914 1226 2941 bent
1237 2934 1245 2945 ,
1263 2922 1290 2940 ut
1299 2925 1373 2949 quom.
1385 2916 1440 2946 hirst.
1451 2915 1554 2953 adprolq.
1566 2917 1602 2939 ita
1611 2916 1707 2953 castellus
1718 2933 1726 2946 ,
1743 2915 1794 2945 <32⁹⁶-
1807 2917 1913 2948 operibus-
1921 2918 1952 2941 ab
1962 2919 2009 2957 ing.
2018 2917 2069 2948 dyc.
2088 2925 2121 2943 at

164 2940 313 2970 editionum
323 2945 459 2974 subnixam
469 2946 586 2982 plurium
597 2947 726 2974 librorum
739 2947 794 2974 ruff.
807 2948 976 2975 aut-”tortum
1000 2950 1122 2975 Fer-tario
1140 2939 1143 2971 l
1163 2951 1300 2977 Manutius
1310 2952 1338 2976 ὃ(
1349 2949 1494 2976 Lambinus
1504 2949 1631 2976 exhibent
1641 2949 1715 2977 nobis
1728 2961 1734 2977 2
1756 2951 1839 2976 adinu-
1847 2952 2071 2985 urbepruhrhenmr,
2081 2956 2123 2979 ita

163 2978 279 3005 alterum
297 2980 395 3016 placuit
409 2984 566 3016 perficerunt.
596 2983 736 3019 statimque
755 2984 781 3010 id
801 2984 916 3020 amplexi
936 2986 1071 3012 Manutius
1093 2994 1122 3013 ac
1139 3012 1141 3026 1
1161 2987 1267 3019 castellis,
1277 2987 1328 3016 ὅγε.
1388 3022 1399 3027 .-
1428 3024 1431 3028 Ι
1504 3021 1509 3026 ι
1652 3021 1657 3026 ’
1834 3022 1839 3027 .

165 3014 311 3041 Lambinus
323 3035 332 3047 ‚
343 3016 385 3042 sed
396 3017 447 3044 sine
457 3018 570 3044 ratione.
1196 3022 1223 3047 6.
1243 3025 1306 3047 Dea-c
1315 3023 1412 3046 Calenus
1422 3031 1447 3047 m
1459 3030 1521 3054 agrn
1531 3021 1694 3055 deducendis]
1707 3022 1768 3048 Mau
1774 3031 1794 3062 ij.
1806 3022 1863 3048 Lil.
1875 3023 1983 3049 Gembl.
1995 3023 2053 3056 Pal.
2065 3021 2117 3051 sec.

202 3058 215 3084 3
223 3070 229 3075 .
247 3051 312 3083 Qid
318 3054 352 3077 ef?
360 3053 429 3078 aliud
437 3072 445 3084 ,
464 3057 541 3079 omnia
551 3055 584 3079 ad
591 3056 671 3081 bellum
680 3058 749 3081 civile
759 3076 767 3087 ‚
786 3056 853 3091 &ej
876 3057 952 3083 Hanc
964 3056 1118 3093 scripturam
1140 3082 1141 3088 ,
1160 3058 1240 3083 calonis
1250 3061 1275 3083 in
1285 3067 1376 3089 agrum
1395 3057 1544 3093 alluditque
1555 3067 1594 3093 pr.
1606 3058 1631 3084 in
1643 3063 1695 3093 quo
1706 3060 1794 3085 colonia
1803 3062 1829 3084 in
1839 3067 1932 3092 agrum.

163 3086 285 3112 codicum
297 3087 423 3118 Ferrarii,
432 3088 520 3115 firmat
531 3090 587 3116 Pal.
599 3090 646 3117 sec.
657 3093 729 3127 prius
741 3092 792 3118 cufi
804 3103 809 3118 :
833 3094 901 3127 Qd
908 3095 948 3119 hoc
959 3094 1037 3121 alind.
1047 3093 1120 3128 quirm
1197 3101 1223 3126 7.
1243 3095 1358 3118 Cai't'lsant
1368 3096 1392 3117 in
1402 3096 1510 3119 interiore
1519 3094 1601 3119 adium
1613 3113 1620 3125 ,
1632 3094 1699 3128 dyst]
1723 3096 1764 3121 Ita
1774 3093 1880 3130 quidem
1895 3096 1966 3121 Man.
1978 3096 2005 3120 8<
2018 3094 2118 3121 Lamb‚

161 3122 285 3149 :zibellum
293 3122 449 3160 err-inepte:
462 3132 523 3155 nam
532 3134 602 3167 φης
611 3126 669 3156 heic
677 3135 869 3166 interpretatur
879 3130 1018 3165 pecuniam
1028 3139 1057 3159 ac
1067 3130 1120 3160 mi-
1128 3105 1141 3192 ¹¹
1157 3128 1199 3155 sed
1212 3129 1341 3194 nosti-{pti
1348 3128 1490 3195 ίίἐξιῑίεεῃὲἒι
1510 3129 1594 3157 exstat
1603 3129 1671 3156 illud
1681 3132 1788 3160 carebam
1799 3150 1808 3166 ,
1827 3130 1899 3167 quod
1916 3131 2061 3168 plurimum
2074 3138 2116 3156 ta-

1162 3174 1223 3194 men
1234 3175 1282 3194 (2011
1488 3185 1494 3195 ι

2015 3210 2028 3229 1
2036 3220 2041 3226 .
2055 3203 2118 3229 Ατσ

158 3156 251 3195 litun.
1542 3200 1631 3241 Ffff
1646 3208 1661 3239 3
