2379 3400
231 122 366 191 '1276
641 113 1160 165 M.Tut.1.11

243 213 457 249 aq'vwarzoecaen.
483 206 493 223 ¹
508 198 644 230 nuanwis
657 199 741 227 enim
762 193 867 225 inultis
885 190 1062 223 nominibus
1079 188 1122 220 est
1140 190 1197 219 hoc

242 234 350 282 vain-im
374 232 539 277 nutantium
564 261 573 274 ,
599 242 714 269 levium
736 237 900 267 hominum
926 242 1012 274 atque
1030 231 1194 264 fallacium,

245 281 278 324 nd
301 292 400 328 routp-
413 296 482 317 neni
505 283 693 322 loquentium
713 279 819 309 omnia
835 296 844 310 ,
873 276 949 306 nihil
971 275 1006 305 ad
1029 275 1193 318 veritatem.

248 336 323 366 Cum
336 339 433 360 autem
449 338 466 355 ο
479 335 534 355 31³:
549 334 557 353 ι
570 334 586 352 u
599 333 623 352 M
638 331 738 352 rerum
753 319 902 349 simulatio
919 316 961 347 ost
979 316 1084 346 vitiosa
1101 314 1197 355 (tollit

248 371 468 412 e-:imjndxium
479 367 539 396 vm
549 385 556 397 ,
570 364 651 405 idque
660 359 820 399 adulterat)
834 368 896 390 tum
907 359 1046 388 amicitiae
1057 364 1197 396 repugnat

249 415 381 445 maxime
393 433 401 445 ,
418 411 495 441 delet
508 409 591 437 enim
601 406 753 436 veritatem
767 423 775 436 ‚
798 400 856 432 sine
867 411 924 441 qua
934 408 1049 430 nornen
1058 399 1197 429 amieitiae

247 458 344 488 talei-e
357 464 418 483 mn
431 449 536 491 potest.
558 457 629 478 nam
639 445 710 477 cum
722 445 862 475 amicitia:
875 445 919 472 vis
931 440 1003 471 sitin
1015 450 1051 471 eo
1061 460 1070 473 ,
1081 449 1113 470 ut
1125 448 1202 469 unus

248 496 326 537 quasi
339 498 457 526 animus
472 491 519 522 fiat
531 500 569 521 ex
583 487 735 529 pluribus:
755 483 805 527 qui
820 485 850 514 id
864 482 927 514 fieri
939 485 1068 523 peterit,
1088 479 1156 511 fine
1167 483 1199 511 in

249 550 312 570 uno
330 537 453 577 quidem
474 541 592 574 quoque
611 540 688 560 unus
702 529 819 559 animus
830 527 903 558 erit,
922 527 1065 564 idemque
1075 523 1201 562 semper;

251 581 299 612 sed
318 583 435 611 varius,
453 572 698 606 commutabilis,
718 568 901 608 multiplex?
921 566 1000 607 Qid
1013 568 1095 595 enim
1106 562 1202 604 potest

251 621 309 652 csse
319 631 377 651 tam
389 618 523 649 flexibile
532 635 540 647 ³
554 624 612 645 tam
623 613 746 643 devium
758 631 767 644 ,
779 612 868 650 quam
879 613 997 639 animus
1008 607 1071 644 ejus
1083 626 1091 639 ,
1101 608 1154 647 qui
1165 605 1201 635 ad

249 665 370 694 alterius
382 670 443 690 nnn
457 657 549 688 moab
564 655 677 686 sensum
692 674 700 686 ,
713 664 743 683 ac
755 654 940 682 voluntatem
952 669 960 684 ‚
977 648 1026 680 sed
1037 650 1127 679 etiam
1138 647 1204 677 vul-

252 715 315 735 tum
329 726 337 737 ‚
350 712 435 742 :tque
447 709 552 731 nutum
564 697 768 727 convertitur?
933 731 938 738 .
962 733 966 736 .
1090 730 1093 734 Ι

343 745 529 785 thmquu?
552 749 636 779 nego:
656 737 722 767 ait?
741 737 796 765 aio.
818 732 946 777 postremo
955 739 1092 773 tmperaw
1102 737 1206 771 egomet

426 784 497 814 milri
508 803 516 816 ‚

347 827 451 856 Omnia
463 822 595 862 assemani
606 841 614 854 ,

253 880 286 902 u:
304 871 344 899 ait
362 870 444 899 idem
462 867 645 897 Terentius:
665 862 714 893 sed
734 861 785 892 ille
805 859 859 891 sub
879 858 1048 888 Gnathonis
1065 855 1207 901 personat

253 912 333 954 quod
353 912 442 940 amici
462 917 555 945 frenus
573 905 729 937 adhibere,
750 904 882 933 omnino
897 901 1025 930 levitatis
1038 898 1088 928 est.
1113 897 1206 926 Multi

253 962 354 984 autern
367 932 565 981 Gnathbnum
577 946 687 976 similes
701 944 772 975 cum
788 942 844 973 fint
855 962 863 976 ‚
882 942 936 971 loeo
948 961 955 974 ‚
969 941 1091 981 fortuna
1102 959 1110 972 ‚
1123 938 1209 976 fama

251 996 401 1037 fiaperzores·
409 1004 419 1020 :

432 995 540 1022 horum
551 989 591 1019 est
600 986 754 1018 ass'entatio
765 983 889 1015 molesta
900 1003 908 1016 ,
919 993 988 1013 cum
1000 981 1036 1012 ad
1047 984 1206 1011 vamtatem

253 1035 368 1067 acceffit
385 1033 552 1065 auctor-ms.
587 1041 599 1060 s
609 1039 657 1060 Ec
667 1038 715 1058 ER
726 1037 746 1057 N
759 1037 770 1057 1
790 1035 889 1056 autem
913 1023 1041 1055 blandus
1060 1023 1175 1052 amicus
1193 1020 1209 1050 a

254 1088 327 1108 vero
341 1097 349 1110 ‚
363 1074 564 1106 &internosci
577 1092 584 1106 ‚
596 1081 656 1102 tam
668 1068 762 1110 potest
773 1088 780 1102 ,
791 1067 924 1098 adhibita
932 1065 1088 1105 diligentia
1097 1083 1106 1096 ‚
1118 1072 1207 1103 quam

256 1121 362 1150 omnia
371 1117 466 1147 fucata
477 1135 486 1149 2
506 1114 538 1144 &
549 1112 681 1143 simulata
691 1111 706 1141 a
716 1110 834 1141 sinceris
844 1129 853 1143 ,
872 1117 957 1148 atque
969 1108 1055 1136 veris.
1077 1106 1208 1138 Concio,

256 1171 321 1202 quae
332 1169 369 1190 ex
380 1154 607 1198 imperitiffimis
617 1153 731 1185 constat
743 1172 750 1186 ‚
772 1160 872 1182 tamen
882 1151 1012 1189 judicare
1022 1148 1097 1177 solet
1108 1166 1116 1179 ‚
1135 1146 1208 1186 quid

258 1200 370 1233 interfit
380 1203 457 1230 inter
465 1198 639 1239 popularem
651 1215 659 1229 ,
671 1194 701 1225 id
711 1193 753 1225 est
763 1214 771 1227 ,
782 1191 986 1223 affcntatorem
996 1209 1004 1223 ‚
1015 1189 1156 1218 &levem
1167 1190 1211 1217 ci-

255 1253 325 1274 vem
339 1263 347 1276 ‚
367 1242 398 1271 &
409 1237 679 1271 interconstantem
692 1256 701 1269 ,
720 1236 854 1265 severum
867 1253 875 1265 ,
891 1232 921 1262 ὃ(
933 1239 1066 1272 gravem.
1089 1230 1207 1270 Qibus

259 1284 401 1314 blanditia
411 1285 447 1312 C.
460 1281 590 1321 Papirius
605 1288 698 1317 nuper
712 1276 856 1306 influebat
873 1276 904 1303 in
922 1273 1018 1303 aureis
1036 1272 1209 1304 concionis,

257 1326 328 1356 cum
349 1325 437 1355 ferret
456 1324 552 1364 legem
571 1321 607 1351 de
625 1319 753 1350 tribunis
765 1317 844 1358 pleb.
857 1313 1047 1345 reficiendis?
1069 1310 1211 1342 Diffuafi-

259 1377 328 1398 mus
341 1375 406 1396 nos.
430 1365 486 1395 Sed
506 1363 582 1393 nihil
600 1361 637 1392 de
655 1370 704 1390 me
720 1371 726 1389 ·.
744 1361 780 1390 de
789 1358 930 1397 Scipione
944 1356 1041 1386 dicam
1058 1355 1211 1384 libentius.

260 1412 377 1448 Quanta
386 1407 454 1440 illa,
476 1403 736 1435 diiimmortales!
757 1400 969 1440 fuitgravitaS,
988 1405 1095 1438 quanta
1106 1398 1137 1425 in
1148 1405 1213 1425 ora-

260 1453 345 1482 tione
363 1447 499 1487 majestas
511 1449 517 1476 l
537 1455 570 1476 ut
582 1444 669 1475 facile
682 1444 789 1474 ducem
803 1451 871 1482 pop.
884 1443 981 1470 Rom.
993 1448 1055 1469 non
1066 1440 1212 1468 comitem

262 1491 387 1523 diceres.
411 1489 460 1520 sed
478 1486 621 1518 affuistis:
644 1484 772 1516 &estin
783 1482 922 1513 manibus
932 1482 1036 1511 oratio.
1057 1481 1156 1520 itaque
1167 1478 1214 1507 lex

259 1532 402 1575 popularis
412 1551 420 1564 ,
441 1530 585 1570 suffragiis
597 1527 693 1569 populi
704 1526 852 1567 repudiata
860 1522 913 1552 eff.
938 1526 1037 1562 Atque
1048 1541 1057 1555 ‚
1077 1531 1110 1550 ut
1117 1519 1153 1550 ad
1166 1529 1215 1549 rne

260 1574 378 1604 redeam
393 1583 401 1606 ·‚
415 1569 598 1601 meministis
610 1588 618 1602 ,
630 1572 667 1606 Q.
679 1568 818 1598 Maximo
829 1585 837 1598 ,
857 1564 943 1594 fratre
951 1565 1103 1602 Scipionis
1114 1582 1123 1594 ,
1136 1562 1168 1590 &
1179 1563 1215 1590 L.

263 1610 408 1645 Mancino
424 1611 618 1643 consulibus,
641 1609 732 1650 quam
751 1607 903 1647 popularis
922 1606 973 1634 lex
993 1604 1029 1633 de
1046 1602 1217 1633 sacerdotiis

265 1659 297 1687 C.
311 1656 423 1686 Licinii
442 1657 456 1674 ²
467 1651 553 1684 Craffi
571 1651 744 1681 videbatur?
763 1649 913 1687 cooptatio
924 1648 1005 1676 enirn
1016 1645 1215 1685 collegiorum

265 1697 300 1727 ad
312 1697 416 1737 populi
429 1692 611 1725 beneficium
624 1690 858 1722 transferebatur.
881 1691 978 1727 Atque
989 1688 1013 1716 is
1024 1688 1155 1726 primum
1169 1687 1218 1714 in-

266 1738 361 1769 stituit
379 1740 410 1767 in
428 1736 530 1766 forum
550 1734 650 1764 versus
665 1753 674 1766 ,
693 1741 776 1772 agere
786 1741 855 1760 curn
875 1729 998 1769 populo.
1021 1736 1123 1757 tamen
1138 1726 1218 1755 illius

264 1779 452 1810 vendibilem
465 1778 633 1807 orationem
644 1774 740 1813 religio
751 1772 862 1801 deorum
876 1769 1093 1800 immortalium
1105 1786 1114 1801 ,
1135 1770 1148 1794 3
1161 1776 1220 1796 no-

265 1822 311 1852 bis
322 1818 553 1851 defendentibus
564 1837 573 1850 ‚
582 1816 668 1846 facile
678 1814 826 1844 vincebat.
846 1820 931 1852 atque
941 1810 972 1840 id
983 1809 1080 1854 actum
1093 1807 1134 1838 est
1144 1817 1217 1848 prae-

265 1872 328 1893 tote
341 1872 389 1891 rne
402 1881 410 1893 .
424 1859 634 1902 quinquennio
643 1856 709 1887 ante
723 1875 732 1889 ‚
743 1856 833 1895 quam
844 1853 949 1884 consul
960 1852 1023 1881 sum
1035 1850 1140 1880 iactus·
1164 1852 1218 1879 ita-

265 1914 322 1945 que
342 1913 371 1933 re
394 1903 486 1942 magis
501 1921 509 1933 ‚
530 1900 646 1940 ‘equam
665 1896 838 1928 auStoritate
857 1894 941 1924 causa
960 1894 1009 1923 illa
1028 1891 1148 1922 defensa
1166 1890 1217 1921 est.

271 1945 361 1984 Qubd
373 1948 386 1971 5
395 1943 455 1973 siin
467 1943 550 1973 scena
563 1961 572 1975 ‚
585 1941 614 1970 id
627 1939 668 1970 est
680 1960 688 1974 ,
701 1941 732 1968 in
744 1939 892 1968 concione
901 1955 911 1967 ‚
923 1937 955 1965 in
966 1944 1024 1975 qua
1033 1934 1120 1963 rebus
1131 1931 1218 1965 fieus,

268 1986 492 2018 &adumbratis
507 1984 566 2014 loci
582 1983 750 2023 plurimum
767 1978 810 2010 est
820 1998 830 2013 ,
851 1987 951 2008 tamen
968 1985 1074 2007 verum
1092 1975 1170 2006 valet
1187 1972 1222 2013 (si

305 2112 328 2128 1.
347 2102 464 2135 §.gam-vis
482 2104 542 2127 enim
560 2102 639 2126 multis
655 2100 813 2133 nominib-un]
836 2098 998 2125 Gulielmius
1014 2106 1048 2124 ex
1060 2097 1222 2124 Mauriciano

268 2138 312 2164 suo
324 2158 332 2169 ,
343 2139 406 2166 item
416 2136 558 2163 Uriiniano
570 2155 578 2168 ‚
598 2134 783 2163 emendaverat
795 2153 803 2165 ‚
822 2144 893 2168 quam
903 2137 962 2159 evim
971 2134 1062 2159 multis.
1083 2132 1223 2159 addiderat

267 2183 353 2201 tamen
367 2184 375 2205 3
392 2172 533 2199 videndum
544 2181 610 2198 anne
620 2171 732 2198 alterum
744 2171 879 2206 eleganter
890 2176 1033 2205 poneretur
1044 2177 1090 2204 pro
1101 2169 1223 2194 admodum

265 2211 354 2236 multis.
374 2210 401 2236 &
413 2209 474 2234 vero
495 2207 562 2234 illud
579 2206 652 2242 qubm
670 2207 754 2233 exstat
773 2206 798 2232 in
817 2205 920 2241 aliquot
934 2205 1009 2231 libris
1023 2203 1084 2231 Aldi
1096 2204 1222 2240 Nepotis,

267 2246 309 2272 std
331 2255 380 2273 non
400 2245 435 2271 est
447 2263 455 2275 ,
474 2243 590 2270 cui-ideo
601 2243 624 2268 ei
635 2242 709 2269 cedat
718 2242 828 2278 quamvis
839 2260 847 2274 ‚
866 2240 937 2277 quod
947 2241 974 2268 in
985 2240 1098 2267 totidem
1118 2248 1223 2276 quoqne

266 2282 368 2308 invenit
379 2280 436 2306 mff.
447 2279 516 2306 idem
530 2279 675 2306 Manutius.

275 2340 277 2343 ,
305 2326 334 2343 ².
354 2318 432 2350 craffi
439 2314 598 2350 jubebatur]
620 2314 730 2350 Pighius
740 2312 897 2350 praeferebat
909 2331 917 2345 ,
935 2313 1081 2339 videbatur:
1101 2310 1226 2347 promul-

265 2361 328 2388 gata
337 2353 407 2380 enim
421 2352 462 2377 lex
477 2370 484 2382 ‚
498 2361 547 2377 non
558 2350 668 2383 perlata.

304 2397 330 2424 3.
349 2390 418 2414 NJbic
428 2387 628 2420 defendentibus]
649 2386 691 2412 Sic
703 2383 759 2411 mss.
771 2384 826 2410 Pal.
838 2393 928 2410 omncs
943 2403 950 2414 ,
971 2385 999 2409 &
1012 2382 1106 2418 viginti
1117 2381 1220 2417 aliquot

268 2424 332 2450 Aldi
351 2425 423 2459 Nep.
433 2423 643 2458 probaveratque
661 2419 802 2457 aliquando
822 2420 902 2446 etiam
922 2419 974 2455 ipse
992 2417 1154 2444 Gulielmius
1174 2417 1222 2443 tali

267 2460 404 2487 notatione
416 2469 422 2485 ε
444 2458 603 2484 Diss'uai'erat
614 2457 710 2483 Laelius
723 2475 732 2487 ‚
751 2457 777 2482 δε
791 2465 890 2482 morem
902 2455 1029 2488 majorum
1040 2454 1067 2480 in
1079 2452 1222 2479 sacerdoti-

266 2497 313 2521 bus
325 2495 441 2522 creandis
451 2493 619 2520 defenderat.
641 2493 756 2527 Lar-gius
768 2501 801 2518 ex
821 2491 922 2518 duobus
934 2490 1007 2517 libi-is
1020 2489 1123 2516 mavult
1134 2507 1144 2521 ,
1161 2490 1225 2522 dese-

267 2527 374 2557 re'ntibus·
385 2550 392 2563 ‚
403 2527 473 2566 quod
485 2531 570 2556 minus
581 2529 663 2566 probo
676 2548 683 2560 ‚
695 2530 744 2554 hoc
754 2526 861 2563 quidem
874 2527 942 2553 loco.
960 2526 996 2553 ita
1006 2525 1051 2551 ilie
1062 2525 1157 2552 noster.
1180 2523 1224 2551 sed

268 2568 354 2601 postea
364 2566 453 2593 cadezn
465 2565 553 2592 omnia
564 2565 728 2591 cancellavit.
740 2563 814 2590 nobis
826 2572 876 2589 non
887 2562 977 2589 datum
990 2561 1042 2588 fuit
1052 2560 1143 2587 videre
1153 2561 1224 2587 Lan-

268 2604 345 2637 giana
359 2622 367 2635 ,
386 2601 552 2635 rationesque
570 2602 624 2636 ejus
644 2600 807 2627 examinare.
826 2599 931 2633 vulgata
942 2606 1029 2624 tamen
1041 2596 1107 2623 nihil
1118 2595 1225 2622 videtur

270 2638 363 2665 habere
376 2647 421 2664 cur
432 2638 595 2672 repudietur.
616 2637 744 2663 adeantur
762 2634 870 2662 interim
889 2634 968 2661 amici
984 2633 1063 2660 nostri
1076 2632 1162 2668 Pighii
1175 2633 1225 2659 Fa-

270 2675 366 2700 storum
379 2674 440 2700 libri
451 2672 483 2698 ad
493 2682 588 2700 annum
600 2672 682 2698 Urbis
694 2680 804 2697 nerui.

304 2717 332 2741 4.
351 2708 429 2742 Qbm
440 2710 535 2743 summa
553 2709 722 2741 auffirimte]
743 2706 904 2733 Gulielmius
914 2704 1012 2736 adiecit
1023 2713 1112 2731 vocem
1117 2704 1223 2736 fitmma,

272 2747 286 2769 ὲ
298 2744 354 2770 mss.
365 2746 420 2775 eius
432 2764 440 2777 ,
458 2745 551 2781 quibus
560 2744 689 2771 accedunt
701 2743 757 2769 Pal.
768 2752 859 2768 omnes
872 2762 880 2774 ‚
891 2743 917 2768 Sc
928 2741 1048 2777 plerique
1058 2740 1122 2766 Aldi
1133 2739 1227 2765 arnsto-

274 2780 350 2806 ritate
360 2780 552 2807 defendebatur
561 2779 634 2806 causa
646 2799 653 2811 ‚
664 2779 786 2815 praetoria
797 2778 896 2805 scilicet
907 2787 915 2810 5
927 2779 1027 2804 lumina
1036 2786 1087 2803 non
1098 2774 1228 2802 defende-

275 2815 349 2841 batur
361 2835 368 2846 ,
380 2825 436 2851 quse
447 2824 503 2843 erat
514 2815 677 2843 Consularis.

313 2859 338 2883 5.
359 2852 463 2882 Inseerm
474 2872 481 2884 ,
499 2853 600 2878 ideffin
610 2850 737 2884 concione]
759 2849 910 2886 Propcndct
920 2849 1061 2875 Turnebus
1071 2848 1098 2875 in
1110 2848 1223 2884 scriptu-

274 2894 328 2912 ram
349 2895 424 2920 quam
445 2887 563 2914 nonnulli
574 2886 745 2922 prodiderant
757 2885 806 2911 siue
818 2886 871 2912 ulla
883 2885 1008 2912 varietate
1018 2885 1070 2919 legi
1083 2885 1108 2910 in
1120 2883 1224 2910 oblole-

274 2922 307 2947 tis
319 2920 391 2946 libris
406 2941 412 2953 ,
424 2922 569 2958 visiturque
579 2924 605 2949 in
618 2922 673 2950 Pal.
685 2922 761 2948 sexto
772 2940 780 2953 ‚
789 2923 926 2954 Inscamma
938 2940 945 2952 ‚
956 2930 1016 2946 eum
1030 2920 1088 2946 vide
1100 2920 1223 2945 libanu.

273 2965 327 2992 [περ.
338 2965 365 2991 7.
385 2956 545 2984 Gulielmius
557 2965 647 2984 tuetur
659 2958 793 2993 vulgatum
807 2977 815 2988 ‚
835 2956 951 2983 addit-sto
961 2956 1100 2982 Ciceronis
1119 2955 1178 2981 loco
1192 2954 1223 2981 ad

271 2994 384 3018 Brutum
398 2992 476 3027 Epist.
486 3002 514 3026 9.
533 2993 601 3019 circa
619 2994 688 3019 med.
699 2994 768 3020 idem
781 2993 867 3029 postea
878 2991 991 3018 malebat
1002 2991 1025 3017 le
1047 2992 1053 3017 i
1065 3000 1123 3017 cuin
1136 2990 1226 3017 codice

272 3029 298 3054 S.
311 3027 427 3053 Victoris
441 3047 448 3059 ,
467 3031 492 3052 in
503 3029 577 3060 scena
585 3031 627 3053 ‘vel
636 3032 661 3055 in
670 3032 786 3054 concione:
806 3036 834 3054 ut
846 3027 997 3065 respiciatur
1007 3001 1078 3054 adgea
1088 3035 1145 3063 qntt:
1156 3036 1224 3062 prae-

269 3063 415 3090 cesserunt:
437 3071 495 3089 nain
506 3062 537 3088 de
548 3063 620 3089 scena
630 3065 700 3098 prius
714 3083 722 3094 ‚
742 3066 769 3090 8<
789 3064 914 3098 posterius
933 3063 966 3090 de
984 3063 1109 3089 concione
1128 3062 1224 3088 dixisse

269 3099 401 3124 Tullium.
420 3099 448 3124 Si
467 3097 583 3125 standum
604 3109 654 3125 non
675 3100 709 3125 cst
728 3101 837 3125 omnino
856 3099 989 3135 scriptur-:e
1005 3099 1107 3135 priori,
1127 3107 1184 3133 quae
1196 3098 1222 3125 in

268 3134 397 3170 plerisque
408 3134 464 3163 Pal.
475 3141 538 3161 tunc
548 3134 662 3170 putarim
673 3134 776 3162 rescribi
787 3135 855 3170 posse
869 3154 876 3168 ,
886 3135 987 3170 infrena
997 3153 1006 3169 ,
1019 3137 1043 3162 in
1055 3136 1168 3161 concione.
1179 3140 1225 3162 aut

1247 2998 1249 3022 jv
1262 2992 1311 3023 nff.
1333 2991 1462 3016 Praeterea
1471 2989 1573 3024 aliquot
1586 2989 1640 3014 Pal.
1652 2987 1765 3013 innuunt
1776 2984 1862 3019 primo
1876 2984 1946 3010 versu
1961 2983 2034 3010 fuisse
2047 2983 2101 3009 fei-e
2113 2994 2119 3010 ι
2138 2985 2177 3008 Sic
2187 2991 2223 3009 me

1247 3026 1249 3040 ¹*
1263 3028 1327 3052 hodie
1338 3046 1346 3058 ,
1356 3026 1406 3056 ὡς.
1426 3024 1554 3051 Videatur
1564 3021 1687 3050 Gifanius
1696 3021 1722 3048 iu
1733 3022 1846 3046 contet-tm
1858 3039 1865 3053 ‚
1878 3019 2012 3046 ViStorius
2025 3019 2145 3049 libauit.
2156 3019 2218 3045 Var.

1248 3154 1250 3158 ,
1263 3132 1440 3170 praeeuntibus
1451 3138 1563 3167 quatuor
1574 3128 1632 3156 mss.
1643 3127 1785 3156 Gulielmii
1797 3146 1805 3161 ,
1816 3128 1844 3154 δι
1855 3126 1953 3162 Langii
1963 3126 2058 3154 tribus.

1242 109 1780 158 <hennon-1⁵

1236 188 1332 235 modi>
1353 188 1383 220 id
1402 188 1582 230 patefaaum
1594 209 1604 223 ,
1625 189 1658 220 &
1671 189 1847 222 illustratum
1857 190 1910 233 est)
1920 191 1992 234 quid
2010 190 2042 222 in
2055 189 2191 224 amiciti}

1237 233 1301 262 neri
1312 240 1430 271 oportet
1439 251 1447 267 ‚
1462 241 1528 273 quae
1538 239 1599 262 tota
1610 234 1729 262 veritate
1739 233 1928 272 perpenditur
1941 237 1952 263 ἲ
1968 236 2001 264 in
2011 244 2066 275 qua
2078 234 2132 264 nisi
2143 235 2188 272 (ut

1237 273 1360 312 dicitur)
1368 270 1383 293 ⁶
1393 281 1552 303 Aren-rum
1565 282 1684 302 nactus
1692 283 1811 303 vaAs
1822 292 1830 307 ‚
1842 284 2002 314 TuuMQe
2010 284 2188 309 OSTENDAS,

1238 315 1316 344 nihil
1329 313 1367 344 fid
1373 325 1436 348 um,
1449 315 1524 345 nihil
1538 314 1728 354 exploratum
1740 315 1845 345 habeas
1857 320 1886 343 :7
1895 325 1932 345 ne
1943 325 2040 346 amare
2049 317 2190 357 quidem,

1238 366 1287 386 aut
1296 357 1388 386 amari
1399 368 1408 390 3
1418 355 1490 386 cum
1502 355 1532 386 id
1543 375 1551 389 2
1561 356 1652 397 quam
1663 356 1733 386 vere
1745 355 1811 389 fiat,
1823 357 1949 395 ignotes-
1975 352 1989 376 ⁸
2000 360 2189 399 Qamquam

1240 397 1294 428 ista
1311 396 1464 428 affentatio
1476 419 1485 432 ‚
1503 399 1641 438 quamvis
1653 400 1819 437 perniciosa
1832 396 1866 427 fit
1876 418 1885 432 ,
1903 407 2010 427 nocere
2023 408 2120 429 tamen
2136 409 2191 429 ne-

1241 441 1318 469 mini
1328 438 1423 479 potest
1435 459 1443 473 ,
1465 439 1518 468 nisi
1530 441 1557 468 ei
1569 460 1577 474 ‚
1595 441 1648 479 qui
1659 449 1723 469 eam
1734 441 1855 479 recipit,
1876 447 1962 479 atque
1972 449 2005 468 ea
2018 439 2189 477 delectatur.

1241 483 1280 511 ita
1291 479 1324 510 fit
1335 501 1343 513 ,
1355 490 1388 510 ut
1398 483 1422 510 is
1430 480 1644 519 affinraroribus
1651 481 1809 522 patefaciat
1817 482 1903 510 aureis
1909 481 1976 520 sitas
1984 481 2126 515 maxime,
2136 482 2189 523 qui

1241 521 1351 563 ipfefibi
1359 521 1505 559 affantetur
1514 543 1523 556 ,
1539 523 1571 553 ὃ(
1583 523 1610 553 se
1625 523 1759 552 maxime
1770 522 1829 562 ipse
1841 521 1977 552 deleciet.
2002 523 2138 552 Omnino
2149 522 2191 553 est

1240 573 1344 594 amans
1363 565 1408 594 sui
1424 567 1528 594 virtus.
1551 563 1667 604 optime
1686 567 1770 594 enim
1792 564 1819 594 se
1839 564 1899 604 ipsa
1916 565 2003 593 novit
2016 583 2026 596 ‚
2045 573 2194 604 quamque
2233 583 2238 584 ν

1243 605 1381 635 amabilis
1391 604 1423 636 sit
1434 625 1443 638 ‚
1461 606 1613 646 intelligit.
1637 615 1692 646 ego
1701 615 1800 635 autem
1814 615 1877 635 non
1887 604 1924 635 de
1936 607 2043 635 virtute
2055 614 2137 634 nunc
2147 607 2194 635 lo-

1243 657 1337 688 quor,
1349 646 1397 676 sed
1408 647 1443 677 de
1454 648 1571 677 virtutis
1581 648 1739 688 opinione.
1759 657 1779 677 v
1792 657 1803 676 1
1815 657 1836 676 R
1845 657 1865 676 τ
1874 657 1892 676 u
1901 657 1920 676 τ
1931 656 1951 675 Ε
1963 648 2044 676 enim
2059 646 2119 685 ipsa
2128 655 2194 677 non.

1244 699 1303 719 tam
1319 689 1406 718 multi
1419 688 1533 728 praediti
1544 687 1601 718 efle
1612 709 1620 722 ‚
1644 689 1735 730 quam
1743 688 1840 718 videri
1851 689 1967 718 volunt.
1994 690 2058 717 Hos
2067 686 2196 718 dele&at

1243 729 1415 760 assbntatio:
1434 732 1481 760 his
1502 729 1587 759 fictus
1608 730 1642 760 ad
1662 731 1793 770 ipsorum
1811 730 1995 769 voluptatem
2010 730 2109 759 sermo
2121 729 2194 758 cum

1244 772 1400 802 adhibetur
1409 783 1419 805 5
1439 772 1590 801 orationem
1600 772 1678 801 illam
1688 782 1794 800 vanam
1806 791 1813 805 ,
1828 770 2014 807 testimonium
2023 769 2072 808 ff
2080 770 2197 799 laudum

1239 814 1477 855 suarumputant.
1501 814 1582 843 nulla
1592 813 1633 843 est
1641 815 1733 855 igitur
1742 814 1804 843 haec
1812 814 1944 843 amicitia
1956 833 1964 846 ‚
1984 811 2055 842 curn
2066 813 2137 842 alter
2146 821 2199 842 ve·

1246 865 1314 885 rum
1331 855 1432 884 audire
1454 865 1517 885 non
1535 855 1620 889 vult,
1643 856 1716 885 alter
1727 855 1763 885 ad
1783 855 1992 884 mentiendum
2009 862 2124 893 paratus
2142 852 2193 883 est.

1249 899 1314 926 Nec
1324 895 1514 937 parasitorum
1533 898 1566 926 in
1577 894 1901 926 comoediis'affentatio
1912 895 2000 926 nobis
2010 895 2103 926 faceta
2114 894 2200 925 vide-

1248 947 1327 968 retur
1339 958 1348 971 ,
1363 937 1417 967 nisi
1428 936 1520 968 effent
1531 939 1643 968 milites
1653 937 1783 978 gloriosi.

1341 982 1474 1019 Magnas
1487 978 1547 1008 verb
1556 989 1635 1020 agere
1639 980 1752 1019 gratias
1763 980 1844 1007 Thais
1853 979 1923 1008 mihi
1934 982 1947 1008 ἲ

1248 1022 1321 1051 Satis
1332 1030 1390 1050 erat
1401 1021 1578 1060 respondere
1590 1041 1599 1054 ,
1610 1022 1735 1061 Magnas
1743 1032 1754 1048 .·
1775 1021 1906 1060 ingenteis
1917 1040 1924 1053 ‚
1937 1021 2043 1061 inquit.
2067 1029 2199 1051 sumpta

1248 1072 1334 1102 auget
1343 1060 1498 1092 assentator
1509 1063 1538 1093 id
1549 1082 1557 1096 ,
1580 1063 1660 1103 quod
1673 1072 1695 1092 is
1708 1082 1716 1096 ‚
1738 1064 1823 1102 cujus
1834 1061 1869 1091 ad
1881 1062 2064 1092 voluntatem
2078 1062 2199 1096 dicitur,

1250 1107 1314 1134 vult
1324 1102 1381 1134 effe
1392 1113 1545 1145 magnum.
1569 1105 1774 1145 Qamobrem
1789 1124 1797 1137 ,
1815 1105 1953 1144 quamvis
1963 1103 2069 1133 blanda
2086 1103 2137 1133 ista
2146 1113 2200 1134 va-

1250 1148 1325 1176 nitas
1334 1145 1411 1185 apud
1422 1155 1472 1174 eos
1483 1147 1576 1176 valeat
1586 1166 1594 1176 ‚
1614 1147 1667 1186 qui
1676 1144 1728 1185 lpsl
1739 1146 1821 1175 illam
1834 1144 1969 1174 allectam
1982 1164 1990 1178 ‚
2011 1145 2043 1174 &
2054 1146 2200 1175 invitant:

1251 1197 1351 1218 tamen
1369 1188 1458 1216 etiarn
1477 1189 1626 1228 graviores
1639 1186 1911 1226 constantioresque
1923 1185 2108 1216 admonendi
2121 1186 2203 1219 sunt,

1250 1233 1266 1256 9
1277 1238 1310 1259 ut
1338 1228 1574 1258 animadvertant
1594 1249 1602 1262 ,
1633 1239 1671 1258 ne
1693 1228 1799 1259 callida
1824 1227 2017 1257 aflentatione
2043 1229 2203 1267 capiantur.

1253 1280 1275 1300 Α
1285 1281 1300 1299 i>
1312 1280 1359 1300 er<
1369 1281 1388 1300 τ
1398 1280 1418 1299 E
1436 1272 1518 1300 enim
1531 1271 1699 1300 adulantem
1711 1280 1803 1299 nemo
1817 1279 1880 1299 non
1890 1270 1993 1302 videt,
2014 1267 2068 1298 nisi
2088 1269 2204 1309 quiad-

1255 1312 1384 1342 modum
1395 1311 1436 1343 est
1446 1322 1562 1342 excors.
1575 1311 1700 1342 callidus
1711 1312 1760 1342 ille
1770 1332 1778 1345 ‚
1791 1311 1823 1341 δε
1832 1311 1966 1341 occultus
1976 1321 2013 1340 ne
2024 1310 2051 1340 se
2063 1308 2204 1344 insinuet,

1252 1353 1385 1384 studiose
1409 1354 1576 1384 cavendum
1600 1354 1651 1384 cst.
1685 1363 1738 1383 nec
1760 1355 1843 1383 enim
1862 1352 2007 1382 facillime
2027 1351 2206 1392 agnoscitur,

1252 1397 1361 1436 quippe
1382 1398 1432 1436 qui
1451 1397 1542 1425 etiam
1560 1395 1727 1435 adversando
1741 1396 1804 1435 [ipe
1821 1394 1989 1432 affintetur:
2009 1394 2043 1423 &
2057 1395 2167 1434 litigare
2178 1392 2209 1422 se

1255 1437 1396 1467 simulans
1405 1456 1414 1470 ‚
1426 1437 1612 1470 blandiatur,
1622 1447 1708 1477 atque
1718 1438 1753 1466 ad
1764 1445 1931 1465 extremum
1943 1435 1993 1465 det
2003 1435 2125 1467 manus;
2136 1437 2207 1463 vin-

1254 1480 1341 1519 cique
1352 1479 1379 1508 se
1390 1480 1530 1518 patiatur:
1551 1488 1582 1508 ut
1592 1481 1628 1511 is,
1639 1479 1691 1518 qui
1705 1477 1806 1507 illusus
1818 1476 1860 1510 fit,
1877 1477 1980 1516 ¹0plus
1990 1473 2093 1505 vidisse
2105 1475 2207 1505 videa-

1255 1529 1310 1550 tur.
1333 1520 1405 1560 quid
1426 1528 1524 1549 autem
1545 1520 1660 1558 turpius
1679 1518 1768 1559 quam
1788 1518 1895 1548 illudi?
1916 1516 2006 1557 Qod
2025 1527 2061 1546 ne
2081 1516 2206 1550 accidat,

1256 1560 1527 1601 magis-cavendum
1538 1560 1597 1593 est,
1614 1562 1687 1589 utin
1699 1560 1853 1599 Epiclero:

1350 1601 1439 1630 Hodie
1447 1612 1490 1629 me
1499 1609 1563 1630 ante
1571 1602 1673 1630 omneis
1684 1605 1692 1620 ¹
1699 1605 1708 1620 ¹
1721 1599 1935 1636 comicosstultos
1942 1600 2017 1640 senes

1352 1643 1469 1682 Verfhru
1478 1663 1487 1675 ‚
1498 1650 1585 1683 arque
1594 1642 1690 1682 luseris
1698 1642 1858 1681 laurtffimi.
1939 1670 1943 1674 ,

1258 1687 1331 1715 Haec
1349 1693 1432 1714 enlm
1452 1687 1542 1714 etiam
1561 1686 1591 1713 in
1605 1683 1713 1713 fabulis
1728 1682 1891 1712 stultiffima
1901 1682 2025 1722 persona
2038 1680 2080 1712 est
2093 1682 2210 1722 impro-

1257 1725 1398 1756 vidorum
1411 1744 1419 1758 ,
1442 1725 1474 1754 δε
1488 1725 1678 1754 credulorum
1692 1725 1810 1754 senum.
1831 1725 1886 1754 Sed
1899 1724 1998 1753 nescio
2010 1733 2070 1764 quo
2079 1723 2165 1763 pach>
2174 1723 2214 1754 ab

1259 1767 1398 1797 amicitiis
1418 1765 1619 1805 perfe6torum
1638 1766 1800 1795 hominurn
1811 1785 1820 1799 ‚
1842 1765 1873 1795 id
1893 1764 1935 1794 est
1946 1785 1956 1798 ‚
1975 1766 2151 1805 sapientium
2162 1764 2212 1802 (de

1259 1810 1312 1839 hac
1324 1807 1394 1837 dico
1405 1808 1544 1846 sapientia
1557 1828 1565 1841 ,
1587 1816 1653 1847 quae
1664 1807 1781 1838 videtur
1790 1809 1822 1836 in
1835 1808 1993 1837 hominem
2005 1805 2105 1836 cadere
2118 1804 2214 1846 poss'e)

1257 1850 1292 1880 ad
1305 1849 1396 1879 leveis
1406 1851 1553 1880 amicitias
1563 1848 1688 1879 deflexit
1697 1851 1801 1879 oratio.
1826 1849 2031 1890 Qarnobrem
2047 1847 2080 1877 ad
2093 1848 2143 1877 illa
2151 1849 2214 1887 pri-

1259 1901 1310 1921 ma
1319 1891 1485 1924 redeamus,
1497 1901 1589 1931 eaque
1600 1890 1660 1930 ipsa
1667 1890 1883 1921 concludamus
1893 1889 2062 1931 aliquando.
2087 1892 2116 1908 ¹²
2124 1891 2212 1918 th-

1259 1942 1316 1962 Tus
1326 1951 1335 1966 ‚
1355 1934 1450 1962 virtus
1463 1935 1586 1973 inquam
1600 1952 1608 1965 ‚
1623 1934 1656 1961 C.
1669 1934 1764 1963 Fanni
1774 1953 1782 1966 ‚
1794 1933 1827 1962 δε
1838 1941 1868 1962 tu
1880 1951 1888 1965 ,
1900 1934 1938 1969 Q.
1949 1933 2034 1961 Muci
2047 1950 2056 1964 ‚
2071 1930 2102 1959 &
2112 1931 2215 1961 conci·

1259 1975 1311 2005 liat
1320 1976 1467 2004 amicitias
1478 1994 1487 2008 ,
1507 1973 1716 2005 &conseri-at.
1739 1976 1771 2003 in
1793 1983 1826 2003 ea
1844 1973 1887 2003 cst
1903 1975 1988 2003 enirn
2005 1973 2220 2003 convenientia

2101 2022 2215 2046 rerum,

1260 2097 1318 2124 sane
1337 2100 1364 2123 in
1376 2098 1450 2129 fiena
1461 2116 1469 2128 ,
1488 2100 1543 2123 item
1554 2100 1580 2122 in
1591 2099 1693 2122 rontium
1704 2115 1711 2127 ‚
1732 2095 1812 2121 modo
1823 2095 1879 2121 fere
1891 2095 1948 2120 Pal.
1959 2094 2009 2121 sec.
2020 2095 2047 2120 ὃς
2059 2103 2125 2121 unus
2136 2092 2218 2125 Auli,

1260 2133 1285 2160 iu
1297 2132 1392 2168 quibus
1405 2153 1412 2165 ,
1422 2134 1482 2159 idem
1494 2152 1501 2164 ,
1514 2132 1583 2159 unde
1592 2132 1659 2159 nasci
1672 2131 1758 2167 potuit
1768 2131 1881 2157 aliorum
1892 2132 1918 2156 id
1927 2133 1970 2157 eff.

1295 2169 1324 2194 6.
1343 2172 1470 2201 exspertum
1483 2171 1565 2202 pec'lus
1583 2169 1695 2200 viden]
1718 2167 1872 2197 Eieciamici
1883 2175 1970 2192 rocem
1984 2185 1993 2199 ‚
2010 2174 2068 2202 quae
2079 2170 2215 2200 comparet

1260 2203 1367 2240 quidem
1386 2204 1412 2231 in
1432 2203 1618 2240 posterioribus
1632 2203 1693 2229 edd.
1705 2201 1746 2229 sed
1757 2212 1808 2229 non
1819 2204 1845 2229 in
1857 2201 1987 2238 prioribus
2000 2221 2008 2234 ,
2027 2209 2072 2228 aut
2082 2201 2147 2229 adeo
2158 2199 2215 2228 mss.

1263 2240 1320 2267 Pal.
1331 2239 1489 2266 aliorumve.

1297 2284 1325 2310 7.
1344 2279 1380 2301 Ne
1389 2285 1472 2302 amare
1479 2276 1570 2310 quidem
1580 2281 1624 2300 aut
1634 2274 1738 2309 amavi]
1759 2272 1872 2300 Addunt
1881 2273 1927 2299 alii
1942 2274 2034 2306 poffimt
2045 2292 2053 2305 ‚
2070 2272 2112 2299 sed
2124 2280 2217 2309 quam-

1261 2311 1380 2347 pluribus
1392 2312 1448 2338 mss'.
1460 2311 1523 2337 Aidi
1535 2320 1564 2336 ea
1576 2319 1627 2336 vox
1638 2309 1706 2336 abest
1718 2329 1725 2340 ‚
1746 2309 1912 2343 aliorumque
1921 2308 2054 2335 omnibus.
2076 2309 2219 2335 falsitatem

1260 2355 1348 2374 autem
1359 2347 1414 2380 ejus
1425 2345 1663 2382 deprehendamus,
1675 2355 1707 2371 ex
1719 2345 1775 2371 Pal.
1787 2345 1880 2380 quinto
1892 2354 1899 2376 5
1914 2345 1940 2371 in
1953 2354 2018 2380 quo,
2028 2353 2068 2370 nec
2077 2345 2124 2379 fiio
2135 2352 2222 2370 amare

1260 2385 1352 2417 quidem
1362 2392 1403 2408 nec
1413 2386 1501 2408 amari.

1299 2417 1325 2445 8.
1345 2420 1488 2452 Qanquam
1506 2419 1551 2450 issa
1568 2418 1690 2449 affentatio
1707 2415 1816 2451 quam-ris
1828 2435 1836 2447 ,
1856 2416 1923 2450 &c.]
1943 2417 1987 2442 Sic
2005 2415 2126 2452 plerique
2145 2414 2223 2445 libri5

1260 2452 1396 2489 editioque
1407 2453 1520 2480 Victorii
1540 2454 1565 2478 δ’
1581 2452 1714 2478 Lambini.
1735 2451 1844 2477 Mallem
1865 2459 1951 2477 tamen
1971 2451 2053 2478 abesse
2071 2451 2221 2477 dictionem

1263 2490 1375 2525 primam
1386 2490 1545 2523 Qamquam.
1566 2492 1637 2515 certe
1649 2498 1700 2514 iton
1720 2494 1855 2523 comparet
1868 2487 1893 2514 in
1905 2487 1961 2514 Pal.
1972 2486 2020 2514 stc.
2032 2495 2059 2514 at
2068 2486 2155 2514 sextus
2165 2495 2218 2513 non

1263 2524 1380 2561 agnoscit
1390 2525 1510 2559 quamvis.

1300 2569 1327 2597 9.
1349 2564 1379 2586 Ut
1388 2560 1610 2594 animadversam]
1631 2558 1688 2585 Pal.
1699 2558 1748 2585 sec.
1757 2566 1786 2593 pn
1799 2561 1903 2585 animum
1921 2566 2040 2585 avertant
2051 2580 2060 2593 ,
2080 2567 2130 2586 non
2141 2565 2219 2594 pror-

1263 2596 1302 2623 sus
1314 2597 1401 2632 inepte
1412 2605 1420 2626 3
1433 2596 1552 2632 quamvis
1564 2597 1592 2621 &
1607 2595 1716 2630 vulgato
1727 2593 1769 2621 sua
1781 2595 1909 2621 venustas.

1304 2642 1345 2659 το.
1364 2636 1424 2658 Plus
1433 2633 1517 2664 vidtffi·
1525 2632 1666 2663 videntum]
1683 2630 1724 2657 Est
1737 2631 1751 2656 a
1763 2630 1910 2656 Gulictmio
1920 2629 2025 2665 ejusque
2036 2629 2122 2662 libris,
2133 2635 2219 2664 neque

1263 2669 1342 2696 aliter
1353 2668 1507 2694 Lambinus.
1526 2668 1617 2703 primae
1627 2666 1688 2693 edd.
1697 2667 1788 2698 viciffle.
1807 2665 1961 2692 Victoriana
1970 2667 2066 2699 illustffe.

1306 2714 1348 2732 ιι.
1368 2707 1468 2731 Comicus
1480 2703 1577 2737 senen]
1598 2702 1710 2729 Videtur
1721 2701 1917 2738 propenderein
1929 2704 2036 2727 coamicos
2047 2697 2220 2730 Gulielmius,

1264 2741 1334 2776 quod
1346 2741 1382 2766 ita
1392 2748 1483 2766 omnes
1495 2738 1582 2774 scripti
1593 2739 1647 2772 ejus
1660 2749 1665 2765 :
1687 2737 1846 2772 adducitque
1858 2737 1945 2763 Plauti
1957 2735 2058 2762 Pei-[iun
2070 2745 2076 2761 ε
2097 2737 2137 2761 Mi
2145 2737 2220 2767 Jupi-

1266 2784 1301 2801 ter
1319 2776 1435 2808 terrestris
1449 2782 1470 2800 {e
1485 2777 1618 2807 cob2ra11lonur
1636 2775 1739 2805 [Mutat.
1760 2773 1832 2799 Ideni
1844 2773 1924 2798 ctiam
1963 2769 2127 2797 uaestionibus
2139 2769 2221 2794 Plau-

1267 2812 1328 2839 tinis
1340 2818 1425 2847 cap.4.
1436 2811 1461 2836 in
1473 2809 1584 2836 eundem
1597 2809 1699 2836 Pei-sam
1710 2809 1826 2836 adhaeiet
1837 2808 1911 2834 libi-is
1921 2808 1946 2834 in
1959 2806 2051 2841 quibus
2063 2805 2115 2835 est5
2135 2805 2220 2838 Versa-

1265 2857 1298 2873 m
1311 2867 1319 2879 ,
1338 2854 1409 2881 atque
1418 2854 1444 2872 ut
1454 2847 1549 2880 jusseris
1559 2846 1690 2880 lamiffi'mb.
1710 2852 1739 2871 ut
1749 2845 1819 2880 prius
1833 2843 1938 2869 verbum
1951 2842 1980 2868 {it
1989 2841 2089 2868 domiui
2103 2859 2110 2872 ‚
2131 2847 2221 2868 cetera

1264 2883 1342 2910 fervi.
1363 2882 1427 2909 mihi
1443 2892 1494 2908 non
1509 2880 1615 2908 videtur
1628 2881 1720 2907 cadere
1731 2887 1803 2906 tanta
1814 2877 1924 2914 responsi
1934 2876 2096 2912 impudentia
2107 2877 2132 2903 in
2146 2885 2221 2902 man-

1263 2920 1360 2954 cipium
1372 2917 1492 2945 adversus
1504 2917 1607 2944 herum.
1628 2917 1715 2953 potius
1735 2915 1844 2950 legerim
1859 2922 1868 2944 5
1888 2914 1993 2946 [ἀξίαι-ιε
2011 2920 2081 2947 atque
2098 2911 2222 2945 inclusi-rio

1264 2955 1384 2989 lauttffi‘me}
1395 2974 1403 2985 ‚
1415 2961 1444 2981 ut
1454 2953 1488 2980 est
1499 2953 1524 2979 iu
1538 2953 1592 2979 Pal.
1606 2952 1655 2978 sec.
1666 2951 1711 2978 nisi
1725 2951 1845 2976 malimus
1856 2958 1914 2974 cum
1925 2957 1965 2983 pr.
1977 2956 2047 2980 atque
2057 2948 2153 2973 unxeris
2163 2949 2221 2973 Iau-

1265 3061 1330 3088 lest.
1357 3071 1370 3087 a
1394 3069 1446 3087 .12.

1304 3071 1355 3123 12.c
1367 3071 1468 3127 teiam,
1487 3096 1572 3119 virtus·
1584 3112 1591 3125 ‚
1613 3096 1730 3126 inquam,
1751 3095 1779 3118 C.
1791 3091 1948 3123 Fanni‚&e.
1968 3091 2110 3117 Geminata
2119 3088 2154 3116 est
2166 3096 2218 3117 vox

2088 3170 2097 3187 1
2122 3163 2218 3188 Uerum-
