2339 3379
120 649 124 652 ’
152 652 206 690 qui
216 651 320 690 populi
330 651 510 682 consensum
520 652 673 686 solebant,
693 652 830 693 fugiunt:
849 662 913 682 non
922 653 1059 692 plausum
1069 653 1108 682 il-

90 2578 109 2602 Ν

578 152 1167 208 ΡΗῙῐζιΡΡῙοΑ

163 230 238 265 eum
247 231 341 265 adeste
351 231 420 274 ipfis
428 238 548 274 propter
555 233 623 262 vim
631 242 786 264 armorum
796 243 860 264 non
870 234 988 268 licebat,
998 235 1119 266 aderant

165 285 268 306 tamen
277 296 288 311 ,
306 276 339 306 &
348 277 382 305 in
391 275 535 305 medullis
541 274 647 315 populi
659 277 752 305 Rom.
764 286 796 306 ac
809 275 963 315 visceribus
975 275 1117 307 harebant.

161 317 218 348 nifi
227 317 305 348 forte
315 318 408 347 Accio
419 326 485 347 tum
501 320 511 336 ¹
521 316 622 356 plaudi
632 336 640 350 ,
659 316 692 347 &
702 316 882 360 sexagesimo
891 317 957 359 post
965 328 1045 348 anno
1054 319 1119 358 pal—

160 369 245 390 mam
254 359 317 390 dari
325 358 468 398 putabatis
480 379 488 392 ‚
500 368 563 388 non
574 359 741 399 Bru103qui
754 360 832 390 ludis
843 360 903 390 suis
912 362 952 390 ita
961 361 1072 393 caruit,
1085 369 1117 391 ut

158 403 194 431 in
204 401 259 431 illo
268 399 483 440 apparatiffimo
492 399 660 440 spestaculo
670 400 805 432 studium
818 403 947 443 populus
957 404 1050 433 Rom.
1063 403 1116 432 tri—

159 442 379 473 bueritabsenti
388 462 398 476 ,
416 441 594 472 desiderium
609 442 774 474 liberatoris
788 444 832 474 sui
844 452 988 485 perpetuo
998 444 1113 484 plausu,

158 484 194 514 δε
208 484 341 514 clamore
357 484 486 514 lenierit.
510 484 659 525 Equidem
675 486 700 514 is
714 486 778 516 sum
791 506 799 520 ,
819 487 872 526 qui
890 485 963 516 istos
981 486 1113 526 plausus,

155 525 230 555 cum
245 525 260 555 ὲ
272 526 466 565 popularibus
477 527 596 556 civibus
609 526 827 561 tribuerentur,
847 528 963 568 semper
972 536 1112 558 contem-

154 567 245 596 serim
258 577 263 596 :
282 566 424 608 idemque
441 567 511 598 cum
529 568 544 598 a
562 569 689 598 summis
699 588 708 603 ,
727 569 837 600 mediis
848 590 857 604 ,
877 568 995 600 infimis
1007 589 1015 604 ,
1035 568 1108 600 cum

153 608 286 650 denique
295 608 331 638 ab
340 607 484 640 universis
495 611 552 640 hoc
561 610 643 640 idem
654 609 687 641 fit
698 630 706 644 ,
727 621 858 652 cumque
869 612 890 641 ii
901 631 909 645 ,
924 612 976 652 qui
985 611 1052 641 ante
1064 612 1109 641 se-

151 694 218 722 lum
231 712 238 725 ,
260 692 309 723 sed
318 693 462 731 judicium
474 703 557 734 puto·
579 696 631 724 Sin
648 695 710 724 haec
722 695 837 724 leviora
852 694 939 724 vobis
957 693 1104 727 videntur,

151 743 218 774 quae
231 734 298 764 sunt
309 733 492 775 graviffima:
511 746 586 765 num
605 738 696 765 etiam
713 735 772 764 hoc
789 736 1005 768 contemnitis,
1025 735 1107 775 quod

152 774 280 805 sensistis
290 796 298 810 ‚
319 786 377 807 tam
394 787 490 808 caram
503 777 616 817 populo
628 779 724 807 Rom.
739 776 832 806 vitam
848 779 883 805 A.
896 778 989 806 Hirtii
1004 775 1106 806 fuisse?

148 817 216 847 fitis
229 819 312 848 enirn
329 828 387 849 erat
398 839 406 853 ,
425 820 582 859 probatum
600 818 689 848 illurn
707 816 766 846 effe
781 818 895 857 populo
905 820 1000 848 Rom.
1013 818 1106 849 utest:

1251 163 1704 214 SECUNDA.
2027 186 2119 238 579

1155 237 1327 277 jucundum
1338 241 1444 271 amicis
1453 260 1462 275 ,
1473 242 1507 272 in
1519 251 1579 283 quo
1588 244 1686 273 vincit
1694 242 1833 274 omneis:
1847 252 1950 275 carum
1960 243 2020 276 suis
2030 265 2038 279 ,
2050 250 2120 287 qui·

1160 280 1215 309 bus
1226 280 1269 311 est
1278 280 1438 312 cariffimus
1453 294 1459 312 τ
1471 292 1584 314 tantam
1595 293 1696 316 tamen
1707 285 1944 318 sollicitudinem
1955 287 2118 323 bonorum,

1157 330 1274 352 tantum
1295 324 1424 353 timorem
1433 336 1558 355 nmmum
1568 328 1671 368 inquo
1682 329 1883 359 meminimus
1895 328 1992 360 ?certe
2003 331 2037 360 in
2048 331 2119 360 nul-

1159 363 1201 391 lo.
1226 365 1306 405 Qid
1317 367 1429 406 igitur?
1443 368 1501 397 hoc
1511 377 1565 398 vos
1575 388 1584 402 ,
1595 378 1646 409 per
1655 369 1728 400 deos
1737 371 1938 401 immortaleis
1948 391 1957 405 ,
1967 372 2054 412 quale
2063 371 2110 406 sit,

1158 413 1223 434 non
1232 406 1469 446 interpretamini
1481 413 1492 438 ἒ
1509 410 1581 450 quid
1592 420 1643 441 eos
1655 411 1692 441 de
1702 410 1797 442 vestra
1805 414 1866 442 vita
1873 414 2004 453 cogitare
2014 414 2116 444 cense-

1157 447 1197 474 tis
1206 465 1214 479 ,
1247 447 1334 476 uibus
1344 458 1450 479 eorum
1461 470 1470 483 ,
1479 460 1555 491 quos
1566 453 1680 492 sperant
1689 455 1761 493 reip.
1771 455 1973 489 consulturos,
1983 456 2044 486 vita
2053 465 2114 487 tam

1155 496 1218 517 cara
1251 492 1283 518 t?
1300 491 1391 528 Cepi,
1405 493 1436 520 P.
1448 494 1481 521 C.
1491 493 1666 524 reversionis
1679 495 1894 527 meaefruemm
1906 507 1911 526 ;
1925 499 2069 537 quoniam
2082 507 2115 529 ea

1157 528 1242 562 dixi,
1259 538 1292 559 ut
1302 549 1310 563 ,
1325 532 1509 573 quicumque
1518 535 1599 564 casus
1609 537 1785 567 consecutus
1793 536 1866 568 effer
1876 558 1884 572 ,
1900 537 2109 570 exstaretcon-
2135 552 2147 568 ι

1154 570 1284 601 scientiae
1294 581 1370 602 meae
1380 572 1592 604 testimonium
1604 587 1609 605 τ
1622 577 1654 607 &
1664 578 1729 608 sum
1739 580 1754 608 a
1765 580 1853 609 vobis
1863 580 1994 622 benigne
2003 600 2012 614 ‚
2023 590 2055 611 ac
2066 581 2114 611 di·

1152 612 1280 653 ligenter
1288 613 1416 644 auditus.
1441 617 1516 657 Qae
1525 617 1651 656 potestas
1660 617 1681 648 si
1690 621 1768 650 mihi
1780 621 1884 661 saepius
1895 621 1955 652 fine
1965 632 2045 656 meo,
2055 632 2109 653 ve-

1151 653 1270 695 stroque
1279 656 1413 694 periculo
1423 654 1484 690 fiet,
1496 666 1568 687 utar.
1591 658 1612 688 si
1622 660 1724 690 minus
1736 682 1744 694 ,
1756 672 1902 703 quantum
1914 672 2031 703 potero,
2044 674 2110 695 non

1152 703 1212 725 tam
1233 698 1311 726 mihi
1329 707 1379 727 me
1389 717 1398 731 ,
1418 699 1509 738 quam
1528 707 1592 740 νειμ.
1608 701 1772 732 reservabo.
1797 707 1876 735 Mihi
1894 705 1956 736 fere
1972 706 2039 736 satis
2053 705 2107 739 est,

1151 736 1231 777 quod
1246 739 1331 772 vixi,
1352 740 1400 768 vel
1409 740 1444 770 ad
1455 749 1571 771 aetatern
1583 762 1591 776 ,
1613 742 1662 772 vel
1673 743 1707 772 ad
1718 745 1855 783 gloriam.
1878 748 1936 778 huc
1946 747 1965 777 si
1975 748 2045 787 quid
2061 757 2110 777 ac-

1149 777 1264 825 cesserit
1273 800 1282 814 ,
1297 790 1362 811 non
1372 789 1432 812 tam
1443 783 1539 817 mihi,
1555 783 1644 824 quam
1657 784 1743 815 vobis
1754 805 1763 819 ,
1782 790 1881 828 reique
1891 790 1974 829 publ.
1986 787 2111 820 access'e-

1146 829 1195 850 rit.

187 892 211 910 x.
230 886 331 918 Plautii,
340 886 564 920 &sexagesimopofl
571 893 632 910 anno
636 886 744 917 palmam
753 885 810 910 dari
815 886 999 918 putabatis,non
1009 886 1110 921 Bruta]
1132 887 1152 913 P
1155 886 1189 915 al.
1201 886 1251 915 sec.
1260 891 1430 926 plaudisexag.
1436 895 1490 925 pori
1499 902 1574 926 anno,
1586 895 1615 925 <2⁵-
1622 897 1728 928 paz'mam
1739 898 1793 922 dam
1803 906 1847 922 ,aon
1853 899 1978 930 furabar&
1987 901 2071 925 Erum.

478 967 567 1029 M.
660 969 1061 1031 TULLII

210 1145 350 1236 M·
445 1278 1113 1345 PHILIPPICA

1156 972 1769 1040 CICERONIS

557 1065 2031 1246 ANTINONIUM

1211 1280 1776 1353 SECUNDA.

330 1388 675 1435 ORATIO
754 1387 1919 1454 QJADRAGESIMAQUARTA.

388 1509 395 1516 ,
426 1483 557 1510 UoNAM
577 1489 648 1510 meo
663 1478 742 1513 fato,
764 1482 795 1510 P.
807 1482 840 1510 C.
856 1478 1027 1509 fieridicam
1039 1498 1048 1513 ,
1067 1488 1103 1510 ut

372 1514 387 1557 J
425 1531 519 1552 nemo
530 1523 576 1552 his
589 1524 676 1552 annis
685 1523 793 1562 viginti
804 1520 1024 1561 reipub.hostis
1033 1520 1101 1551 fue—

385 1600 393 1602 *
426 1565 465 1594 rit
473 1584 481 1598 ,
492 1564 545 1604 qui
556 1574 620 1594 non
631 1563 746 1593 bellum
755 1564 863 1594 eodem
876 1571 1009 1602 tempore
1020 1564 1099 1593 mihi

372 1616 381 1628 ²
425 1616 546 1647 quoque
559 1605 724 1636 indixerit?
746 1608 778 1636 N
781 1616 812 1636 ec
823 1604 894 1635 vero
905 1603 1020 1635 necesse
1030 1604 1073 1635 est
1083 1605 1099 1635 a

426 1657 477 1677 rne
491 1657 675 1688 quemquam
688 1648 852 1678 nominari.
876 1645 1034 1677 vobiscum
1045 1646 1098 1687 ipsi

425 1689 638 1720 recordamini.
671 1690 751 1719 mihi
768 1699 926 1730 poenarum
949 1689 996 1718 illi
1016 1690 1096 1729 plus,

425 1732 518 1772 quarn
529 1741 675 1772 optarem,
686 1731 841 1762 dederunt.
858 1734 905 1761 Te
915 1732 1021 1764 miror,
1032 1734 1097 1761 An—

139 1775 206 1803 toni
228 1792 236 1806 ,
260 1782 409 1811 QUORUM
426 1783 540 1804 FACTA
558 1775 678 1804 imitere
689 1794 697 1807 ,
721 1783 827 1804 eorum
841 1775 939 1804 exitus
952 1783 1015 1803 non
1027 1783 1096 1812 per-

136 1815 314 1845 horrescere.
337 1818 435 1856 Atque
448 1816 550 1846 hocin
560 1815 628 1845 aliis
635 1813 741 1845 minsis
752 1814 888 1845 mirabar.
911 1824 1005 1844 nemo
1023 1815 1094 1844 illo-

136 1866 205 1886 rum
215 1858 362 1887 inimicus
371 1858 449 1886 mihi
457 1856 516 1887 fuit
524 1857 713 1887 voluntarius
723 1868 728 1886 ;
737 1866 845 1886 omnes
855 1856 871 1886 a
880 1866 931 1886 me
940 1858 1015 1895 reip.
1025 1866 1094 1886 cau-

136 1898 165 1928 sa
183 1896 312 1928 laceffiti.
335 1908 366 1928 tu
378 1918 386 1932 ,
407 1908 446 1928 ne
463 1899 557 1929 verbo
574 1898 699 1939 quidem
717 1899 845 1928 violatus
859 1918 868 1931 ,
891 1907 925 1928 ut
943 1898 1093 1931 audacior,

137 1938 227 1980 quarn
238 1939 405 1970 L-Catilina
414 1960 423 1973 ,
433 1939 588 1973 furiosior,
601 1940 691 1980 quam
701 1940 860 1970 P.Clodius
868 1959 878 1973 ,
890 1939 1035 1972 viderere,
1047 1939 1094 1968 ul-

135 1990 182 2011 tro
193 1980 362 2012 malediffis
372 1980 564 2012 melaceffisti
577 1992 582 2010 ;
599 1985 609 2000 ¹
622 1990 763 2021 tuamque
776 1982 791 2011 a
809 1990 860 2011 me
877 1982 1092 2011 alienationem

134 2023 190 2053 tibi
208 2023 243 2053 ad
262 2025 355 2053 civeis
372 2025 485 2062 impios
503 2024 604 2064 gloriae
621 2022 685 2053 fore
703 2022 853 2063 putavisti.
876 2023 957 2064 Qid
973 2025 1092 2063 putem?

133 2073 338 2094 contemtumne
345 2068 416 2095 me?
429 2075 495 2095 non
504 2065 595 2095 video
606 2068 703 2095 necin
714 2067 774 2095 vita
783 2085 792 2098 ,
808 2066 905 2095 necin
915 2068 1006 2105 gratia
1015 2085 1024 2098 ,
1036 2074 1092 2094 nec

133 2108 166 2136 in
179 2106 266 2136 rebus
275 2106 362 2148 gestis
374 2127 382 2141 ‚
402 2109 500 2138 necin
509 2108 563 2137 hac
572 2116 638 2136 mea
649 2106 854 2137 mediocritate
866 2108 981 2147 ingenii
993 2127 1002 2140 ,
1019 2105 1092 2147 quid

131 2147 275 2187 dispicere
288 2147 377 2188 poflit
390 2151 556 2179 Antonius.
580 2151 629 2178 An
648 2159 682 2178 in
700 2149 800 2179 senatu
818 2147 965 2179 facillime
985 2149 1021 2179 de
1041 2157 1091 2178 me

131 2188 244 2219 detrahi
254 2189 337 2229 posse
345 2191 473 2221 credidit
482 2193 492 2220 ?
502 2193 554 2231 qui
565 2190 641 2220 ordo
648 2189 815 2220 clariss'rmis
826 2191 943 2220 civibus
955 2190 1030 2221 bene
1039 2200 1090 2231 ge·

131 2230 182 2261 stae
194 2233 266 2271 reip.
277 2231 489 2262 testimonium
502 2233 609 2262 multis
621 2252 630 2265 ,
650 2233 727 2262 mihi
739 2234 792 2262 uni
804 2233 983 2263 conservat-x
993 2233 1090 2263 dedit?

129 2276 180 2303 An
190 2273 336 2303 decertare
347 2284 469 2303 mecum
481 2275 579 2304 voluit
588 2276 785 2305 contentione
796 2274 915 2304 dicendi
927 2277 938 2303 ?
950 2276 1010 2305 hoc
1019 2275 1087 2315 qui-

127 2314 199 2344 dem
220 2314 404 2346 beneficium
424 2315 475 2345 est.
507 2315 581 2357 quid
599 2318 683 2345 enim
702 2316 822 2355 plenius
833 2336 841 2348 ,
860 2316 934 2356 quid
955 2316 1086 2349 uberius,

128 2355 221 2397 quam
236 2358 314 2387 mihi
325 2358 420 2397 &pro
430 2367 480 2387 me
491 2378 499 2390 ,
523 2357 556 2387 &
566 2366 668 2387 contra
679 2359 850 2387 Antonium
865 2358 983 2387 dicere?
1005 2357 1086 2387 Illud

129 2397 266 2438 Ρῑοξεᾶὸ
276 2398 327 2428 est.
351 2409 413 2429 non
426 2398 626 2437 existimavit,
641 2400 691 2439 sui
702 2397 846 2439 similibus
860 2399 976 2439 probari
992 2398 1085 2439 poffe,

128 2439 158 2469 se
177 2438 234 2469 ess'e
252 2440 368 2471 hostem
385 2443 502 2481 patriae,
521 2439 576 2471 nifi
586 2441 744 2472 mihieflet
754 2442 909 2471 inimicus.
933 2443 987 2471 Cui
1002 2441 1086 2481 prius

127 2481 219 2522 quam
230 2481 267 2511 de
277 2484 380 2512 cereris
390 2483 476 2513 rebus
486 2483 670 2523 respondeo:
691 2483 727 2513 de
739 2485 872 2513 amicitia
883 2504 892 2516 ,
910 2493 998 2524 quam
1010 2486 1025 2514 a
1035 2493 1086 2513 me

127 2523 270 2553 violatam
281 2523 338 2554 efle
346 2526 522 2555 criminatus
533 2524 574 2555 est
587 2546 595 2558 ‚
610 2524 692 2566 quod
702 2535 758 2565 ego
767 2523 974 2566 gravifl'imurn
985 2526 1085 2555 crimen

126 2564 231 2604 judico
240 2585 249 2597 ‚
273 2575 362 2605 pauca
379 2567 487 2597 dicam.
511 2570 620 2598 Contra
629 2575 692 2596 rem
704 2567 787 2596 suam
798 2565 911 2596 veniss'e
922 2576 972 2597 me
982 2568 1084 2597 nescio

127 2607 249 2647 quando
259 2607 378 2647 questus
388 2607 438 2638 est.
462 2612 511 2639 An
527 2619 582 2650 ego
596 2619 659 2639 non
677 2610 814 2638 venirem
830 2617 934 2639 contra
948 2609 1082 2639 alienum

124 2658 181 2689 pro
191 2648 332 2679 familiari
343 2670 351 2682 ‚
367 2649 400 2679 Sc
409 2649 569 2680 nccefl'arro
581 2660 651 2680 meo
662 2653 672 2679 ?
688 2659 749 2680 non
759 2652 894 2679 venirem
905 2659 1009 2680 contra
1018 2660 1082 2692 gra-

128 2692 200 2720 tiam
213 2712 221 2724 ,
234 2695 320 2721 2non
330 2693 446 2721 virturis
460 2693 554 2732 specie
563 2713 570 2725 ,
585 2692 630 2722 sed
643 2694 732 2722 aetatis
743 2690 816 2720 flore
826 2691 983 2722 colleaam
995 2694 1006 2722 ἓ
1017 2702 1081 2722 non

124 2734 260 2763 venirem
271 2734 523 2773 contrainjuriam
535 2755 544 2766 ,
560 2744 648 2775 qnam
660 2733 712 2763 iste
723 2731 920 2762 intercessoris
930 2731 1082 2774 iniquiffi—

126 2776 170 2804 mi
180 2773 328 2805 beneficio
338 2775 473 2805 obtinuit
484 2797 492 2809 ‚
505 2785 567 2805 non
576 2779 642 2815 jure
651 2777 813 2815 praetorio?
835 2775 891 2805 Sed
902 2776 960 2805 hoc
969 2777 1081 2806 idcirco
1123 2786 1141 2816 q

124 2825 401 2848 commemoratum
418 2818 434 2847 Ξι
451 2827 478 2848 te
494 2827 586 2858 puto,
608 2826 639 2847 ut
651 2827 678 2847 te
690 2815 800 2847 infimo
811 2816 911 2846 ordini
921 2827 1080 2848 commen-

125 2856 206 2887 dares
216 2878 225 2891 2
243 2858 314 2889 cum
325 2869 354 2889 te
362 2870 471 2890 omnes
481 2860 704 2890 recordarentur
713 2859 846 2888 libertini
858 2869 1002 2900 generum
1015 2878 1022 2893 ‚
1044 2859 1077 2888 ὃς

124 2897 233 2929 liberos
246 2909 313 2930 tuos
323 2921 331 2934 ,
353 2911 476 2941 nepotes
486 2902 614 2941 QFadii
625 2922 633 2936 ,
655 2901 787 2931 libertini
803 2902 939 2930 hominis
949 2920 957 2935 ,
978 2899 1075 2930 fuisse.

124 2941 165 2968 At
175 2942 256 2971 enirn
269 2945 338 2972 rein
349 2943 536 2983 disciplinam
550 2953 649 2974 meam
663 2942 838 2973 tradideras:
854 2943 935 2980 (nam
947 2946 986 2973 ita
996 2943 1076 2973 dixi-

124 2979 309 3021 st1)d0mum
319 2994 419 3015 meam
429 2988 594 3016 ventitaras.
622 2987 678 3015 Nae
689 2994 719 3015 tu
729 3005 736 3019 ,
750 2983 770 3014 fi
779 2984 809 3014 id
819 2983 932 3015 feciss'es
944 3005 952 3019 ,
963 2983 1077 3015 melius

205 3085 306 3117 [Jamque
315 3085 348 3109 ad
355 3095 388 3109 mc
397 3087 560 3112 alienationem
571 3106 580 3119 ,
590 3090 633 3113 ribi
642 3088 675 3113 ad
683 3089 753 3113 civeis
763 3091 843 3120 impius
849 3090 925 3121 gloria
929 3089 979 3121 fhre
998 3094 1073 3121 futa-

121 3093 145 3110 ι.

147 3083 199 3136 T
213 3119 257 3152 4.]
280 3119 390 3146 Retinui
401 3121 543 3148 leffionem
556 3124 707 3159 vulgatam5
728 3133 786 3159 qum
805 3125 870 3150 item
883 3124 959 3150 restat
979 3125 1004 3150 in
1018 3124 1074 3150 Pal.
1096 3145 1097 3160 3

114 3165 156 3191 pr.
167 3155 282 3181 Ferrarii
302 3155 450 3182 emendatio
465 3177 470 3187 ,
489 3159 654 3184 alienationem
665 3178 673 3190 ,
693 3160 906 3185 commendationem
923 3162 967 3186 tihi
977 3160 1073 3193 adimp.
1096 3166 1097 3171 ¹

115 3193 353 3225 &suffiri-putavisti,
366 3191 452 3227 reripit
463 3191 521 3220 saue
534 3194 656 3229 glossam.
667 3194 802 3230 alteraque
814 3195 981 3223 tantumdem
995 3196 1074 3223 valet.

1142 1479 1230 1511 famae
1242 1501 1250 1515 ‚
1272 1481 1383 1512 melius
1397 1482 1549 1521 pudicitiae
1565 1492 1622 1514 tuae
1636 1485 1841 1516 consuluisses.
1865 1487 1914 1517 sed
1928 1496 1984 1518 nec
1995 1486 2103 1523 fecisti,

1142 1532 1206 1555 nec,
1222 1521 1243 1552 fi
1252 1533 1384 1563 cuperes,
1397 1524 1451 1554 tibi
1463 1524 1554 1564 id‘per
1565 1528 1765 1557 C-Curionem
1776 1527 1872 1558 facere
1882 1528 2018 1559 licuisset.
2038 1534 2103 1560 Au*

1140 1573 1259 1603 guratus
1277 1567 1459 1605 petitionem
1477 1568 1556 1597 mihi
1573 1576 1601 1597 te
1617 1567 1786 1599 conceffifl'e
1800 1569 1913 1600 dixisti.
1937 1572 2104 1602 Oincredi-

1142 1606 1235 1636 bilem
1247 1606 1416 1638 audaciam!
1428 1607 1447 1638 o
1458 1608 1679 1648 impudentiam
1689 1611 1906 1650 praedicandam
1920 1614 1925 1641 l
1937 1615 2007 1654 Qo
2017 1615 2101 1644 enim

1143 1656 1277 1688 tempore
1289 1658 1340 1678 me
1354 1659 1498 1691 augurem
1512 1652 1528 1680 a
1542 1659 1607 1681 toto
1621 1652 1751 1693 collegio
1765 1656 1932 1693 expetitum
1947 1657 2100 1685 Cn.Pom-

1137 1690 1184 1730 jus
1196 1710 1205 1723 ‚
1227 1691 1260 1720 δε
1270 1690 1495 1729 QHortenfius
1508 1694 1862 1736 nominaverunt(neque
1872 1697 1956 1726 enim
1967 1696 2073 1727 licebat
2082 1698 2099 1728 ὲ

1137 1732 1272 1770 pluribus
1282 1734 1450 1774 nominari)
1464 1742 1494 1764 t:
1504 1744 1561 1764 nec
1569 1735 1715 1769 solvendo
1726 1746 1799 1770 eras,
1810 1748 1865 1768 nec
1878 1747 1905 1767 te
1916 1739 2097 1774 ullomodo,

1138 1771 1193 1803 nisi
1212 1775 1312 1805 eversa
1325 1784 1385 1815 rep.
1397 1775 1563 1805 incolumem
1580 1775 1646 1807 fore
1663 1778 1793 1817 putabas.
1817 1782 1934 1810 Poteras
1945 1789 2044 1810 autem
2060 1791 2098 1811 eo

1138 1823 1273 1856 tempore
1288 1826 1461 1858 auguratum
1475 1827 1575 1858 petere
1585 1839 1594 1852 ,
1614 1817 1686 1849 cum
1698 1822 1730 1850 in
1740 1821 1825 1850 Italia
1834 1823 1926 1851 Curio
1937 1831 2000 1852 non
2010 1821 2096 1853 effeti?

1136 1866 1187 1887 aut
1203 1867 1267 1887 tum
1278 1878 1288 1892 ,
1306 1860 1379 1888 cum
1396 1869 1427 1889 es
1443 1858 1559 1894 faCtus,
1578 1871 1669 1891 unam
1683 1861 1794 1892 tribum
1808 1861 1866 1892 fine
1878 1865 2011 1893 Curione
2019 1864 2097 1894 ferre

1136 1897 1302 1937 potuiss'es?
1319 1901 1403 1940 cujus
1423 1903 1512 1931 etiam
1531 1901 1693 1932 familiares
1710 1902 1746 1933 de
1765 1904 1796 1933 vi
1808 1903 2005 1935 condemnati
2014 1906 2094 1939 sunt,

1134 1940 1216 1979 quod
1233 1942 1279 1970 tui
1300 1944 1394 1971 nimis
1413 1941 1535 1973 studiosi
1554 1942 1686 1974 fuiss‘ent.
1710 1947 1750 1974 At
1770 1943 1918 1976 beneficio
1939 1947 2003 1976 sum
2024 1947 2092 1977 usus
2114 1958 2128 1990 3

1134 1990 1197 2011 tuo.
1221 1984 1313 2023 Qo?
1331 1993 1513 2024 quamquam
1532 1985 1608 2015 illud
1624 1986 1742 2025 ipsum,
1763 1987 1844 2027 qnod
1854 1998 2091 2022 commemoras,

1136 2022 1252 2063 semper
1259 2033 1319 2063 prae
1330 2035 1380 2054 me
1390 2026 1456 2055 tuli.
1470 2034 1585 2056 MALm
1600 2036 1650 2057 me
1660 2027 1715 2057 tibi
1724 2028 1831 2058 debere
1838 2028 1988 2063 confiteri,
1997 2030 2092 2071 quam

1132 2067 1272 2106 cuiquam
1289 2068 1392 2096 minus
1404 2067 1543 2107 prudenti
1557 2078 1621 2098 non
1634 2069 1701 2099 satis
1712 2079 1810 2111 gratus
1822 2071 1927 2101 videri.
1950 2072 2006 2102 Sed
2027 2082 2093 2113 quo

1134 2105 1281 2137 beneficio
1293 2110 1303 2137 ?
1321 2107 1404 2149 quod
1416 2118 1465 2138 me
1476 2109 1624 2140 Brundifii
1635 2122 1687 2140 non
1697 2111 1842 2142 occideris?
1863 2123 1954 2154 quem
1969 2113 2029 2153 ipre
2045 2116 2093 2144 vi-

1133 2146 1198 2178 &or
1208 2169 1216 2182 ‚
1230 2151 1280 2190 qui
1292 2150 1347 2180 tibi
1357 2169 1366 2185 ,
1377 2159 1410 2180 ut
1420 2159 1482 2180 tute
1491 2150 1613 2192 gloriari
1623 2152 1736 2183 solebas
1746 2174 1755 2188 ,
1766 2153 1910 2185 detulerat
1918 2165 1956 2184 ex
1965 2155 2092 2186 latroni-

1133 2189 1187 2220 bus
1197 2191 1255 2221 suis
1266 2193 1466 2232 principatum
1478 2212 1487 2225 ,
1503 2192 1618 2223 salvum
1629 2193 1686 2224 effe
1695 2193 1837 2226 voluisset
1847 2216 1855 2230 ,
1874 2198 1908 2226 in
1921 2197 2035 2227 Italiam
2048 2199 2092 2228 ire

1128 2230 1256 2270 jufl'iffet
1266 2252 1275 2267 ,
1295 2243 1366 2263 eum
1384 2242 1415 2263 tu
1430 2233 1602 2265 occideres?
1624 2239 1679 2266 Fac
1688 2235 1827 2277 potuisse.
1850 2238 1933 2279 quod
1944 2238 1986 2269 est
1997 2239 2089 2273 aliud,

1129 2276 1199 2304 P.c.
1212 2273 1372 2314 beneficium
1380 2275 1524 2306 latronum
1534 2296 1542 2311 ,
1559 2276 1613 2306 nifi
1623 2287 1655 2308 ut
1664 2288 1906 2310 commemorare
1915 2279 2039 2320 poffim,
2052 2283 2090 2310 iis

1128 2315 1156 2345 se
1166 2315 1278 2346 dedisse
1288 2319 1381 2347 vitam
1392 2338 1400 2352 ,
1421 2318 1531 2358 quibus
1539 2329 1604 2349 non
1616 2319 1802 2351 ademerint?
1825 2322 1915 2363 Qod
1926 2320 1946 2352 fi
1957 2321 2026 2353 effer
2037 2323 2089 2352 be-

1129 2356 1284 2392 neficium,
1295 2368 1463 2400 numquam
1473 2362 1507 2392 ii,
1517 2363 1570 2400 qui
1580 2362 1669 2392 illum
1681 2362 1923 2397 interfecerunt‚a
1934 2374 1994 2404 quo
2003 2373 2087 2394 erant

1128 2398 1252 2433 servati,
1273 2410 1348 2441 quos
1359 2410 1390 2431 tu
1400 2402 1462 2442 ipse
1470 2403 1550 2432 viros
1560 2401 1736 2434 clariffimos
1747 2406 1889 2445 appellare
1900 2406 1977 2435 soles
1989 2425 1997 2439 ,
2019 2414 2086 2435 tan-

1128 2449 1189 2471 tam
1210 2440 1305 2473 ess'ent
1321 2443 1449 2484 gloriam
1462 2444 1624 2475 consecuti.
1648 2448 1770 2485 QJALE
1786 2456 1885 2477 autem
1899 2446 2084 2478 beneficium

1128 2482 1171 2513 est
1180 2503 1189 2518 ,
1207 2484 1289 2523 quod
1300 2494 1326 2515 te
1337 2484 1514 2516 abstinueris
1524 2486 1639 2516 nefario
1649 2488 1755 2518 scelere
1767 2490 1777 2517 ?
1795 2498 1851 2528 qua
1864 2491 1895 2517 in
1906 2498 1935 2518 re
1947 2498 2011 2518 non
2021 2498 2084 2520 tam

1124 2526 1297 2564 jucundum
1307 2527 1404 2557 videri
1415 2529 1493 2557 mihi
1503 2527 1606 2558 debuit
1615 2547 1623 2562 ,
1635 2539 1698 2559 non
1709 2529 1902 2559 interfectum
1912 2530 1928 2560 ἐι
1938 2539 1978 2563 te,
1990 2531 2081 2571 quam

1127 2567 1284 2602 miserum,
1295 2568 1327 2599 id
1339 2577 1366 2599 te
1376 2569 1502 2609 impune
1512 2568 1606 2600 facere
1617 2569 1755 2609 potuisse.
1777 2571 1833 2601 Sed
1844 2569 1876 2601 fit
1887 2571 2081 2606 beneficium,

1125 2609 1372 2651 quandoquidem
1392 2614 1404 2638 3
1416 2611 1511 2649 majus
1521 2613 1614 2651 accipi
1624 2613 1638 2641 a
1652 2612 1767 2641 latrone
1778 2613 1897 2642 nullum
1908 2616 2007 2653 potuit
2019 2625 2025 2643 2
2047 2616 2081 2644 in

1123 2660 1185 2691 quo
1203 2660 1287 2691 potes
1306 2662 1357 2682 me
1375 2652 1472 2682 dicere
1486 2654 1655 2692 ingratum?
1673 2663 1710 2683 an
1725 2653 1760 2683 de
1773 2655 1898 2684 interitu
1912 2657 1982 2696 reip.
1997 2658 2082 2696 queri

1126 2702 1188 2722 non
1199 2693 1306 2727 debui,
1319 2703 1357 2723 ne
1366 2696 1399 2724 in
1410 2702 1437 2723 te
1447 2696 1579 2734 ingratus
1588 2694 1704 2724 viderer
1718 2698 1728 2724 ?
1751 2697 1834 2726 Nam
1844 2698 1876 2726 in
1886 2696 1938 2727 illa
1946 2698 2076 2738 querela,

1126 2734 1232 2764 misera
1249 2735 1372 2775 quidem
1385 2755 1393 2769 ‚
1414 2735 1447 2765 &
1463 2734 1612 2769 luetuosa,
1638 2737 1685 2767 sed
1697 2738 1905 2777 mihiprolioc
1913 2739 2003 2779 gradu
2014 2759 2022 2773 ,
2042 2741 2077 2770 in

1144 2785 1183 2805 uo
1194 2786 1244 2805 me
1255 2777 1369 2807 senatus
1379 2797 1387 2811 ,
1409 2778 1595 2818 populusque
1606 2780 1698 2808 Rom.
1708 2779 1887 2814 collocavit,
1907 2779 2076 2815 necessaria,

1121 2817 1193 2858 quid
1205 2817 1247 2847 est
1257 2818 1372 2848 dietum
1383 2820 1398 2854 ὲ,
1409 2829 1459 2849 me
1467 2829 1539 2848 cum
1548 2821 1745 2851 contumelia?
1755 2821 1827 2862 quid
1838 2832 1902 2852 non
1911 2822 2079 2853 moderate?

1121 2859 1193 2899 quid
1205 2869 1267 2889 non
1279 2862 1397 2892 amice?
1418 2864 1456 2891 Et
1473 2861 1598 2901 quidem
1615 2863 1701 2902 cujus
1720 2872 1922 2904 temperantiae
1938 2863 2016 2898 fuit,
2039 2866 2076 2895 de

1119 2903 1164 2931 M.
1175 2904 1312 2931 Antonio
1332 2912 1506 2943 querentem
1522 2923 1529 2936 ‚
1549 2903 1694 2934 abstinere
1712 2905 1896 2936 maledicto?
1916 2907 2077 2946 praesertim

1117 2942 1189 2972 cum
1201 2952 1230 2972 tu
1241 2944 1378 2984 reliquias
1388 2943 1748 2985 reip.diss'1paviss'es?cum
1761 2947 1847 2977 domi
1856 2957 1912 2978 tuae
1923 2948 2076 2989 turpilfimo

1117 2992 1243 3014 mercatu
1252 2988 1356 3016 omnia
1366 2985 1459 3016 ess'ent
1471 2988 1669 3019 venaba'cum
1681 2989 1759 3029 leges
1769 2999 1895 3030 eas,quae
1904 3000 2071 3032 numquam

1933 3033 2073 3073 promul-

1151 3097 1179 3114 2.
1201 3092 1253 3114 Non
1262 3089 1363 3113 virtutis
1375 3089 1473 3123 species]
1495 3089 1611 3116 Pal.1'ec.
1630 3099 1710 3127 atquc
1721 3092 1896 3118 Mauritianus
1915 3093 2016 3117 vimi-‘ris
2026 3096 2073 3126 spe.

1118 3133 1203 3159 neque
1212 3125 1292 3150 aliter
1302 3124 1439 3160 exemplar
1449 3127 1476 3150 S.
1488 3125 1615 3152 Vifiioris.

1155 3169 1181 3195 3.
1202 3163 1287 3194 Majm
1296 3159 1311 3186 ei
1322 3162 1412 3186 latrone
1422 3164 1498 3193 acciri
1505 3164 1596 3187 nullum
1607 3164 1706 3195 pou-ir]
1729 3162 1778 3189 ΜΓ,
1793 3162 1912 3189 [Aliensis
1933 3162 1948 3188 >1
1958 3165 2074 3188 lvx-onum

1115 3199 1242 3230 princip2=3
1264 3196 1334 3233 quod
1346 3205 1398 3224 non
1407 3197 1477 3224 male
1488 3198 1519 3224 iis
1531 3198 1667 3234 respondet
1680 3208 1738 3234 qum·
1748 3199 1940 3235 praeelscrunt.

1483 3235 1507 3261 D
1519 3234 1535 3260 d
1545 3234 1562 3260 d
1572 3235 1589 3261 d
1610 3244 1625 3260 2.

1982 3244 1988 3260 1
2000 3255 2003 3258 .
2014 3233 2078 3266 :QZ-'⁴³⁶'
