2297 3389
560 155 830 200 0311110
877 139 1475 196 Pno'L.CofiN221'o
1524 139 1756 194 BALBO]

198 237 233 270 &
244 235 370 269 concedi
386 235 580 277 putaremus?
597 233 704 263 ususne
717 233 839 262 rerum?
861 232 910 272 qui
925 230 1058 270 pueritiae
1073 237 1151 259 tem-

195 290 251 321 pus
262 289 449 311 extremum,
468 277 653 317 principium
667 274 773 304 habuit
781 273 931 304 bellorum
945 292 953 306 ,
968 280 1054 312 atque
1063 271 1152 311 impe-

192 323 299 352 riorum
317 320 547 351 maximorum?
566 318 652 356 cujus
662 317 796 357 plerique
812 314 938 356 aequales
956 312 1062 343 minus
1074 312 1149 352 saepe

195 362 285 394 castra
303 362 441 393 viderunt
459 379 468 394 ,
494 359 586 400 quam
605 359 653 388 bic
672 359 868 398 triumphavit
884 359 895 386 ?
925 357 978 397 qui
997 362 1042 385 tot
1062 353 1151 383 habet

194 405 362 444 triumphos
373 422 381 436 ‚
396 410 472 443 quot
484 411 543 431 orae
555 401 632 434 sunt,
644 401 793 441 partesque
808 399 973 429 terrarum?
994 403 1039 426 tot
1047 394 1147 425 111610-

192 448 250 477 rias
260 442 398 478 bellicas,
417 451 491 484 quot
500 443 611 473 suntin
625 452 725 472 rerum
739 451 846 472 natura
854 449 960 482 genera
972 437 1123 469 bellorum
1136 438 1147 465 ?

193 497 230 518 an
241 487 398 528 ingenium
410 487 421 514 ?
441 484 513 515 cum
533 486 623 515 etiam
635 483 687 525 ipsi
705 485 787 514 casus
801 504 811 517 ,
832 481 1015 521 eventusque
1033 487 1145 511 rerum,

192 538 256 560 non
267 529 357 558 duces
367 547 376 561 ,
396 526 443 557 sed
456 527 584 557 comites
594 527 658 566 ejus
675 524 871 556 consiliorum
888 523 1019 553 fuerint?
1041 522 1146 561 inquo

191 579 256 601 nno
274 571 313 599 ita
326 568 444 599 summa
461 567 582 598 fortuna
599 578 670 598 cum
686 568 804 598 summa
823 568 934 596 virtute
951 564 1092 595 certavit,
1112 569 1146 591 ut

191 610 460 649 omniumjudicio
472 631 480 643 ,
505 614 515 630 ¹
526 611 594 651 plus
603 611 724 640 homini
736 630 744 643 ‚
755 607 848 650 quam
857 607 918 637 deae
930 626 938 640 ,
949 605 1148 636 tribueretur?

189 661 229 684 an
238 652 347 694 pudor,
359 663 397 682 an
408 654 471 682 inte
507 654 561 682 itas
572 673 580 686 ,
592 662 629 683 an
639 652 746 693 religio
759 653 792 681 in
802 660 850 683 eo,
860 658 900 678 an
909 647 1065 688 diligentia
1077 654 1147 674 urn-

188 703 280 736 quam
292 693 427 736 requifita
443 705 458 724 e
496 697 506 723 ?
527 704 619 735 quem
631 695 794 734 provinciae
807 689 913 720 nostrae
924 708 932 722 ,
951 696 1045 728 quem
1057 686 1145 715 liberi

188 736 306 777 populi,
316 746 407 777 quem
418 746 508 778 reges,
520 741 533 756 ²
544 746 635 777 quem
645 744 751 765 eitterae
764 740 878 771 gentes,
890 729 1056 761 castiorem,
1072 736 1142 756 mo-

189 777 382 812 deratiorem,
396 778 574 808 sanffiorem
586 797 595 811 ,
610 787 674 807 non
685 774 779 805 modo
790 772 948 804 viderunt,
962 769 1009 800 sed
1020 778 1070 799 aut
1079 769 1145 809 spe-

188 819 284 850 rando
294 829 451 861 umquam,
462 828 511 850 aut
524 819 655 858 optando
668 817 873 857 cogitaverunt
885 815 895 841 ?
909 811 990 853 Qid
1000 811 1099 841 dicam
1109 809 1146 840 de

189 860 365 892 aufikoritate
377 865 389 890 ?
410 871 475 906 quae
493 869 570 890 tanta
579 858 622 889 est
631 879 640 892 ‚
652 865 760 899 quanta
771 858 801 886 in
813 857 861 885 his
875 857 964 884 tantis
973 852 1144 885 virtutibus,

189 913 222 934 36
235 902 371 933 laudibus
382 901 439 932 esse
458 901 554 931 debet.
577 902 663 930 cuiS.
675 902 707 930 Ρ.
717 900 805 939 QR.
817 894 1005 936 ampliffimae
1017 894 1146 936 dignita-

191 946 229 975 tis
241 946 364 984 praemia
373 943 456 974 dedit
467 963 475 975 ,
490 952 555 972 non
563 941 725 982 postulanti
737 941 873 979 imperia,
883 936 990 968 verum
1001 938 1091 966 etiam
1103 945 1146 964 re-

189 987 322 1026 cushnri:
343 985 432 1024 hujus
451 984 487 1014 de
499 982 580 1013 173ἃο
590 1003 598 1017 ,
619 983 732 1018 iudices
742 1002 749 1015 ‚
770 983 808 1011 ita
818 982 909 1021 quaeri
925 1000 933 1013 ,
954 988 987 1009 ut
996 978 1027 1008 id
1035 987 1143 1019 agatur,

189 1028 345 1058 licueritne
355 1028 382 1056 ei
391 1024 497 1059 facere,
508 1026 590 1067 quod
601 1024 673 1055 fecit
683 1044 691 1058 ,
704 1034 741 1054 an
751 1021 823 1053 vero
836 1032 899 1053 non
911 1021 1020 1054 dicam,
1032 1030 1097 1049 non
1109 1019 1147 1049 li-

188 1070 284 1100 cuerit
292 1088 301 1102 ,
312 1066 358 1098 sed
370 1067 452 1097 nefas
461 1066 552 1097 fuerit
563 1066 678 1107 (contra
685 1065 784 1096 foedus
795 1066 879 1094 enim
893 1084 900 1098 ,
921 1063 951 1093 id
963 1061 1006 1092 est
1016 1082 1024 1096 ,
1042 1070 1146 1099 contra

188 1109 294 1151 populi
305 1108 631 1150 Rom-religionem,&
641 1107 733 1139 fidem
743 1105 844 1138 fecisse
853 1105 973 1145 dicitur)
985 1113 1049 1134 non
1060 1112 1145 1143 turpe

149 1168 170 1199 5
189 1151 302 1192 populo
312 1153 407 1182 Rom.
427 1161 532 1181 nonne
546 1151 655 1181 vobis?
678 1149 790 1180 Audivi
804 1150 861 1178 hoc
882 1147 918 1178 de
936 1155 1055 1187 parente
1073 1155 1145 1175 mee

185 1203 275 1234 puer:
296 1192 369 1223 cum
380 1193 586 1232 QMetellus,
598 1195 632 1222 L.
645 1192 804 1233 F.<causam
816 1190 852 1220 de
861 1190 998 1230 pecuniis
1006 1197 1144 1228 repetun-

188 1235 235 1265 dis
247 1234 360 1265 diceret
369 1254 378 1268 ‚
390 1235 441 1264 ille
451 1254 460 1268 ,
472 1235 524 1264 1116
533 1236 580 1264 vir
590 1254 598 1268 ,
617 1236 665 1264 cui
675 1235 774 1273 patriae
786 1232 861 1262 salus
873 1251 881 1265 ,
902 1231 1019 1261 dulcior
1032 1250 1040 1263 ‚
1053 1228 1142 1270 quam

184 1275 362 1317 conspedstus
374 1296 382 1310 ,
404 1275 476 1306 fuit:
501 1277 553 1317 qui
564 1275 600 1306 de
611 1277 732 1306 civitate
743 1273 884 1304 decedere
895 1294 903 1306 ‚
925 1271 1016 1313 quem
1026 1271 1064 1300 de
1077 1272 1144 1301 sen-

186 1320 279 1348 tentia
297 1318 420 1348 maluit:
443 1318 501 1348 hoc
512 1319 603 1359 igitur
619 1318 734 1347 causam
746 1315 880 1348 dicente,
894 1313 976 1354 ‘cum
996 1311 1085 1352 ipsius
1097 1321 1141 1342 ta-

186 1360 265 1391 bulae
275 1358 538 1390 circumferrentur
547 1357 725 1398 inspiciendi
737 1358 874 1386 nominis
887 1355 979 1388 causa,
989 1352 1077 1384 fuiss'e
1091 1354 1099 1392 j
1105 1364 1139 1383 u-

184 1401 284 1432 dicem
296 1401 402 1431 exillis
412 1400 565 1441 equitibus
572 1401 720 1430 Romanis
731 1418 739 1432 ,
751 1396 926 1439 gravissimis
937 1397 1010 1426 viris
1020 1416 1028 1430 ‚
1040 1405 1111 1425 nem
1117 1396 1142 1425 i-

185 1453 270 1476 nem,
282 1444 358 1483 quin
367 1450 535 1472 removeret
544 1442 660 1475 oculos,
673 1441 705 1471 &
715 1441 742 1471 se
753 1449 851 1470 toturn
863 1446 1017 1471 averteret,
1030 1447 1068 1467 ne
1077 1437 1141 1466 sor-

185 1483 216 1514 te
226 1505 234 1517 ,
255 1483 337 1524 quod
347 1483 440 1513 illein
455 1483 567 1513 tabulas
575 1483 709 1523 publicas
719 1479 863 1513 retuliss'et
874 1502 882 1514 ,
901 1478 1039 1517 dubitasse
1057 1479 1139 1519 quis·

183 1535 286 1566 quam,
297 1534 444 1555 verumne
455 1545 463 1558 ‚
475 1535 513 1555 an
520 1524 629 1555 falsum
639 1523 721 1558 effer,
731 1524 891 1554 videretur.
915 1531 971 1552 nos
981 1523 1035 1551 Cn.
1048 1523 1141 1551 Pom-

183 1568 245 1608 peii
259 1570 271 1594 ³
287 1566 436 1597 decretum
449 1586 457 1600 ,
475 1566 628 1606 judicium
642 1586 651 1600 ,
674 1566 711 1596 de
721 1565 840 1596 consilii
849 1565 995 1595 sententia
1002 1572 1140 1603 pronun-

185 1610 292 1639 tiatum
303 1609 573 1650 recognoscemus?
595 1618 665 1638 cum
676 1608 792 1650 legibus
809 1605 1000 1638 conferemus
1012 1609 1021 1634 ἒ
1042 1607 1137 1635 4611111

182 1650 346 1680 foederibus
356 1670 364 1684 ,
384 1660 490 1680 01111113
502 1648 683 1680 acerbiffima
698 1650 855 1691 diligentia
866 1668 874 1682 ,
897 1646 1139 1688 perpendemus?

182 1693 310 1722 Athenis
319 1693 404 1729 aiunt
412 1711 420 1726 ,
432 1702 502 1722 cum
516 1692 641 1733 quidam
650 1691 726 1732 apud
738 1701 789 1721 eos
800 1712 808 1725 ,
827 1693 879 1731 qui
889 1688 986 1720 sanci&
997 1689 1140 1730 graviter-

182 1743 241 1775 que
254 1733 392 1768 vixisset,
413 1734 447 1765 δε
459 1733 669 1764 testimonium
680 1733 801 1774 publice
814 1730 935 1763 dixisset
945 1752 953 1765 ,
973 1731 1005 1761 &
1016 1732 1061 1769 (ut
1071 1740 1139 1760 mos

185 1778 359 1806 Graecorum
377 1774 432 1816 est)
441 1776 561 1816 jurandi
578 1776 663 1806 causa
680 1775 715 1806 ad
731 1785 792 1806 aras
807 1773 977 1807 accederet,
995 1782 1055 1802 una
1064 1782 1140 1803 voce

185 1819 306 1847 omneis
312 1816 446 1857 judices,
458 1819 531 1847 ncis
539 1818 666 1857 juraret,
687 1815 865 1848 reclamasse.
888 1818 966 1845 Cum
976 1814 1140 1844 Graeciho-

184 1860 304 1892 mines,
319 1857 440 1898 spectati
452 1860 510 1889 viri
521 1879 530 1893 ‚
546 1859 718 1893 noluerint,
741 1859 886 1900 religione
906 1855 1000 1887 videri
1021 1854 1135 1896 potius,

182 1900 275 1941 quam
289 1900 429 1934 veritate,
451 1898 543 1930 fidem
553 1899 611 1930 effe
629 1899 841 1931 consti-iotam:
865 1907 922 1929 nos
935 1899 1024 1928 etiam
1038 1897 1141 1936 inipsa
1159 1920 1161 1930 s

184 1942 332 1983 religione
345 1941 378 1971 &
393 1942 505 1983 legum,
518 1942 551 1972 &
562 1941 711 1972 foederum
721 1940 932 1973 conservanda,
943 1939 1038 1980 qualis
1050 1938 1141 1969 fuerit

185 1983 624 2023 cn.Pompejus,dubitabimus
638 1986 648 2012 ?
669 1983 781 2013 Utrum
793 1984 876 2012 enim
885 1981 1062 2011 inscientem
1072 1981 1141 2010 vul-

183 2027 222 2056 tis
231 2033 335 2055 contra
344 2023 451 2055 faedera
460 2023 570 2059 fecisse,
583 2035 619 2055 an
630 2025 789 2055 scientem?
798 2023 819 2053 fi
828 2023 1016 2054 [6161116111Ρό
1024 2032 1140 2052 nomen

183 2066 278 2096 nostri
297 2068 436 2106 imperii!
454 2066 473 2096 ὃ
487 2067 593 2107 populi
607 2069 700 2097 Rom.
718 2066 868 2096 excellens
880 2065 1007 2106 dignitas
1022 2067 1027 2092 !
1051 2063 1070 2093 ὁ
1081 2066 1136 2093 Cn.

181 2109 322 2148 Pompeii
332 2107 369 2138 fic
380 2107 437 2138 late
450 2128 458 2140 ‚
480 2108 628 2150 longeque
638 2107 745 2138 diffusa
754 2109 815 2138 laus
827 2128 836 2141 ,
856 2116 889 2137 ut
900 2110 962 2147 eJ'us
973 2106 1074 2147 gloriar
1085 2105 1142 2135 do-

183 2150 337 2180 micilium
359 2152 534 2180 communis
553 2151 674 2190 imperii
694 2148 806 2180 finibus
827 2150 1005 2179 terminetur
1018 2149 1023 2176 !
1051 2146 1070 2177 ὁ
1088 2157 1142 2177 na·-

181 2193 297 2225 tiones,
311 2191 400 2222 urbes
411 2211 418 2225 ,
430 2192 553 2232 populi,
566 2201 666 2232 reges,
678 2193 828 2222 tetrarchae
839 2211 847 2225 ,
869 2191 988 2231 tyranni
1001 2210 1010 2223 ,
1032 2188 1139 2219 testem
1160 2209 1162 2219 2

182 2235 240 2263 Cn.
253 2234 391 2273 Pompeii
410 2243 474 2262 non
486 2233 584 2263 solum
603 2235 764 2264 virtutisin
779 2233 860 2264 bello
872 2253 880 2265 ‚
903 2232 952 2263 sed
973 2233 1063 2262 etiam
1076 2230 1142 2259 reli-

177 2275 268 2316 gionu
279 2279 312 2304 in
321 2284 389 2314 pace
403 2276 409 2303 !
425 2284 481 2304 vos
492 2274 622 2315 denique
633 2283 723 2306 mutae
733 2277 872 2316 regiones
881 2275 1024 2314 imploro,
1038 2273 1070 2302 &
1080 2272 1142 2303 sola

181 2326 324 2347 terrarum
336 2317 510 2346 ultimarum
524 2327 529 2345 z
552 2326 608 2346 vos
618 2318 721 2350 maria,
734 2325 848 2356 portus,
859 2316 973 2349 insulae,
983 2316 1139 2355 litoraque.

183 2359 257 2400 Qiae
266 2356 308 2401 es't
318 2360 401 2388 enim
412 2367 474 2391 ora,
484 2368 549 2399 quae
560 2357 652 2391 sedes,
661 2359 715 2398 qui
725 2359 821 2391 locus,
833 2359 865 2387 in
875 2367 937 2397 quo
947 2366 1011 2386 non
1022 2355 1140 2386 exstent

183 2399 235 2440 huj
241 2409 275 2430 us
285 2409 356 2430 cum
368 2398 564 2435 fortitudinis,
576 2408 641 2430 turn
649 2398 721 2431 vero
731 2400 940 2432 humanitatis,
953 2407 1018 2429 tum
1029 2398 1136 2432 animi,

220 2548 231 2566 1
239 2560 244 2565 .
252 2541 314 2565 'Plus
322 2541 406 2565 bomini
415 2548 486 2574 quam
495 2543 544 2566 Dm
554 2539 724 2573 tribuet-eruin]
740 2537 856 2564 Restitui
867 2537 955 2564 locum
967 2538 1136 2580 pei-egregie,

181 2575 340 2603 :tucioritate
352 2575 407 2601 Pal.
419 2577 479 2602 noni
493 2595 501 2608 ,
520 2575 637 2611 Turing.
657 2575 684 2600 &
696 2576 724 2601 S.
735 2573 808 2600 Via.
820 2574 892 2609 prius
903 2573 952 2599 cusi
966 2593 973 2605 ,
994 2583 1066 2608 quam
1076 2573 1139 2599 decet

180 2613 240 2638 trib.
260 2620 318 2638 nam
327 2610 395 2638 illud
406 2613 607 2647 nuperum,plu5
617 2613 704 2636 homini
712 2618 784 2644 quam
789 2612 853 2644 poffir
865 2629 873 2642 ,
884 2612 963 2635 minus
971 2608 1046 2643 quim
1055 2609 1117 2635 decet
1126 2620 1136 2641 ‚⁰

181 2654 305 2683 argutum
316 2646 423 2683 quidem
435 2647 483 2680 est,
493 2647 533 2674 sed
546 2657 596 2674 non
610 2647 690 2673 etiam
702 2646 849 2677 firmatum,
863 2652 908 2671 aut
919 2644 1036 2671 editione
1047 2645 1136 2680 aliqua

182 2683 278 2715 veteri,
292 2691 338 2710 aut
347 2683 416 2709 libro
426 2683 567 2719 pluteario.
590 2683 649 2709 vult
659 2692 724 2718 ergo
734 2682 822 2709 nostra
830 2681 911 2708 lectito
923 2699 931 2713 ‚
952 2681 1011 2717 plus
1021 2680 1137 2707 debuisse

181 2719 246 2745 Pom
279 2720 337 2754 jum
350 2719 442 2746 virtuti
454 2719 504 2746 suae
520 2728 599 2755 quam
611 2719 736 2745 fortunae.
759 2719 788 2744 &
801 2719 865 2744 vero
885 2726 942 2743 eam
955 2716 1030 2743 fuisse
1042 2717 1138 2743 Romae

182 2754 215 2782 de
226 2755 251 2782 fe
264 2756 354 2782 icitate
373 2756 428 2790 ejus
438 2755 587 2792 opinionem
600 2774 608 2787 ‚
627 2762 658 2781 ut
673 2756 699 2782 in
719 2763 798 2781 manu
808 2754 863 2789 ejus
875 2753 1009 2780 fortunam
1029 2753 1137 2789 positam

183 2791 264 2827 vulgo
277 2792 477 2823 existimarent,
497 2792 582 2828 liquet
592 2800 626 2818 ex
641 2790 797 2817 Maniliana.

220 2836 247 2854 2.
266 2830 338 2862 Qcm
356 2836 438 2854 extcrae
451 2828 558 2862 gentes]
580 2826 824 2862 Aliter-legendum
835 2846 843 2858 ‚
862 2825 913 2852 fide
929 2824 993 2851 edd.
1006 2832 1139 2857 veterum,

183 2862 212 2889 8<
228 2864 295 2890 Pall.
305 2864 331 2890 in
343 2864 436 2900 quibus
446 2866 534 2896 altem,
545 2863 590 2890 nifi
601 2863 672 2900 quod
683 2873 768 2891 nonus
781 2882 788 2896 ‚
799 2865 867 2888 ultra
876 2869 988 2896 regentes.
1008 2861 1080 2897 quod
1090 2870 1139 2888 ex-

186 2899 286 2926 cutiant
297 2900 393 2927 Critim'
403 2900 498 2936 quibus
510 2907 595 2927 vacat.

223 2943 250 2971 3.
267 2939 409 2968 Decretum,
421 2937 540 2971 judicium
551 2956 559 2968 ,
578 2936 605 2961 ele
622 2936 707 2970 cmfilii
716 2936 838 2969 sentemia
850 2954 858 2966 ‚
880 2934 957 2968 (ly-n]
979 2933 1036 2959 Pal.
1057 2942 1141 2960 nonus

186 2980 237 2996 non
246 2971 363 3006 agnoscit
364 2973 482 3006 judicium
493 2992 502 3004 ‚
520 2973 547 2999 δι
557 2981 604 3009 per
613 2981 656 2998 me
667 2972 729 2998 licet
746 2972 868 3006 ejiciatur
879 2969 936 2996 sede
947 2970 992 2996 ista
1003 2988 1011 3000 ‚
1023 2970 1141 3005 quamvis

186 3005 264 3033 sciam
274 3007 437 3041 conjunxisse
449 3016 591 3044 utrumque
601 3008 670 3034 libro
683 3017 723 3034 11.
734 3009 760 3034 in
773 3009 882 3034 Verrem
894 3005 945 3033 fine
956 3006 1049 3042 capitis
1059 3013 1106 3041 23.

224 3049 252 3075 4.
270 3045 329 3068 cum
342 3044 467 3077 federibus·
474 3047 552 3070 omnia
570 3046 712 3078 acerbifflma
728 3044 849 3077 disigentia
864 3042 1055 3076 perpendemus]
1078 3043 1144 3067 l'ro-

188 3076 254 3118 durfi
264 3077 418 3139 scripturam
430 3079 486 3106 Pal.
497 3080 559 3107 noni
571 3099 580 3112 ,
601 3079 711 3106 Erfurd.
722 3081 749 3106 δε
761 3081 788 3106 S.
798 3078 916 3105 Victoris
929 3098 937 3110 ,
952 3077 1023 3115 quod
1035 3077 1143 3114 quidem

188 3121 286 3153 attinet
296 3123 310 3140 a
338 3123 428 3141 vocem
438 3118 525 3142 onmia.
545 3125 603 3142 nam
614 3115 668 3142 duo
677 3116 778 3152 priores
788 3115 1055 3149 habentperpmdimm
1068 3133 1076 3146 ‚
1090 3121 1144 3140 ter-

190 3155 242 3175 tius
253 3149 570 3184 vulgatumpemndemm.
580 3152 726 3179 Lambinus
737 3151 823 3178 isthaec
833 3160 939 3186 quoque
948 3149 1086 3187 persanare
1098 3159 1145 3175 vo-

189 3184 241 3213 luit
252 3204 261 3218 ,
280 3184 322 3212 sed
334 3195 385 3213 non
401 3186 502 3224 potuit.
521 3187 549 3214 &
558 3187 677 3224 alioquin
696 3188 765 3216 male
783 3194 870 3215 mutat
879 3186 946 3215 illud
965 3189 1108 3222 ateer'ffima
1119 3186 1146 3213 in

2059 154 2087 206 ἴ
2093 160 2114 210 3
2133 166 2150 196 1

1187 239 1251 261 tum
1263 230 1380 262 consilii
1397 227 1535 270 impressa
1550 228 1694 270 vestigia?
1711 230 1803 259 Hunc
1812 218 1968 269 quisquam
1981 225 2152 256 incredibili

1186 273 1312 312 quadam
1324 293 1332 307 ,
1346 281 1434 313 atque
1444 271 1577 302 inaudita
1590 273 1731 312 gravitate
1744 290 1752 304 ‚
1763 271 1872 301 virtute
1882 289 1890 304 ,
1902 266 2065 300 constantia
2074 277 2148 307 prse-

1186 315 1286 344 ditum
1300 335 1308 348 ,
1328 314 1441 345 foedera
1452 314 1594 344 scientem
1606 311 1768 354 neglexisse
1779 332 1787 346 ,
1797 309 1938 344 violasse,
1960 308 2084 350 rupisse,
2099 309 2147 339 di-

1183 365 1248 385 cere
1257 356 1397 386 audebit?
1419 354 1607 385 Gratificatur
1621 355 1700 384 1111111
1708 353 1790 397 gestu
1803 353 1968 384 accusator:
1983 351 2144 392 inscientem
2162 350 2184 381 6

1184 399 1238 426 Cn.
1250 397 1432 437 Pompejum
1449 395 1548 427 fecisse
1560 394 1712 438 significat.
1735 394 1814 438 quasi
1825 394 1897 425 vero
1906 395 2003 425 levius
2016 391 2060 427 fit,
2070 395 2143 423 cum

1182 440 1215 468 in
1226 446 1304 468 tanta
1313 439 1415 478 repub.
1425 439 1549 472 versere,
1563 438 1596 468 86
1606 440 1748 469 maximis
1758 439 1888 478 negotiis
1898 434 2005 477 praefis,
2017 438 2031 462 ἴ
2044 435 2142 466 facere

1181 479 1305 520 aliquid,
1316 479 1398 520 quod
1409 480 1478 509 scias
1489 489 1554 509 non
1564 480 1650 510 licere
1666 490 1672 509 t
1695 490 1733 510 an
1747 481 1881 510 omnino
1892 479 2005 508 nescire
2021 476 2097 518 quid
2107 476 2146 506 li-'·

1183 529 1254 551 ceat.
1279 522 1401 551 Etenim
1413 519 1483 550 cum
1496 522 1528 550 in
1543 521 1688 560 Hispania
1697 522 1812 552 bellurn
1827 522 2018 552 acerrimum,
2031 520 2146 548 &rna-

1184 564 1308 593 ximum
1317 560 1447 602 gesserat,
1460 571 1520 602 quo
1534 562 1598 601 jure
1609 563 1751 593 Gaditana
1761 565 1867 593 civitas
1876 561 1964 594 effer,
1977 559 2147 591 nesciebat?

1184 614 1233 637 an,
1244 605 1330 643 cujus
1345 603 1478 644 linguam
1489 604 1593 643 populi
1605 614 1669 634 non
1680 604 1784 638 nosset,
1798 605 2076 644 interpretationem
2086 600 2146 631 foe-

1184 646 1262 676 deris
1281 655 1345 674 non
1369 644 1487 674 tenebat
1504 647 1515 673 ?
1549 645 1582 674 Id
1598 647 1689 686 igitur
1705 647 1863 687 quisquam
1886 648 1940 675 Cn.
1960 644 2144 685 Pompejum

1183 685 1330 729 ignorasse
1339 685 1438 716 dicere
1447 685 1568 716 audebit
1577 706 1586 719 ,
1612 686 1692 726 quod
1705 688 1870 718 mediocres
1882 688 2022 716 homines
2035 707 2043 720 ,
2063 685 2145 726 quod

1183 729 1270 759 nullo
1281 728 1346 761 usu,
1357 727 1444 757 nullo
1454 727 1553 757 studio
1564 728 1685 757 militari
1696 730 1825 767 praediti,
1841 729 1924 769 quod
1935 727 2076 757 librarioli
2089 727 2144 757 de·

1171 772 1276 811 ‘nique
1295 770 1367 800 scire
1382 768 1576 810 profiteantur
1593 771 1604 798 ?
1627 770 1777 810 Equidem
1796 780 1897 800 contra
1914 769 2060 800 existimo
2073 790 2081 802 ,
2094 770 2146 808 ju-

1183 813 1276 845 dices,
1290 811 1362 843 curn
1373 813 1406 841 in
1417 812 1505 841 omni
1514 820 1631 850 genere,
1650 821 1682 841 ac
1692 813 1828 841 varietate
1838 813 1944 841 artium
1958 831 1966 844 ,
1976 814 2065 841 etiam
2077 811 2146 840 iila-

1183 864 1263 888 rum,
1274 864 1339 895 quae
1349 852 1409 883 sine
1421 853 1544 882 summo
1555 853 1619 882 otio
1632 862 1695 882 non
1704 851 1794 883 facile
1808 852 1970 886 discuntur,
1983 856 2038 882 Cn.
2051 856 2143 883 Pom-

1183 898 1268 937 pejus
1278 895 1422 928 excellat,
1444 892 1619 935 singularem
1631 894 1780 935 quandam
1792 893 1912 924 laudem
1922 895 1986 933 ejus
1999 915 2007 927 .
2030 895 2062 924 &
2072 904 2145 933 prae-

1184 937 1320 968 stabilem
1331 935 1389 967 effe
1402 935 1554 976 scientiam
1564 938 1596 966 in
1611 935 1775 966 foederibus
1785 956 1792 969 ,
1806 934 1999 976 paffionibus
2012 955 2020 969 ,
2034 935 2144 965 condi-

1183 979 1319 1010 tionibus
1331 999 1339 1012 ,
1362 978 1544 1018 populorum
1556 997 1564 1011 ,
1579 987 1682 1019 regum
1695 997 1703 1011 ,
1723 986 1891 1008 exterarum
1905 978 2065 1007 nationum
2078 987 2084 1006 z
2108 979 2141 1006 in

1183 1021 1324 1052 universo
1341 1019 1472 1061 denique
1483 1018 1556 1049 belli
1568 1020 1634 1059 jure
1646 1040 1654 1053 ,
1673 1029 1705 1050 36
1714 1022 1804 1060 pacis.
1828 1018 1885 1049 nisi
1894 1017 1973 1049 forte
1985 1039 1993 1051 .
2012 1028 2077 1058 quae
2087 1027 2142 1049 nos

1183 1063 1253 1093 libri
1263 1062 1376 1093 docent
1385 1063 1419 1091 in
1430 1060 1536 1091 umbra
1548 1081 1556 1094 ‚
1569 1060 1603 1091 &
1612 1064 1676 1092 otio
1687 1081 1695 1095 ‚
1711 1071 1744 1092 ea
1754 1064 1809 1092 Cn.
1822 1061 2006 1100 Pompejum
2017 1080 2026 1093 ,
2047 1069 2143 1100 neque

1183 1114 1254 1136 cum
1263 1104 1467 1146 requiesceret,
1479 1102 1593 1133 litterae:
1607 1113 1716 1144 neque,
1728 1102 1801 1133 cum
1812 1113 1876 1133 rem
1887 1109 2009 1144 gereret,
2021 1110 2066 1132 res
2077 1102 2145 1140 ipsa:

1185 1147 1290 1177 docere
1299 1154 1471 1187 potuerunt.
1495 1147 1594 1186 Atque
1603 1153 1636 1174 ut
1647 1155 1703 1187 ego
1713 1146 1820 1179 sentio,
1828 1144 1954 1185 judices,
1969 1143 2052 1174 causa
2065 1142 2144 1172 di&a

1184 1188 1228 1219 est
1236 1186 1252 1209 ⁶
1261 1189 1407 1229 temporis
1417 1188 1525 1228 magis.
1536 1196 1592 1228 ego
1602 1197 1666 1217 non
1675 1187 1810 1226 hujus‚in
1834 1185 2142 1227 uam,generejudicii

1183 1231 1265 1271 plura
1277 1230 1385 1260 dicam.
1403 1234 1418 1258 7
1428 1228 1480 1259 Est
1489 1229 1574 1258 enirn
1586 1229 1775 1269 hujussaeculi
1785 1228 1811 1257 la
1832 1239 1857 1257 es
1872 1227 2021 1269 quaedam,
2033 1227 2066 1256 &
2077 1235 2143 1256 ma-

1182 1273 1248 1303 cula
1257 1293 1264 1307 ,
1276 1272 1383 1302 virtuti
1392 1271 1542 1304 invidere,
1552 1270 1631 1300 velle
1642 1272 1741 1311 ipsum
1753 1269 1861 1300 florem
1871 1270 2024 1311 dignitatis
2032 1267 2145 1298 infrin-

1183 1324 1260 1355 gere.
1282 1315 1405 1344 Etenim
1419 1333 1427 1346 ,
1447 1311 1469 1342 fi
1484 1315 1538 1343 Cn.
1548 1314 1713 1353 Pompejus
1722 1312 1831 1342 abhinc
1844 1320 1942 1342 annos
1959 1314 2142 1352 quingentos

1182 1355 1294 1389 fuisset,
1306 1357 1331 1385 is
1341 1354 1417 1388 vina
1426 1364 1486 1395 quo
1496 1354 1612 1384 senatus
1621 1353 1857 1387 adolescentulo,
1869 1362 1956 1394 atque
1967 1355 2066 1392 equite
2076 1354 2144 1382 Ro-

1183 1407 1274 1428 mano
1286 1398 1358 1438 saepe
1374 1398 1552 1427 communis
1571 1396 1673 1427 salutis
1693 1396 1842 1426 auxilium
1860 1392 2036 1435 expetisset:
2058 1394 2143 1432 cujus

1180 1449 1226 1469 res
1235 1438 1322 1480 gestae
1338 1440 1458 1469 omneis
1469 1439 1584 1479 genteis
1595 1459 1602 1471 ‚
1615 1448 1686 1468 cum
1705 1436 1860 1468 clariffima
1879 1435 2008 1467 vffitoria
2018 1455 2027 1468 ,
2048 1444 2122 1465 terra
2133 1454 2141 1467 ,

1182 1484 1316 1522 marique
1325 1478 1534 1522 peragrassent:
1546 1480 1632 1518 cujus
1642 1489 1700 1510 tres
1712 1480 1860 1519 triumphi
1869 1477 1958 1509 testes
1969 1475 2064 1507 effent
2073 1496 2080 1510 ,
2094 1484 2142 1506 to-

1179 1532 1245 1553 tum
1257 1523 1363 1553 orbem
1373 1531 1515 1552 terrarum
1527 1520 1630 1552 nostro
1641 1523 1771 1561 imperio
1781 1523 1876 1551 teneri
1887 1530 1892 1549 :
1907 1528 2000 1561 quem
2010 1518 2143 1559 populus

1179 1567 1312 1596 Roman.
1325 1559 1340 1583 ⁸
1350 1562 1543 1606 singularibus
1553 1563 1721 1593 honoribus
1739 1560 1904 1593 decorasset
1915 1572 1921 1590 :
1945 1559 1966 1590 fi
1975 1570 2059 1590 nunc
2067 1560 2146 1600 apud

1179 1616 1234 1637 vos
1244 1627 1253 1640 ,
1266 1606 1297 1636 id
1308 1626 1317 1640 ,
1337 1606 1419 1647 quod
1433 1608 1458 1635 is
1471 1603 1600 1638 fecisset,
1619 1613 1723 1635 contra
1737 1603 1839 1634 foedus
1852 1602 1970 1634 fafitum
1988 1602 2143 1634 diceretur.

1179 1651 1246 1689 quis
1258 1648 1395 1678 audiret?
1417 1656 1511 1677 nemo
1529 1645 1676 1687 proferito.
1700 1656 1783 1677 mors
1793 1647 1879 1676 enim
1894 1644 1968 1676 cum
1982 1643 2150 1674 exstinxis-

1180 1691 1222 1721 set
1231 1689 1383 1724 invidiam‚
1396 1699 1442 1719 res
1452 1690 1519 1729 ejus
1527 1687 1615 1729 gestae
1626 1689 1800 1728 sempiterni
1810 1688 1949 1718 nominis
1958 1686 2055 1728 gloria
2064 1686 2144 1715 nite-

1180 1734 1336 1763 rentur.Cu
1337 1732 1349 1772 j
1354 1741 1386 1761 us
1396 1732 1488 1773 igitur
1496 1730 1597 1761 audita
1605 1732 1701 1760 virtus
1710 1729 1893 1760 dubitationi
1900 1729 2082 1759 locumvnon
2093 1727 2145 1757 da-

1178 1782 1221 1804 ret
1231 1785 1237 1802 :
1250 1774 1340 1814 hujus
1349 1773 1487 1814 praesens,
1500 1780 1630 1812 experta,
1639 1779 1727 1813 atque
1736 1770 1897 1812 perspeffli,
1908 1768 2144 1801 obtreffltorum

1178 1825 1253 1846 voce
1273 1815 1418 1846 laedetur?
1441 1815 1587 1845 omittam
1609 1815 1700 1854 igitur
1717 1813 1901 1853 Pompejum
1925 1813 1989 1852 jam
2008 1812 2144 1841 oratione

1180 1867 1248 1887 mea
1261 1857 1391 1898 reliqua:
1414 1856 1463 1887 sed
1477 1865 1533 1887 vos
1546 1876 1554 1889 ,
1565 1855 1680 1896 judices
1689 1875 1698 1889 ,
1709 1855 1835 1887 animis,
1851 1864 1885 1884 ac
1896 1854 2047 1883 memoria
2056 1861 2145 1883 tene·

1180 1907 1253 1929 tote.
1276 1898 1312 1928 de
1322 1900 1397 1939 lege,
1408 1897 1445 1928 de
1455 1897 1579 1931 foedere,
1589 1898 1627 1928 de
1636 1896 1787 1937 exemplis
1800 1915 1809 1929 ,
1820 1895 1859 1926 de
1868 1902 2007 1935 perpetua
2018 1894 2146 1925 consue-

1181 1940 1287 1970 tudine
1298 1941 1427 1970 civitatis
1436 1938 1544 1970 nostrae
1552 1959 1560 1972 ‚
1572 1938 1724 1969 renovabo
1736 1948 1769 1968 ea
1779 1957 1788 1972 ‚
1808 1946 1875 1978 quae
1885 1935 1966 1967 dieta
1975 1936 2051 1967 sunt.
2064 1936 2144 1966 nihil

1180 1983 1265 2012 enim
1277 1983 1356 2011 mihi
1366 1982 1452 2015 novi,
1462 1981 1541 2010 nihil
1554 1982 1660 2021 integri
1674 1989 1774 2021 neque
1782 1981 1827 2008 M.
1838 1976 1965 2011 Crass‘us,
1981 1979 2033 2018 qui
2046 1985 2143 2008 totam

1181 2023 1298 2054 causam
1310 2023 1343 2053 &
1352 2032 1408 2062 pro
1416 2021 1564 2055 facultate,
1577 2022 1610 2051 &
1620 2031 1674 2062 pro
1685 2019 1745 2052 fide
1756 2020 1804 2051 sua
1816 2018 2045 2062 diligentissime
2055 2019 2145 2050 vobis

1181 2064 1354 2105 explicavit,
1364 2073 1463 2105 neque
1473 2065 1527 2093 Cn.
1539 2063 1700 2103 Pompejus
1711 2083 1719 2097 ,
1730 2063 1819 2103 cujus-
1825 2065 1922 2092 oratio
1937 2061 2082 2091 omnibus
2093 2060 2144 2090 or-

1181 2108 1334 2136 namentis
1344 2105 1516 2138 abundavit,
1528 2104 1564 2135 ad
1578 2104 1742 2135 dicendum
1752 2104 1884 2146 reliquit.
1903 2103 1972 2137 Sed,
1982 2104 2142 2144 quoniam,

1181 2158 1230 2178 me
1241 2149 1410 2181 recusante,
1429 2147 1539 2187 placuit
1554 2147 1702 2176 ambobus
1717 2145 1852 2177 adhiberi
1870 2147 1951 2175 hunc
1966 2146 1982 2174 3
1994 2154 2045 2174 1116
2063 2143 2144 2185 quasi

1179 2189 1367 2230 perpoliendi
1387 2188 1539 2229 quendam
1550 2189 1649 2227 operis
1665 2197 1840 2218 extremum
1859 2187 1995 2217 laborem
2007 2197 2012 2215 :
2035 2195 2107 2226 peto
2127 2187 2142 2216 a

1179 2232 1269 2262 vobis
1279 2251 1287 2264 ,
1297 2239 1330 2261 ut
1341 2241 1390 2261 me
1403 2228 1498 2260 officii
1507 2229 1608 2270 potius
1620 2250 1628 2264 ,
1645 2239 1736 2271 quam
1747 2229 1868 2260 dicendi
1884 2228 1984 2259 studio
1994 2229 2071 2258 hanc
2083 2228 2146 2258 sus-

1181 2272 1290 2313 cepiffe
1299 2281 1418 2313 opeiam
1429 2291 1437 2305 ‚
1457 2282 1489 2302 ac
1499 2281 1610 2301 munus
1627 2273 1744 2312 putetis.
1767 2273 1812 2302 Ac
1832 2270 1928 2311 prius,
1945 2279 2035 2311 quam
2045 2279 2146 2310 aggre-

1182 2315 1244 2345 diar
1253 2315 1289 2345 ad
1303 2316 1354 2354 jus
1365 2334 1374 2349 ,
1393 2314 1570 2354 causamque
1581 2314 1716 2344 Cornelii
1728 2333 1737 2348 ,
1763 2312 1907 2354 quiddam
1926 2311 1963 2342 de
1982 2312 2145 2342 communi

1182 2356 1360 2387 conditione
1378 2357 1521 2386 omnium
1538 2353 1674 2386 nostrum
1687 2375 1696 2390 ,
1720 2353 1911 2396 deprecandae
1928 2353 2144 2384 malivolentiae

1183 2398 1267 2429 causa
1281 2418 1290 2432 ‚
1311 2398 1441 2429 breviter
1449 2397 1758 2429 commemorandum
1776 2396 1905 2428 videtur.
1928 2397 1979 2429 Si,
1994 2404 2055 2435 quo
2064 2394 2146 2435 quis·

2088 2444 2148 2477 que

1180 2540 1307 2564 acerrima.
1328 2536 1364 2564 est
1384 2536 1454 2563 enim
1465 2537 1550 2562 acerba
1560 2535 1681 2569 diligentia
1692 2543 1700 2565 ;
1721 2542 1778 2570 quae
1787 2530 1978 2560 contumeliosa
1989 2531 2016 2558 in
2034 2540 2095 2558 eum
2110 2531 2138 2558 in

1182 2583 1261 2611 quem
1273 2572 1434 2608 anquiritur.

1220 2618 1245 2643 5.
1267 2612 1353 2635 Facere
1362 2608 1457 2643 aliquid
1467 2627 1475 2639 ‚
1510 2607 1621 2640 uodftiar
1630 2616 1674 2633 non
1683 2608 1752 2632 licere
1762 2624 1770 2638 ‚
1790 2614 1822 2631 an
1832 2608 1922 2631 omnino
1933 2623 1941 2637 ‚
1950 2604 2037 2637 nescire
2044 2603 2105 2638 quid
2112 2605 2146 2629 11·-

1181 2645 1260 2679 teau]
1280 2645 1393 2671 Retinui
1413 2644 1477 2669 hanc
1494 2618 1640 2669 lee'tionem
1659 2643 1779 2669 omnium
1800 2641 1928 2667 librorum
1942 2659 1950 2672 ,
1970 2639 2103 2675 negleustis
2123 2641 2140 2667 ὲ.

1180 2681 1311 2708 Lambino
1322 2679 1458 2716 productis
1469 2678 1631 2713 conjecturis
1642 2688 1650 2710 5
1672 2678 1785 2705 nimium
1795 2677 1879 2704 acutis
1892 2696 1901 2709 ,
1920 2677 1947 2703 8<
1957 2684 2054 2712 praeter
2065 2684 2142 2702 meu-

1183 2725 1236 2745 tem
1247 2716 1375 2743 auctoris.

1218 2753 1246 2779 6.
1267 2755 1379 2785 Temporis
1389 2752 1471 2785 magis.
1492 2761 1527 2785 ego
1537 2761 1581 2777 non
1590 2750 1660 2784 hujm
1668 2752 1767 2785 inquam
1782 2757 1864 2783 genere
1875 2747 2045 2783 judiciiplura
2054 2748 2144 2780 dicam,

1182 2790 1250 2824 eyn]
1273 2788 1417 2815 Lambinus
1434 2789 1522 2814 locum
1543 2786 1643 2823 supplet
1654 2795 1686 2813 ex
1708 2785 1794 2813 nescio
1813 2793 1927 2821 quorum
1948 2784 2022 2811 libris
2034 2804 2042 2816 ‚
2062 2785 2144 2811 nostri

1183 2825 1271 2860 scripti
1282 2825 1347 2851 nihil
1361 2825 1463 2851 variant
1474 2833 1482 2854 3
1508 2822 1552 2850 nisi
1564 2821 1635 2859 quod
1647 2822 1704 2849 Pal.
1716 2831 1800 2849 nouus
1810 2821 1915 2852 habeat,
1927 2828 2053 2854 temporum
2062 2821 2144 2854 magie-

1184 2865 1230 2894 Ego
1239 2871 1300 2887 nunc
1309 2868 1335 2886 ut
1345 2861 1384 2886 vis
1397 2865 1495 2895 inquam
1506 2860 1574 2890 ,εὶ-τ.
1593 2858 1624 2884 ad
1636 2868 1713 2894 quam
1724 2858 1868 2885 lestionem
1886 2857 1990 2893 aliquot
2009 2857 2054 2883 alii
2072 2857 2142 2883 allu-

1183 2899 1252 2924 dunt
1264 2907 1271 2927 3
1293 2906 1405 2932 quorum
1419 2897 1547 2922 variantes
1559 2894 1697 2931 scripturas
1708 2894 1853 2931 producere
1863 2894 1921 2920 heic
1930 2893 2023 2929 pudet,
2034 2893 2093 2919 stitis
2106 2893 2144 2920 est

1184 2932 1300 2960 alleviffe
1310 2942 1362 2959 orae
1382 2932 1511 2958 librorum
1525 2940 1656 2958 meorum.
1676 2932 1847 2958 Hotomanus
1859 2938 1947 2957 tamen
1967 2930 2004 2955 ait
2015 2929 2039 2955 se
2053 2929 2141 2955 locum

1185 2970 1222 2995 ita
1234 2969 1371 2995 restituere
1380 2968 1413 2995 eit
1425 2968 1482 2994 mss.
1493 2969 1597 3001 temporis·
1606 2967 1676 3002 magi:
1685 2969 1757 3002 hujus·
1765 2970 1836 3000 vitio,
1853 2976 1927 3002 qicam
1935 2967 2033 2991 hominia
2044 2976 2051 2991 .·
2071 2973 2144 3000 neque

1185 3016 1219 3039 ego
1229 3006 1254 3030 dc
1265 3013 1313 3030 ram
1326 3008 1404 3038 iniquo
1416 3013 1507 3036 genere.

1223 3049 1251 3075 7.
1272 3044 1294 3066 E
1297 3043 1319 3066 f?
1326 3051 1386 3066 emm
1394 3041 1547 3074 htrjmsaeculi
1555 3041 1620 3066 labes
1629 3039 1732 3074 quaedam
1741 3039 1771 3070 ἀι
1780 3038 1901 3072 macula]
1914 3037 1972 3065 Pal.
1982 3046 2066 3064 nonus
2077 3047 2084 3063 :
2097 3038 2144 3062 ΕΗ

1185 3080 1246 3103 euim
1255 3077 1381 3109 haecfiecuh‘
1390 3077 1494 3110 quadam
1504 3078 1599 3102 macula
1607 3083 1677 3110 atquae
1686 3077 1760 3101 labes.
1781 3084 1829 3102 nec
1837 3073 1940 3111 respuo.

1225 3112 1251 3139 8.
1262 3114 1428 3145 Singularibur
1434 3113 1559 3138 honor-ihm·
1567 3112 1715 3146 decoraffers]
1731 3110 1827 3138 Lec‘tio
1837 3111 1923 3137 minus
1934 3109 2003 3136 sana.
2014 3118 2073 3136 nam
2084 3104 2142 3134 mss.

1189 3149 1269 3175 nostri
1281 3149 1307 3174 ὃ(
1320 3150 1347 3174 S.
1359 3148 1431 3175 Viet.
1442 3152 1467 3174 in
1471 3149 1675 3183 singularibusque
1685 3149 1818 3184 decorasset.
1838 3146 1921 3175 editio
1930 3147 2016 3184 prima
2025 3148 2051 3172 in
2063 3146 2144 3179 fingu-

1189 3186 1284 3212 lar-ihm·
1290 3186 1364 3219 Qir.
1376 3184 1507 3219 decorffiffkt.

1608 3221 1634 3249 X
1644 3229 1662 3248 x
1673 3229 1690 3247 x
1711 3229 1727 3247 2
2077 3223 2102 3244 1.
2114 3215 2151 3243 Ne

2164 1820 2178 1853 ⁸⁴
