2337 3400
969 23 985 36 J·

169 113 265 173 756
607 106 1038 157 M.Tur.11

168 190 307 232 placuisse
325 191 430 220 amicis
440 188 560 220 scribis,
579 186 734 218 faciemus.
759 189 806 217 De
822 187 890 216 loco
901 196 983 216 nunc
1000 185 1125 227 quidem

166 243 228 274 jam
245 234 319 262 abiit
333 230 518 271 pestilentia}
544 229 589 260 sed
609 230 755 270 quamdiu
770 229 846 261 fuit,
871 239 919 258 me
939 238 1002 258 non
1022 230 1128 269 attigit.

170 275 306 305 Plancius
317 292 325 305 ,
344 274 439 302 homo
450 270 681 302 officiofiffimus
693 292 701 304 ‚
724 281 773 301 me
786 273 869 309 cupit
886 268 943 299 effe
953 271 1052 300 secum
1068 280 1073 298 :
1097 271 1128 300 ὃ(

170 315 265 345 adhuc
278 316 394 343 retinet.
428 317 492 355 Ego
513 313 653 342 volebam
674 313 743 343 loco
766 321 861 351 magis
883 311 998 342 deserto
1017 311 1075 341 ess'e
1097 315 1128 341 in

170 359 262 396 Epiro
273 376 281 389 ,
301 365 361 395 quo
373 365 470 396 neque
487 355 583 394 Hispo
598 357 713 384 veniret
724 375 731 387 ‚
753 363 807 383 nec
819 354 946 382 milites:
975 353 1024 384 sed
1035 353 1130 383 adhuc

170 398 308 428 Plancius
322 407 372 426 me
390 400 506 427 retinet.
531 397 620 436 sperat
635 394 716 435 polle
730 394 792 425 fieri
804 416 812 428 ,
834 404 866 424 ut
887 405 1008 425 mecum
1029 397 1061 425 in
1073 398 1130 425 Ita—

169 440 241 468 liam
253 439 381 469 decedat.
406 441 506 480 Qiem
518 448 574 479 ego
593 438 674 468 diem
686 437 704 467 fi
717 437 821 467 videro
832 456 839 470 ‚
863 437 894 466 δε
915 436 935 466 si
953 439 984 466 in
997 436 1129 467 vestrum

167 481 366 520 complexum
381 490 494 511 venero
504 500 512 515 ‚
524 491 556 510 ac
568 479 629 510 si&
642 489 707 512 vos,
724 480 756 509 δε
768 488 818 509 me
828 478 926 517 ipsum
939 488 1111 519 recuperato
1125 490 1129 508 :

167 523 235 553 satis
246 532 391 563 magnum
411 521 628 553 mihin-utstum
641 521 765 551 videbor
779 519 938 561 percepisse
949 540 958 554 ,
979 521 1011 551 ὃς
1029 520 1130 551 vestrae

170 566 308 605 pietatis,
330 564 363 594 &
381 574 464 594 meae.
498 564 618 594 Pisonis
637 565 826 596 humanitas,
855 564 969 596 virtus,
988 572 1076 593 amor
1097 564 1130 592 in

170 609 293 637 omneis
304 615 359 635 nos
374 626 383 639 ‚
403 615 500 636 tantus
511 605 552 635 est
564 626 572 638 ‚
594 613 627 636 ut
645 606 722 636 nihil
743 605 825 644 supra
838 602 937 644 possit.
961 607 1086 634 Utinam
1098 615 1131 634 ea

170 658 217 678 res
227 650 254 678 ei
265 649 413 687 voluptati
434 646 467 677 sit
481 659 484 663 ·
509 649 612 688 gloriae
624 647 748 688 quidem
762 647 850 676 video
868 645 942 675 fore.
967 649 1015 675 De
1025 649 1061 683 Q.
1073 645 1131 676 fra-

171 700 214 720 tre
227 690 303 719 nihil
314 700 369 730 ego
380 699 407 719 te
422 689 553 720 accusavi
567 689 632 721 :sed
643 699 709 722 vos,
720 699 788 719 cum
800 688 963 728 praescrtim
975 697 1033 718 tarn
1046 690 1130 728 pauci

170 731 232 761 sitis
242 752 250 765 ,
271 732 356 761 volui
368 730 424 761 elie
438 736 528 772 quam
540 730 814 770 conjunffissimos.
839 728 958 770 Qibus
973 740 1022 759 me
1033 730 1131 759 volui-

170 773 207 804 sti
217 783 299 815 agere
308 775 414 814 gratias
427 794 435 806 ,
457 773 546 815 egi&
556 783 606 802 me
616 774 630 802 a
642 782 669 803 te
684 776 846 803 certiorem
870 770 981 801 fafitum
993 770 1050 801 esse
1062 772 1133 802 scri—

169 814 220 856 pfl.
247 819 255 834 ¹
269 815 360 854 Qod
371 815 405 846 ad
418 825 468 845 mc
479 836 488 849 ,
511 825 577 845 mea
587 816 728 845 Terentia
739 835 748 847 ,
760 814 883 846 scribis.
897 822 923 843 te
945 815 1047 844 vicum
1059 823 1132 843 ven-

170 857 323 888 diturum:
347 858 432 897 quid,
445 857 626 890 obsecrote,
647 857 709 893 (me
729 856 888 895 miserum)
908 855 979 895 quid
994 854 1130 885 futurum

170 898 215 929 est
229 902 239 928 ?
260 902 316 933 Et,
339 897 358 929 fi
370 909 426 929 nos
436 908 551 939 premet
561 898 663 928 eadem
673 898 794 928 fortuna
806 918 814 931 ‚
834 897 906 938 quid
917 907 1010 937 puero
1021 898 1132 927 misero

171 939 243 972 fiet?
267 944 342 972 Non
352 951 430 982 queo
439 943 551 981 reliqua
562 940 688 970 scribere
708 940 800 978 (tanta
812 942 857 969 vis
867 940 1063 978 lacrymarum
1076 938 1131 976 est)

169 992 306 1024 nequete
316 987 347 1013 in
364 982 506 1012 eumdem
528 981 633 1012 fletum
648 981 803 1012 adducam.
828 984 962 1012 Tantum
973 982 1086 1011 scribo:
1112 980 1130 1010 si

170 1034 258 1056 erunt
269 1028 299 1055 in
310 1024 526 1055 officio‘amici:
546 1026 672 1064 pecunia
683 1033 746 1054 non
757 1023 859 1053 deerit.
883 1021 903 1053 s1
915 1033 978 1053 non
989 1032 1087 1056 erunt,
1101 1032 1131 1053 tu

171 1066 288 1098 efficere
300 1076 348 1097 tua
367 1068 493 1106 pecunia
508 1075 572 1095 non
590 1068 709 1106 poteris.
737 1068 789 1096 Per
798 1064 933 1095 fortunas
946 1065 1064 1095 miseras
1075 1074 1129 1095 no-

170 1108 242 1140 stras
254 1129 262 1142 ‚
284 1109 377 1138 2vide
390 1129 400 1142 ,
420 1118 458 1138 ne
476 1117 604 1147 puerum
623 1107 775 1147 perditum
795 1107 971 1147 perdamus..
990 1105 1133 1137 cuisiali·

169 1150 244 1191 quid
256 1153 327 1180 erit:
351 1160 389 1180 ne
402 1159 483 1190 egeat
495 1170 502 1183 ,
515 1149 661 1180 mediocri
673 1151 782 1179 virtute
791 1159 866 1188 opus
877 1148 920 1179 est
929 1169 937 1182 ‚
961 1148 994 1178 &
1014 1147 1133 1178 medio-

169 1195 212 1222 cri
223 1192 341 1223 fortuna
353 1213 360 1226 ,
377 1201 511 1222 utcetera
520 1192 726 1232 consequatur.
752 1193 806 1221 Fac
814 1191 919 1224 valeas,
937 1190 969 1220 &
985 1190 1019 1231 ad
1032 1200 1081 1219 me
1093 1199 1133 1219 ta—

168 1234 310 1265 bellarios
330 1236 430 1264 mittas
443 1254 450 1267 ,
467 1243 499 1263 ut
518 1234 606 1264 sciam
619 1253 627 1267 ,
642 1233 715 1274 quid
728 1242 829 1273 agatur
839 1253 847 1266 ,
869 1232 901 1262 &
913 1242 966 1262 vos
976 1232 1049 1272 quid
1069 1241 1132 1273 aga-

175 1276 224 1306 tis.
249 1277 329 1306 Mihi
343 1277 546 1316 omninojam
557 1275 655 1306 brevis
669 1274 850 1315 exspeslatio
860 1273 910 1304 est.
934 1273 1089 1307 Tulliolae,
1103 1273 1135 1303 δε

173 1319 316 1348 Ciceroni
340 1319 463 1348 {alutem
484 1317 543 1347 dic.
567 1318 681 1348 Valere.
705 1317 878 1347 D.a.d.v1.
901 1316 1050 1346 Kalendas
1071 1318 1134 1345 De·

137 1394 146 1397 „
168 1361 329 1393 cembreis,
342 1361 532 1399 Dyrrhachii.
560 1360 784 1398 Dyrrhachium
796 1360 885 1391 veni,
907 1358 989 1399 quod
1001 1358 1135 1388 &libera

168 1404 274 1433 civitas
292 1402 350 1432 est:
375 1402 407 1432 δε
428 1404 460 1432 in
481 1411 531 1431 me
554 1400 708 1435 officiosa,
736 1401 769 1431 δε
786 1409 927 1441 proxima
946 1400 1048 1430 Italiae.
1079 1400 1135 1430 Sed

167 1443 190 1473 fi
212 1454 261 1473 me
280 1443 415 1474 offendet
438 1445 497 1474 Ioci
516 1444 688 1478 celebritas,
710 1442 771 1475 alio
789 1453 841 1474 me
853 1442 1010 1475 conferam
1023 1462 1031 1477 ‚
1051 1441 1087 1473 ad
1106 1450 1135 1472 te

169 1486 305 1516 scribam.

132 1539 402 1570 2'1'ULL1US
431 1540 723 1569 TERENTIAE
754 1540 886 1570 SU‘AE,
913 1537 1136 1567 TULLIO-

275 1581 370 1614 LAE,
403 1583 469 1611 ET
500 1582 761 1615 CICERO‘Nl
789 1582 920 1612 SUIS‚
955 1581 1034 1609 S.D.

201 1655 203 1657 .
273 1629 339 1657 Ort
354 1636 456 1667 putare
467 1647 476 1660 ,
496 1638 546 1657 me
563 1628 599 1658 ad
618 1637 803 1668 quemquam
820 1627 973 1666 longiores
994 1624 1136 1665 epistolas

274 1668 412 1702 scribere,
422 1668 476 1699 nisi
488 1689 496 1702 ,
507 1667 528 1698 fi
537 1671 590 1710 qui
602 1672 637 1699 ad
652 1679 701 1698 me
711 1670 795 1709 plura
806 1666 914 1707 scripsit
925 1688 931 1701 ‚
942 1669 989 1698 cui
1001 1677 1074 1708 puto
1090 1677 1134 1697 re-

169 1709 257 1740 scribi
268 1720 415 1750 oportere.
440 1713 507 1741 Nec
518 1713 602 1740 enim
615 1710 722 1743 habeo,
734 1710 806 1751 quid
819 1709 944 1740 scribam
956 1720 961 1739 ε
985 1714 1002 1737 3'
1011 1719 1064 1739 nec
1076 1710 1133 1738 hoc

169 1760 306 1792 ternpore
318 1752 481 1792 quidquam
496 1751 654 1782 difficilius
669 1751 757 1782 facio.
782 1752 828 1782 Ad
845 1760 871 1781 te
882 1761 953 1782 vero
964 1771 971 1785 ‚
986 1751 1019 1781 &
1031 1751 1066 1781 ad
1078 1760 1134 1780 no-

169 1793 257 1823 stram
270 1794 438 1824 Tulliolam
450 1804 513 1824 non
526 1804 605 1834 queo
616 1794 677 1824 fine
687 1794 828 1833 plurimis
846 1794 986 1833 lacrymis
997 1793 1132 1823 scribere.

168 1838 233 1865 Vos
251 1837 335 1866 enim
357 1835 451 1866 video
477 1835 543 1865 effe*
554 1836 752 1869 miserrimas,
783 1845 855 1876 quas
876 1845 931 1876 ego
954 1832 1135 1865 beatissimas

168 1878 287 1917 semper
299 1875 357 1908 effe
367 1878 452 1908 volui
463 1898 472 1912 ,
485 1877 575 1919 idque
595 1877 727 1918 praestarc
741 1877 832 1908 debui
848 1887 853 1906 :
878 1877 911 1907 &
922 1897 930 1910 ‚
950 1875 1077 1911 nisitarn
1097 1877 1135 1906 ti-

170 1920 252 1951 midi
269 1918 453 1954 fuiffemus,
471 1919 679 1960 praestitissem.
702 1920 842 1950 Pisonem
862 1918 999 1950 nostrum
1023 1920 1134 1948 merito

169 1962 316 2001 ejusamo
325 1963 505 2002 plurimum.
529 1965 612 1993 Eumv
621 1982 632 1996 ,
651 1971 683 1992 ut
692 1963 777 2001 potui
789 1982 801 1995 2
817 1971 868 2002 per
878 1961 989 1992 litteras
998 1962 1134 1991 cohorta-

169 2013 218 2033 tus
228 2003 294 2033 sum
305 2024 314 2037 ,
325 2004 489 2045 gratiasque
497 2008 544 2045 egi
555 2025 562 2038 ,
584 2004 727 2034 urdebui.
752 2006 789 2033 In
801 2013 889 2033 novrs
906 2003 1034 2033 tribunis
1053 2002 1132 2043 pleb.

168 2045 310 2087 intelligo
328 2047 411 2086 spem
426 2046 581 2076 rehabere.
605 2046 636 2075 id
656 2047 711 2076 erit
723 2044 845 2075 firmum
856 2065 864 2079 ,
886 2044 906 2074 fi
922 2046 1059 2084 Pompeji
1077 2055 1134 2074 vo-

170 2087 270 2117 luntas
282 2089 349 2118 erit.
372 2088 421 2118 sed
432 2086 564 2118 Craffum
577 2083 678 2118 tat’nen
691 2097 804 2117 metuo.
821 2090 847 2117 A
857 2097 884 2118 te
893 2087 1019 2128 quidem
1030 2088 1136 2116 omnia

172 2128 237 2158 fieri
260 2128 422 2160 fortissime
435 2150 443 2163 ‚
464 2130 498 2160 &
516 2128 718 2161 amanciflime
738 2130 846 2160 video:
872 2139 926 2159 nec
946 2131 1060 2158 miror:
1085 2128 1132 2158 sed

174 2179 292 2201 moereo
303 2171 401 2201 casum
413 2172 582 2212 ejusmodi,
603 2173 733 2204 uttantis
747 2173 804 2202 tuis
814 2171 943 2203 miseriis
954 2181 1029 2201 meae
1043 2171 1133 2201 mise-

170 2214 223 2242 riae
234 2212 434 2244 subleventur.
458 2216 540 2243 Nam
550 2213 585 2244 ad
597 2224 646 2244 me
657 2217 686 2244 P.
699 2214 847 2246 Valerius,
861 2215 956 2242 homo
968 2212 1133 2246 officiosus,

171 2253 297 2294 scripsit,
305 2254 336 2285 id
347 2255 428 2295 quod
439 2265 496 2296 ego
509 2257 649 2286 maximo
659 2266 729 2286 cum
742 2255 814 2285 fletu
825 2256 896 2296 legi,
907 2254 1134 2296 4quemadrno-

173 2295 250 2326 dum
263 2296 280 2326 a
290 2296 386 2334 Vesta:
394 2297 428 2326 ad
443 2297 575 2327 tabulam
586 2297 735 2327 Valeriam
747 2296 835 2327 dueta
846 2295 928 2327 effes.
953 2299 1034 2327 Hem
1046 2317 1054 2329 ‚
1067 2306 1134 2326 mea

173 2338 228 2368 lux
240 2358 247 2372 ‚
263 2348 369 2369 meum
384 2337 564 2369 desiderium
579 2358 587 2372 ,
611 2338 691 2368 unde
707 2348 816 2369 omnes
836 2348 925 2378 opem
945 2348 1042 2378 petere
1057 2338 1134 2367 sole-

172 2380 245 2410 bant
261 2382 266 2410 !
292 2390 320 2410 tc
331 2390 411 2410 nunc
421 2400 431 2415 ,
451 2391 519 2411 mea
529 2383 670 2412 Terentia
681 2400 690 2413 2
703 2378 739 2410 fic
749 2381 870 2413 vexari,
894 2379 931 2410 fic
940 2381 1034 2419 jacere
1047 2380 1079 2409 in
1092 2380 1134 2409 la-

169 2424 296 2461 crymis,
309 2423 341 2453 δε
351 2422 487 2452 sordibus
501 2425 505 2451 l
530 2422 620 2463 idque
631 2421 695 2451 fieri
707 2432 772 2452 mea
783 2422 878 2462 culpa,
889 2423 939 2462 qui
953 2430 1067 2451 ceteros
1077 2421 1133 2450 scr-

170 2466 251 2496 vavi,
262 2473 295 2494 ut
306 2474 363 2494 nos
373 2466 559 2504 periremus!
584 2464 673 2503 Qod
685 2464 720 2494 de
731 2464 826 2494 domo
837 2463 949 2496 scribis,
963 2463 1020 2493 hoc
1031 2461 1083 2494 est,
1098 2461 1134 2492 de

167 2515 249 2536 area:
272 2516 328 2546 ego
339 2515 411 2536 vero
421 2515 486 2535 turn
498 2506 630 2546 denique
642 2507 719 2535 mihi
737 2505 864 2535 videbor
872 2504 1024 2535 restitutus
1034 2524 1041 2538 ,
1054 2503 1074 2533 s1
1084 2503 1135 2534 illa

170 2548 260 2578 nobis
270 2550 325 2578 erit
336 2547 480 2578 restituta.
504 2547 621 2579 Verum
631 2549 695 2578 haec
711 2557 776 2578 non
786 2548 854 2578 sunt
875 2548 909 2577 in
920 2545 1019 2577 nostra
1030 2555 1133 2577 manu-

177 2670 183 2687 r
264 2662 310 2687 Uoc!
317 2662 350 2687 ad
357 2672 402 2694 me,
412 2673 462 2688 mea
473 2664 581 2689 'Terentia
593 2682 601 2694 ,
615 2664 701 2697 scribis
713 2682 720 2694 ,
731 2670 753 2687 re
762 2665 842 2687 vicum
854 2661 1031 2696 vendam-um]
1055 2662 1131 2687 Hauc

262 2697 420 2733 elegantiam
432 2699 496 2725 &in
508 2698 683 2734 superioribus
704 2707 737 2725 ex
749 2696 931 2733 manuscriptis
943 2696 1046 2723 reddidi
1060 2697 1130 2723 Tul—

172 2734 220 2765 lio,
232 2736 260 2759 Sc
269 2734 312 2759 hic
322 2734 430 2761 candem
445 2734 581 2762 vindicant
591 2735 726 2762 Palatinus
738 2737 852 2770 primus,
862 2733 980 2760 vaticani
993 2737 1130 2769 excerpta,

169 2770 283 2796 victorii
303 2770 397 2797 editio.
418 2771 525 2805 Plebeje
537 2771 679 2807 Magistelli
690 2770 811 2797 fecerunt
823 2789 830 2802 ‚
849 2770 1014 2796 ‹venditio-am.
1034 2770 1128 2796 Paullo

170 2806 225 2839 post
237 2806 319 2840 scripu
332 2818 336 2832 :
358 2817 432 2840 neque
440 2810 498 2833 rein
506 2808 693 2842 eumdcmflrrum
705 2808 831 2833 adducam.
851 2815 884 2832 ex
897 2805 966 2832 Pali.
977 2805 1061 2841 prima
1072 2805 1130 2832 cdi»

171 2842 255 2873 tione,
268 2842 390 2878 Hittorp.
401 2844 535 2869 stewech.
547 2843 679 2869 Vit‘torio.
698 2852 770 2877 neque
780 2841 930 2873 resolveris,
940 2842 964 2872 εἰ]
978 2852 1006 2867 ne
1016 2849 1048 2872 te,
1059 2842 1110 2872 &a

208 2887 236 2902 2.
257 2880 312 2902 Vtile
330 2889 357 2903 nc
371 2888 475 2911 picurum.
482 2879 603 2912 perditum
617 2879 778 2914 perditurum]
795 2878 861 2904 Haec
880 2878 914 2904 cst
925 2876 1045 2904 omnium
1056 2878 1131 2904 codi-

172 2922 230 2939 cnm
242 2912 368 2948 scriptura
379 2926 386 2940 ;
406 2915 570 2950 adnotatque
581 2915 632 2941 hire
642 2916 771 2950 Egnatius
781 2913 848 2940 illud
859 2913 1130 2950 Virgilii‚fi‹bmcrfafi

169 2959 213 2983 agne
222 2950 290 2974 obrue
298 2957 394 2982 puppii.
414 2950 535 2977 Andreas
547 2952 610 2977 vcro
623 2951 746 2977 Scliottur.
758 2949 832 2976 Nod.
844 2949 891 2976 lib.
903 2959 954 2977 ιιι.
965 2959 1020 2985 cap.
1034 2959 1043 2976 1
1052 2970 1058 2975 .
1069 2959 1129 2986 pei·-

172 2985 260 3011 rendit
271 2985 412 3018 legendum
425 3005 432 3016 ‚
451 2996 479 3011 πε
493 2994 593 3018 puerum
607 2987 725 3020 perditum
735 2997 816 3013 eanum
827 2998 832 3011 :
851 2995 907 3022 quae
919 2986 1026 3022 quidem
1037 2987 1129 3020 conje-

170 3021 247 3047 crura
257 3020 360 3046 austeri
370 3020 518 3052 blanditur,
528 3024 556 3047 8<
567 3023 612 3049 alii
624 3022 730 3050 fortasse
741 3022 904 3059 primdfacie
916 3033 921 3049 2
936 3023 1000 3048 mihi
1011 3022 1127 3055 excussa,

171 3067 223 3083 non
235 3056 318 3093 potest
329 3066 337 3086 ¹,
350 3057 405 3082 imo
418 3057 458 3081 vel
469 3057 560 3084 decem
573 3060 674 3085 vincam
687 3059 845 3088 rationibus,
856 3058 907 3085 hnc
917 3068 968 3084 non
981 3060 1127 3095 pertinere.

169 3093 266 3120 Paulli>
277 3092 331 3128 post
345 3092 442 3118 Peckio
454 3101 580 3129 excerpta
589 3104 635 3129 per
647 3104 722 3121 notas
734 3095 853 3122 scribunt
866 3114 874 3125 ,
884 3096 978 3121 Tulliola
987 3095 1016 3125 (3)-
1024 3097 1130 3121 Ciceroni

165 3134 191 3155 ε’,
203 3133 234 3154 D.
252 3138 316 3165 quas
325 3129 371 3156 ille
381 3130 576 3168 interpretatur
589 3131 703 3164 ,salutem
712 3132 770 3158 dico.
789 3131 816 3159 in
828 3131 868 3158 his
878 3130 946 3159 salus
958 3131 1067 3160 Graecioe
1079 3151 1088 3165 ‚
1099 3138 1129 3159 ut

165 3173 244 3202 γνῐο,
255 3175 307 3194 non
322 3171 447 3193 vertitur.

1113 109 1659 155 CrcER0N1s

1165 184 1434 227 Illudvdoleor'quae
1446 189 1579 227 impensa
1588 188 1723 220 facienda
1739 188 1782 219 est
1795 209 1802 223 ,
1819 189 1850 220 in
1862 187 1926 229 ejus
1936 193 2050 231 parterii
2062 211 2071 226 ‚
2091 198 2127 224 τι·

1168 230 1306 259 miseram
1318 248 1326 262 ‚
1348 228 1380 258 ὃς
1399 229 1590 268 despoliatam
1605 233 1717 261 venire.
1743 232 1831 273 Qod
1855 232 1874 262 si
1892 231 2051 264 conficitur
2070 243 2126 264 ne-

1166 274 1284 312 gotium
1297 290 1305 303 ,
1325 272 1431 299 omnia
1443 271 1671 311 consequemur.
1695 273 1737 302 sin
1747 274 1849 303 eadem
1864 284 1920 304 nos
1928 274 2051 305 fortuna
2059 284 2127 314 pre-

1167 322 1248 346 met,
1272 316 1283 338 5
1296 313 1425 341 etiamne
1439 312 1577 352 reliquias
1598 322 1661 343 tuas
1680 315 1800 345 miseras
1814 318 1976 354 projicies?
1998 317 2128 346 Obsecro

1167 365 1205 388 te,
1216 364 1283 384 mea
1292 355 1353 383 vita
1363 373 1370 386 ‚
1382 353 1464 393 quod
1475 355 1510 383 ad
1523 354 1656 384 sumtum
1666 358 1772 386 attinet
1783 377 1793 390 ,
1810 356 1871 387 sinc
1881 358 1954 388 alios
1965 376 1974 391 ,
1992 360 2044 398 qui
2055 358 2127 397 pos-

1168 397 1246 429 sunt,
1259 395 1278 425 si
1292 395 1387 425 modo
1399 396 1527 428 volunt,
1541 395 1700 426 sustinere:
1724 398 1757 427 &
1769 399 1968 429 valitudinem
1980 400 2066 430 istam
2077 401 2128 429 in·-

1169 437 1286 467 fix-mam
1299 457 1306 470 ,
1331 436 1350 466 sl
1362 447 1411 466 me
1421 447 1500 467 amas
1512 457 1520 470 ,
1541 438 1605 466 noli
1616 447 1731 468 vexare.
1756 441 1839 469 Nam
1849 442 1926 471 mihi
1939 450 2005 471 ante
2020 441 2126 472 oculos

1168 480 1249 513 dies,
1270 478 1443 520 no&eisque
1460 479 1592 508 versaris.
1617 480 1868 511 Omneislabores
1888 492 1914 512 te
1933 485 2068 523 excipere
2081 485 2128 513 vi-

1169 522 1235 551 deo.
1260 524 1356 551 timeo
1367 541 1375 554 ,
1390 530 1422 550 ut
1433 520 1584 551 sustineas.
1599 521 1648 550 sed
1658 520 1748 551 video
1758 523 1791 551 in
1803 531 1829 552 te
1842 522 1898 553 ess'e
1906 527 2021 554 omnia.
2046 527 2129 562 Qua-

1169 575 1209 596 re,
1224 572 1255 593 ut
1269 563 1311 596 id,
1324 562 1406 603 quod
1416 563 1519 602 speras,
1532 563 1564 592 ὃς
1574 562 1654 603 quod
1667 565 1738 605 agis,
1750 564 1977 605 consequamur,
1992 566 2065 596 servi
2077 576 2130 597 va-

1169 605 1302 635 litudini.
1329 608 1404 645 Ego,
1417 604 1451 634 ad
1465 614 1540 645 quos
1551 605 1673 635 scribam
1688 625 1695 638 ,
1720 605 1822 635 nescio
1832 605 1886 635 nisi
1896 606 1991 636 adeos
2001 628 2010 641 ‚
2031 610 2082 648 qui
2093 609 2129 638 ad

1170 657 1219 677 me
1234 647 1380 679 scribunt,
1396 646 1494 676 autad
1503 656 1554 676 eos
1565 666 1573 679 ,
1594 646 1629 676 de
1639 646 1749 687 quibus
1765 646 1799 677 ad
1811 657 1859 677 me
1871 658 1924 678 vos
1936 649 2049 689 aliquid
2060 650 2129 680 scri-

1169 690 1248 719 bitis.
1273 688 1421 729 Longius,
1432 698 1527 728 quum
1539 689 1578 718 ita
1589 689 1676 718 vobis
1686 689 1800 728 placet,
1817 699 1880 719 non
1892 689 2040 720 discedam
2054 702 2060 720 ;
2078 691 2128 721 sed

1171 731 1262 760 velim
1275 750 1283 764 ,
1297 734 1388 770 quarn
1400 728 1558 769 saepissim}
1571 730 1683 760 litteras
1695 732 1818 761 mittatis
1830 751 1838 764 ‚
1853 731 2015 771 praeserrim
2026 730 2044 761 fi
2056 733 2129 773 quid

1168 772 1210 803 est
1224 771 1355 804 firmius,
1366 774 1447 812 quod
1460 772 1616 811 speremus.
1643 772 1747 802 Valere
1760 792 1768 806 ,
1783 783 1848 803 mea
1859 771 2009 808 desideria,
2019 774 2128 804 valete.

1169 826 1191 845 a.
1205 814 1236 844 d.
1250 823 1305 843 111.
1319 824 1414 844 nonas
1426 813 1550 845 Octobr:
1561 812 1781 845 Thessalonica.

1210 866 1442 896 TULLIUS
1473 867 1704 895 TERENT.
1742 868 1807 896 ET
1841 868 1990 897 TULL.
2025 869 2088 899 ET

1386 908 1640 937 CICERONI
1669 909 1798 941 SUIS‚
1823 911 1850 939 S.
1875 911 1915 938 D.

1175 951 1253 1028 A
1261 962 1360 983 ccam
1375 953 1410 982 ab
1421 952 1598 983 Aristocrito
1608 955 1660 982 tris
1670 952 1808 992 epistolas
1819 973 1827 987 ,
1839 964 1910 994 quas
1921 965 1976 996 ego
1986 954 2133 995 lacrymis

1260 1004 1352 1035 prope
1361 994 1471 1025 delevi.
1498 993 1653 1025 Conficior
1663 997 1745 1025 enim
1765 1005 1915 1030 memore,
1936 1007 2002 1027 mea
2018 1001 2135 1027 Teren-

1168 1046 1222 1066 tia:
1245 1047 1302 1066 nec
1312 1046 1388 1066 meae
1397 1046 1445 1066 me
1461 1037 1589 1066 miseriae
1603 1038 1696 1077 magis
1707 1040 1889 1072 excruciant,
1899 1049 1988 1079 quam
2000 1048 2068 1072 tuae,
2081 1049 2133 1070 ve-

1170 1077 1303 1118 straeque.
1329 1081 1391 1119 Ego
1407 1087 1507 1107 autem
1520 1080 1577 1108 hoc
1588 1079 1728 1108 miserior
1747 1079 1812 1109 sum
1825 1099 1833 1113 ,
1849 1080 1939 1120 quarn
1951 1090 1981 1110 tu
1993 1101 2001 1114 ‚
2022 1091 2086 1121 quae
2101 1091 2133 1111 es

1172 1120 1355 1151 miserrima,
1376 1119 1457 1159 quod
1470 1120 1530 1159 ipsa
1543 1120 1712 1153 calamitas,
1730 1123 1906 1151 communis
1917 1121 1960 1152 est
1978 1123 2133 1163 utriusque

1172 1160 1320 1191 nostrum:
1347 1161 1396 1191 sed
1405 1161 1490 1200 culpa
1507 1171 1573 1191 mea
1590 1163 1708 1201 propria
1718 1161 1769 1191 est.
1794 1164 1899 1193 Meum
1910 1163 1967 1193 fuit
1980 1163 2131 1198 officium,

1171 1202 1218 1233 vel
1237 1203 1383 1243 legatione
1401 1205 1492 1233 vitare
1504 1203 1694 1243 periculum:
1718 1204 1766 1234 vel
1783 1204 1958 1246 diligentia,
1981 1205 2014 1235 &
2034 1207 2133 1245 copiis

1171 1243 1315 1275 resistere:
1339 1245 1387 1274 vel
1400 1244 1502 1275 cadere
1510 1244 1635 1275 fortiter.
1661 1246 1717 1275 hoc
1729 1246 1867 1276 miserius
1879 1266 1886 1280 ‚
1899 1248 2032 1286 turpius,
2051 1247 2133 1277 indi-

1172 1289 1262 1327 gnius
1282 1286 1371 1316 nobis
1384 1287 1462 1317 nihil
1475 1286 1542 1318 fuit.
1566 1289 1664 1328 Qare
1681 1298 1752 1317 curn
1766 1287 1872 1317 dolore
1885 1287 2045 1322 conficiar,
2065 1297 2132 1319 tum

1170 1331 1261 1358 etiam
1273 1327 1398 1368 pudore.
1425 1329 1612 1359 Pudetenim
1624 1339 1674 1358 me
1683 1331 1772 1359 uxori
1782 1339 1857 1360 mea:
1867 1332 1991 1370 optimae
2003 1350 2011 1364 ,
2023 1330 2135 1361 suavis-

1170 1369 1251 1401 simis
1270 1371 1392 1404 iiberis,
1412 1368 1427 1390 ⁶
1441 1374 1585 1401 virtutem
1597 1391 1605 1405 ‚
1627 1371 1660 1401 &
1673 1371 1861 1413 diligentiam
1875 1382 1938 1402 non
1956 1371 2131 1412 praestitiffie.

1172 1415 1254 1442 Nam
1271 1415 1392 1443 miante
1410 1413 1516 1443 oculos
1537 1413 1600 1443 dies
1611 1412 1785 1454 noc'teisque
1803 1414 1933 1444 versatur
1951 1415 2067 1454 squalor
2079 1424 2131 1445 ve-

1173 1454 1229 1485 ster
1241 1475 1250 1488 ,
1264 1454 1296 1485 &
1308 1465 1416 1484 maeror
1426 1475 1434 1488 ‚
1453 1453 1655 1485 &infirmitas
1674 1455 1849 1485 valitudinis
1860 1464 1917 1487 tuae
1930 1466 1935 1485 :
1958 1457 2021 1496 spes
2031 1464 2133 1487 autem

1173 1497 1275 1527 salutis
1303 1499 1456 1537 pertenuis
1473 1496 1651 1527 ostenditur.
1674 1499 1798 1527 Inimici
1818 1497 1886 1527 sunt
1902 1498 2010 1527 multi:
2032 1498 2132 1528 invidi

1171 1537 1248 1580 pene
1261 1548 1378 1568 omnes.
1403 1539 1519 1579 Ejicere
1540 1548 1595 1568 nos
1609 1548 1754 1579 magnum
1773 1538 1851 1572 fuir„
1872 1539 2029 1569 excludere
2044 1538 2131 1570 facile

1173 1580 1223 1611 est.
1246 1580 1301 1611 Sed
1313 1589 1414 1611 tamen
1426 1580 1572 1621 quamdiu
1591 1590 1646 1609 vos
1669 1581 1750 1610 eritis
1761 1582 1794 1610 in
1812 1581 1860 1620 spe
1872 1600 1881 1614 ,
1896 1590 1962 1611 non
1979 1579 2131 1615 deficiam,

1172 1633 1210 1652 ne
1227 1624 1333 1652 omnia
1354 1633 1422 1653 mea
1437 1623 1525 1662 culpa
1548 1620 1686 1652 cecidiss'e
1707 1622 1875 1652 videantur.
1908 1626 1951 1653 Ut
1969 1632 2035 1653 tuto
2061 1621 2129 1657 (ιω,

1172 1664 1254 1706 quod
1265 1664 1396 1698 laboras,
1418 1664 1449 1694 id
1461 1665 1632 1694 mihinunc
1649 1662 1832 1694 facillimum
1855 1664 1915 1695 est:
1937 1674 2029 1706 quern
2039 1666 2133 1695 etiam

1171 1708 1292 1736 inimici
1302 1707 1410 1736 volunt
1420 1708 1521 1736 vivere
1530 1708 1563 1735 in
1576 1707 1624 1736 his
1633 1708 1722 1736 tantis
1732 1706 1872 1736 miseriis.
1897 1709 1961 1748 Ego
1972 1715 2074 1746 tamen
2086 1706 2134 1737 fa·-

1171 1751 1260 1781 ciam‚
1272 1757 1337 1788 quae
1349 1749 1633 1787 praecipistArnicis,
1644 1747 1753 1788 quibus
1765 1747 1899 1781 voluisti,
1910 1750 1955 1789 egi
1964 1750 2084 1789 gratias:
2097 1749 2132 1779 &

1176 1800 1221 1820 eas
1232 1790 1344 1819 litteras
1353 1788 1484 1829 Desippo
1495 1789 1583 1819 dedi:
1606 1799 1716 1829 meque
1736 1789 1772 1819 de
1792 1799 1898 1819 eorum
1918 1789 2022 1820 officio
2034 1788 2132 1830 soripfi

1173 1833 1188 1862 a
1201 1841 1229 1861 te
1238 1832 1397 1861 certiorem
1409 1830 1467 1861 ess‘e
1478 1830 1602 1861 fastum.
1626 1832 1767 1861 Pisonem
1781 1831 1918 1861 nostrum
1933 1830 2064 1862 mirifico
2073 1830 2135 1862 effe

1176 1873 1275 1904 studio
1286 1875 1319 1903 in
1330 1884 1385 1904 nos
1397 1893 1405 1907 ‚
1428 1874 1461 1903 δε
1471 1871 1575 1903 officio
1585 1893 1594 1908 ,
1607 1873 1639 1904 δε
1651 1883 1705 1915 ego
1714 1873 1872 1914 perspicio,
1886 1873 1919 1904 δε
1930 1883 2039 1904 omnes
2058 1883 2135 1914 prae-

1171 1917 1280 1946 dicant.
1304 1918 1359 1946 Dii
1370 1915 1488 1949 faxint,
1510 1924 1544 1946 ut
1556 1916 1606 1946 tali
1620 1926 1730 1958 genero
1745 1916 1969 1956 mihipraesenti
1980 1924 2080 1946 tecum
2096 1913 2134 1945 fi-

1174 1959 1258 1993 mul,
1284 1958 1397 1988 &cum
1407 1958 1509 1987 liberis
1520 1957 1628 1988 nostris
1646 1958 1705 1988 frui
1717 1958 1812 1989 liceat.
1835 1961 1929 1988 Nunc
1948 1959 2011 1998 spes
2020 1958 2134 1999 reliqua

1172 2000 1214 2032 est
1238 2003 1270 2030 in
1285 2002 1374 2030 novis
1399 2000 1527 2030 tribunis
1545 2000 1623 2039 pleb.
1645 2001 1677 2030 ὅς
1697 2001 1729 2030 in
1747 2001 1855 2040 primis
1872 1999 1996 2042 quidem
2014 1999 2134 2030 diebus.

1173 2045 1253 2073 Nam
1264 2041 1284 2072 si
1306 2044 1496 2075 inveterarit,
1517 2042 1618 2072 aiil-nm
1637 2042 1688 2073 cst.
1713 2045 1754 2073 Ea
1772 2052 1801 2072 re
1811 2042 1846 2072 ad
1861 2051 1887 2072 te
1903 2041 2001 2073 statim
2016 2040 2135 2072 Aristo-

1172 2094 1281 2114 critum
1293 2083 1360 2113 misi
1372 2104 1379 2117 ,
1402 2093 1434 2113 ut·
1443 2084 1478 2114 ad
1490 2094 1539 2113 me
1549 2087 1698 2115 continuo
1709 2086 1796 2114 initia
1805 2094 1903 2115 rerum
1917 2106 1926 2118 ,
1939 2082 2131 2115 &rationem

1172 2129 1264 2156 totius
1274 2128 1388 2166 negotii
1402 2125 1497 2165 poss‘cs
1520 2126 1660 2156 scribere:
1684 2124 1734 2156 etsi
1744 2125 1876 2166 Desippo
1886 2136 2006 2167 quoque
2017 2127 2058 2156 ita
2069 2126 2133 2155 im·-

1171 2170 1289 2208 peravi,
1302 2168 1400 2198 statim
1414 2176 1446 2198 ut
1456 2177 1614 2198 recurreret
1626 2179 1631 2197 :
1655 2168 1687 2199 δε
1699 2167 1733 2198 ad
1746 2167 1866 2198 frati-ern
1879 2166 1944 2198 mifi
1957 2188 1966 2201 ,
1988 2175 2019 2198 ut
2027 2166 2132 2198 crebro

1171 2211 1340 2241 tabellarios
1350 2212 1489 2240 mitteret.
1514 2220 1583 2240 nam
1602 2221 1658 2251 ego
1678 2220 1714 2240 eo
1730 2211 1858 2240 nomine
1877 2210 1943 2240 sum
1952 2209 2134 2249 Dyrrhachii

1170 2255 1227 2283 hoc
1237 2261 1372 2292 ternpore
1383 2261 1436 2285 ,ut
1448 2251 1540 2293 quam
1555 2252 1723 2286 celerrime,
1733 2251 1805 2292 quid
1819 2260 1918 2292 agatur
1928 2251 2065 2285 ,audiam
2076 2269 2086 2284 ,
2100 2250 2135 2281 &

1171 2296 1234 2325 sum
1249 2304 1323 2324 tuto.
1348 2296 1461 2325 Civitas
1470 2296 1552 2323 enirn
1564 2295 1626 2324 haec
1637 2292 1774 2333 sempera
1790 2303 1838 2323 me
1849 2292 1969 2323 det-‘ensa
1979 2291 2031 2323 est.
2055 2294 2135 2324 Cum

1170 2337 1290 2366 inimici
1305 2336 1397 2366 nostri
1408 2338 1510 2376 venire
1522 2335 1659 2365 dicentur
1669 2355 1679 2368 ‚
1697 2344 1762 2364 tum
1774 2335 1808 2364 in
1820 2336 1944 2375 Epirum
1955 2334 2019 2365 ibo.
2043 2333 2135 2375 Qod

1170 2377 1283 2410 scribis,
1296 2376 1485 2413 te„s1velim,
1494 2376 1530 2407 ad
1541 2387 1590 2406 me
1601 2385 1758 2407 venturam
1771 2386 1776 2405 :
1793 2386 1848 2417 ego
1859 2376 1944 2410 vero,
1956 2386 2027 2407 cum
2038 2377 2131 2407 sciam

1173 2429 1312 2460 magnam
1331 2428 1442 2459 partem
1456 2418 1539 2449 istius
1550 2420 1650 2448 oneris
1660 2418 1709 2449 abs
1730 2427 1757 2448 te
1768 2418 1905 2449 sustineri
1919 2439 1927 2452 ‚
1949 2426 1977 2448 te
2000 2418 2066 2449 istic
2075 2416 2135 2448 effe

1171 2462 1253 2491 volo.
1275 2463 1305 2491 Si
1327 2459 1470 2501 perficitis
1480 2459 1561 2501 quod
1578 2461 1677 2502 agitis:
1703 2469 1753 2489 me
1769 2460 1804 2490 ad
1815 2470 1869 2490 vos
1883 2462 1987 2490 venire
2005 2468 2137 2500 oportet.

1171 2501 1213 2532 sin
1227 2511 1340 2532 autem*
1362 2502 1410 2532 sed
1427 2503 1504 2532 nihil
1517 2511 1592 2542 opus
1604 2501 1646 2532 est
1659 2501 1771 2542 reliqua
1790 2503 1928 2532 scribere.
1952 2504 1999 2532 Ex
2015 2503 2133 2542 primis,

1172 2554 1220 2575 aut
1230 2545 1387 2576 summum
1407 2544 1544 2575 secundis
1561 2545 1671 2574 litteris
1690 2552 1747 2574 tuis
1758 2543 1937 2575 constituere
1955 2544 2139 2584 poterimus„

2060 2584 2135 2624 quid

1214 2668 1239 2695 3.
1262 2664 1309 2685 Nec
1318 2660 1358 2684 hoc
1368 2666 1465 2692 tempore
1474 2662 1602 2694 quicquam
1611 2659 1727 2691 difficilius
1756 2659 1831 2693 acia]
1854 2659 1949 2685 Hittor
1969 2657 2041 2682 ianus
2053 2655 2135 2688 diffici-

1174 2697 1222 2720 lius
1234 2697 1311 2728 saffo.
1333 2695 1466 2722 Palatinus
1478 2694 1546 2722 sext.
1563 2696 1642 2726 fa'Hu.
1663 2694 1751 2730 paullo
1770 2695 1825 2730 post
1843 2700 1877 2720 ex
1898 2693 2019 2719 Palatino
2034 2691 2135 2726 primo,

1176 2732 1294 2758 Vaticani
1314 2732 1448 2768 excerptis
1461 2751 1468 2764 ,
1489 2731 1569 2767 lego:
1591 2738 1619 2757 ut
1636 2731 1711 2757 tantia
1729 2731 1884 2764 tujamifirit'c
1900 2739 1952 2755 mxae
1967 2729 2062 2761 miseria
2073 2728 2135 2760 stab-

1174 2770 1305 2794 levantur!

1209 2812 1237 2836 4.
1256 2804 1451 2837 Qemadmodusn
1459 2802 1475 2829 ἃ
1486 2805 1551 2837 Vestae
1559 2803 1594 2829 ad
1600 2803 1707 2829 tabulam
1717 2803 1835 2827 Valeriam
1844 2800 1915 2826 bulla
1924 2800 2005 2834 ²ffl5·]
2027 2798 2106 2825 Nihil
2118 2808 2135 2826 a

1174 2840 1281 2875 vulgata
1290 2839 1425 2866 discedere
1435 2839 1476 2866 vol
1482 2840 1508 2865 ui
1521 2858 1529 2871 ,
1540 2848 1619 2874 quam
1629 2837 1779 2864 custodiunt
1789 2836 1871 2862 ceteri
1881 2846 1986 2872 quoque
1997 2834 2055 2862 mss.
2066 2844 2135 2872 prae-

1173 2884 1214 2903 ter
1228 2875 1372 2903 Palatinum
1385 2875 1513 2912 primum,
1523 2873 1748 2903 stewechianum,
1760 2872 1904 2899 editionem
1915 2872 2072 2908 principem.
2085 2871 2134 2898 Vi-

1174 2912 1274 2939 &orius
1285 2921 1391 2947 qnoque
1402 2910 1485 2938 edidit
1494 2909 1510 2936 a*
1521 2912 1596 2943 Vesta.
1616 2908 1687 2945 quod
1696 2908 1819 2944 sequatur
1830 2909 1875 2944 qui
1889 2909 1970 2934 volet.

1212 2957 1237 2982 5.
1259 2952 1369 2974 Etiamne
1379 2949 1493 2981 reliquias·
1501 2953 1557 2971 tuas·
1565 2945 1662 2977 mfirae
1667 2945 1804 2979 projicias]
1827 2945 1870 2971 Sic
1880 2943 2022 2980 legendum
2033 2952 2067 2970 ex
2078 2943 2134 2969 Pa-

1171 2984 1311 3017 latinis,.&
1322 2983 1439 3010 editione
1449 2980 1722 3018 primm-iayietorius
1733 2988 1819 3007 tamen
1832 2982 1859 3007 8<
1873 2978 2136 3016 vulgo,m1firapnje‘÷

1151 3039 1152 3044 .
1172 3025 1228 3047 aies.
1248 3018 1319 3056 quod
1329 3029 1382 3046 noi
1393 3017 1515 3054 improbo
1528 3037 1536 3048 .
1557 3024 1674 3044 veterem
1695 3025 1782 3044 tamen
1802 3016 1945 3044 leRionem
1964 3017 2007 3042 hic
2018 3024 2131 3052 regnum

1150 3051 1152 3089 i
1173 3065 1266 3084 tenere
1280 3056 1360 3082 malo.

1149 3092 1153 3125 l
1185 3113 1189 3115 .
1208 3093 1236 3118 6.
1255 3095 1369 3117 Virtutem
1386 3091 1414 3121 &¹
1432 3090 1577 3123 diligentiam
1590 3090 1743 3123 praestitiffi]
1767 3089 1956 3125 Hittorpianus
1976 3087 2060 3114 codex
2073 3106 2082 3118 ‚
2101 3092 2133 3113 ut

1150 3128 1152 3146 '³
1172 3127 1308 3164 experior,
1319 3134 1447 3162 optimus,
1457 3128 1573 3151 virtutem
1582 3136 1611 3156 &⁶
1619 3125 1800 3161 indulgentiam,
1812 3126 1883 3163 quod
1892 3125 1972 3162 quale
1980 3125 2024 3157 sit,
2034 3123 2134 3151 nonli-

1149 3163 1152 3199 l
1172 3172 1213 3192 eet
1223 3163 1331 3196 librare,
1345 3163 1372 3191 in
1385 3167 1431 3191 no:
1442 3161 1499 3192 iesu
1511 3162 1652 3198 temporis-

2010 3204 2034 3224 ι,
2045 3195 2132 3231 Kypra

2303 494 2319 502 i
2292 367 2314 459 ³2³³»-
2315 330 2322 337 ,,

2324 1012 2329 1023 ⁴·
2324 955 2337 1002 ⁴⁴1⁷
2321 814 2337 942 “·2ἑ·”-εζ“““-
2329 804 2331 806 -
2314 780 2337 795 -ζ
