2316 3395
176 1563 192 1597 8
201 1573 220 1603 5
241 1565 279 1595 lia
290 1565 399 1595 suntin
408 1566 514 1594 virtute
525 1583 533 1596 ,
554 1563 674 1593 laudari.
698 1564 735 1592 Et
749 1563 895 1603 quoniam
906 1560 1087 1602 singulamm
1096 1563 1191 1591 virtu-

224 172 311 203 110
637 155 704 201 M.
775 152 1130 200 TULL111

218 240 252 262 ut
262 235 292 263 Ρ.
302 231 460 264 Tuberoni
470 231 644 263 Africanum
660 229 843 261 avunculum
861 227 993 257 laudanti
1012 223 1121 266 scripsit
1137 227 1170 255 C.

222 274 346 308 Laelius,
357 275 405 304 vel
415 283 446 304 ut
456 271 639 313 nosmetipsi,
650 270 776 302 ornandi
785 269 879 302 causa,
890 271 1065 299 Graecorum
1076 277 1174 300 more,

223 313 245 344 fi
254 326 331 356 quos
338 316 470 347 velimus
482 336 490 350 ,
510 315 624 346 laudare
639 311 781 352 possimus
794 323 802 345 ·,
820 309 854 340 sit
863 311 879 340 a
889 311 978 340 nobis
987 319 1108 351 quoque
1120 318 1176 339 tra—

225 356 320 388 &atus
331 360 355 388 is
365 358 458 388 locus.
481 357 670 395 Perspicuum
682 352 724 383 est
740 354 847 393 igitur.
866 353 922 383 alia
930 350 989 382 effe
1004 354 1040 382 in
1049 352 1176 381 homine

219 398 588 439 oprandaffllialaeudamis.
611 396 860 428 Genus,forma.
879 396 1077 434 vires‚opes‚
1096 392 1175 423 divi-

225 443 284 474 tiae,
296 451 448 481 ceteraque
455 450 521 480 qua:
531 438 651 468 fortuna
658 437 718 469 det,
727 445 777 467 aut
785 436 981 470 extrinsecus,
988 445 1039 465 aut
1046 435 1176 474 corpori,

225 491 290 513 non
301 483 411 513 habent
425 484 455 512 in
473 481 500 511 se
510 489 608 509 veram
616 477 728 507 laudem
739 489 749 505 .·
759 488 825 519 quae
834 477 935 508 deberi
943 478 1047 508 virtuti
1057 479 1112 506 uni
1120 486 1176 517 pu-

225 532 302 554 tatur
323 535 328 553 :
348 523 398 554 sed
409 532 508 553 tamen
518 521 601 562 quod
611 521 672 560 ipsa
687 522 781 550 virtus
790 522 823 549 in
832 529 934 549 earum
945 529 1044 549 rerum
1053 518 1108 548 usu
1118 537 1127 551 ‚
1147 527 1179 547 ac

226 565 435 596 moderatione
452 562 587 594 maxime
607 564 738 593 cernitur
749 583 756 595 .
773 561 920 591 tractanda
936 563 1026 591 etiam
1037 562 1070 590 in
1081 559 1180 590 lauda-

227 606 433 637 tionibushaec
447 606 515 636 sunt
526 614 634 635 naturae
652 604 684 634 δε
700 603 829 634 fortunae
845 603 924 633 bona
946 614 952 633 :
976 605 1008 633 in
1017 601 1126 643 quibus
1135 599 1179 630 est

225 648 418 678 summalaus
430 667 438 681 ‚
462 649 540 677 Nori
562 655 747 676 zxrunrsss.
763 645 833 675 sein
844 644 984 684 potestate
995 665 1005 678 ‚
1020 640 1181 674 nonfuiffe

228 690 410 720 'insolentem
421 691 453 720 in
462 690 599 729 pecunia.
609 697 672 718 non
682 688 710 718 se
719 685 876 727 praetuliss'e
885 688 950 716 aliis
960 695 1078 726 propter
1086 685 1182 714 abun-

230 731 362 762 dantiam
373 730 503 762 fortunae
514 742 522 764 ;
542 739 576 760 ut
585 739 656 770 opes
667 751 675 762 ,
689 729 721 759 δε
731 730 824 769 copiae
834 738 897 758 non
907 728 1050 769 superbiae
1059 726 1183 756 videan-

229 781 278 802 tur
292 783 324 804 ac
340 773 462 803 libidini
478 792 486 806 ‚
507 772 557 802 sed
567 772 695 802 bonitati
708 781 740 800 ac
752 770 955 800 moderationi
965 769 1136 799 facultatem
1148 767 1181 796 δε

226 817 385 845 materiam
396 812 517 844 dedisse.
540 814 636 843 Vinus
651 821 751 843 autem
765 832 772 844 ‚
786 811 901 852 quaeest
912 821 964 850 per
974 812 1001 841 se
1012 811 1073 849 ipsa
1082 809 1182 839 lauda-

227 855 298 886 bilis
311 877 319 888 ,
335 856 368 887 &
377 855 438 886 fine
446 866 504 896 qua
514 855 594 886 nihil
605 853 713 884 laudari
723 851 819 894 potest
830 874 838 887 ,
857 862 959 883 tamen
978 853 1065 882 habet
1072 851 1183 891 plureis

227 900 336 938 parteis
349 918 357 931 ‚
375 907 500 938 quarum
510 897 566 927 alia
575 895 618 927 est
628 895 663 925 ad
673 895 877 925 laudationem
887 896 991 934 aptior.
1013 897 1088 923 Sunt
1095 894 1182 922 enim

227 940 293 970 alia:
305 941 428 970 virtutes
441 959 448 973 ,
460 949 527 980 quae
535 938 676 968 videntur
686 938 718 966 in
728 936 864 966 moribus
874 937 1039 966 hominum
1047 955 1055 969 ‚
1069 935 1102 965 &
1111 943 1184 975 qua—

232 981 301 1012 dam
313 983 452 1012 comitate
461 991 494 1010 ac
503 978 698 1010 beneficentia
706 976 805 1018 positae
824 988 829 1006 z
847 978 910 1009 aliae
919 997 927 1011 ,
949 988 1015 1018 quae
1025 979 1057 1007 in
1067 976 1183 1017 ingenii

230 1023 490 1064 aliquafacultate,
511 1031 560 1052 aut
569 1022 664 1051 animi
675 1019 902 1061 magnitudine,
920 1030 952 1050 ac
961 1019 1076 1049 robore.
1101 1020 1182 1047 Nam

225 1065 409 1098 clementia,
427 1063 558 1104 justitia,
579 1062 765 1103 benignitas,
785 1060 875 1095 fides,
894 1060 1039 1091 fortitudo
1057 1062 1090 1090 in
1106 1061 1185 1099 peri-

232 1106 310 1136 culis
318 1105 536 1137 communibus
547 1124 555 1138 ,
573 1103 707 1144 jucunda
721 1102 764 1133 est
781 1102 884 1134 auditu
902 1105 934 1133 in
953 1101 1183 1133 laudationibus.

227 1149 352 1178 Omns
362 1150 446 1178 enim
457 1148 501 1177 hae
511 1148 633 1176 virtutes
642 1155 705 1176 non
714 1154 773 1175 tam
785 1144 917 1186 ipsis‚qui
926 1151 972 1174 eas
982 1146 1015 1174 in
1026 1145 1054 1174 se
1064 1144 1184 1175 habent,

233 1199 327 1231 quam
345 1191 447 1231 generi
457 1189 621 1218 hominum
633 1207 642 1221 ,
659 1186 818 1217 frutstuosae
832 1195 980 1227 putantur.
1003 1187 1144 1226 sapientia
1154 1185 1188 1214 ὃς

235 1230 411 1272 magnitudo
430 1232 526 1260 animi
545 1249 554 1263 ,
578 1233 588 1249 ¹
608 1239 666 1270 qua
687 1237 795 1258 omnes
814 1237 858 1259 res
878 1230 1016 1258 humanae
1033 1235 1186 1269 geruntur,

236 1282 340 1303 tenues
353 1292 360 1305 ‚
381 1273 413 1302 &
426 1280 474 1313 pro
487 1271 574 1301 nihilo
583 1279 724 1311 putantur
735 1281 741 1299 ι
755 1270 787 1300 &
798 1272 831 1300 in
839 1269 1040 1311 excogitando
1050 1271 1096 1299 vis
1106 1278 1187 1310 quae·

237 1314 307 1345 dam
319 1315 451 1355 ingenii,
470 1313 575 1353 &ipsa
587 1313 775 1353 eloquentia,
793 1311 1000 1342 admirationis
1018 1309 1108 1341 habet
1123 1319 1187 1339 non

236 1354 342 1386 minus
359 1375 368 1389 ‚
386 1355 578 1395 jucunditatis
597 1356 710 1384 minus.
742 1354 825 1393 Ipsos
842 1355 926 1383 enim
946 1355 1040 1394 magis
1057 1353 1186 1384 videtur,

235 1407 312 1439 quos
331 1401 345 1416 ²
356 1397 510 1427 laudamus
522 1417 530 1430 ,
542 1395 633 1437 quam
644 1396 712 1425 ilios
723 1415 731 1428 ‚
742 1395 818 1435 apud
829 1405 904 1436 quos
915 1395 1070 1425 laudamus
1080 1414 1089 1428 ,
1099 1401 1189 1424 orna-

234 1449 265 1470 re
278 1459 285 1472 ,
305 1449 337 1469 ac
345 1441 421 1469 tueri
441 1449 447 1468 ι
467 1438 515 1469 sed
525 1447 627 1468 tamen
646 1439 678 1467 in
697 1437 845 1467 laudando
860 1436 1011 1478 jungenda
1021 1437 1089 1467 sunt
1098 1437 1188 1466 ctiam

236 1482 301 1511 haec
309 1482 579 1522 generavirtutum.
601 1478 810 1509 feriuntenim
819 1488 900 1508 aures
912 1480 1075 1508 hominum
1088 1498 1097 1512 ‚
1118 1475 1189 1507 cum

240 1523 290 1553 illa
302 1543 310 1555 ‚
331 1533 396 1563 quae
402 1521 534 1561 jucunda
543 1541 553 1555 2
567 1521 600 1551 &
613 1529 707 1562 grata,
728 1529 793 1550 tum
803 1522 894 1550 etiam
904 1520 953 1550 illa
963 1539 971 1553 ‚
992 1529 1058 1561 quae
1067 1519 1192 1549 mirabi-

240 1616 306 1637 tum
325 1607 394 1637 sunt
407 1614 485 1636 certa
493 1604 628 1646 quaedam
639 1602 739 1634 officia
749 1624 757 1637 ,
777 1613 809 1634 ac
819 1612 944 1633 munera
954 1623 962 1636 .
984 1604 1017 1633 &
1026 1603 1076 1633 sua
1084 1604 1192 1643 cuique

237 1650 345 1678 virtuti
358 1647 420 1678 laus
429 1648 547 1687 propria
555 1646 679 1676 debetur
692 1666 701 1679 ‚
719 1647 776 1675 erit
783 1644 997 1685 explicandum
1008 1647 1041 1674 in
1050 1644 1136 1674 laude
1143 1646 1193 1683 ju-

239 1689 329 1721 stitia:
338 1710 348 1722 ‚
367 1690 440 1730 quid
450 1696 520 1719 cum
538 1686 596 1718 fide
606 1708 615 1721 ,
635 1687 787 1728 quidcum
797 1686 996 1728 aequabilitate
1007 1707 1015 1720 ,
1035 1686 1109 1727 quid
1118 1695 1189 1716 cum

236 1731 393 1772 ejusmodi
402 1732 502 1771 aliquo
517 1728 620 1759 officio
632 1731 655 1759 is
667 1750 675 1763 ,
687 1731 738 1770 qui
749 1729 916 1759 laudabitur
925 1746 934 1761 ,
946 1728 1058 1759 fecerit.
1100 1731 1193 1758 Item—

241 1775 344 1814 quein
354 1774 458 1804 ceteris
468 1781 513 1802 res
523 1771 609 1812 gestae
619 1771 655 1801 ad
665 1771 807 1811 cujusque
815 1771 934 1800 virtutis
943 1780 1035 1811 genus
1045 1790 1054 1803 ,
1071 1770 1104 1800 δε
1113 1771 1190 1802 vim,

243 1817 278 1846 &
295 1824 412 1845 nomen
427 1812 745 1844 accommodabuntur.
778 1814 997 1842 GRArtsSIMA
1014 1821 1113 1842 autern
1132 1811 1194 1840 laus
1213 1823 1215 1834 ι

243 1867 351 1888 eorum
369 1855 518 1886 fastorum
536 1855 659 1884 habetur
670 1874 678 1888 ‚
701 1864 765 1895 quae
785 1854 915 1893 suscepta
930 1853 1071 1883 videntur
1088 1852 1104 1883 ὲ
1121 1854 1194 1882 viris

241 1899 370 1929 fortibus
381 1897 441 1927 fine
450 1897 659 1927 emolumento
668 1906 699 1926 ac
709 1897 835 1936 pioemio
848 1905 853 1925 z
865 1905 930 1935 quae
941 1894 1012 1925 vero
1024 1897 1113 1925 etiam
1124 1903 1195 1924 cum

241 1941 345 1972 labore
358 1960 365 1973 ,
385 1938 560 1980 &periculo
572 1938 704 1978 ipsorum
715 1958 724 1971 ,
743 1938 805 1967 haec
823 1937 934 1967 habent
949 1937 1132 1966 uberrimam
1143 1945 1195 1966 co-
1215 1953 1216 1968 1

244 1985 327 2023 piam
336 1981 372 2012 ad
382 1980 564 2011 laudandum
577 2000 585 2013 ‚
604 1978 686 2021 quod
697 1979 731 2009 &
740 1979 801 2009 dici
811 1976 993 2008 ornatissime
1003 1977 1123 2018 possunt
1131 1998 1140 2011 ‚
1163 1977 1195 2007 δε

246 2024 342 2055 audiri
357 2021 512 2054 facillime.
546 2025 586 2052 Ea
603 2023 688 2050 enim
705 2021 834 2061 denique
851 2022 983 2050 Verus
1001 2018 1058 2049 ess'e
1076 2019 1197 2050 videtur

246 2065 411 2108 praestantis
419 2066 497 2097 viri,
508 2073 573 2104 quae
583 2061 626 2092 est
634 2061 783 2092 fruetuosa
791 2062 857 2092 aliis
867 2082 875 2094 ,
895 2060 947 2102 ipsi
956 2070 1055 2091 autem
1067 2060 1198 2091 laborio—

247 2109 288 2141 sa,
300 2115 350 2137 aut
358 2106 532 2146 periculosa,
543 2113 593 2134 aut
600 2103 679 2133 certe
690 2105 820 2144 gratuita.
844 2105 952 2144 Magna
963 2105 1052 2133 etiam
1065 2103 1115 2133 illa
1125 2103 1197 2134 laus,

245 2150 284 2180 ὅ(
292 2147 474 2178 admirabilis
484 2145 580 2175 videri
589 2145 664 2175 solet
673 2165 682 2178 ‚
703 2143 802 2174 tulisse
810 2145 890 2174 casus
903 2145 1042 2184 sapienter
1051 2143 1198 2176 adversos,
1220 2167 1221 2174 ,

249 2201 315 2222 non
323 2188 451 2219 fractum
461 2185 518 2217 effe
525 2183 810 2219 fortuna,retinuiffe
820 2187 852 2214 in
862 2185 947 2214 rebus
956 2186 1061 2224 asperis
1076 2184 1203 2224 dignita-
1220 2200 1221 2210 i

252 2242 325 2263 tem.
345 2234 452 2271 Neque
462 2238 563 2259 tamen
574 2229 624 2258 illa
633 2237 696 2257 non
706 2235 813 2257 ornant
822 2246 830 2259 ,
842 2226 934 2255 habiti
945 2227 1075 2255 honores
1085 2245 1093 2259 ‚
1102 2226 1202 2255 decre-

252 2284 281 2304 ta
289 2274 407 2303 virtutis
416 2272 537 2312 praemia
547 2290 555 2303 ,
576 2279 620 2300 res
629 2268 716 2310 gestat
733 2288 741 2302 ,
758 2267 879 2307 judiciis
890 2268 1053 2297 hominum
1063 2276 1204 2306 compro-

252 2316 344 2346 batae:
362 2316 394 2343 in
404 2312 512 2354 quibus
519 2313 609 2342 etiam
621 2311 791 2350 filieitatem
800 2309 892 2349 ipsam
906 2329 913 2342 ‚
931 2308 1056 2338 deorum
1075 2310 1205 2337 immor-

254 2358 360 2388 talium
368 2355 486 2394 judicio
494 2353 584 2383 tribui
595 2372 603 2386 ‚
620 2351 798 2381 laudationis
807 2350 858 2380 est.
882 2349 1040 2380 Sumendae
1049 2359 1148 2380 autem
1160 2359 1204 2379 res

255 2406 342 2428 erunt
351 2405 400 2427 aut
409 2406 455 2426 ma
479 2394 615 2424 mitudine
623 2392 801 2433 praestabiles
814 2413 821 2426 ,
832 2400 880 2422 aut
890 2393 1021 2422 novitate
1030 2393 1145 2431 primae,
1156 2399 1206 2420 aut

255 2449 363 2481 genere
372 2439 435 2478 ipso
462 2436 617 2477 ingulares.
635 2445 731 2476 neque
747 2436 830 2464 enim
841 2443 934 2473 parvae
945 2453 952 2467 ‚
973 2443 1068 2474 neque
1085 2431 1203 2466 usitatae,

259 2491 355 2522 neque
365 2480 498 2520 vulgares
510 2499 518 2511 ,
530 2477 725 2508 admiratione
739 2497 747 2509 ‚
759 2485 808 2506 aut
816 2477 946 2505 omnino
956 2474 1041 2504 laude
1051 2474 1147 2516 dignae
1158 2475 1206 2503 vi-

259 2523 323 2553 deri
342 2522 446 2552 solent.
471 2520 522 2551 Est
539 2521 629 2549 etiam
646 2528 716 2548 cum
725 2519 830 2548 ceteris
840 2516 1042 2557 praestantibus
1050 2518 1122 2545 viris
1132 2526 1206 2544 com-

255 2564 382 2606 paratio,
392 2565 422 2592 in
433 2562 614 2594 laudatione,
625 2560 768 2600 praeclara.
791 2561 839 2589 De
849 2569 908 2599 quo
918 2567 1024 2599 genere
1033 2557 1156 2587 libitum
1167 2556 1209 2587 est

262 2606 338 2635 mihi
348 2604 448 2643 paullo
457 2604 539 2643 plura
549 2623 557 2635 ,
574 2603 664 2643 quam
675 2600 873 2633 ostenderam,
884 2600 1061 2633 dicere‚non
1070 2608 1130 2629 tarn
1140 2608 1208 2639 pro-

259 2656 323 2687 pter
333 2647 420 2675 usum
439 2644 588 2674 forensem
601 2665 610 2677 ‚
629 2645 680 2684 qui
700 2642 742 2672 est
751 2642 766 2672 Ξι
786 2652 835 2671 me
852 2643 884 2671 in
893 2643 980 2671 omni
996 2642 1054 2671 hoc
1072 2641 1207 2671 sermone
1228 2652 1229 2674 l

260 2686 396 2718 tristatus
406 2707 414 2720 ,
430 2686 520 2727 quam
529 2694 561 2715 ut
570 2687 627 2715 hoc
635 2684 775 2714 videretis
784 2704 792 2716 ‚
811 2682 831 2712 fi
839 2682 1020 2713 laudationes
1027 2681 1121 2713 ess'ent
1130 2684 1162 2712 in
1173 2691 1208 2711 ο-
1228 2678 1230 2710 l

258 2730 364 2760 ratoris
373 2727 476 2758 officio
485 2747 493 2760 ‚
505 2727 585 2767 quod
597 2735 688 2756 nemo
700 2735 784 2766 negat
793 2727 901 2754 oratori
909 2726 1054 2754 virtutum
1065 2725 1207 2754 omniurn
1228 2731 1230 2738 ·

260 2772 486 2811 cognitionem,
506 2768 564 2798 sine
579 2778 635 2808 qua
653 2767 783 2797 laudatio
793 2765 870 2796 effici
888 2775 951 2796 non
961 2764 1047 2806 poffit
1058 2786 1066 2799 ,
1087 2764 1144 2795 effe
1155 2775 1208 2795 ne·
1228 2769 1230 2803 ᾗ

261 2811 421 2842 cellariam.
463 2811 524 2847 Iam
542 2809 728 2849 vituperandi
746 2816 886 2848 praecepta
901 2809 1055 2838 contrariis
1071 2816 1109 2837 ex
1126 2808 1208 2837 viti-is
1229 2806 1230 2821 ¹

263 2853 408 2884 sumenda
423 2846 480 2882 effe
492 2852 679 2891 perspicuum
696 2849 746 2880 cst.
770 2849 857 2880 simul
871 2849 914 2879 est
930 2848 1006 2879 illud
1016 2858 1082 2879 ante
1092 2849 1206 2881 oculos,
1228 2838 1230 2864 ¹

262 2904 318 2925 nec
327 2895 444 2925 bonum
454 2896 555 2924 virum
566 2892 681 2933 proprie
692 2911 701 2925 ‚
722 2892 755 2921 &
763 2891 885 2932 copiose¹
897 2891 1025 2925 laudari,
1044 2890 1105 2921 sine
1114 2892 1208 2921 virtu·
1227 2886 1230 2918 ι’

1210 148 1737 196 C1canonrs

1219 233 1284 255 tum
1294 244 1302 259 ,
1315 233 1370 255 nec
1379 224 1555 264 improbum
1566 225 1702 254 notariae
1712 222 1882 264 vituperari,
1893 221 1953 254 sine
1959 222 2107 254 vitiorum
2117 230 2171 254 co-

1218 268 1354 308 gnitione
1363 285 1371 300 ‚
1388 266 1454 297 satis
1465 264 1602 307 insignite
1615 285 1624 298 ‚
1641 274 1728 306 atque
1737 265 1835 305 aspere
1845 264 1938 305 posse»
1961 268 2058 306 Atque
2068 265 2114 295 his
2124 265 2173 295 lo·-

1219 310 1262 338 cis
1271 307 1451 338 &laudandi
1462 328 1470 342 ‚
1491 308 1523 337 &
1533 306 1720 347 vituperandi
1738 307 1811 347 saepe
1822 306 1911 337 nobis
1928 306 1970 337 est
1981 306 2127 338 utendum
2137 307 2172 337 in

1221 351 1308 380 omni
1319 359 1425 391 genere
1436 349 1599 380 causarum.
1612 349 1735 379 Habetis
1747 369 1756 382 ‚
1767 349 1805 379 de
1814 348 2005 379 inveniendis
2015 348 2114 382 rebus,
2123 347 2172 378 di-

1220 391 1440 432 sponendisque
1454 390 1527 432 quid
1537 391 1670 421 sentiam.
1692 390 1853 432 adjungam
1862 394 1953 420 etiarn
1964 390 1999 420 de
2011 390 2172 423 memoria,

1220 442 1254 463 ut
1262 433 1361 463 labore
1372 431 1505 463 Craflum
1514 433 1613 462 levem
1624 451 1632 466 ‚
1643 441 1739 472 neque
1747 433 1775 461 ei
1784 432 1948 472 quidquam
1956 431 2037 462 aliud
2048 452 2056 465 ‚
2067 431 2102 461 de
2111 440 2173 472 quo

1220 473 1354 506 disserat,
1366 474 1545 514 relinquam,
1557 472 1613 503 nisi
1620 484 1663 506 ea,
1674 473 1783 513 quibus
1793 474 1856 502 haec
1863 482 2056 503 exornentur.
2083 475 2172 513 Perge
2189 471 2236 506 86

1221 515 1294 546 vero
1303 536 1312 549 ‚
1332 517 1430 556 inquit
1441 513 1566 545 Ciass‘us.
1590 515 1720 544 libenter
1729 516 1813 544 enirn
1824 522 1851 544 te
1859 517 2016 556 cognitum
2032 515 2095 554 jam
2103 516 2174 544 arti-

1224 556 1313 587 ficem
1324 577 1334 591 ,
1345 556 1567 597 aliquandoque
1575 556 1733 586 evolutum
1744 555 1804 585 illis
1812 557 2028 597 integumentis
2037 554 2176 586 dissimu-

1226 599 1346 629 lationis
1355 608 1412 628 tuae
1424 618 1432 632 ,
1453 598 1658 638 nudatumque
1665 597 1813 637 perspicio
1833 608 1838 625 :
1858 597 1891 627 δε
1900 596 1984 638 quod
1995 598 2072 627 mihi
2082 597 2174 629 nihil.

1224 649 1275 671 aut
1291 639 1373 682 quod
1383 649 1446 670 non
1457 640 1589 670 multum
1599 639 1743 680 relinquis
1754 659 1762 672 ‚
1782 638 1998 678 percommode
2007 637 2079 668 facis
2090 658 2100 673 ,
2120 637 2178 668 est-

1225 693 1283 723 que
1293 683 1371 712 mibi
1380 691 1502 722 gratum.
1540 683 1607 723 Jam
1617 680 1691 711 istuc
1699 690 1845 721 quantum
1856 680 1913 710 tibi
1922 688 1978 721 ego
1993 681 2179 721 reliquerim.

1226 726 1327 765 inquit
1339 726 1491 754 Antonius
1501 743 1510 757 ‚
1531 726 1586 753 erit
1602 725 1634 753 in
1650 731 1698 753 tua
1707 721 1860 762 potestate.
1883 723 1913 752 Si
1922 724 2007 752 enim
2017 722 2086 752 vere
2096 731 2179 763 agere

1226 767 1358 795 volueris
1368 785 1377 799 ,
1398 767 1503 796 omnia
1518 765 1575 795 tibi
1584 764 1734 805 relinquo.
1757 762 1801 793 sm
1810 761 1989 794 dissimulare
2000 783 2009 798 ‚
2030 771 2063 794 tu
2072 773 2181 804 quem-

1227 807 1393 837 admodum
1404 808 1451 836 his
1462 806 1618 837 satisfacias
1629 825 1638 840 ‚
1647 805 1768 835 videris.
1792 804 1847 835 Sed
1855 825 1864 838 ,
1884 814 1916 836 ut
1925 805 1960 836 ad
1972 815 2036 835 rem
2047 805 2178 838 redeam,

1227 858 1291 878 non
1300 849 1319 879 s
1317 859 1367 878 um
1377 857 1460 878 tanto
1469 857 1523 889 ego
1534 868 1542 881 ,
1554 849 1654 888 inquit
1662 868 1670 881 ,
1683 849 1806 889 ingenio
1817 867 1825 880 ‚
1835 855 1948 887 quanto
1960 845 2182 877 Themistocles

1228 889 1306 924 fuit,
1319 899 1351 920 ut
1367 889 1532 920 oblivionis
1553 898 1645 920 artem
1657 909 1665 923 ,
1684 889 1777 929 quam
1786 890 1960 921 memoriae,
1974 888 2080 918 malim
2098 898 2102 917 :
2118 897 2182 929 gia-

1229 933 1360 972 tiamque
1371 931 1464 961 habeo
1479 934 1492 958 3
1503 930 1656 962 Simonidi
1667 931 1714 960 illi
1723 932 1796 970 Cejo
1807 950 1815 964 ,
1833 940 1926 971 quern
1936 932 2072 970 primurn
2080 929 2181 959 ferunt

1228 981 1318 1003 artem
1327 974 1461 1002 memoria
1468 971 1633 1012 protulisse.
1651 974 1766 1002 Dicunt
1775 974 1870 1005 enim,
1881 971 1953 1002 curn
1964 979 2080 1002 cenaret
2088 973 2181 1001 Cran-

1229 1025 1312 1045 none
1321 1017 1355 1046 in
1363 1013 1512 1046 Thessalia
1519 1014 1691 1045 Simonides
1701 1013 1777 1053 apud
1787 1013 2114 1054 Scopam‚fortunatum
2124 1013 2181 1042 lio-

1230 1059 1348 1088 minem
1366 1077 1375 1090 ‚
1399 1056 1432 1086 &
1442 1056 1579 1086 nobilem
1595 1076 1605 1090 ‚
1627 1054 1837 1096 cecinissetque
1846 1055 1877 1085 id
1885 1065 2005 1086 carmen
2025 1075 2034 1088 ‚
2057 1054 2138 1095 quod
2148 1055 2182 1084 in

1229 1109 1302 1129 eum
1314 1096 1466 1138 scripsisset
1476 1118 1484 1132 ‚
1505 1100 1537 1128 in
1547 1108 1607 1139 quo
1617 1098 1711 1127 multa
1719 1097 1846 1128 ornandi
1853 1098 1938 1129 causa
1946 1098 2102 1136 poetarum
2113 1104 2183 1125 mo-

1229 1142 1304 1171 rein
1315 1140 1465 1171 Castorem
1476 1140 1578 1179 scripta
1588 1160 1595 1173 ,
1620 1139 1653 1169 ὃς
1663 1139 1818 1170 Pollucem
1827 1137 1950 1168 fuisseiit
1959 1158 1968 1171 ‚
1987 1139 2081 1168 nimis
2092 1137 2182 1167 illum

1231 1182 1349 1213 sordide
1361 1180 1513 1212 Simonidi
1521 1179 1643 1214 dixisse,
1649 1180 1840 1220 ftdimidium
1848 1181 1914 1219 ejus
1924 1181 1978 1212 rei,
2010 1179 2070 1209 uod
2080 1177 2183 1219 pastus

1231 1223 1303 1254 esset
1313 1244 1322 1257 ,
1337 1233 1392 1263 pro
1401 1223 1456 1252 illo
1465 1225 1598 1252 carmine
1609 1243 1617 1255 ‚
1633 1222 1773 1252 daturum
1785 1222 1954 1261 :reliquum
1965 1219 1981 1250 a
2004 1222 2050 1250 uis
2059 1219 2183 1260 Tynda-

1231 1266 1304 1296 ridis
1315 1286 1323 1299 ‚
1339 1273 1415 1310 quos
1425 1264 1509 1304 aeque
1521 1262 1662 1294 laudasset
1670 1284 1679 1297 ‚
1688 1272 1801 1303 peteret
1811 1284 1820 1296 ,
1831 1260 1852 1292 si
1861 1265 1889 1292 ei
1898 1262 2057 1292 videretur.
2080 1262 2185 1292 Paullo
2203 1283 2213 1288 -

1230 1306 1298 1347 post
1308 1306 1363 1337 este
1372 1305 1472 1336 serunt
1480 1307 1650 1336 nuntiatum
1659 1304 1831 1338 Simonidi,
1846 1313 1880 1335 ut
1886 1302 2019 1344 prodiret
2037 1314 2043 1332 z
2057 1305 2186 1344 juvenes

1232 1348 1304 1380 stare
1321 1348 1356 1378 ad
1376 1349 1496 1385 ianuam
1508 1348 1582 1377 duos
1592 1346 1735 1388 quosdam
1747 1367 1755 1379 ,
1776 1348 1829 1387 qui
1838 1356 1911 1376 eum
1922 1345 2101 1387 magnopere
2111 1354 2184 1375 evo-

1231 1400 1330 1421 carent
1342 1401 1347 1419 τ
1360 1388 1513 1420 surrexisse
1523 1389 1612 1419 illum
1625 1389 1732 1428 ipsum,
1742 1387 1872 1428 prodifl'e
1881 1408 1890 1421 ‚
1901 1387 2006 1418 vidisse
2015 1389 2183 1417 neminem.

1233 1434 1290 1462 hoc
1302 1433 1426 1462 interim
1445 1431 1538 1470 spatio
1552 1431 1693 1460 conclave
1709 1429 1785 1460 illud
1795 1450 1804 1462 .
1825 1429 1877 1460 ubi
1892 1429 2059 1469 epularetur
2066 1431 2185 1468 Scopas.

1232 1471 1394 1505 concidisse
1415 1483 1420 1502 ι
1440 1482 1475 1503 ea
1491 1473 1576 1502 ruina
1591 1472 1689 1512 ipsum
1699 1469 1871 1512 oppressum
1879 1480 1950 1501 cum
1964 1468 2186 1501 suisinteriifl‘e.

1234 1526 1310 1557 quos
1326 1514 1398 1545 cum
1408 1515 1530 1544 humare
1549 1514 1662 1543 vellent
1672 1513 1721 1552 fici
1732 1533 1740 1546 ,
1760 1523 1858 1554 neque
1874 1511 1992 1552 possent
2001 1511 2128 1542 obtritos
2138 1513 2188 1541 in-

1236 1558 1401 1588 ternoscere
1411 1556 1474 1586 ullo
1487 1555 1581 1585 modo
1601 1566 1607 1584 z
1629 1554 1802 1586 Simonides
1811 1554 1920 1584 dicitur
1928 1564 1968 1584 ex
1976 1563 2014 1584 eo
2022 1552 2105 1594 quod
2122 1563 2189 1583 rne-

1238 1597 1370 1629 minisset
1380 1618 1388 1632 ,
1398 1607 1459 1638 quo
1468 1607 1575 1627 eorum
1585 1597 1653 1627 loco
1660 1596 1785 1637 quisque
1796 1594 1941 1626 cubuisset
1949 1615 1957 1630 ‚
1970 1594 2188 1625 demonstrator

1237 1640 1468 1680 uniuscujusque
1477 1637 1639 1679 sepeliendi
1649 1636 1747 1668 fuisse.
1764 1639 1829 1668 Hac
1837 1646 1904 1668 tum
1914 1647 1944 1667 re
1954 1636 2128 1667 admonitus
2139 1637 2187 1666 in-

1237 1681 1350 1713 venisse
1360 1681 1461 1714 fertur,
1474 1680 1613 1710 ordinem
1623 1678 1681 1710 effe
1692 1679 1827 1710 maxime
1838 1699 1846 1713 ,
1856 1681 1909 1720 qui
1918 1680 2074 1709 memoriae
2081 1678 2188 1708 lumen

1236 1723 1360 1755 afferret.
1393 1725 1494 1764 Itaque
1505 1724 1542 1752 iis
1553 1743 1561 1756 ,
1584 1723 1637 1763 qui
1655 1721 1731 1752 ham:
1739 1730 1853 1761 partem
1871 1721 1987 1762 ingenii
2004 1727 2187 1753 exercerent,

1236 1767 1321 1797 locos
1338 1763 1394 1795 effe
1403 1763 1563 1804 capiendos
1572 1784 1581 1797 ,
1600 1764 1633 1794 Sc
1642 1774 1674 1794 ea
1685 1784 1693 1797 ‚
1711 1774 1775 1804 quae
1786 1765 1935 1793 memoria
1950 1770 2051 1792 tenere
2060 1760 2186 1795 vellent,

1237 1806 1407 1849 effingenda
1422 1808 1525 1837 animo
1537 1826 1545 1839 ‚
1564 1814 1650 1846 atque
1660 1807 1693 1835 in
1702 1806 1749 1835 his
1759 1805 1832 1835 locis
1841 1803 2014 1834 collocanda
2036 1813 2043 1832 :
2065 1801 2103 1833 fic
2110 1801 2188 1837 fore,

1238 1858 1271 1880 ut
1280 1849 1419 1879 ordinem
1430 1857 1530 1878 rerum
1540 1867 1549 1881 ,
1571 1848 1710 1877 locorum
1720 1846 1794 1876 ordo
1803 1845 1989 1876 conservaret
2010 1855 2016 1873 z
2033 1854 2079 1874 res
2088 1852 2188 1875 autem

1237 1892 1311 1932 ipsas
1322 1900 1421 1920 rerum
1431 1888 1500 1930 effig

1238 1934 1322 1963 lacris
1340 1942 1394 1972 pro
1404 1932 1507 1961 litteris
1516 1934 1676 1960 uteremur.
1698 1932 1760 1971 Qi
1770 1928 1803 1960 sit
1818 1938 1918 1959 autem
1935 1929 2045 1958 oratori
2053 1927 2188 1956 memoria

1234 1972 1347 2013 frustm
1357 1994 1364 2007 ,
1376 1981 1484 2015 quanta
1493 1972 1604 2002 utilitas
1613 1992 1621 2006 ‚
1631 1981 1740 2012 quanta
1748 1973 1793 2002 vis
1802 1991 1810 2004 ‚
1821 1970 1895 2012 quid
1905 1980 1954 2000 me
1965 1971 2070 2000 attinet
2079 1969 2189 1999 dicere?

1241 2025 1340 2047 tenere
1357 2025 1423 2056 quae
1438 2013 1578 2044 didiceris
1592 2016 1625 2044 in
1635 2013 1806 2054 accipienda
1813 2013 1895 2043 causa
1906 2030 1914 2045 ,
1934 2021 2000 2052 quae
2011 2011 2072 2050 ipse
2081 2012 2193 2050 cogita-

1243 2061 1281 2089 ris
1293 2060 1303 2086 ?
1324 2059 1443 2087 omneis
1454 2054 1526 2086 fixas
1535 2053 1593 2086 ess'c
1603 2057 1635 2086 in
1644 2057 1749 2086 animo
1756 2055 1915 2084 sententias
1926 2055 1936 2081 ?
1947 2062 2074 2082 omnem
2085 2051 2194 2082 descri-

1243 2109 1330 2140 ptum
1341 2098 1503 2128 verborum
1513 2105 1681 2136 apparatum
1700 2099 1711 2125 ?
1731 2098 1771 2125 ita
1779 2094 1879 2124 audire
1888 2093 1937 2123 vel
1945 2103 2017 2123 eum
2027 2113 2036 2127 ‚
2054 2092 2135 2123 unde
2145 2093 2194 2122 di-

1246 2151 1294 2171 cas
1305 2161 1313 2174 ,
1325 2140 1374 2170 vel
1383 2149 1454 2169 eum
1465 2158 1474 2172 ‚
1491 2141 1539 2167 cui
1547 2136 1791 2176 respondendum
1803 2134 1836 2165 sit
1845 2155 1853 2168 ,
1865 2144 1897 2164 ut
1906 2135 1952 2164 illi
1961 2144 2025 2164 non
2033 2133 2193 2164 infundere

1248 2184 1281 2211 in
1291 2183 1384 2211 aureis
1394 2189 1455 2210 tuas
1465 2181 1631 2208 orationem
1644 2198 1652 2211 ‚
1668 2177 1759 2208 sedin
1771 2178 1877 2206 animo
1886 2176 2042 2206 videantur
2050 2176 2194 2206 inscribe-

1247 2233 1278 2253 re
1299 2225 1309 2251 ?
1332 2224 1432 2262 Itaque
1450 2224 1525 2250 som
1539 2239 1546 2252 ‚
1563 2221 1615 2260 qui
1625 2220 1772 2249 memoria
1780 2220 1898 2259 vigent,
1918 2218 2015 2247 sciunt
2026 2238 2034 2250 ‚
2055 2217 2126 2259 quid
2137 2237 2146 2251 ‚
2159 2217 2193 2248 δε

1247 2273 1390 2305 quatenus
1401 2282 1408 2296 ,
1431 2262 1463 2291 &
1481 2260 1639 2301 quomodo
1655 2260 1764 2290 diCturi
1783 2261 1850 2290 sunt
1860 2280 1867 2293 ‚
1887 2259 1958 2299 quid
1976 2259 2192 2299 responderint,

1248 2305 1321 2347 quid
1332 2302 1450 2344 supersit
1463 2315 1466 2332 ;
1480 2301 1631 2342 iidemque
1643 2302 1736 2332 multa
1744 2311 1782 2331 ex
1791 2302 1855 2330 aliis
1871 2299 1960 2331 caufis
1969 2300 2130 2341 aliquando
2141 2300 2156 2330 a
2165 2300 2193 2330 se

1249 2346 1310 2377 affita
1320 2367 1328 2380 ‚
1347 2345 1442 2375 multa
1457 2344 1492 2374 ab
1509 2344 1572 2373 aliis
1590 2343 1685 2373 audita
1703 2344 1919 2372 meminerunt.
1942 2345 2038 2383 Qare
2047 2340 2194 2372 confiteor

1248 2387 1400 2430 equidem,
1412 2386 1499 2425 hujus
1510 2385 1594 2418 boni,
1605 2395 1739 2415 naturam
1750 2383 1806 2414 ess'e
1816 2386 1982 2423 principem
1992 2404 2001 2417 ‚
2010 2382 2083 2413 sicut
2091 2392 2192 2414 earum

1248 2439 1347 2460 rerum
1359 2449 1367 2462 ‚
1380 2428 1416 2458 de
1425 2427 1533 2468 quibus
1543 2428 1610 2456 ante
1622 2427 1738 2456 locutus
1748 2427 1814 2455 sum
1826 2446 1833 2459 ,
1846 2427 1988 2455 omnium
2002 2436 2007 2454 :
2020 2425 2068 2455 sed
2079 2426 2141 2455 haec
2149 2421 2194 2455 ais

1249 2481 1309 2502 tota
1327 2469 1465 2502 dicendi,
1485 2467 1543 2498 five
1560 2469 1728 2508 arrisimago
1739 2467 1873 2508 quaedim
1891 2466 1933 2496 est
1945 2487 1952 2500 ‚
1974 2465 2193 2499 &fimilitud0‚

1250 2513 1337 2544 habet
1348 2513 1422 2541 hanc
1433 2512 1495 2540 vim
1507 2530 1515 2544 ,
1536 2520 1598 2539 non
1610 2519 1643 2539 ut
1661 2519 1758 2540 toturn
1774 2509 1886 2549 aliquid
1897 2529 1905 2542 ‚
1922 2508 2007 2544 cuius
2017 2510 2050 2537 in
2066 2509 2196 2548 ingeniis

1251 2554 1358 2585 nostris
1368 2561 1432 2592 pars
1442 2552 1524 2581 nulla
1533 2550 1566 2581 sit
1576 2572 1584 2584 ‚
1597 2552 1727 2590 pariat&
1737 2559 1869 2590 procreet
1879 2571 1887 2583 ‚
1904 2550 2009 2580 verum
2019 2558 2108 2583 urea,
2130 2559 2197 2590 qua:

1254 2597 1321 2626 sunt
1330 2596 1461 2633 ortajam
1472 2595 1504 2623 in
1514 2593 1602 2622 nobis
1614 2613 1621 2626 ,
1638 2593 1670 2623 ὃς
1679 2602 1827 2632 procreata
1837 2612 1846 2624 ,
1855 2592 1959 2622 educet
1969 2612 1977 2627 ,
1988 2601 2073 2632 atque
2083 2589 2196 2621 confir-

1255 2647 1326 2668 met·
1366 2638 1579 2665 Verumtamen
1597 2645 1691 2675 neque
1708 2644 1768 2664 tam
1782 2636 1839 2663 acri
1859 2636 2007 2664 memoria
2028 2632 2091 2663 fere
2117 2632 2198 2673 quis-

1254 2688 1345 2721 quam
1364 2675 1426 2710 est,
1445 2686 1477 2707 ut
1488 2686 1550 2706 non
1567 2675 1712 2715 dispositis
1725 2696 1733 2709 ,
1752 2676 1917 2716 notatisque
1934 2676 2020 2706 rebus
2032 2694 2041 2708 ‚
2059 2673 2200 2704 ordinem

1253 2721 1415 2751 verborum
1434 2740 1442 2753 ,
1460 2727 1509 2748 aut
1527 2718 1739 2748 sententiarum
1758 2717 1974 2756 complestatur
1992 2727 1998 2745 ;
2019 2725 2116 2756 neque
2126 2713 2198 2745 vero

1255 2772 1315 2793 tam
1325 2761 1440 2794 hebeti,
1452 2768 1484 2790 ut
1493 2759 1571 2789 nihil
1579 2760 1631 2788 hac
1641 2759 1856 2789 consuetudine
1865 2779 1874 2793 ‚
1887 2760 1919 2789 ὃς
1928 2759 2138 2789 exercitatione
2147 2755 2199 2786 ad-

1249 2806 1378 2845 juvetur.
1401 2802 1486 2832 Vidit
1503 2803 1586 2830 enim
1606 2802 1663 2830 hoc
1679 2799 1839 2840 prudenter
1858 2799 1917 2830 five
1929 2798 2102 2830 Simonides
2111 2817 2121 2832 ‚
2141 2796 2201 2827 sive

1252 2846 1325 2876 alius
1336 2847 1402 2886 quis
1418 2842 1533 2874 invenit
1542 2862 1550 2876 ‚
1568 2852 1600 2871 ea
1612 2843 1745 2871 maxime
1755 2842 1864 2871 animis
1874 2840 1976 2882 effingi
1988 2840 2096 2870 nostris
2106 2860 2114 2873 ‚
2134 2848 2200 2880 quae

1253 2886 1345 2918 essent
1354 2888 1369 2918 a
1379 2887 1464 2918 sensu
1474 2884 1575 2915 tradita
1585 2903 1593 2917 ,
1604 2893 1689 2925 atque
1703 2881 1840 2923 impressa
1850 2895 1856 2912 :
1866 2885 2045 2913 acerrimum
2054 2889 2152 2911 autem
2164 2889 2202 2909 cx

2104 2922 2208 2952 omni-

305 3000 313 3017 ι
323 3011 328 3016 .
347 2993 402 3024 Qa
409 3000 483 3016 omnes
495 2997 530 3016 res
540 2992 788 3023 humanaegcmnt:ar.j
809 2989 899 3015 Dietio
906 2996 1020 3021 geruntur
1032 3008 1041 3020 ‚
1058 2997 1111 3015 non
1124 2986 1213 3012 visitur

265 3027 292 3053 ἰιι
304 3027 374 3053 l‘itli.
386 3027 413 3052 Sc
425 3026 538 3053 membr.
549 3026 669 3053 Memmii
681 3036 686 3050 :
709 3026 734 3049 ὃς
749 3035 810 3051 vero
820 3025 923 3062 puuStis
934 3024 1060 3052 subduffl
1071 3023 1106 3050 est
1118 3023 1144 3049 in
1157 3021 1212 3048 Pal.

1292 2996 1308 3012 2
1315 3007 1320 3012 .
1341 2985 1490 3013 Laudamm,
1500 2992 1571 3017 quam
1581 2984 1629 3007 illos
1639 2981 1702 3013 apud
1709 2989 1764 3014 quos
1772 2980 1901 3005 laudamur
1910 2998 1918 3009 ‚
1928 2978 2038 3012 ornare]
2051 2979 2080 3003 In
2093 2983 2205 3011 quatuor

1257 3022 1349 3048 nostris
1361 3020 1413 3047 illis
1425 3029 1475 3046 non
1487 3018 1599 3055 reperies
1612 3036 1619 3048 ,
1631 3025 1702 3051 quam
1711 3018 1759 3042 illos
1769 3016 1834 3049 apiad
1840 3024 1896 3050 quos
1905 3015 2032 3040 laudamur
2041 3024 2047 3038 :
2057 3014 2083 3038 8<
2095 3012 2153 3039 iau‘e
2164 3011 2204 3038 sa-

265 3061 333 3088 scxt.
353 3062 448 3088 habent
458 3070 546 3088 tamen
558 3061 653 3097 reliqui
664 3067 758 3097 praeter
774 3070 814 3096 pr.
825 3060 852 3086 8<
864 3060 912 3086 see.
933 3061 958 3086 in
970 3060 1063 3096 quibus
1073 3058 1216 3096 praemitti-
1258 3058 1291 3083 tis
1303 3056 1535 3090 lhbintelligumur
1545 3053 1579 3080 ob
1588 3051 1771 3089 proecedentia.

267 3100 368 3134 tul‘finc
378 3108 426 3132 qua
435 3108 507 3124 omnes
519 3107 555 3123 res
563 3097 818 3129 humanaercnues‚&·c.
831 3095 900 3131 quod
914 3095 1012 3123 filistiim
1027 3093 1214 3130 videtur,quod
1234 3125 1237 3129 ⁴

254 3143 319 3160 'non
330 3132 398 3160 adse<
409 3141 534 3161 uercntur
544 3133 659 3160 auCtoris
669 3131 823 3158 sententiam
836 3141 843 3161 3
864 3141 920 3172 qum
934 3131 1014 3169 probe
1025 3139 1113 3159 tamen
1123 3140 1216 3167 proce-

266 3170 306 3203 dit
317 3169 367 3197 fine
377 3170 395 3197 il
411 3176 562 3204 egeruntur:
573 3168 641 3198 uude
652 3169 730 3196 ctiam
742 3168 861 3204 neglexit
871 3166 896 3194 id
909 3168 1063 3195 Lambinus.

1295 3102 1321 3129 3.
1339 3092 1489 3118 si»1an.²..¹iill.i
1498 3090 1574 3123 Cam]
1593 3091 1631 3116 lta
1642 3086 1713 3114 regix:
1724 3086 1892 3115 emendatum
1903 3085 1935 3113 ab
1947 3084 2123 3123 Hadr.Junio
2132 3084 2205 3111 Cen-

1258 3130 1328 3157 turia
1341 3139 1349 3155 i
1357 3137 1377 3155 ιι
1385 3149 1391 3155 .
1402 3127 1505 3163 Adagio
1515 3134 1560 3160 71.
1570 3132 1647 3153 antea
1656 3131 1712 3151 erat
1725 3143 1733 3157 ,
1742 3126 1807 3150 Chio.

2121 3191 2215 3217 ucen-

1502 1891 1544 1918 ies
1554 1898 1669 1919 notaret
1677 1909 1684 1923 ,
1704 1898 1790 1929 atque
1799 1887 1915 1918 uelocis
1924 1897 1978 1927 pro
1987 1895 2053 1916 cera
2062 1907 2071 1919 ‚
2093 1884 2188 1915 fimu-
2218 1909 2222 1913 .
