2337 3400
157 1879 177 1903 ζ’)

168 142 267 189 622
582 133 1088 185 M.Tur,1,11

519 262 613 325 M.
692 262 1093 324 TULLII

1080 355 1110 409 1

428 437 1154 624 PfflflxtePiNcIJATD

347 677 696 725 ORATlo
774 673 1155 739 QJrNQU

499 775 636 804 PnrNc
649 781 738 802 11210
760 771 850 811 hujus
863 768 956 802 belli,
977 765 1172 807 P.C.quod·

499 816 686 855 cumimpiis
695 813 825 846 civibus,
838 810 1041 850 sceleratisque
1052 809 1148 839 susce-

459 882 461 890 ,
499 859 601 898 pimus
612 877 620 891 ‚
632 857 722 887 timui
734 876 741 889 ‚
754 865 791 885 ne
802 852 939 884 conditio
951 851 1089 881 insidiosa
1099 860 1149 890 pa-

446 898 459 910 ”’
499 902 552 933 cis,
564 899 708 929 libertatis
719 894 926 936 recuperandae
938 893 1032 924 studia
1043 890 1151 922 restin-

497 950 607 984 gueret.
632 943 754 970 DoLcE
774 939 857 968 enim
871 945 988 966 nomen
999 933 1042 965 est
1055 936 1151 974 pacis:

372 990 389 997 ²
431 1007 453 1015 ,.
468 997 472 1000 ’
498 993 542 1013 res
553 982 626 1013 vero
635 982 697 1022 ipsa
706 978 997 1019 cumjucundastum
1009 976 1151 1007 salutaris.

500 1035 572 1055 nam
582 1034 638 1054 nec
647 1025 778 1064 privatos
788 1021 887 1054 focos,
899 1030 954 1050 nec
966 1018 1098 1059 publicas
1110 1018 1154 1047 le-

186 1078 249 1111 ges,
262 1079 317 1099 nec
327 1068 472 1098 libertatis
477 1067 489 1107 j
494 1076 543 1097 ura
554 1086 563 1099 ,
575 1076 639 1096 cara
649 1065 755 1095 habere
764 1062 871 1105 potest,
883 1071 975 1103 quem
985 1059 1151 1091 discordiae,

188 1121 282 1153 quem
293 1110 388 1141 caedes
401 1111 625 1149 civium‚quem
639 1107 755 1137 bellurn
769 1106 858 1136 civile
873 1103 1010 1135 delestat:
1022 1111 1153 1142 eumque

185 1163 225 1184 ex
238 1161 367 1183 numero
381 1152 548 1181 hominum
561 1148 758 1190 ejiciendum,
770 1158 808 1178 ex
822 1146 934 1177 finibus
949 1147 1087 1175 humanae
1099 1153 1154 1173 na-

186 1204 257 1226 turae
268 1193 535 1224 exterminandum
545 1194 736 1232 puto-Itaque
745 1187 957 1222 fiveSulla‚five
967 1183 1155 1218 Mariusffive

189 1246 313 1277 uterque
322 1256 331 1270 ‚
346 1234 405 1266 sive
416 1233 559 1265 oetavius
569 1254 578 1267 ‚
590 1232 648 1264 sive
660 1235 757 1263 Cinna
767 1253 776 1266 ‚
790 1230 848 1261 five
859 1233 970 1260 iterum
981 1228 1061 1259 Sulla
1073 1247 1081 1260 ‚
1093 1225 1152 1256 five

188 1281 261 1309 alter
276 1279 400 1311 Marius,
413 1277 446 1307 &
457 1276 563 1310 Carbo,
571 1274 630 1306 five
640 1277 706 1316 quis
717 1275 792 1305 alius
800 1272 891 1304 civile
902 1271 1018 1302 bellum
1028 1270 1152 1309 optavit,

189 1330 261 1351 eum
272 1318 478 1350 detestabilem
487 1320 586 1349 civem
595 1319 667 1358 reip.
677 1325 782 1347 natum
790 1314 903 1356 judico.
920 1316 1001 1344 Nam
1013 1311 1088 1352 quid
1098 1321 1154 1352 ego

189 1363 228 1393 de
247 1363 391 1403 proximo
409 1361 507 1392 dicam
518 1381 528 1394 ,
549 1360 637 1399 cujus
655 1358 718 1390 asta
737 1356 931 1388 defendimus
942 1375 950 1389 ‚
972 1354 1044 1385 cum
1055 1353 1152 1393 ipsum

185 1406 254 1446 jure
264 1404 372 1434 caesum
384 1402 548 1434 fateamur?
570 1401 661 1432 Nihil
672 1403 762 1442 igitur
770 1401 828 1430 hoc
837 1400 903 1430 cive
914 1418 923 1431 ‚
938 1397 1019 1428 nihil
1029 1396 1087 1426 hoc
1097 1396 1155 1425 ho-

190 1448 276 1477 mine
288 1447 397 1476 taetiius
412 1457 416 1474 ;
437 1444 458 1474 si
467 1454 517 1475 aut
526 1444 602 1475 civis
613 1463 622 1478 ‚
636 1452 686 1474 aut
695 1444 791 1473 homo
802 1439 955 1472 habendus
966 1437 1009 1469 est
1020 1458 1028 1472 ‚
1048 1439 1101 1479 qui
1112 1439 1155 1468 ci-

188 1489 251 1519 vile
265 1487 381 1518 bellum
394 1487 590 1527 concupiscit.
612 1485 669 1516 Sed
683 1486 740 1515 hoc
758 1485 894 1524 primum
911 1480 1079 1512 videndum
1098 1478 1153 1513 est,

193 1533 225 1562 P.
235 1532 269 1561 C.
281 1539 352 1560 cum
363 1529 546 1559 omnibusne
555 1537 613 1568 pax
623 1525 681 1558 ess'e
690 1525 776 1567 possit
786 1545 795 1559 ‚
816 1535 852 1555 an
865 1523 899 1554 sit
907 1522 1029 1564 aliquod
1038 1521 1154 1552 bellum

191 1571 376 1611 inexpiabile
388 1573 439 1601 :in
451 1580 513 1612 quo
525 1574 540 1590 2
547 1567 642 1611 pastio
653 1569 735 1610 pacis,
747 1569 798 1598 lex
811 1565 845 1596 sit
858 1566 1020 1596 servitutis.
1048 1567 1154 1595 Pacem

192 1623 265 1645 cum
275 1614 417 1653 Scipione
427 1613 530 1643 Sulla3
542 1611 601 1642 sive
609 1610 733 1641 faciebat
742 1630 750 1643 ‚
764 1608 823 1640 slve
834 1607 990 1638 simulabat
1000 1619 1009 1640 ;
1020 1616 1085 1636 non
1096 1613 1155 1635 erat

193 1654 432 1696 desperandum,
453 1653 473 1684 si
490 1651 718 1686 convenissent,
735 1651 800 1682 fore
815 1651 949 1691 aliquem
958 1647 1154 1689 tolerabilem

194 1697 304 1728 statum
322 1697 462 1726 civitatis.
486 1698 583 1726 Cinna
600 1693 620 1724 fi
638 1693 834 1725 concordiam
851 1702 922 1723 cum
936 1688 1064 1721 Ofilavio
1080 1699 1155 1720 con—

192 1738 312 1769 firmare
330 1736 472 1768 voluisset
485 1757 493 1771 ‚
517 1739 682 1767 hominum
700 1738 734 1766 in
751 1734 856 1775 repub.
876 1734 981 1764 sanitas
1002 1741 1155 1763 remanere

191 1779 343 1822 potuisset.
376 1781 522 1810 Proximo
542 1779 624 1809 bello
646 1777 667 1808 si
687 1777 800 1819 aliquid
822 1776 858 1806 de
879 1776 998 1806 summa
1015 1775 1155 1815 gravitate

193 1823 357 1862 Pompejus
368 1841 377 1856 ,
400 1822 534 1851 multum
546 1821 584 1851 de
596 1819 757 1861 cupiditate
766 1819 859 1849 Caesar
868 1815 1023 1849 dimisrss'et
1036 1826 1041 1844 1
1061 1816 1094 1846 &
1105 1825 1156 1855 pa-

194 1875 261 1896 cem
271 1863 421 1897 stabilem,
433 1862 466 1895 &
475 1863 607 1904 aliquam
618 1872 711 1902 remp.
723 1861 810 1891 nobis
822 1860 927 1890 habere
939 1856 1071 1888 licuisset,
1087 1859 1156 1887 Hoc

194 1905 267 1937 vero
277 1905 349 1947 quid
358 1904 484 1936 est?cum
495 1906 639 1935 Antoniis
648 1913 704 1944 pax
713 1902 810 1944 potest
821 1900 965 1932 ess'e?cum
975 1900 1155 1933 Censorino,

193 1948 341 1978 Ventidio
351 1967 360 1980 ,
370 1947 528 1978 Trebellio
537 1966 546 1981 ‚
561 1945 656 1976 Bestia
664 1967 673 1979 ‚
686 1946 805 1976 Nucula
815 1964 822 1977 ‚
836 1945 976 1973 Munatio
987 1963 995 1975 ,
1006 1943 1157 1974 Lentone,

195 1993 290 2021 Saxa?
305 1989 439 2029 exempli
449 1989 532 2020 causa
542 2008 550 2023 ‚
565 1997 675 2028 paucos
686 1988 863 2017 nominavi:
881 1994 975 2026 genus
986 1982 1156 2016 infinitum,

193 2037 210 2060 4
221 2034 262 2062 im
268 2033 502 2072 manitatemque
523 2030 577 2071 ipsi
597 2031 720 2061 cernitis
747 2028 945 2069 reliquorum.
977 2025 1086 2056 Addite
1108 2025 1160 2055 illa

197 2073 350 2115 naufragia
359 2074 479 2104 Caesaris
492 2075 660 2104 amicorum
672 2092 680 2106 ‚
700 2071 804 2102 Barbas
817 2091 826 2104 ‚
844 2068 953 2101 Caffios
963 2089 972 2103 ‚
992 2067 1157 2101 Barbatios,

200 2116 354 2147 Polliones
366 2137 375 2149 ,
397 2115 497 2146 addite
508 2117 638 2146 Antonii
649 2114 812 2144 collusores
822 2132 830 2146 ‚
852 2113 884 2142 ὅς
895 2111 1020 2142 sodaleis
1031 2130 1040 2144 ,
1055 2113 1159 2140 Eutra-

198 2157 302 2198 pelum
315 2177 322 2190 ‚
344 2157 457 2187 Melam
469 2178 478 2191 ,
498 2158 630 2187 Coelium
642 2176 649 2190 ,
670 2158 814 2187 Pontium
826 2175 834 2189 ,
855 2152 1029 2184 Crafficium
1040 2173 1049 2186 ‚
1066 2154 1160 2182 Tiro-

200 2209 271 2229 nem
284 2219 291 2233 ‚
305 2198 499 2229 5Mustellam
510 2219 518 2232 ‚
531 2197 684 2230 Petillium
696 2208 700 2227 :
712 2200 892 2228 comitatum
902 2196 1042 2236 relinquo
1055 2194 1159 2224 :duces

200 2243 343 2272 nomino.
366 2242 424 2271 huc
433 2242 576 2271 accedunt
587 2240 707 2270 Alaudae
718 2260 727 2273 ,
743 2241 891 2279 ceterique
903 2239 1053 2270 veterani,
1071 2236 1161 2266 semi—

200 2282 462 2323 nariumjudicum
475 2285 565 2312 tertiae
576 2282 701 2312 decuriae
714 2302 722 2315 ‚
741 2283 812 2322 qui,
826 2281 885 2311 suis
899 2279 986 2310 rebus
999 2277 1160 2311 exhaustis,

202 2323 357 2355 beneficiis
367 2325 485 2354 Caesaris
494 2325 632 2353 devoratis
641 2344 650 2357 ‚
664 2322 798 2354 fortunas
809 2321 920 2352 nostras
929 2322 1158 2360 concupierunt.

204 2365 224 2397 ὃ
240 2365 330 2397 fidam
344 2366 498 2397 dexteram
509 2367 659 2399 Antonii,
680 2374 737 2405 qua
746 2365 800 2394 ille
810 2364 960 2404 plurimos
968 2363 1062 2392 civeis
1073 2363 1162 2391 truci-

254 443 391 530 M.

1158 132 1705 184 Crcnnours

1189 260 1795 329 C1CERoNts

1185 357 1316 526 ΝΟ
2138 361 2142 447 ζ

1172 444 1901 626 ECIMIETEIRTiJA.
1959 445 2097 551 Μ’

1179 674 1987 742 AGESIMAQJINTA.

1190 768 1257 799 urbi
1267 767 1320 809 ipsi
1330 768 1413 800 Iocus
1425 780 1489 801 non
1498 772 1563 802 erit.
1588 774 1647 802 Ora
1658 771 1746 803 vobis
1757 781 1862 802 eorum
1872 772 1987 811 ponite,
1998 772 2027 801 P.
2040 772 2072 801 C.
2081 769 2152 802 ante

1190 812 1295 841 oculos
1307 831 1315 845 ‚
1338 811 1371 842 δε
1385 814 1520 843 maxime
1533 815 1742 844 Antoniorum
1755 825 1761 842 :
1782 812 1929 844 inceffum
1939 833 1948 847 ‚
1965 812 2149 853 adsper‘kum,

1190 853 1310 883 vultum
1322 873 1331 887 ‚
1349 854 1485 893 spiritum
1496 875 1505 889 ,
1524 855 1612 886 latera
1623 857 1766 898 tegenteis
1775 856 1849 886 alios
1862 876 1870 890 ‚
1884 854 2052 895 sequenteis
2061 855 2149 889 alios,

1189 900 1203 923 7
1212 895 1287 925 alios
1300 896 1534 937 progredienteis
1552 900 1678 928 amicos.
1699 893 1714 917 ὃ
1723 908 1813 938 quam
1826 898 1889 926 vim
1902 896 2041 926 anhelitus
2052 903 2063 925 .2
2079 906 2153 937 quas

1190 938 1390 967 contumelias
1399 937 1463 969 fore
1473 939 1598 970 censetis
1607 960 1617 974 ‚
1637 941 1793 981 minasque
1809 939 1969 970 verborum
1982 942 1991 964 ἓ
2008 937 2063 968 nisi
2073 937 2153 968 forte

1192 988 1245 1008 eos
1254 988 1312 1018 pax
1323 979 1384 1019 ipsa
1395 979 1489 1011 leniet
1499 1001 1507 1015 ,
1529 984 1725 1023 maximeque
1732 992 1804 1012 cum
1816 983 1848 1011 in
1860 983 1939 1011 hunc
1950 980 2089 1010 ordinem
2101 989 2155 1010 ve-

1193 1023 1312 1051 nerint:
1332 1021 1499 1053 salutabunt
1512 1023 1644 1065 benigne
1655 1044 1664 1058 ‚
1684 1025 1814 1054 comiter
1831 1022 2022 1064 appellabunt
2039 1029 2155 1052 unum-

1192 1072 1343 1109 quemque
1357 1062 1507 1095 nostrfim.
1551 1068 1628 1096 Non
1640 1066 1861 1099 recordamini,
1880 1074 1932 1105 per
1940 1064 2014 1094 deos
2023 1065 2154 1093 immor-

1193 1103 1277 1133 taleis
1288 1124 1297 1136 ,
1318 1114 1390 1144 quas
1400 1106 1433 1135 in
1444 1116 1494 1136 eos
1505 1107 1665 1138 sententias
1675 1107 1832 1138 dixeritis-²
1849 1107 1912 1137 abta
1922 1107 2051 1136 Antonii
2065 1106 2154 1136 resci-

1194 1143 1278 1175 distis
1291 1146 1399 1191 {leges
1415 1145 1556 1178 refixistis
1576 1159 1582 1178 :
1602 1158 1654 1188 per
1671 1150 1736 1179 vim
1748 1168 1756 1183 ‚
1779 1148 1812 1178 δε
1826 1157 1930 1178 contra
1941 1147 2071 1188 auspicia
2086 1148 2155 1177 latas

1193 1185 1365 1233 decrevrstis
1378 1198 1384 1216 :
1404 1191 1497 1219 totius
1508 1189 1600 1220 Italiae
1609 1189 1742 1220 dele&us
1753 1189 1912 1220 excitastis:
1934 1189 2080 1230 collegam
2091 1208 2100 1223 ‚
2121 1189 2156 1219 &

1194 1228 1309 1259 socium
1320 1229 1466 1260 scelerum
1477 1233 1620 1262 omnium
1632 1251 1640 1266 ‚
1661 1230 1780 1262 hostem
1790 1230 1977 1271 judicavistis
1988 1250 1997 1263 ‚
2016 1240 2086 1260 cum
2097 1231 2156 1261 hoc

1195 1281 1254 1318 qux
1269 1279 1329 1312 pax
1348 1271 1445 1311 potest
1463 1271 1521 1303 effe
1535 1278 1545 1301 ἒ
1567 1275 1597 1305 Si
1618 1272 1689 1304 effet
1707 1282 1848 1304 externus
1866 1271 1961 1303 hostis
1971 1292 1979 1306 ,
2004 1281 2106 1302 tamen
2124 1271 2157 1302 id

1196 1313 1294 1352 lpsum
1303 1315 1368 1347 vix,
1379 1314 1488 1345 talibus
1497 1314 1594 1350 factis,
1606 1314 1810 1356 poffetaliquo
1821 1315 1926 1345 modo.
1949 1316 2052 1348 maria,
2067 1323 2158 1344 mon-

1195 1363 1237 1385 tes
1248 1373 1257 1388 ‚
1277 1365 1438 1397 regionum
1456 1358 1683 1398 magnitudines
1700 1355 1874 1388 interessent
1888 1377 1897 1392 ,
1919 1354 2054 1387 odiffetis
2072 1365 2156 1390 eum,

1195 1406 1287 1437 quem
1298 1407 1362 1427 non
1371 1398 1523 1430 videretis.
1547 1401 1580 1430 hi
1589 1402 1623 1430 in
1633 1400 1729 1430 oculis
1739 1399 1913 1433 haerebunt,
1929 1398 1983 1432 ὃς,
2003 1397 2073 1428 cum
2084 1398 2158 1428 lice-

1198 1439 1258 1472 bit,
1272 1440 1314 1485 ‘in
1332 1438 1477 1471 faucibus.
1502 1441 1614 1483 quibus
1623 1442 1801 1483 enimsaeptis
1811 1450 1873 1471 tarn
1883 1442 2046 1472 immaneis
2056 1439 2160 1471 beluas

1195 1481 1422 1526 continebimus
1437 1486 1447 1508 ἓ
1468 1486 1508 1514 At
1521 1485 1652 1515 incertus
1664 1486 1764 1514 exitus
1778 1482 1852 1514 belli
1865 1482 1918 1514 est.
1941 1484 2003 1513 Esa-
2022 1490 2160 1512 oMN1No

1194 1524 1324 1553 tortium
1334 1525 1470 1555 virorum
1481 1545 1490 1560 ‚
1505 1526 1606 1566 quales
1617 1535 1673 1556 vos
1681 1524 1740 1556 effe
1749 1525 1864 1556 debetis
1877 1537 1887 1560 ς
1906 1525 2017 1555 virtute
2025 1523 2161 1564 praestare

1196 1572 1313 1595 tantum
1325 1585 1333 1599 ‚
1354 1574 1388 1596 ut
1399 1565 1514 1606 poffint
1526 1567 1655 1598 fortunae
1668 1567 1788 1607 culpam
1802 1577 1864 1597 noo
1874 1565 2076 1597 extimescere.
2099 1564 2157 1596 Sed

1195 1608 1340 1647 quoniam
1350 1607 1386 1638 ab
1396 1610 1454 1639 hoc
1463 1608 1569 1639 ordine
1579 1619 1643 1640 non
1652 1607 1800 1639 fortitudo
1811 1609 1911 1640 solum
1923 1627 1932 1641 ,
1946 1616 2053 1638 verum
2065 1608 2157 1637 etiam

1192 1649 1336 1690 fizpientia
1344 1648 1510 1690 postulatur
1520 1661 1525 1680 :
1539 1660 1722 1692 quamquam
1732 1652 1786 1681 vix
1794 1649 1938 1680 videntur
1946 1650 2010 1679 haec
2019 1647 2102 1689 poss'e
2112 1648 2158 1679 se·

1192 1692 1297 1732 jungi,
1318 1692 1507 1733 sejungamus
1520 1701 1630 1723 tamen.
1654 1691 1801 1723 fortitudo
1816 1691 1960 1722 dimicare
1970 1690 2056 1731 jubet
2064 1690 2160 1730 ,9ju-

1196 1732 1274 1763 stum
1286 1732 1394 1764 odium
1404 1734 1559 1769 incendit,
1575 1735 1611 1766 ad
1620 1734 1850 1775 confligendum
1861 1733 1993 1773 impellit
2004 1752 2013 1766 ,
2025 1741 2112 1763 vocat
2121 1731 2158 1762 ad

1195 1775 1373 1814 periculum.
1397 1776 1482 1816 Qid
1492 1776 1634 1817 sapientia
1643 1782 1654 1804 ἓ
1664 1776 1846 1806 cautioribus
1858 1777 1951 1805 utitur
1960 1772 2092 1804 consiliis
2103 1793 2113 1807 ‚
2125 1775 2161 1803 in

1195 1815 1348 1857 posterum
1357 1817 1514 1856 providet,
1525 1817 1568 1849 est
1578 1820 1667 1848 omni
1677 1819 1792 1848 ratione
1802 1815 1959 1858 proteZstio.
1983 1814 2057 1857 quid
2067 1816 2160 1855 igitur

1195 1858 1295 1888 censet
1304 1862 1315 1884 ἓ
1336 1861 1359 1889 Ρ
1367 1867 1390 1888 A
1398 1869 1421 1888 R
1430 1869 1450 1889 E
1458 1869 1480 1888 N
1490 1870 1510 1889 n
1520 1870 1542 1890 u
1553 1869 1580 1889 M
1602 1859 1645 1890 est
1654 1862 1756 1890 enim:
1770 1868 1857 1900 atque
1867 1858 1898 1888 id
1909 1855 2157 1898 optimumjudi-

1195 1899 1325 1931 candum
1337 1920 1345 1934 ,
1364 1901 1447 1942 quod
1460 1901 1494 1932 fit
1510 1900 1724 1942 sapientissime
1743 1900 1952 1932 constitutum.
1974 1902 2005 1931 Si
2015 1900 2074 1929 hoc
2083 1907 2159 1939 prae-

1196 1944 1288 1981 cipit,
1308 1952 1346 1972 ne
1356 1943 1429 1984 quid
1440 1945 1501 1974 vita
1509 1942 1685 1974 existimem
1696 1944 1865 1984 antiquius,
1891 1952 1929 1972 ne
1941 1941 2099 1972 decernam
2109 1949 2159 1971 ca-

1195 1985 1267 2024 pitis
1275 1985 1428 2024 periculo,
1437 1984 1552 2026 fugiam
1563 1996 1658 2016 omne
1667 1985 1831 2016 discrimen
1842 2005 1851 2018 ,
1862 1993 1992 2026 quaeram
2003 1993 2041 2014 ex
2051 1992 2083 2013 ea
2092 2002 2102 2017 ‚
2112 1981 2159 2013 et?-

1198 2029 1298 2057 iamne
1308 2025 1400 2057 fuerit
1408 2047 1417 2061 ,
1428 2026 1500 2058 cum
1514 2028 1544 2058 id
1554 2026 1652 2059 fecero
1661 2048 1671 2061 ,
1687 2026 1889 2058 serviendum.
1913 2024 1934 2056 fi
1943 2027 2081 2057 annuerit
2092 2035 2097 2054 :
2111 2033 2158 2060 na}

1197 2079 1253 2110 ego
1272 2069 1447 2108 sapientiam
1462 2069 1548 2101 istam
1560 2090 1569 2104 ,
1610 2071 1728 2100 uamvis
1748 2067 1783 2100 fit
1800 2069 1933 2102 erudita,
1952 2077 2018 2098 non
2027 2066 2156 2098 audiam.

1198 2110 1241 2141 sin
1252 2110 1440 2151 responderit
1448 2131 1457 2146 ‚
1481 2114 1532 2143 Tu
1541 2122 1614 2143 vero
1625 2114 1665 2143 ita
1672 2113 1767 2143 vitam
1775 2130 1784 2146 ‚
1799 2111 1964 2152 corpusque
1974 2110 2087 2141 servato
2098 2128 2107 2142 ‚
2118 2109 2158 2145 icas

1198 2153 1332 2183 fortunas
1343 2173 1352 2187 ‚
1372 2155 1413 2184 ita
1430 2163 1495 2184 rem
1514 2153 1695 2185 familiarem
1708 2174 1716 2188 ‚
1738 2162 1772 2184 ut
1783 2152 1944 2194 posteriora
1954 2152 2088 2182 libertate
2100 2148 2159 2179 du-‘

1198 2205 1245 2225 cas
1256 2214 1264 2228 ,
1285 2197 1383 2236 itaque
1400 2197 1447 2225 his
1465 2198 1510 2226 uti
1524 2197 1599 2226 velis
1610 2216 1619 2230 ,
1640 2195 1660 2225 si
1671 2196 1793 2226 liberare
1805 2204 1899 2234 remp.
1911 2191 2018 2234 poffis:
2036 2201 2092 2222 nec
2103 2191 2162 2231 pro

1199 2238 1244 2266 his
1255 2236 1422 2267 libertatem
1433 2257 1442 2271 ‚
1460 2237 1511 2268 sed
1528 2248 1583 2278 pro
1600 2238 1736 2268 libertate
1751 2238 1813 2266 haec
1831 2237 1985 2276 projicias,
2006 2243 2159 2274 tamquam

1198 2280 1325 2319 pignora
1335 2280 1469 2318 ithtriae:
1488 2289 1554 2309 tum
1572 2280 1720 2319 sapientiae
1736 2287 1844 2308 vocem
1858 2278 1960 2308 audire
1974 2275 2093 2309 videar,
2114 2276 2159 2305 ei-

1200 2331 1267 2361 que,
1279 2321 1325 2350 uti
1334 2320 1391 2353 deo,
1403 2330 1533 2360 paream.
1556 2323 1659 2361 Itaque
1669 2319 1690 2349 fi
1699 2340 1708 2353 ‚
1720 2321 1844 2359 receptis
1853 2319 1925 2351 illis,
1935 2316 2091 2358 possumus
2102 2314 2159 2347 estc

1200 2362 1298 2395 liberi,
1310 2363 1468 2391 vincamus
1479 2362 1596 2395 odium,
1611 2371 1775 2402 pacemque
1783 2362 1947 2400 patiamur:
1964 2358 2100 2399 ¹0smjus
2110 2361 2160 2389 in-

203 2409 286 2439 davit
300 2411 305 2438 l
327 2408 346 2438 ὃ
357 2417 452 2438 ratum
466 2427 474 2442 ‚
493 2408 724 2448 religiosumque
734 2405 827 2436 faedus
840 2425 847 2438 ‚
869 2402 883 2424 ⁶
892 2403 972 2444 quod
982 2413 1053 2432 cum
1064 2405 1162 2431 Anto—

203 2452 265 2480 niis
275 2449 436 2480 fecerimus
447 2453 452 2479 !
464 2451 522 2480 hoc
532 2449 552 2478 sr
562 2452 680 2479 Marcus
689 2448 801 2478 violare
811 2446 979 2478 conabitur,
990 2446 1079 2474 Lucii
1088 2453 1160 2472 eum

205 2491 341 2523 sanffltas
351 2491 481 2523 ascelere
491 2491 719 2522 revocabit-illis
733 2490 815 2521 locus
831 2487 852 2519 fi
862 2490 902 2518 ‘in
916 2488 968 2518 hac
980 2486 1052 2517 urbe
1061 2485 1161 2521 fuerit,

924 2573 942 2590 ‘l-

209 2607 499 2658 LA'Principiohrgjm
508 2606 584 2640 belli]
608 2607 650 2631 Sic
661 2605 740 2631 nostri
756 2603 813 2630 mss.
833 2613 924 2630 omnes
937 2623 945 2635 ‚
964 2610 1058 2638 praeter
1069 2611 1163 2633 unum,
1185 2608 1187 2612 ’

294 2644 334 2668 cui
345 2642 436 2668 deerat
448 2644 539 2669 littera
548 2643 681 2677 princeps.
700 2640 763 2667 scias
775 2640 896 2666 relictam
909 2641 924 2665 a
943 2638 1026 2665 scriba
1040 2658 1048 2669 ‚
1068 2645 1099 2664 ut
1113 2637 1165 2663 mi-

206 2678 250 2703 nio
269 2677 467 2713 depingeretur.
496 2678 616 2713 illudque
635 2676 718 2712 rpstrm
745 2676 849 2712 decepit
876 2674 1051 2702 acutiffinium
1070 2676 1166 2700 Feri-a·
1184 2675 1185 2694 ἶ

208 2713 378 2747 rlljudicium
391 2734 399 2746 ,
419 2712 608 2750 quijussitficle
619 2713 676 2740 mis.
688 2713 793 2739 suorum
812 2715 841 2738 In
850 2712 989 2748 vulgatum
1000 2719 1167 2747 expungere·
1184 2710 1185 2720 ¹

208 2758 234 2775 ni
240 2759 278 2776 us.

245 2794 272 2810 2.
290 2788 373 2811 'Pac‘li'o
387 2786 453 2818 pacis
463 2806 470 2818 ‚
492 2788 529 2812 lex
540 2787 572 2820 sit
584 2786 737 2820 sbr-vitmis]
762 2786 828 2811 Non
839 2784 922 2820 potest
942 2783 1008 2810 mihi
1018 2782 1167 2819 displicere,

211 2821 282 2857 quod
295 2822 382 2848 inveni
394 2822 419 2848 in
433 2823 489 2848 Pal.
500 2821 549 2848 sec,
560 2822 709 2855 abi-sitscr‘v.

245 2866 272 2897 3.
293 2858 669 2892 Sivejkrcsscbatfiwfimulabat]
697 2858 738 2883 Ita
749 2858 853 2883 Manut.
870 2857 898 2882 δε
909 2854 1005 2882 Lamb.
1027 2863 1060 2882 ex
1072 2853 1167 2880 Fa'c'rni

207 2902 302 2928 opinor
313 2892 386 2919 libris
397 2894 544 2929 alluditque
565 2894 620 2919 l‘al.
632 2892 680 2918 see.
700 2893 746 2928 qui
758 2913 766 2925 ,
786 2893 966 2927 sivefacieba15
986 2896 1015 2916 ut
1034 2897 1168 2926 appareat,

208 2928 316 2955 scribam
328 2928 442 2954 alicuem
454 2931 532 2956 initio
543 2928 687 2956 transiliisse
698 2928 766 2954 illud
778 2930 983 2962 ‚srvefimnlabat‚
996 2926 1031 2952 ob
1041 2926 1165 2952 similitu-

207 2964 297 2990 dinem
309 2948 412 3000 syllaba:
422 2965 506 2991 riualis
517 2975 575 2991 cum
589 2974 650 2991 voce
661 2964 824 3001 praecedente
837 2983 845 2996 ,
864 2964 929 2990 alios
942 2963 1004 2988 vero
1025 2963 1081 2998 post
1100 2971 1167 2998 proe-

209 3007 282 3028 terea
292 2999 416 3027 sustulilse
429 3001 569 3034 illud‚fi·ae.

244 3045 272 3069 4.
294 3039 512 3069 Immannasemque
521 3038 563 3070 lpfi
570 3038 663 3063 cernitis
673 3039 823 3071 reliquorum.
842 3036 939 3066 Adane,
949 3034 1019 3069 σι]
1042 3033 1116 3060 Falsa
1127 3033 1166 3059 le-

210 3072 276 3104 ξῖἰο,
288 3072 441 3107 delegitque
454 3072 511 3097 Pal.
521 3081 560 3107 pr.
572 3081 601 3097 ac
612 3072 659 3098 sec.
679 3074 704 3099 in
716 3073 810 3108 quibus
821 3073 917 3097 cernitis
928 3073 988 3097 belli.
1012 3079 1108 3104 quorum
1118 3079 1165 3095 7111-

208 3119 268 3135 ητα-ο
278 3109 411 3134 additailla
426 3127 433 3139 ‚
452 3108 503 3137 (ly-c.
525 3108 552 3132 &
564 3108 690 3134 itainitio
707 3108 783 3135 fuiffe
805 3108 909 3134 videtur
928 3108 954 3133 in
968 3107 1164 3141 Hitt01·piano;

207 3148 280 3172 certi:
290 3144 389 3171 retinet
399 3143 467 3169 illud
478 3152 571 3168 numero
583 3162 590 3174 ‚
610 3143 745 3171 exclusum
757 3144 836 3172 hodie
848 3143 939 3180 vulgo.
958 3143 987 3170 δε
998 3143 1044 3170 vix
1056 3142 1092 3170 est
1104 3161 1113 3175 ,
1123 3141 1162 3169 uti

206 3181 230 3208 ei
242 3180 334 3208 cedere
345 3189 399 3207 uon
410 3179 504 3206 debeat
513 3178 658 3216 publicata.

1200 2403 1373 2432 columibus
1381 2403 1428 2432 his
1438 2423 1447 2436 ,
1460 2403 1583 2433 nullum
1594 2401 1650 2432 effe
1659 2402 1770 2442 potest:
1784 2405 1919 2433 laetemur
1928 2401 2095 2432 decertandi
2105 2400 2161 2431 ob-

1202 2445 1292 2474 latam
1303 2442 1361 2474 effe
1370 2443 1533 2474 fortunam.
1556 2453 1606 2475 aut
1614 2448 1697 2475 enim
1708 2464 1717 2478 ,
1726 2444 1815 2475 viEtis
1826 2446 1882 2478 his,
1893 2444 2029 2474 fruemur
2038 2442 2163 2473 vi&rice

1202 2495 1263 2526 rep.
1275 2495 1324 2516 aut
1334 2485 1462 2526 oppressi
1472 2506 1481 2520 ,
1501 2487 1595 2529 (quod
1606 2497 1699 2517 omen
1709 2484 1982 2529 avertatJupiter)s1
1997 2495 2062 2516 non
2076 2485 2164 2529 spirif

2049 2537 2054 2542 ·
2079 2535 2121 2560 tu,
2133 2534 2163 2557 at

1238 2611 1263 2635 5.
1284 2603 1418 2633 Mustellam
1429 2621 1438 2633 ,
1447 2603 1591 2636 Pertjffium]
1612 2602 1712 2628 Ultimi
1732 2602 1773 2636 huj
1779 2611 1807 2627 us
1828 2603 1928 2628 mentio
1944 2602 1974 2628 fit
1997 2602 2101 2628 auehi-i
2112 2610 2162 2627 no-

1183 2646 1185 2673 J
1203 2637 1255 2663 stro
1266 2637 1386 2663 oratione
1406 2637 1563 2673 praecedenti
1577 2658 1584 2669 ,
1603 2647 1658 2673 cap.
1670 2637 1694 2664 8.
1718 2638 1744 2662 δε
1757 2645 1843 2664 tamen
1865 2638 1932 2664 l'all.
1944 2638 2024 2664 nostri
2035 2637 2091 2663 fere
2105 2656 2113 2669 ,
2131 2642 2162 2663 ut

1203 2673 1282 2700 etiam
1299 2673 1460 2705 Ferrariani,
1471 2676 1614 2706 Mustellam,
1620 2674 1742 2706 peditum5
1761 2681 1807 2700 aut
1812 2675 1924 2707 peditem,
1937 2673 1977 2699 vel
1983 2673 2107 2706 peditirtm.

1240 2710 1267 2735 6.
1286 2710 1353 2742 Qud
1361 2718 1412 2734 cum
1421 2711 1529 2736 Antoniis
1541 2709 1694 2743 fecerimus]
1716 2711 1823 2736 Mannt.
1837 2711 1865 2735 Sc
1878 2708 2094 2736 Lamo-Antonio.
2105 2716 2161 2736 ma-

1203 2745 1240 2772 lui
1252 2745 1365 2771 alterum
1377 2755 1436 2771 curn
1448 2745 1506 2771 Pal.
1518 2745 1567 2771 see.
1580 2746 1688 2781 vulgata
1698 2752 1787 2771 tamen
1798 2746 1945 2777 cumhisfec.

1238 2790 1266 2816 7.
1286 2783 1366 2809 2Alius
1373 2783 1547 2814 pra-gredientes
1559 2782 1670 2815 amicos]
1693 2781 1809 2807 Restitui
1821 2800 1829 2812 ‚
1843 2780 1913 2811 quod
1924 2787 1980 2806 erat
1990 2780 2015 2805 in
2026 2779 2091 2805 olim
2103 2779 2161 2806 edi-

1204 2818 1237 2844 tis
1250 2818 1379 2853 restatque
1398 2818 1425 2844 in
1436 2817 1493 2843 Pal.
1513 2817 1597 2843 tribus
1608 2817 1636 2842 ὅ(
1656 2817 1831 2842 Mauriciano.
1850 2817 1907 2852 post
1918 2824 1983 2842 nat-uc
1993 2814 2054 2841 cdd.
2071 2824 2165 2848 prqtgre-

1203 2855 1302 2879 dientes.
1325 2854 1412 2880 minus
1424 2853 1508 2879 regie.
1518 2854 1608 2878 comites
1619 2852 1702 2884 enim,
1712 2859 1758 2878 aut
1769 2852 1996 2883 autemnbulones,
2008 2858 2053 2877 aut
2065 2851 2164 2878 latero-

1206 2900 1263 2921 neS,
1273 2896 1318 2916 aut
1330 2889 1484 2925 pedissequi.

1241 2925 1266 2952 8.
1287 2927 1365 2958 Qum
1382 2928 1434 2950 vim
1451 2925 1580 2950 anhelitus.
1592 2923 1606 2957 ]
1631 2922 1750 2949 Robuste
1763 2923 1769 2949 ἔ
1790 2930 1899 2949 enervat
1917 2931 2004 2949 tamen
2024 2922 2163 2949 Ferrarius

1184 2965 1185 2973 ¹
1203 2961 1267 2987 dum
1278 2961 1386 2995 conjicit
1395 2963 1469 2993 vim'5
1486 2959 1672 2994 refelliturque
1691 2958 1723 2985 ab
1741 2958 1905 2986 P.Vi8torio
1924 2959 1992 2985 libro
2004 2968 2088 2985 xxxx.
2099 2960 2163 2985 Var.

1204 2998 1268 3024 left.
1280 3007 1326 3033 cap
1341 2997 1383 3023 16.

1238 3042 1267 3069 9.
1288 3035 1383 3067 ffitstum
1391 3032 1466 3057 odium
1476 3030 1604 3064 incendia]
1626 3030 1800 3056 Gulielmiani
1811 3029 1864 3056 duo
1877 3049 1885 3062 ,
1895 3031 2007 3061 Intendit,
2018 3029 2089 3066 quod
2099 3039 2163 3065 pro-

1202 3069 1257 3096 bat.
1279 3077 1363 3103 neque
1373 3067 1453 3093 aliter
1463 3075 1494 3092 eo
1505 3066 1586 3092 verbo
1597 3067 1683 3092 utitur
1692 3066 1724 3094 ad
1736 3066 1882 3093 Lentulum
1898 3077 1904 3093 ι
1923 3068 1973 3093 crim
1983 3067 2163 3099 tribunuspleb.

1182 3112 1184 3146 J
1200 3105 1320 3132 intendere
1330 3106 1403 3135 cepit.

1242 3149 1282 3166 10.
1302 3140 1392 3172 Sinjm·
1401 3139 1554 3164 incolumibus
1562 3138 1599 3164 his
1608 3140 1696 3164 nullum
1706 3139 1747 3172 effl-
1755 3139 1856 3175 potef'h]
1877 3139 1919 3167 Ita
1927 3137 2162 3166 omn.mss.Ferra-

1202 3176 1248 3210 rii,
1256 3174 1411 3210 acceditque
1421 3175 1479 3202 Pal.
1489 3174 1539 3202 sec.
1554 3174 1611 3202 Lil.
1621 3174 1649 3200 &
1660 3174 1769 3202 Gcmbl.

1332 3224 1343 3250 3
2058 3217 2082 3237 ι.
2093 3210 2158 3234 Ῥησ-
