2295 3400
234 125 333 186 am
667 120 736 167 M
806 118 1164 166 Tunnxt

231 206 272 240 te,
283 205 374 248 quam
386 202 523 244 improbe
533 201 645 234 fecerit,
656 200 783 241 longum
795 198 837 230 est
846 199 952 230 dicere.
973 200 1042 228 Hoc
1052 194 1190 230 dicomifi

231 248 320 278 vobis
332 247 360 277 id
370 248 534 276 hominum
546 241 820 273 honestissunorum
841 240 949 271 tabulis
967 240 1091 279 planum
1110 238 1190 268 fece-

232 299 266 320 ro
279 310 287 323 ,
308 288 380 328 fingi
389 290 404 317 a
414 297 463 316 mc
473 288 530 316 hoc
541 294 641 315 totum
650 285 794 323 temporis
803 283 887 313 causa
895 290 1038 322 putatote.
1060 282 1128 322 Jam
1138 281 1190 321 qui

231 341 271 361 ex
288 331 452 361 calamitate
472 328 613 357 senatoris
633 326 737 365 populi
756 327 854 355 Rom.
868 323 939 354 cum
959 332 1066 363 praetor
1072 322 1189 362 judicio

233 374 299 410 ejus
309 368 468 412 praefuiss'et
479 390 487 402 ‚
501 369 595 408 spolia
604 367 737 398 domum
750 367 831 397 suam
841 364 947 395 referre
958 384 966 398 ‚
990 364 1024 394 &
1035 363 1190 394 manubias

234 414 384 444 detrahere
401 420 524 442 conatus
535 409 577 440 est
588 421 597 443 3
617 411 641 438 is
653 408 746 438 ullam
757 408 792 438 ab
803 408 861 438 sese
870 407 1071 437 calamitatem
1080 406 1190 446 poterit

166 450 208 484 61
232 455 389 495 deprecari?
424 455 505 482 Nam
517 452 553 481 de
564 451 776 481 subsortitione
786 450 974 490 illaJuniana
994 447 1130 486 judicum
1141 448 1190 476 ni-

232 498 275 526 hil
288 496 366 526 dico.
421 493 470 523 uid
480 496 565 523 enim
576 495 587 522 ?
597 501 699 522 contra
707 492 831 524 tabulas,
842 500 912 531 quas
922 499 953 520 tu
964 488 1124 529 protulisti,
1137 498 1189 518 au-

231 538 318 568 deam
329 537 447 566 dicere?
468 534 592 565 difficile
602 533 652 564 est.
686 536 759 563 Non
779 535 862 562 enim
881 542 931 561 me
949 541 998 561 tua
1015 530 1115 561 solum
1126 550 1134 563 ‚
1156 529 1189 559 &

227 579 367 620 judicum
377 576 547 608 auetoritas,
561 576 609 605 sed
620 568 708 605 etiar’n
719 575 821 604 anulus
831 571 1028 612 aureusscribae
1039 574 1081 602 tui
1092 572 1189 601 deter-

230 629 283 651 ret.
308 623 382 650 Non
391 619 490 649 dicam
502 618 531 648 id
546 639 553 651 ‚
570 617 650 658 quod
660 617 781 657 probare
791 614 914 646 difficile
925 614 982 644 est:
1006 615 1064 643 hoc
1074 613 1186 646 dicam,

230 661 313 702 quod
324 660 478 691 ostendam
492 671 497 689 :
512 660 625 689 multos
636 669 674 688 ex
683 667 710 689 te
721 660 802 689 viros
811 658 968 697 primarios
979 654 1102 687 audisse,
1116 654 1187 684 cum

232 704 356 736 diceres,
369 702 483 743 ignosci
491 701 546 731 tibi
555 709 691 741 oportere
704 721 712 734 ‚
725 698 920 741 quod-farsum
930 698 1047 727 codtcem
1057 696 1189 736 protule-

197 756 200 757 ’
233 746 283 774 ris.
308 754 377 774 nam
390 763 398 777 ,
410 743 590 784 quainvidia
605 745 636 772 C.
646 744 757 783 Junius
768 739 958 779 conflagrarat
970 759 978 771 ‚
990 749 1024 769 ea
1035 758 1042 772 ‚
1056 736 1110 768 nisi
1119 747 1190 777 pro-

230 783 371 821 vidisses,
390 785 447 816 tibi
462 783 515 827 ipsi
532 794 597 816 tum
616 783 804 826 pereundum
822 780 918 813 fuiss‘e.
951 783 1019 812 Hoc
1031 779 1126 810 modo
1136 777 1189 809 iste

1242 115 1768 165 C1canonis

1233 196 1298 231 fibi,
1309 197 1342 227 &
1352 196 1437 228 saluti
1447 197 1504 228 suae
1514 196 1680 238 prospicere
1690 195 1796 227 didicit
1806 215 1815 230 ,
1827 193 1985 226 referendo
1995 194 2027 227 in
2037 195 2149 229 tabulas
2161 197 2197 230 δε

1231 240 1363 280 privatas
1373 259 1380 273 ‚
1392 239 1426 272 ὼ·
1434 238 1559 281 publicas
1569 258 1577 273 ‚
1589 239 1663 280 quod
1666 237 1775 279 gestum
1784 248 1836 267 non
1845 237 1906 275 efflet
1914 248 1925 266 t
1945 238 2081 269 tollendo
2092 259 2100 273 ‚
2122 240 2197 281 quod

1233 280 1311 318 effer,
1332 281 1365 310 δε
1376 281 1492 321 semper
1500 281 1614 321 aliquid
1623 279 1775 310 demendo
1785 299 1793 313 ‚
1808 278 1956 310 mutando
1967 299 1975 313 ‚
1989 283 1999 298 ¹
2011 281 2142 311 curando
2155 291 2195 312 ne

1233 323 1321 352 litura
1329 332 1459 362 appareat
1470 343 1478 356 ‚
1490 321 1711 362 interpolando.
1741 320 1787 351 Εὸ
1798 322 1883 351 enirn
1893 321 1983 361 usque
1994 322 2196 363 progreditur,

1232 373 1264 393 ut
1275 374 1313 393 ne
1324 362 1531 394 defensionem
1541 363 1665 404 quidem
1685 360 1904 392 maleficiorum
1921 363 2043 392 suorum
2056 363 2115 404 sine
2130 363 2194 394 aliis

1232 405 1374 444 maleficiis
1384 408 1510 445 reperire
1522 403 1625 445 poss'et.
1658 403 1801 444 Ejusdem
1819 403 1907 434 modi
1927 405 2118 434 sortitionem
2136 406 2195 435 ho·-

1232 457 1286 477 mo
1297 446 1514 477 amentissimus
1526 447 1649 477 suorum
1658 455 1778 486 quoque
1785 445 1923 485 judicum
1935 444 1999 475 fore
2010 448 2124 484 putavit
2141 456 2194 486 per

1232 489 1363 518 sodalem
1376 489 1463 518 suum
1474 508 1482 522 ,
1504 490 1694 527 QCurtium
1706 507 1713 521 ‚
1724 486 1860 527 judicem
1870 486 2044 528 quaestionis
2056 499 2062 517 ;
2086 490 2135 518 cui
2145 489 2194 518 ni-

1234 529 1254 559 si
1264 540 1319 570 ego
1331 532 1360 559 vi
1370 531 1493 569 populi,
1516 530 1549 559 &
1558 531 1723 559 hominum
1734 529 1864 559 clamore
1873 548 1882 562 ‚
1901 537 1989 569 atque
1998 530 2135 560 convitio
2148 539 2193 563 re,-

1233 569 1370 601 stitiss'em
1383 581 1388 599 1
1407 581 1444 600 ex
1454 572 1507 602 hac
1519 571 1638 601 decuria
1647 570 1747 601 nostra
1758 590 1766 604 ,
1789 572 1873 610 cujus
1887 572 1964 600 mihi
1974 572 2092 611 copiam
2102 570 2192 612 quam

1234 611 1391 654 largiffime
1402 611 1512 642 factam
1522 612 1693 652 oportebat,
1715 621 1812 651 erepta
1821 610 1893 642 efl'et
1910 616 1924 633 ²
1933 611 2055 642 facultas
2072 622 2190 649 eorum,

1232 664 1308 727 <s1uos
1326 653 1380 726 bste
1390 664 1533 710 anrssuffiat
1542 674 1552 689 ‚
1575 656 1608 684 in
1619 654 1707 684 suum
1717 652 1878 685 consilium
1888 652 1947 685 sine
1965 654 2048 686 causa
2057 654 2115 686 suae
2124 653 2194 687 sub-

1248 704 1322 727 ortie
1345 704 1417 727 atur.

1431 784 1445 795 ⁹
1596 779 1709 811 „sumta
1726 779 1834 821 defient.

596 885 1842 946 ACCUSATIONIS

379 1097 502 1182 C.

716 1225 1028 1280 LIBER

730 991 2045 1182 ΧῙΕῙΡΪΚΕΜ,

1143 1222 1740 1288 SECUNDUS,

253 1333 1336 1537 JURISDICTIOlDNlFlE
1417 1422 2167 1515 SICILIENSI.

556 1573 1114 1632 ORATIO

516 1734 662 1765 mittenda
674 1735 756 1766 sunt,
780 1736 788 1750 ¹
801 1741 832 1761 ut
849 1730 956 1771 poffim
975 1731 1075 1770 aliquo
1094 1730 1187 1759 modo

466 1783 470 1798 l

466 1768 478 1836 ³
511 1815 678 1849 commissae
688 1818 756 1847 sunt
765 1835 773 1849 ,
792 1815 896 1844 dicere.
920 1815 1016 1853 recepi
1026 1823 1110 1843 enim
1120 1823 1189 1843 cau—

467 1875 491 1903 μ
511 1861 571 1890 sam
581 1859 698 1889 Siciliae.
722 1868 755 1888 ea
773 1866 823 1886 me
835 1855 869 1886 ad
882 1857 939 1886 hoc
951 1857 1108 1895 negotium
1118 1864 1188 1895 pro-

511 1903 612 1931 vincia
628 1901 755 1931 attraxit.
786 1901 849 1940 Ego
861 1907 962 1927 tamen
972 1898 1030 1926 hoc
1041 1906 1131 1926 onere
1141 1896 1188 1926 su-

354 1938 489 1954 ’“’”“““7“
513 1944 611 1983 scepto
627 1961 636 1976 ‚
658 1942 691 1972 δε
708 1949 821 1980 recepta
839 1939 921 1969 causa
937 1936 1083 1969 Siciliensi
1096 1958 1104 1971 ,
1123 1947 1187 1967 am-

229 1989 337 2030 plexus
357 1989 462 2018 animo
481 1986 548 2016 sum
560 1985 713 2025 aliquanto
722 1982 861 2021 amplius·
886 1981 997 2020 suscepi
1018 1981 1101 2009 enim
1120 1989 1189 2009 cau-

231 2032 295 2062 sam
313 2031 404 2060 totius
423 2028 539 2058 ordinis
551 2037 556 2055 z
579 2026 689 2065 suscepi
698 2024 814 2054 causam
824 2022 928 2063 populi
938 2024 1031 2052 Rom.
1042 2020 1124 2062 quod
1134 2031 1188 2061 pu-

232 2073 331 2103 tabam
342 2080 406 2101 tum
416 2070 545 2110 denique
557 2067 637 2098 ῐεὸὶὲ
654 2066 779 2106 judicari
788 2063 869 2105 posse
878 2084 887 2098 ,
913 2062 933 2093 si
945 2074 1008 2094 non
1019 2063 1112 2093 modo
1129 2072 1189 2091 rem

231 2112 371 2154 improbus
381 2112 589 2142 adduceretur:
611 2108 659 2139 sed
668 2110 756 2138 etiam
767 2107 894 2147 diligens
905 2125 913 2139 ,
926 2105 1063 2144 &firmm
1073 2105 1187 2144 accusa-

231 2162 275 2185 tor
284 2153 612 2193 adjudiciumveniret.
633 2153 703 2191 Qo
715 2150 791 2178 mihi
803 2146 948 2177 maturius
958 2147 992 2176 ad
1002 2147 1111 2177 Siciliae
1121 2156 1190 2176 cau-

231 2198 297 2228 sam
309 2195 494 2226 veuiendum
505 2192 565 2226 est,
579 2191 690 2222 reliffis
700 2191 802 2221 ceteris
812 2191 875 2229 ejus
885 2188 971 2218 furtis
982 2208 990 2222 ‚
1004 2198 1036 2218 ac
1048 2187 1166 2228 flagitiis
1178 2207 1185 2221 ‚

231 2248 265 2270 ut
277 2238 308 2268 &
316 2237 430 2267 viribus
440 2235 530 2276 quam
542 2234 742 2274 integerrimis
752 2241 843 2272 agere,
852 2231 884 2260 &
893 2230 926 2260 ad
938 2229 1101 2260 dicendum
1112 2238 1187 2258 tem-

229 2281 313 2322 poris
322 2280 388 2310 satis
398 2277 503 2307 habere
513 2274 630 2316 poffim-
651 2278 748 2315 Atque
759 2272 842 2306 adeo,
854 2271 1013 2312 antequam
1023 2271 1059 2300 dc
1069 2273 1188 2300 incom-

513 1776 673 1817 aliquando
693 1775 729 1805 de
748 1775 784 1803 iis
803 1773 889 1802 rebus
910 1793 918 1805 ‚
938 1783 1003 1812 quae
1022 1782 1098 1801 meae
1118 1770 1187 1801 fidei

230 2321 334 2353 modis
342 2320 450 2351 Siciliae
460 2319 528 2349 dico
538 2338 546 2352 ‚
567 2326 657 2357 pauca
667 2317 744 2345 mihi
755 2314 894 2344 videntur
911 2311 968 2343 effe
982 2313 1018 2342 de
1026 2314 1187 2352 provinciae
1209 2352 1210 2356 Ἰ

227 2359 665 2405 dignitate‚vetustate,utilitate
674 2356 895 2387 dicendaNam
905 2354 976 2384 cum
987 2355 1130 2384 omnium
1144 2354 1189 2382 so-

228 2408 347 2437 ciorum
359 2423 367 2437 ,
387 2403 671 2443 provinciarumque
680 2399 817 2428 rationem
825 2397 970 2437 diligenter
979 2394 1073 2424 habere
1081 2393 1187 2428 debens,

229 2457 296 2479 tum
308 2444 456 2486 praecipue
466 2444 575 2474 Siciliae
588 2462 596 2476 ,
609 2441 723 2481 judices
734 2461 741 2474 ‚
753 2441 892 2480 plurimis
902 2458 910 2472 ‚
919 2435 1143 2478 justissimisque
1153 2436 1189 2466 de

227 2485 467 2527 caufiszprimum
479 2483 560 2527 quod
570 2485 713 2514 omniurn
724 2483 883 2512 nationum
893 2489 1059 2510 exterarum
1066 2479 1190 2521 princeps

228 2530 331 2562 Sicilia
343 2530 370 2559 se
379 2528 414 2558 ad
424 2528 599 2560 amicitiam,
614 2524 763 2565 fidemque
772 2523 877 2564 populi
885 2524 1020 2553 Romani
1029 2521 1187 2561 applicuit:

229 2573 328 2613 prima
336 2572 476 2600 omnium
488 2589 496 2603 ,
509 2568 538 2598 id
550 2567 631 2608 quod
641 2575 854 2597 ornamentum
865 2565 985 2604 imperii
994 2562 1036 2593 est
1047 2583 1054 2596 ‚
1070 2562 1187 2604 provin·

230 2615 278 2644 cia
287 2612 329 2642 est
337 2611 477 2652 appellata
489 2622 494 2639 2
509 2612 604 2650 prima
612 2609 714 2639 docuit
725 2608 852 2647 majores
863 2606 980 2637 nostros
991 2625 999 2638 ,
1012 2604 1103 2646 quarn
1113 2613 1186 2644 prae-

232 2656 346 2686 clarum
358 2651 428 2683 efl'et
437 2654 545 2683 exteris
554 2651 692 2693 gentibus
703 2652 860 2690 imperare:
884 2648 945 2678 sola
957 2646 1014 2677 fuit
1024 2656 1056 2676 ea
1067 2644 1124 2675 fide
1136 2646 1186 2675 be-

231 2696 458 2735 nivolentiaque
474 2704 538 2734 erga
548 2693 694 2733 populum
707 2694 884 2722 Romanum
895 2710 903 2724 ‚
924 2698 956 2719 ut
972 2690 1104 2719 civitates
1121 2688 1184 2727 ejus

230 2738 336 2768 insulae
347 2757 355 2771 ,
397 2746 440 2766 uae
452 2736 541 2765 semel
553 2737 585 2764 in
594 2735 757 2764 amicitiam
766 2732 897 2763 nostram
915 2728 1077 2763 venissent,
1101 2739 1183 2758 num-

230 2789 319 2821 quam
335 2747 423 2820 possea
439 2776 580 2816 deficerent
588 2787 600 2803 .·
617 2777 766 2816 pleraeque
784 2784 884 2805 aUtern
894 2794 902 2808 ‚
923 2773 956 2804 δε
966 2770 1102 2803 maxime
1113 2771 1185 2801 illu-

848 2862 900 2870 fir·-

268 2892 291 2909 1.
310 2882 420 2907 Cur-ando
428 2891 455 2907 nc
464 2883 539 2906 litura
549 2887 663 2912 appareat
675 2899 682 2910 ,
692 2880 875 2913 interpolanda]
889 2878 990 2914 Lipflus
1001 2877 1087 2904 noster
1098 2876 1144 2903 lib.
1159 2886 1180 2902 ι.
1200 2880 1201 2883 ’

228 2919 368 2945 variorum
380 2926 482 2953 capao.
494 2916 565 2950 ejicit
577 2935 584 2946 ‚
600 2916 723 2951 pleraque
734 2916 786 2941 haec
796 2915 911 2941 multum
923 2922 1008 2941 tamen
1020 2913 1115 2939 liabent
1125 2913 1184 2948 qui-

228 2954 276 2982 bus
288 2953 393 2981 auditor
403 2953 535 2988 capiatur:
549 2952 703 2986 seria-utque
713 2951 812 2987 alioqui
824 2953 850 2977 ὅ(
862 2950 928 2977 Pall.
940 2951 966 2977 8:
977 2950 1042 2976 oliui
1053 2948 1113 2975 cusi.

1211 1571 1869 1632 SEPTIMA.

429 1712 451 1723 t.
463 1711 468 1721 ι
482 1707 489 1710 -
516 1697 615 1724 ULTA
636 1694 712 1722 mihi
723 1688 900 1723 necessarie),
919 1688 1049 1727 iudices,
1069 1696 1188 1728 praeter-
1209 1690 1212 1705 '
1234 1687 1347 1717 stresin
1358 1688 1488 1718 amicitia
1497 1688 1639 1728 perpetuo
1651 1698 1815 1719 manerent.
1842 1691 1944 1730 Itaque
1958 1688 2122 1729 majoribus
2134 1701 2194 1722 no-

1233 1729 1298 1759 stris
1310 1731 1340 1760 in
1352 1729 1483 1759 Africam
1495 1739 1533 1759 ex
1544 1731 1597 1760 hac
1606 1733 1761 1770 provincia
1776 1730 1881 1771 gradus
1897 1733 2020 1771 imperii
2030 1731 2124 1762 frustus
2135 1732 2186 1766 est.

1232 1781 1328 1811 neque
1348 1773 1432 1800 enim
1452 1780 1513 1801 tam
1522 1770 1610 1801 facile
1621 1782 1690 1812 opes
1702 1774 1890 1812 Karthaginis
1900 1781 1986 1803 tantae
1997 1773 2169 1812 concidiffimt
2178 1794 2188 1808 ‚

1232 1811 1288 1842 nisi
1296 1812 1373 1842 illud
1384 1812 1416 1842 &
1426 1812 1657 1851 reifrumentariae
1673 1812 1846 1847 subsidium,
1864 1814 1896 1844 &
1906 1815 2108 1856 receptaculum
2117 1816 2190 1846 clas-

1232 1852 1309 1884 sibus
1319 1853 1428 1884 nostris
1439 1863 1557 1894 pateret.
1580 1857 1677 1896 Qare
1689 1858 1719 1886 P.
1731 1854 1889 1885 Africanus
1899 1875 1907 1888 ,
1920 1857 2099 1898 Karthagine
2109 1856 2191 1887 dele·
2208 1870 2230 1896 2

1234 1900 1261 1926 ta
1270 1916 1278 1930 ‚
1289 1896 1461 1927 Siculorum
1471 1896 1582 1929 urbeis,
1595 1895 1694 1937 signi5‚
1707 1897 1974 1938 monumentisque
1983 1899 2194 1937 pulcherrimis

1235 1939 1390 1967 exornavit
1403 1948 1409 1966 :
1434 1946 1466 1967 ut
1477 1957 1485 1971 ,
1504 1948 1580 1978 quos
1598 1938 1726 1968 vi&oria
1734 1939 1841 1978 populi
1851 1941 1943 1969 Rom.
1956 1939 2090 1970 maxime
2102 1941 2195 1971 laetari

1235 1979 1428 2009 arbitrabatur
1437 1999 1446 2013 ‚
1457 1979 1534 2020 apud
1545 1989 1595 2009 eos
1606 1987 1785 2009 monumenta
1794 1978 1918 2009 vifforiae
1925 1981 2056 2020 plurima
2062 1982 2196 2012 colloca-

1236 2030 1288 2051 ret.
1312 2022 1454 2062 Denique
1463 2022 1515 2050 ille
1526 2022 1586 2061 ipse
1597 2024 1642 2052 M.
1655 2022 1813 2052 Marcellus
1824 2041 1832 2056 ‚
1852 2022 1898 2062 cuj
1903 2032 1937 2052 us
1946 2024 1979 2052 in
1988 2024 2088 2054 Sicilia
2097 2025 2192 2054 virtu-

1236 2071 1297 2093 tem
1315 2062 1414 2092 hostes
1423 2083 1432 2095 ‚
1451 2063 1686 2093 misericordiam
1705 2062 1780 2093 viCti
1792 2083 1801 2096 ‚
1823 2062 1976 2104 fidemque
1993 2066 2082 2095 ceteri
2100 2065 2193 2095 Siculi

1233 2105 1463 2144 perspexerunt,
1482 2114 1545 2134 non
1558 2104 1656 2134 solum
1668 2105 1754 2134 sociis
1765 2106 1798 2134 in
1809 2114 1845 2134 eo
1856 2104 1937 2134 bello
1947 2105 2100 2136 consuluit
2109 2126 2118 2140 ,
2138 2116 2192 2136 ve-

1235 2145 1304 2175 rum
1315 2148 1406 2176 etiam
1420 2147 1558 2185 superatis
1570 2145 1703 2175 hostibus
1714 2146 1891 2187 temperavit-
1912 2146 2017 2176 urbem
2027 2147 2194 2187 pulcherri-

1237 2197 1319 2217 mam
1331 2207 1339 2220 ,
1360 2187 1507 2227 Syracusas
1517 2206 1526 2220 ,
1547 2197 1612 2227 quae
1622 2186 1695 2217 cum
1707 2197 1797 2217 manu
1808 2186 2006 2218 munitissima
2016 2187 2102 2222 esset,
2125 2198 2192 2220 tum

1236 2229 1295 2258 loci
1312 2238 1430 2262 natura,
1454 2237 1527 2258 terra
1537 2248 1544 2261 ‚
1566 2238 1599 2258 ac
1609 2230 1683 2258 mari
1692 2228 1895 2262 claudebatur,
1908 2227 1979 2258 cum
1990 2232 2021 2259 vi
2032 2250 2040 2264 ,
2051 2229 2192 2261 consilio-

1234 2280 1291 2310 que
1300 2269 1436 2310 cepisset:
1456 2280 1520 2299 non
1530 2269 1630 2299 solum
1641 2271 1829 2300 incolumem
1840 2269 1936 2310 pafl'us
1947 2270 1990 2301 est
1999 2270 2056 2302 effe
2067 2292 2075 2306 ‚
2092 2272 2191 2305 sedita

1234 2312 1354 2352 reliquit
1365 2320 1509 2345 ornatam,
1520 2320 1552 2341 ut
1561 2310 1632 2341 effet
1641 2311 1723 2342 idem
1734 2320 1944 2341 monumentum
1952 2312 2189 2347 vietonaeman-

1233 2353 1398 2383 suetudinis
1410 2373 1418 2386 ‚
1436 2354 1633 2383 continentiae
1646 2364 1651 2382 z
1670 2352 1742 2383 curn
1754 2355 1895 2384 homines
1906 2354 2059 2388 viderent,
2074 2356 2107 2385 δε
2116 2355 2190 2396 quid

1232 2393 1438 2436 expugnasset,
1452 2395 1484 2424 ὃς
1494 2394 1602 2435 quibus
1612 2393 1783 2435 pepercisset
1793 2415 1801 2429 ‚
1814 2396 1847 2426 δε
1855 2405 1920 2436 quat
1931 2395 2102 2437 reliquisset.
2122 2406 2189 2427 tan-

1234 2445 1299 2466 tum
1311 2437 1361 2465 ille
1371 2438 1519 2465 honorem
1530 2437 1639 2467 Siciliae
1649 2436 1822 2473 habendum
1833 2439 1994 2476 putavit‚ut
2004 2448 2042 2467 ne
2053 2437 2187 2470 ‘hostium

1232 2477 1354 2519 quidem
1372 2477 1477 2508 urbem
1491 2488 1528 2507 ex
1540 2479 1690 2509 sociorum
1707 2479 1803 2508 insula
1812 2478 1976 2509 tollendam
1988 2480 2184 2511 arbitraretur.

1231 2523 1330 2560 Itaque
1339 2519 1373 2550 ad
1385 2521 1503 2549 omneis
1514 2530 1558 2549 res
1569 2521 1668 2550 Sicilia
1676 2521 1831 2560 provinma
1839 2520 1953 2560 semper
1963 2519 2004 2550 usi
2015 2522 2128 2556 sumuS,
2142 2530 2186 2556 ut,

1230 2562 1377 2602 quidquid
1388 2572 1425 2591 cx
1437 2562 1493 2592 sese
1502 2560 1598 2601 posset
1612 2560 1716 2592 efferre
1726 2582 1735 2596 ‚
1757 2562 1787 2591 id
1798 2571 1861 2592 non
1871 2562 1946 2602 apud
1957 2572 2008 2592 eos
2019 2564 2097 2593 nasci
2107 2583 2115 2597 ,
2136 2563 2186 2595 sed

1230 2607 1243 2622 2
1252 2604 1326 2632 domi
1337 2602 1424 2639 nostra
1433 2603 1576 2633 conditum
1584 2613 1763 2644 putaremus.
1786 2603 1914 2645 Qando
1924 2604 1975 2634 illa
1982 2603 2184 2640 frumentum,

1229 2645 1309 2686 quod
1321 2645 1456 2679 deberet,
1479 2656 1542 2675 non
1552 2646 1586 2675 ad
1597 2645 1677 2676 diem
1690 2645 1793 2676 dedit?
1813 2645 1933 2686 quando
1943 2646 1974 2676 id
1983 2666 1991 2680 ‚
2014 2646 2095 2687 quod
2106 2656 2182 2687 opus

1228 2686 1285 2717 effe
1295 2696 1424 2727 putaret,
1443 2697 1508 2717 non
1519 2687 1597 2717 ultro
1608 2688 1741 2727 pollicita
1751 2686 1816 2717 est?
1835 2686 1995 2728 quandoid
2007 2708 2015 2721 ,
2032 2687 2113 2728 quod
2123 2691 2185 2718 im—

1227 2737 1373 2768 peraretur
1384 2749 1392 2762 ,
1405 2730 1547 2759 recusavit
1558 2733 1569 2758 ?
1588 2732 1691 2770 Itaque
1701 2729 1752 2759 ille
1762 2731 1806 2758 M.
1819 2731 1890 2759 Cato
1900 2730 2019 2768 Sapiens
2031 2731 2185 2771 caellampe-

1227 2771 1337 2800 nariam
1346 2770 1497 2812 reipublicae
1507 2770 1612 2802 nostrae
1624 2791 1632 2805 ,
1645 2770 1782 2801 nutricem
1793 2768 1877 2813 plebia
1886 2773 2016 2801 Romana
2025 2791 2034 2805 ‚
2052 2772 2186 2808 Siciliam

2081 2823 2186 2843 noim—

2151 2857 2185 2864 —q

1257 2885 1285 2902 2.
1306 2878 1420 2901 Facultaf
1429 2885 1504 2901 corum
1513 2884 1569 2909 quos
1579 2877 1619 2906 iste
1629 2875 1773 2908 annuerat]
1792 2876 1814 2901 V
1816 2874 1927 2900 ictarius
1940 2874 2028 2905 habet,
2040 2874 2104 2900 item
2116 2874 2186 2899 Pau-

1223 2912 1262 2938 lus
1276 2912 1423 2942 Manutius,
1433 2913 1551 2943 bonorum,
1561 2911 1611 2937 ciam
1619 2911 1639 2936 is
1650 2917 1779 2943 annuerat,
1788 2918 1831 2936 aut
1841 2911 1890 2936 cicm
1899 2911 1928 2936 iix
1938 2919 1992 2945 quos
2003 2912 2042 2943 tste
2052 2916 2182 2937 annuerat.

1226 2948 1271 2974 alii
1283 2948 1336 2983 leg.
1347 2948 1500 2974 adnumerat.

346 3080 407 3098 uum
428 3069 592 3096 exoletarum
610 3068 762 3103 scripturum
776 3087 783 3098 ,
803 3067 928 3093 Palatinis
939 3065 1031 3092 uostris
1043 3064 1182 3090 coufirma-

347 3114 409 3134 tam,
429 3105 584 3142 posteriores
597 3113 604 3127 i
613 3104 635 3129 cl
649 3104 774 3137 aequando
785 3122 793 3138 ,
815 3103 855 3131 vel
867 3102 1005 3138 αΙιᾎὶκοηαοιίο
1014 3100 1161 3137 abjecerant
1172 3108 1180 3130 5

225 3154 280 3175 mu
289 3143 362 3173 recte
376 3163 383 3177 ,
394 3143 452 3170 mcii
464 3140 569 3177 quidem
581 3139 717 3168 scutetum.

227 3047 252 3066 ῃ,
267 3039 364 3120 UT
374 3036 449 3069 pqffim
467 3036 499 3059 ali
506 3042 543 3066 [¹¹⁰
556 3033 615 3058 modo
626 3033 751 3065 aliquando
760 3033 785 3056 de
794 3032 829 3057 hir
840 3051 847 3062 ‚
859 3030 925 3063 &1:ss
939 3028 1073 3056 Revocavi
1084 3027 1181 3054 editio-

1263 3036 1290 3054 2.
1310 3030 1374 3053 Domi
1391 3030 1468 3060 nostrae
1484 3027 1598 3053 conditum
1612 3027 1777 3060 putaremur]
1796 3027 1839 3053 Sic
1849 3027 1916 3053 Pall.
1928 3026 2006 3053 nostri
2017 3026 2045 3052 &
2056 3024 2183 3052 vetustius

1226 3063 1288 3103 cusi.
1325 3063 1468 3090 Lambinus
1479 3063 1613 3097 interjecit
1623 3066 1637 3089 ὸ
1648 3062 1705 3089 ruff,
1716 3063 1830 3090 conditum
1831 3066 1886 3099 jam
1891 3070 2033 3098 putaremur
2043 3081 2052 3096 ‚
2071 3060 2142 3098 quod
2153 3061 2183 3086 ὃς

1226 3109 1254 3127 ιη
1265 3099 1413 3129 Metellauo
1423 3108 1432 3132 i
1445 3098 1488 3127 sed
1497 3109 1550 3128 uon
1560 3100 1597 3128 est
1607 3098 1788 3128 neceffarium.

2105 3161 2184 3196 1.σό-
