2337 3400
152 156 251 204 790
559 129 1078 177 MTULLM

156 231 214 261 que
224 218 259 248 ad
275 227 339 247 111.
353 217 427 245 Non
449 213 521 242 Mai.
544 211 693 242 Terentiae
703 216 835 251 pergrata
844 207 887 238 est
896 205 1112 252 affiduitastua,

159 265 192 292 ὃς
211 260 363 297 diligentia
381 258 413 285 in
431 251 632 285 controversia
651 253 810 282 Mulviana
826 272 834 285 ,
857 250 952 280 nescit
968 256 1114 278 ommno»

158 313 186 333 te
196 292 394 332 communem
405 297 518 326 causam
533 294 694 325 defendere
704 302 809 323 eorum
822 313 830 327 ‚
850 294 902 333 qui
918 299 1002 332 agros
1019 288 1118 334 publi—

158 353 209 373 cos
221 339 392 382 poffidcant.
418 339 465 368 sed
486 347 586 368 tamen
605 346 636 366 tu
653 335 766 376 aliquid
785 338 794 353 ¹
811 334 990 365 Publicanus
1000 329 1120 371 pendis3

159 387 222 415 haec
231 385 320 413 etiam
333 381 361 411 id
377 381 497 411 recusat.
520 390 554 409 ea
570 379 625 409 tibi
640 379 728 419 igitur
739 397 748 411 ,
766 377 799 406 &
817 377 953 422 Κικέρων
969 400 978 416 ‚
1003 374 1121 415 05&ss-

161 420 414 472 '‘wanda-357&
429 422 511 457 παῖς
524 447 531 461 ‚
548 429 673 459 salutem
684 428 799 458 dicunt.

401 481 592 509 CICERO
614 478 832 510 ATTICO,
854 477 882 506 S.

256 534 372 562 ENATO
387 530 476 563 mihi,
494 529 526 559 δε
540 530 597 565 iam
609 529 799 560 dormitanti,
810 525 885 567 prid.
897 524 965 555 Kal.
976 523 1048 553 Mai.
1058 521 1126 569 *epi-

247 573 330 603 ·stola
341 572 382 603 est
395 573 444 601 illa
454 571 568 601 reddita
581 592 588 605 ,
607 574 639 601 in
653 580 709 611 qua
723 570 758 600 de
769 570 1002 610 agroCampano
1014 563 1125 609 scribis·-

165 616 238 658 quid
248 616 377 656 quaeris?
396 613 558 653 ²primurn
579 615 616 643 ita
633 623 681 643 me
695 613 839 653 pupugit,
860 619 893 639 ut
907 609 1037 648 fiimnum
1053 605 1129 651 mibi

164 658 329 690 ademerit,
352 656 400 686 sed
412 656 442 685 id
453 657 632 697 cogitatione
645 656 737 695 magis
749 675 757 687 ,
776 652 866 694 quam
878 648 1025 680 molestia.
1047 656 1129 687 cogi-

165 702 242 730 tanti
260 707 360 728 autem
383 699 444 727 haec
456 696 517 727 fere
534 697 751 727 succurrebant.
775 693 909 735 primum
922 701 960 722 ex
971 701 1006 721 eo
1018 709 1026 723 2
1047 687 1129 736 quod

167 740 367 781 superioribus
380 740 484 769 litteris
496 739 658 780 scripseras,
675 748 712 768 ex
722 737 864 768 familiari
875 744 902 764 te
912 734 995 763 illius
1007 728 1129 778 audisse,

168 784 317 824 prolatum
341 783 377 811 iri
401 781 513 822 aliquid
527 802 535 814 ,
556 780 637 821 quod
649 789 741 810 nemo
753 776 953 818 improbarem
971 780 1131 819 majusau-

169 824 242 865 quid
260 827 442 854 timueram:
463 824 608 853 hocmi·hi
620 821 766 861 ejusmodi
780 828 843 849 non
854 817 1023 862 videbatun
1041 814 1129 845 dem-

170 867 206 897 de
218 887 226 899 ,
240 876 271 896 ut
283 876 331 895 me
343 875 397 906 ego
409 865 557 899 consoler,
569 866 673 894 omnis
683 861 864 902 exspectatio
875 860 1042 901 largitionis
1052 865 1130 898 agra-

166 919 221 939 riae
230 910 263 938 in
271 917 372 949 agrum
384 910 572 947 Campanum
583 903 765 935 videturesse
776 904 922 934 derivata:
938 901 989 942 qui
1000 908 1085 946 ager',
1100 906 1132 944 ut

170 950 247 981 dena
264 950 363 989 iugera
381 947 455 982 fint,
477 959 542 978 non
561 946 691 987 amplius
709 948 872 976 hominum
890 945 1024 984 quinque
1036 939 1134 985 millia

167 991 267 1033 potest
277 990 427 1022 sustinere,
452 991 566 1031 reliqua
576 991 678 1019 omnis
690 987 856 1018 multitudo
867 986 902 1016 ab
916 985 976 1014 illis
989 981 1133 1012 abaliena—

170 1042 220 1063 tur
232 1055 240 1067 ,
260 1032 376 1064 necefl'e
386 1032 436 1062 est·
460 1041 597 1072 praeterea
610 1052 617 1065 ,
639 1029 658 1060 si
680 1030 740 1060 ulla
760 1039 805 1060 res
825 1027 866 1058 est
877 1047 885 1061 ,
900 1036 968 1068 vquar.
979 1026 1131 1072 bonorum

170 1078 292 1108 animos
307 1095 314 1107 ‚
335 1084 411 1115 quos
429 1075 492 1113 jam
513 1073 602 1103 video
619 1070 677 1103 effe
696 1079 870 1103 commotos
889 1090 897 1103 ‚
921 1069 1134 1098 vehementius

170 1116 258 1158 posfit
269 1116 428 1146 incendere
441 1136 448 1149 ‚
465 1117 528 1146 haec
537 1114 614 1145 certe
627 1113 669 1144 est
682 1134 690 1148 ,
711 1114 744 1144 &
755 1123 792 1143 eo
804 1114 898 1152 magis
911 1131 918 1145 ‚
940 1108 1022 1150 quod
1032 1115 1135 1154 porto·

172 1162 225 1190 riis
245 1159 337 1188 Italiae
354 1157 489 1191 sublatis,
512 1167 581 1198 agro
600 1159 753 1196 Campano
772 1154 889 1187 diviso,
911 1151 991 1192 quod
1009 1147 1136 1196 vetii-igal

173 1199 302 1241 superest
311 1199 513 1230 domesticum
523 1219 533 1233 ,
553 1196 838 1238 praetervicesimam
855 1201 866 1226 ?
880 1204 947 1236 quae
961 1193 1039 1222 mihi
1051 1190 1137 1222 vrde-

171 1250 221 1272 tur
234 1252 292 1272 una
306 1241 506 1272 conciuncula
517 1261 524 1274 ‚
543 1242 675 1271 clamore
686 1237 929 1279 pedissequorum
950 1233 1135 1280 nostrorum,

173 1283 232 1315 ess'e
242 1284 379 1324 peritura.
399 1286 507 1314 Cnaeus
518 1283 642 1326 quidem
654 1280 755 1312 noster
762 1282 824 1321 jam
835 1278 923 1321 plant}
932 1275 1005 1318 quid
1016 1282 1136 1316 cogitet,

174 1326 292 1357 nescio.

200 1367 301 1415 φυσᾷ
324 1360 368 1412 78
393 1367 415 1401 ἑ
438 1367 629 1415 σμικϋῖπν
657 1365 831 1401 οιᾶλίσκοις
850 1357 897 1396 ’ἐπ
912 1387 922 1403 ,

203 1417 272 1450 ἀλλ’
300 1416 439 1465 vigiam
466 1415 609 1463 φόοτᾳζι
637 1411 793 1459 <glasteiae
808 1408 888 1460 εἴτ-εξ
904 1423 912 1446 t

176 1466 230 1507 qui
241 1464 367 1506 quidem
378 1466 466 1494 etiam
489 1468 501 1492 3
514 1464 588 1495 istuc
608 1464 715 1495 adduci
732 1463 873 1504 potuerit.
896 1469 968 1490 nam
978 1457 1075 1488 adhuc
1086 1455 1143 1485 hoc

181 1504 341 1552 ἒπφῑζετο
358 1531 365 1542 ι
378 1517 396 1540 4
406 1515 432 1545 sse
443 1514 522 1555 leges
532 1514 654 1544 Caesaris
662 1512 786 1553 probare
797 1523 806 1545 3
816 1510 951 1540 affiones
961 1508 1061 1548 ipsum
1072 1515 1146 1546 prae—

182 1554 255 1586 stare
266 1555 390 1585 debere:
409 1558 549 1596 agrariam
562 1556 659 1595 legem
671 1554 724 1584 fibi
735 1550 874 1594 placuiss'e
889 1563 894 1579 2
912 1551 1043 1590 potuerit
1053 1550 1144 1578 inter-

179 1597 245 1627 cedi
256 1595 268 1631 ,’
282 1607 339 1626 nec
353 1607 390 1626 ne
402 1616 410 1630 ,
435 1597 512 1626 nihil
525 1597 561 1627 ad
583 1598 611 1627 se
627 1597 790 1636 pertinere:
813 1594 850 1624 de
861 1603 926 1634 rege
937 1589 1144 1622 Alexandrino

181 1636 321 1679 placuisse
343 1637 395 1668 fibi
413 1638 576 1679 aliquando
588 1637 698 1668 confici
711 1649 720 1672 3
740 1636 863 1666 Bibulus
874 1634 910 1664 de
920 1633 993 1664 caelo
1008 1641 1074 1663 turn
1084 1631 1144 1678 ser-

182 1679 274 1711 vass'et
289 1701 296 1712 ‚
305 1690 365 1710 nec
375 1690 413 1710 ne
425 1701 433 1713 ‚
445 1678 497 1709 sibi
509 1680 706 1722 quaerendum
717 1688 781 1709 non
794 1675 899 1707 fuisse:
914 1675 949 1706 de
962 1674 1143 1706 Publican1s‚

173 1720 366 1762 *voluiss'eilli
378 1721 478 1752 ordini
490 1722 703 1755 commodare3
719 1724 732 1748 5
741 1717 888 1766 quidquid
899 1717 1034 1747 futurum
1045 1714 1145 1748 fuerit,

184 1763 204 1793 si
218 1763 341 1793 Bibulus
353 1771 417 1793 tum
432 1765 463 1792 in
473 1762 572 1794 forum
585 1761 779 1793 descendisset
790 1781 799 1795 ,
820 1762 848 1790 se
863 1760 999 1790 divinare
1013 1767 1075 1787 non
1091 1766 1146 1796 po-

185 1803 280 1836 tuiffe.
304 1814 386 1834 nunc
396 1804 467 1834 verb
479 1804 708 1845 Sampficerame
720 1803 791 1844 quid
801 1802 882 1832 dices
893 1799 1039 1840 ?ve&igal
1051 1808 1078 1828 te
1090 1808 1145 1827 no-

186 1847 232 1877 bis
248 1849 278 1876 in
294 1855 400 1876 monte
412 1847 588 1877 Antilibano
597 1843 784 1876 constituiss'e
796 1865 804 1876 ,
825 1844 885 1884 agri
897 1839 1147 1886 Campanialistti-

185 1887 269 1919 liffe?
283 1888 355 1929 quid
367 1909 375 1921 ‚
389 1889 445 1918 hoc
457 1887 718 1929 quemadmodum
729 1886 903 1917 obtinebis?
919 1881 1070 1924 oppressos
1082 1891 1147 1915 vos,

184 1932 284 1971 inquit
297 1950 304 1963 ‚
332 1931 439 1960 tenebo
459 1932 592 1961 exercitu
612 1929 744 1960 Caesaris.
776 1937 841 1957 non
860 1925 1032 1956 mehercule
1049 1934 1098 1953 me
1118 1932 1150 1953 tu

189 1972 313 2013 quidem
335 1980 394 2002 tam
413 1971 470 2002 isto
490 1974 622 2002 exercitu
636 1992 643 2005 ,
662 1971 753 2012 quam
776 1971 896 2011 ingratis
915 1968 1027 1999 animis
1043 1975 1148 1996 eorum

185 2015 350 2044 hominum
362 2034 371 2048 ‚
387 2015 438 2055 qui
449 2015 633 2054 appellantur
643 2012 705 2043 boni
717 2034 725 2047 ,
743 2013 796 2053 qui
807 2012 885 2041 mibi
897 2020 961 2040 non
971 2007 1066 2039 mode)
1077 2017 1149 2048 prae—

187 2058 321 2086 mim-um
334 2076 342 2090 ‚
365 2055 412 2086 fed
423 2067 461 2086 ne
475 2057 648 2086 sermonum
661 2054 788 2096 quidem
801 2062 946 2093 umquam
957 2050 1092 2081 fructum
1105 2049 1152 2079 ul-

188 2098 252 2128 lum
265 2118 273 2131 ‚
286 2100 466 2138 autgratiam
478 2098 652 2128 retulerunt.
676 2095 758 2137 quod
770 2095 790 2125 si
801 2097 833 2125 in
843 2105 908 2125 eam
921 2103 970 2122 me
979 2101 1093 2133 partem
1103 2093 1150 2121 in-

187 2140 310 2170 citarem
324 2160 331 2171 ,
355 2139 491 2178 profeftb
508 2141 570 2179 jam
582 2140 712 2180 aliquam
725 2140 885 2177 reperirem
898 2133 1048 2166 refistendi
1059 2135 1152 2163 viam.

189 2190 270 2211 nunc
280 2181 397 2220 prorsus
407 2183 464 2211 hoc
475 2181 559 2212 statui
573 2202 581 2214 ,
602 2191 632 2211 ut
642 2181 786 2221 quoniam
800 2188 878 2209 tanta
892 2174 1094 2207 controversia
1107 2175 1149 2205 est

189 2223 364 2253 Dicaearcho
376 2242 384 2256 ‚
396 2222 537 2253 familiari
548 2232 601 2252 tuo
612 2243 620 2256 ‚
632 2232 702 2252 cum
713 2219 922 2261 Theophrasto
933 2240 942 2253 ‚
954 2220 1053 2249 amico
1065 2227 1147 2251 mco,

190 2280 221 2302 ut
239 2271 291 2300 ille
310 2280 378 2301 tuus
393 2263 420 2300 θ’
436 2260 607 2306 θ’·ἒῡῑκῗϋίρν
622 2267 691 2306 βίον
705 2270 796 2311 longe
816 2269 962 2300 omnibus
980 2276 1152 2307 anteponat,

188 2321 238 2350 hic
252 2329 352 2350 autem
368 2312 396 2349 “1“
410 2307 585 2357 ἦὶωβηῗϋζρν
601 2338 608 2350 ,
633 2320 752 2359 utrique
762 2321 777 2349 a
789 2329 838 2348 me
850 2328 917 2348 mos
930 2316 1029 2358 gestus
1039 2315 1095 2361 {fib
1106 2319 1152 2348 vi-

188 2362 300 2393 deatur.
324 2370 398 2402 puto
412 2363 496 2391 enim
513 2372 561 2391 me
574 2363 749 2391 Dicaearcho
767 2359 883 2390 affatim
902 2356 1088 2389 satisfecifle:
1107 2369 1151 2388 re-

189 2405 283 2444 spicio
299 2414 383 2434 nunc
401 2403 436 2434 ad
456 2405 531 2434 hanc
549 2403 696 2434 familiam
707 2424 716 2437 ,
736 2412 800 2444 quae
815 2403 892 2431 mihi
904 2410 967 2430 non
980 2399 1077 2429 modo
1089 2419 1098 2433 ‚
1118 2409 1153 2430 ut

232 2517 254 2534 ι.
274 2511 447 2543 Ῥιαόᾒέαητη]
471 2510 598 2536 Restituit
613 2508 672 2536 Bos.
683 2518 715 2535 ex
729 2508 792 2539 suis,
804 2517 916 2542 quorum
929 2517 987 2543 pars
1001 2510 1158 2541 publicanus,

194 2553 252 2580 pars
259 2547 396 2578 publicanos
407 2546 494 2572 habet.
508 2546 581 2580 vulg.
595 2545 730 2578 publicanis
743 2556 753 2577 ς
772 2544 908 2570 Victorius
919 2545 998 2570 etiam
1019 2545 1056 2570 ait
1069 2563 1076 2575 ‚
1097 2543 1157 2570 sein

193 2581 315 2607 omnibus
328 2581 383 2608 mss'.
395 2592 461 2618 quos
472 2581 581 2614 viderit,
594 2581 682 2617 legiffe
692 2583 841 2615 publicanos,
852 2579 923 2616 quod
935 2580 962 2606 δε
974 2580 1101 2607 Germani
1112 2579 1158 2606 ad-

194 2624 332 2644 notarunt.

229 2661 257 2678 2.
277 2656 385 2678 Primum
395 2657 432 2680 ita
442 2653 604 2687 mepupugit]
630 2652 711 2688 Vulg.
720 2653 807 2686 primi.

234 2697 260 2723 3.
280 2691 340 2721 Istuc
350 2690 572 2723 addatipotuerit.]
595 2690 670 2715 Unus
682 2693 696 2715 e
708 2689 765 2715 mss.
779 2688 863 2715 Palat.
872 2689 1057 2721 adicipotuerit‚
1068 2687 1156 2714 habet.

206 2758 213 2763 ἱ
231 2732 259 2756 4.
278 2729 306 2750 Se
315 2728 372 2758 leges
381 2727 481 2759 Casares
498 2725 623 2759 probam]
641 2726 682 2751 Ita
694 2726 805 2752 Decurt.
824 2726 949 2751 &Torm
968 2724 1014 2750 nisi
1033 2723 1103 2759 quod
1117 2723 1157 2748 vi·
1175 2718 1177 2723 ’

198 2765 275 2798 otetur
285 2761 312 2786 in
323 2762 408 2787 Torn.
421 2761 545 2797 scriptum
557 2761 722 2795 eilb‚stluges‚
734 2760 804 2796 quod
818 2760 932 2787 fortaffis
943 2759 1052 2787 induxit
1063 2759 1158 2786 Virito-

197 2803 264 2820 num
272 2815 278 2826 ,
289 2804 318 2822 ut
329 2796 458 2823 edendum
473 2805 588 2827 curaret,
596 2798 619 2830 fi
628 2799 685 2831 leger
695 2798 791 2831 Caes'ariae
798 2799 920 2830 probaret.

236 2839 260 2863 5.
281 2833 401 2875 Qia'qnid
409 2835 524 2865 fitturum
544 2834 632 2867 suerit.
644 2834 658 2868 ]
687 2834 823 2860 Manutius
844 2833 948 2860 mavult
968 2852 977 2865 ‚
1004 2833 1062 2867 quid
1083 2833 1158 2866 sutu-

199 2874 253 2891 rum
265 2885 272 2898 ‚
291 2877 339 2896 eye,
844 2880 849 2882 -

202 2901 261 2963 M6.
282 2905 326 2962 {3⁰
335 2905 427 2929 illudne
436 2904 553 2939 quidem]
578 2905 609 2931 P.
620 2905 743 2940 Magnuli
754 2905 821 2932 liber
834 2924 842 2937 ‚
858 2914 888 2931 ne
898 2900 957 2930 islud
964 2905 1056 2939 quidem
1067 2923 1075 2936 ,
1095 2903 1159 2930 teste

235 2946 284 2963 anu
303 2947 338 2963 ιο.

234 2980 263 3007 7.
283 2974 373 2999 Turbat
383 2975 437 3007 vil]
460 2976 524 3001 Haec
533 2977 568 3003 cst
580 2976 648 3003 Boni
659 2976 811 3003 emendatio
823 2996 831 3006 .,
843 2984 945 3002 veteres
960 2975 1021 3002 libri
1033 2977 1158 3006 turbatur,

200 3007 385 3049 uxichunius3
396 3019 422 3040 u,
435 3010 459 3035 ἰιι
472 3021 482 3035 ο
495 3031 501 3042 ,
513 3020 627 3043 mutans,
642 3013 755 3044 mavult,
768 3015 878 3038 turbator
889 3032 897 3044 ‚
909 3012 1009 3048 legere,
1021 3014 1103 3048 quam
1118 3011 1158 3038 vel

199 3044 332 3073 Lambino
342 3054 398 3079 qui,
409 3047 590 3082 tnrba1‚legit,
603 3049 642 3074 vel
654 3049 730 3075 Bosio
739 3049 867 3075 ass'entiri.

200 3118 212 3140 l
234 3079 262 3133 8¹.
281 3081 332 3105 Sibi
340 3089 512 3114 compararent.
529 3085 639 3118 verum]
662 3085 794 3120 Vulg.fibl
803 3091 974 3117 compar-arent.
987 3087 1027 3110 Dii
1037 3086 1160 3110 immorta-

209 3125 233 3142 ις
244 3137 249 3141 .
272 3126 367 3141 verum.

232 3159 262 3187 9.
283 3155 335 3178 Non
345 3152 503 3186 deflebitnm]
527 3153 608 3188 Vulg.
619 3164 663 3180 non
674 3155 810 3188 dtfleamtff.

238 3195 280 3216 ιο,
299 3189 475 3224 Confitentur]
496 3190 537 3217 Ita
547 3189 607 3217 Bos.
619 3199 651 3217 cx
664 3191 711 3218 ms.
722 3191 796 3227 vulg.
807 3193 965 3227 conferamur.

1177 3188 1181 3198 ι

1153 121 1701 169 C1cER0Nas

1157 201 1335 243 requiescam
1348 221 1358 235 ‚
1377 203 1544 242 permittit3
1563 203 1611 234 sed
1631 202 1837 244 reprehendit,
1857 203 1926 245 quia
1944 213 1995 233 non
2011 202 2116 244 semper

1158 245 1292 286 quiet-im.
1313 253 1400 284 quare
1421 244 1634 275 incumbamus
1644 245 1664 276 ὁ
1676 245 1777 276 noster
1786 247 1858 277 Tite
1872 245 1906 276 ad
1922 246 1970 276 illa
1984 246 2122 286 praeclara

1162 286 1256 317 studia
1267 304 1275 319 ‚
1291 285 1323 315 ὃς
1334 284 1370 315 eo
1383 305 1391 318 ,
1411 284 1492 314 unde
1501 285 1649 317 discedere
1661 297 1724 317 non
1734 290 1888 328 oportuit,
1905 287 2065 328 aliquando
2077 297 2124 317 re-

1162 337 1320 358 vertamur.
1345 326 1436 369 Qod
1448 327 1484 357 de
1494 328 1603 368 Qinti
1619 327 1714 359 fratris
1727 328 1852 370 epistola
1872 330 1974 360 scribis
1985 349 1993 363 ‚
2015 328 2051 359 ad
2073 338 2124 359 me

1163 386 1281 418 quoque
1291 375 1350 407 fuit
1363 367 1486 414 πΕρῑθέ
1502 374 1580 402 λέων
1594 394 1602 408 ,
1629 365 1767 417 ἷπίθενῇ
1786 383 1793 405 z
1820 379 1893 419 quid
1904 379 2001 409 dicam
2014 378 2126 409 nescio-

1167 429 1235 450 nam
1257 421 1296 449 ita
1316 418 1449 457 deplorat
1467 419 1574 456 primis
1595 416 1725 448 versibus
1743 419 1931 451 manslonem
1951 422 2034 451 suam
2055 440 2063 453 ‚
2095 428 2129 450 ut

1166 463 1306 503 quemvis
1321 469 1445 489 movere
1457 457 1560 498 poffit:
1584 461 1624 489 ita
1640 460 1737 490 rursus
1756 463 1882 492 remittit
1895 483 1904 496 ‚
1923 471 1955 492 ut
1970 472 2019 493 me
2033 470 2128 503 roget,

1170 512 1201 533 ut
1219 502 1339 533 annales
1358 502 1426 532 suos
1444 500 1605 530 emendem
1619 521 1628 534 ‚
1652 501 1793 531 &edam
1816 503 1895 533 Illud
1908 512 2027 537 tamen,
2048 503 2129 544 quod

1171 545 1269 576 scribit
1281 565 1288 578 ‚
1302 542 1519 574 animadvertas
1529 544 1623 572 velim
1635 563 1644 576 ,
1664 543 1700 573 de
1711 545 1845 583 portorio
1853 545 2132 581 circumveffioniffi.

1169 590 1210 618 ait
1226 606 1236 621 ‚
1265 586 1292 616 se
1311 586 1348 616 de
1365 582 1483 615 consilii
1503 585 1651 615 sententia
1672 595 1736 615 rem
1754 585 1790 615 ad
1814 588 1957 616 Senatum
1986 584 2129 624 rejecisse-

1172 628 1311 659 nondum
1333 626 1475 657 videlicet
1496 636 1577 657 meas
1594 626 1704 657 litteras
1723 627 1849 667 legeram
1871 628 1979 669 quibus
1999 624 2129 661 adeum,

1169 681 1199 701 re
1211 669 1346 700 consulta
1357 689 1366 702 ,
1381 667 1414 698 &
1424 668 1575 708 explorata
1586 688 1593 701 ‚
1609 669 1830 708 perscripseram
1843 689 1850 703 ‚
1868 679 1931 699 non
1945 668 2055 699 deberi.
2077 679 2133 699 ve-

1172 713 1228 742 lim
1240 733 1248 745 ‚
1270 710 1289 741 fi
1310 711 1540 752 quiGraecijarn
1552 712 1686 741 Romam
1704 720 1741 740 ex
1754 709 1818 740 Asia
1835 710 1872 741 de
1889 721 1922 740 ea
1942 711 2024 741 causa
2041 718 2134 741 vene-

1173 763 1265 788 runt,
1284 754 1387 784 videas
1400 772 1408 785 ,
1430 751 1463 782 δε
1477 751 1498 782 fi
1511 751 1567 782 tibi
1579 751 1732 782 videbitur
1743 772 1751 785 ,
1773 753 1818 782 his
1833 752 2018 783 demonstres
2032 772 2041 786 ‚
2060 751 2134 793 quid

1172 807 1229 837 ego
1238 796 1276 826 de
1285 805 1317 826 ea
1326 805 1355 825 re
1366 796 1504 825 sentiam.
1527 792 1547 824 fi
1557 792 1837 834 possum‘discedere
1847 814 1855 828 ‚
1876 804 1914 824 ne
1923 794 2007 825 causa
2020 797 2136 840 optima

1174 848 1206 876 in
1225 849 1334 877 Senatu
1352 853 1450 885 pereat
1463 864 1471 878 ‚
1492 854 1547 885 ego
1566 843 1741 874 satisfaciam
1763 843 1930 874 Publicanis
1946 855 1954 877 3
1982 836 2009 869 εἷ
2028 843 2046 882 j
2071 837 2133 880 μὴ»

1175 888 1255 928 (vere
1272 896 1371 918 tecum
1387 887 1502 927 loquar)
1522 887 1555 915 in
1566 887 1619 916 hac
1628 896 1658 916 re
1669 886 1749 916 malo
1759 887 1905 916 universae
1917 884 1990 916 Afiae
2003 905 2011 919 ‚
2036 885 2069 915 &
2082 894 2137 914 ne-

1175 930 1385 971 gotiatoribus.
1418 938 1487 958 nam
1518 937 1624 958 eorum
1647 937 1768 968 quoque
1787 929 1984 958 vehementer
2004 925 2136 957 interest.

1179 973 1236 1002 hoc
1254 981 1309 1012 ego
1330 972 1427 1002 sentio
1444 969 1530 1000 valde
1548 970 1637 1000 nobis
1658 979 1733 1009 opus
1747 967 1814 999 esse.
1839 969 1888 999 sed
1907 978 1939 999 tu
1959 968 1990 998 id
2009 968 2136 999 videbis.

1178 1014 1347 1054 Qiaestores
1356 1022 1455 1043 autem
1469 1031 1477 1046 ,
1496 1012 1596 1052 quaeso
1608 1031 1615 1045 ‚
1636 1021 1710 1041 num
1730 1013 1819 1041 etiam
1838 1011 1875 1041 de
1892 1010 2065 1051 cistophoro
2082 1009 2139 1040 du-

1179 1056 1274 1086 bitant
1285 1057 1294 1082 ?
1307 1065 1377 1084 nam
1391 1053 1410 1083 fi
1421 1054 1503 1083 aliud
1513 1054 1592 1082 nibil
1601 1055 1657 1083 erit
1669 1065 1675 1086 3
1691 1052 1762 1083 cum
1774 1055 1886 1083 erimus
1897 1055 2003 1083 omnia
2012 1053 2139 1092 experti,

1182 1096 1197 1117 6
1208 1107 1263 1137 ego
1277 1096 1355 1126 illud
1370 1105 1408 1125 ne
1420 1095 1544 1136 quidem
1560 1104 1767 1125 comtemnam
1780 1114 1788 1127 ‚
1807 1094 1889 1135 quod
1903 1102 2073 1124 extremum
2086 1092 2140 1123 est.

1183 1141 1229 1169 Te
1243 1141 1276 1168 in
1287 1138 1424 1177 Arpinati
1435 1136 1610 1166 videbimus
1621 1156 1629 1169 ‚
1649 1136 1680 1166 &
1691 1136 1821 1176 hospitio
1831 1134 1931 1177 agresti
1945 1138 2139 1176 accipiemus;

1180 1182 1328 1222 quoniam
1341 1179 1522 1208 maritimum
1533 1179 1590 1208 hoc
1599 1176 1796 1208 contemsisti.

1436 1222 1626 1250 CICERO
1648 1222 1843 1250 ATTICO
1865 1223 1893 1250 S.

1184 1275 1201 1296 ·.
1260 1266 1410 1296 Ronsus,
1422 1271 1454 1292 ut
1467 1262 1589 1295 scribis,
1601 1263 1641 1292 ita
1651 1262 1760 1292 sentio.
1779 1267 1794 1290 7
1806 1261 1901 1293 turbat
1912 1263 1941 1292 vi
1950 1260 2142 1302 Sampsicera-

1263 1315 1341 1336 mus.
1361 1304 1441 1335 nihil
1458 1303 1520 1337 est,
1542 1303 1623 1344 quod
1634 1313 1697 1333 non
1709 1303 1881 1334 timendum
1893 1303 1935 1335 fit.
1961 1304 2138 1347 ἆμῃλογκ,

1183 1349 1282 1392 μὶρως
1304 1341 1461 1393 πρᾳνίῶι
1484 1341 1709 1394 σνσκώοέζεῇ.
1731 1354 1802 1395 quid
1823 1356 1906 1394 enim
1928 1353 2145 1393 istarepentina

1184 1396 1332 1438 affinitatis
1349 1393 1530 1435 conjunclio
1542 1414 1551 1428 ,
1574 1394 1647 1434 quid
1664 1404 1731 1435 ager
1750 1398 1936 1436 Campanus,
1955 1395 2029 1437 quid
2039 1392 2144 1425 effusio

1184 1439 1320 1481 pecuniae
1341 1435 1528 1478 significant?
1551 1446 1616 1477 quae
1644 1434 1664 1465 s1
1682 1434 1777 1467 essent
1789 1447 1941 1472 extrema,
1961 1446 2063 1468 tamen
2074 1434 2145 1473 estet

1186 1483 1322 1512 nimium
1343 1479 1433 1510 mali:
1455 1478 1504 1509 sed
1528 1488 1561 1508 ea
1582 1487 1686 1508 natura
1698 1478 1812 1513 reiest,
1836 1488 1869 1510 ut
1882 1480 1944 1510 haec
1953 1486 2076 1508 extrema
2086 1476 2146 1508 effe

1190 1533 1254 1554 non
1273 1520 1391 1562 poffint.
1411 1520 1483 1561 quid
1502 1521 1585 1549 enim
1605 1529 1657 1549 eos
1675 1521 1737 1550 haec
1748 1521 1809 1560 ipsa
1822 1522 1911 1560 perse
1921 1519 2066 1552 deicolam
2075 1519 2146 1560 pos-

1191 1566 1279 1596 sunt?
1303 1572 1470 1603 numquam
1491 1562 1550 1592 huc
1559 1560 1726 1596 venissent,
1745 1561 1800 1592 nifi
1810 1563 1844 1592 ad
1856 1563 1928 1593 alias
1938 1572 1982 1592 res
1995 1561 2147 1601 pestiferas

1187 1607 1283 1638 aditus
1293 1600 1308 1624 3
1323 1604 1375 1635 fibi
1387 1612 1603 1644 compararent.
1627 1608 1733 1634 verum
1746 1624 1754 1637 ‚
1766 1614 1798 1635 ut
1810 1604 1910 1635 scribis
1921 1624 1929 1638 ,
1943 1606 2003 1634 haec
2014 1605 2046 1633 in
2056 1605 2148 1643 Arpi-

1190 1650 1252 1679 nati
1271 1650 1310 1678 A.
1332 1649 1371 1677 D.
1398 1645 1629 1676 v1.circiter1d.
1651 1647 1724 1676 Mai.
1743 1650 1833 1676 9non
1848 1644 2047 1679 deflebimus,
2066 1645 2148 1676 ne&

1184 1700 1284 1731 opera,
1297 1689 1331 1719 δε
1344 1688 1448 1718 oleum
1466 1687 1642 1729 philologia:
1654 1686 1761 1718 nostrae
1769 1688 1888 1728 perierit
1898 1698 1904 1717 :
1915 1688 1964 1718 sed
1974 1686 2152 1718 ¹0c0nfere-

1190 1741 1257 1763 mus
1278 1729 1439 1770 tranquillo
1451 1732 1475 1748 ¹¹
1491 1730 1606 1759 animo.
1627 1729 1671 1758 dii
1691 1730 1898 1759 immortales!
1917 1739 2015 1770 neque
2028 1738 2087 1759 tam
2099 1738 2151 1759 me

1192 1774 1367 1808 :sommia
1400 1778 1570 1809 consolatur
1586 1798 1595 1812 ,
1624 1787 1657 1809 ut
1675 1788 1761 1810 antea
1778 1799 1788 1812 ,
1813 1781 1904 1820 quam
1927 1766 2151 1817 κ-Ἆίἕ-Φθὸῖαὶ

1190 1832 1248 1863 qua
1257 1819 1339 1850 nulla
1350 1821 1382 1849 in
1393 1830 1424 1850 re
1435 1829 1495 1850 tam
1505 1829 1572 1851 utor
1587 1841 1595 1854 ,
1622 1819 1713 1861 quam
1728 1822 1759 1851 in
1772 1822 1826 1851 hac
1848 1820 1953 1853 civili,
1979 1819 2012 1850 &
2021 1818 2151 1859 publica.

1191 1866 1267 1905 quin
1277 1863 1368 1893 etiam
1382 1882 1390 1896 ‚
1413 1862 1494 1903 quod
1506 1861 1549 1893 est
1560 1862 1705 1893 subinane
1714 1865 1746 1893 in
1756 1863 1847 1893 nobis
1859 1883 1866 1896 ,
1880 1862 1912 1892 &
1921 1871 1984 1892 non
1996 1854 2156 1904 ιῖφιλόδὶι-

1195 1909 1259 1946 ξαν,
1276 1918 1285 1946 (
1298 1921 1439 1942 BELLUM
1450 1911 1493 1942 est
1504 1914 1588 1942 enim
1602 1913 1650 1944 sua
1663 1914 1735 1943 vitia
1746 1911 1840 1954 nosse)
1852 1910 2018 1943 ¹²afficitur
2026 1908 2155 1950 quadam

1194 1953 1395 1984 dele&atione
1407 1965 1412 1983 :
1431 1954 1541 1985 solebat
1559 1956 1642 1985 enim
1655 1965 1703 1984 me
1713 1964 1842 1996 pungere
1855 1975 1863 1988 ‚
1884 1964 1922 1984 ne
1932 1951 2156 1993 Sampsicerami

1196 1998 1302 2026 merita
1319 1998 1351 2026 in
1371 1998 1495 2036 patriam
1513 1997 1549 2027 ad
1569 2007 1664 2027 annos
1675 2006 1718 2026 nc
1730 1999 1842 2037 majora
1851 1995 2024 2027 viderentur
2035 2015 2044 2027 ,
2062 1992 2155 2035 quam

1196 2090 1279 2118 enim
1294 2089 1345 2119 ille
1357 2088 1395 2119 fic
1413 2097 1460 2122 ‚ut
1470 2092 1500 2115 ¹4
1513 2081 1627 2117 2763075
1640 2092 1766 2121 Curiana
1774 2088 1846 2120 stare
1859 2088 2003 2119 videatur.
2026 2085 2082 2117 Sed
2094 2086 2157 2115 haec

1197 2140 1309 2160 coram.
1334 2133 1384 2161 Tu
1404 2140 1504 2161 tamen
1525 2129 1638 2159 videris
1664 2133 1743 2162 mihi
1765 2134 1875 2162 Romae
1892 2130 1957 2160 fore
1966 2129 2000 2159 ad
2014 2126 2154 2158 nostrum

1198 2172 1374 2203 adventum.
1394 2172 1475 2214 quod
1495 2171 1564 2202 sane
1587 2170 1675 2204 facile
1688 2175 1797 2214 patiar,
1817 2172 1837 2203 fi
1851 2182 1904 2203 tuo
1913 2169 2080 2202 commodo
2091 2167 2156 2198 fieri

1200 2213 1294 2254 poffit.
1315 2213 1368 2248 fin,
1382 2225 1414 2245 ut
1427 2214 1541 2246 scribis,
1552 2215 1704 2246 itavenies
1714 2228 1723 2251 ;
1735 2215 1829 2246 velim
1843 2215 1858 2244 ὲ
1869 2219 1895 2242 ¹5
1907 2213 2091 2251 Theophane
2101 2219 2156 2240 ex-

1197 2257 1328 2296 piscere,
1347 2266 1481 2298 quonam
1492 2258 1525 2285 in
1536 2265 1585 2284 me
1605 2259 1709 2288 animo
1727 2256 1761 2287 sit
1780 2255 1809 2277 ¹⁶
1825 2256 2011 2286 Alabarches.
2043 2260 2158 2293 quaeres

1196 2305 1359 2351 ¹{scilicet‚
1371 2313 1402 2335 ut
1413 2304 1487 2334 soles
1499 2297 1554 2342 ,ᾤ’
1566 2297 1599 2330 π’
1612 2293 1827 2342 κηδὶρωνικῲ,
1840 2305 1873 2335 &
1885 2305 1920 2335 ad
1931 2314 1980 2334 me
1990 2303 2025 2334 ab
2035 2312 2071 2332 eo
2079 2300 2158 2343 quafi

1198 2345 1366 2389 ’ἱπτῖἧκοις
1378 2353 1492 2385 adferes
1502 2373 1511 2388 ‚
1531 2355 1790 2394 quemadmodum
1802 2366 1850 2386 rne
1860 2366 1971 2398 geram.
1993 2353 2107 2395 aliquid
2119 2360 2158 2384 ex

1207 2403 1270 2443 ejus
1280 2404 1418 2435 sermone
1428 2407 1594 2446 poterimus
1609 2396 1682 2436 w&
1697 2399 1725 2436 ἵ
1736 2394 1816 2432 δ’λων
1829 2405 1978 2445 suspicari.

2025 2448 2049 2476 C
2056 2447 2070 2475 1
2079 2447 2103 2475 C
2112 2446 2153 2475 Ε·

1202 2546 1219 2572 s
1242 2520 1249 2536 1
1260 2520 1281 2552 ¹5
1302 2515 1394 2573 Amimo.
1407 2514 1442 2538 dii
1451 2513 1622 2547 immortales]
1637 2514 1702 2539 Haec
1712 2513 1765 2539 duo
1775 2513 1905 2549 postrema
1916 2512 1995 2539 verba
2005 2507 2159 2548 transposita

1214 2554 1262 2574 unt
1272 2557 1298 2574 in
1311 2556 1343 2574 vu
1357 2558 1384 2583 g.
2108 2556 2115 2569 ¹

1243 2600 1283 2617 Π..
1305 2593 1415 2625 Affiritur
1424 2593 1528 2627 quadam
1537 2592 1710 2626 delmatiam]
1731 2592 1813 2628 Vulg.
1823 2593 1848 2619 id
1857 2593 1967 2626 afficitur.
1979 2590 2073 2617 Lai-nb.
2085 2578 2164 2626 repo·-

1174 2656 1176 2661 y
1203 2626 1265 2658 suit,
1275 2628 1302 2652 id
1309 2629 1378 2660 afficit
1389 2638 1422 2653 me
1437 2629 1542 2662 quadam
1552 2629 1698 2654 delmatiam
1710 2648 1718 2661 ‚
1738 2629 1848 2655 testatur
1859 2625 2076 2663 etiamffquosdam
2088 2626 2162 2662 lege·-

1202 2672 1241 2695 re,
1251 2664 1285 2689 his
1296 2666 1410 2697 afficimur
1420 2665 1527 2690 dela-Has.
1551 2664 1622 2700 quod
1633 2665 1674 2690 illi
1687 2674 1738 2691 nou
1750 2664 1880 2702 displicet.
2147 2679 2149 2681 -

2163 1230 2203 1264 r]

1195 2038 1294 2068 nostra
1320 2048 1326 2067 ε
1346 2039 1399 2068 hac
1418 2037 1705 2078 quidemcuracerte
1724 2042 1753 2066 ¹3
1775 2040 1832 2074 iam
1850 2047 1978 2069 vacuum
2000 2035 2051 2067 est.
2078 2037 2157 2076 jacet
2198 2044 2205 2051 ·

1241 2717 1282 2744 ¹3·
1302 2711 1361 2742 Jam
1369 2718 1475 2735 vacuum
1485 2710 1544 2745 effi]
1566 2708 1626 2736 Bos.
1636 2718 1669 2736 ex
1681 2709 1739 2736 mff.
1749 2709 1811 2736 suis.
1830 2718 1882 2736 non
1896 2727 1904 2741 ‚
1915 2709 1972 2742 jam
1988 2715 2084 2732 vacuus
2096 2706 2163 2741 fiam,
2211 2725 2214 2728 .

1202 2752 1230 2771 ut
1242 2743 1318 2780 vulg.

1240 2780 1399 2818 14.H·1⁷351c
1410 2786 1546 2820 Curiana]
1568 2787 1610 2812 Ira
1619 2785 1743 2812 emendat
1757 2784 1846 2813 Belius
1855 2793 1888 2810 ex
1901 2785 2013 2810 Decurt.
2025 2783 2049 2809 in
2060 2792 2115 2818 quo
2124 2783 2165 2809 le*-

1201 2825 1286 2861 gitur‚
1295 2826 1363 2858 plocis
1373 2828 1484 2852 Curiam:
1495 2845 1503 2857 ‚
1522 2825 1565 2852 sed
1577 2826 1642 2852 hanc
1653 2825 1796 2852 lefflonem
1807 2835 1858 2852 non
1872 2824 1991 2850 vitiosam
2003 2823 2053 2850 ess‘e
2064 2823 2106 2850 sed
2117 2824 2165 2851 bo-

1203 2871 1260 2888 nam
1281 2862 1442 2897 aitJunius.
1463 2861 1545 2896 vulgo
1563 2863 1649 2894 phocis.
1671 2861 1779 2897 Malasp.
1802 2862 1830 2887 δε
1851 2860 1947 2886 Lamb.
1967 2867 2054 2886 toturn
2074 2860 2164 2887 locum

1203 2897 1236 2924 fic
1246 2897 1328 2924 edunt
1341 2917 1349 2930 ,
1359 2899 1444 2931 jacent
1461 2900 1522 2923 enim
1538 2899 1580 2922 illa
1591 2916 1599 2929 ,
1619 2899 1664 2923 haec
1675 2899 1712 2931 fic
1724 2916 1732 2929 ,
1752 2904 1779 2922 m
1791 2899 1860 2930 focm
1879 2899 2003 2922 Curianus
2016 2915 2023 2929 ‚
2036 2899 2105 2929 flare
2121 2900 2165 2922 vi-

1202 2934 1297 2960 demur.

1241 2979 1250 2996 ι
1260 2979 1284 3002 5.
1304 2972 1326 2994 E
1335 2970 1467 3002 Theophane
1476 2968 1613 3002 expiscere]
1627 2969 1668 2995 Ita
1678 2967 1791 3003 corrigit
1802 2967 1937 2994 victorius
1949 2977 1982 2995 ex
1993 2967 2038 2995 suo
2049 2967 2108 2995 ood.
2117 2967 2164 3004 qui

1204 3005 1281 3032 habet
1291 3007 1415 3037 explicere,
1426 3004 1499 3039 vulg.
1511 3006 1632 3037 respicere.

1242 3048 1284 3073 26.
1304 3047 1478 3080 Arabarches]
1501 3048 1542 3072 Ita
1554 3046 1694 3081 legendum
1707 3046 1757 3073 esse
1768 3046 1869 3083 pridem
1880 3046 1984 3079 docuit,
1996 3049 2019 3073 1.
2030 3046 2167 3081 Cujacius,

1203 3083 1228 3108 8(
1241 3084 1279 3109 ita
1288 3082 1384 3108 habent
1393 3084 1506 3109 Decurt.
1518 3082 1635 3110 Tornaes.
1647 3083 1762 3113 Crusell.
1773 3084 1801 3109 Sc
1814 3083 1972 3110 Humi-tinus
1985 3102 1993 3114 ,
2012 3093 2067 3110 non
2081 3082 2162 3118 vulgo

1204 3120 1368 3144 Arabarches.

1243 3162 1283 3191 ¹7·
1305 3156 1407 3184 scilicet,
1417 3152 1535 3188 affirm]
1546 3155 1608 3181 Duo
1619 3155 1672 3181 haec
1683 3155 1774 3187 verba,
1784 3155 1929 3189 ntfhlessex
1941 3152 2037 3187 scidis,
2049 3152 2167 3181 Tor-nats-

1203 3189 1230 3215 &
1243 3189 1350 3217 Cruseh
1360 3188 1463 3219 addidit
1473 3190 1535 3218 Bos.
1547 3190 1618 3220 idem
1631 3199 1770 3221 monuerat
1781 3190 1940 3220 Lambinus.

2084 3234 2094 3252 ι
2103 3226 2168 3251 ,ἢ-
