2360 3400
505 125 852 174 Tvscur..

201 213 247 247 'est
263 211 369 245 utilis?
388 208 432 241 est
454 208 545 251 igitur
564 208 700 251 aliquid,
719 207 801 249 quod
821 207 987 249 perturbata
995 216 1081 238 mens
1093 216 1159 237 me-

204 256 265 287 iius
283 251 368 295 poffit
392 252 487 282 facere
500 271 511 285 ,
532 251 624 292 quam
643 250 806 281 constans?
822 260 859 281 an
881 250 1039 290 quisquam
1060 247 1156 289 potest

204 296 265 328 sine
283 293 503 332 perturbatione
512 295 625 324 mentis
637 293 743 323 irasci?
764 292 940 331 beneigitur
951 290 1044 321 nostri
1056 310 1064 324 ‚
1084 289 1156 320 cum

202 339 306 368 omnia
328 333 423 365 efl'ent
433 336 465 365 in
475 334 591 365 morbis
601 336 674 364 vitia
684 354 693 367 ‚
711 333 794 374 quod
806 334 927 364 nullum
938 341 997 362 erat
1008 331 1159 362 iracundia
1176 355 1177 359 ,

201 378 307 410 fedius
324 395 334 411 ‚
365 380 376 397 ¹
402 376 559 407 iracundos
587 376 667 406 solos
687 395 696 408 ‚
720 375 881 406 morbosos
910 375 1159 403 nominaverunt.

144 430 187 462 25
201 423 358 451 Oratorem
378 418 450 448 vero
462 418 546 449 irasci
559 418 692 448 minime
704 417 805 447 decet:
817 417 838 443 22
847 414 982 446 fimulare
993 424 1057 444 non
1067 413 1159 444 dede-

200 470 258 493 cet.
290 464 338 491 An
362 459 416 491 tibi
435 460 522 490 irasci
543 468 607 490 tum
630 458 770 489 videmur
790 477 799 492 ‚
828 457 900 488 cum
918 456 992 497 quid
1015 457 1048 485 in
1067 454 1159 485 caufis

198 502 318 537 acrius,
337 502 370 533 δε
389 501 601 532 vehementius
621 500 773 531 dicimus?
793 499 888 540 quid?
908 507 981 528 cum
995 498 1057 537 jam
1069 497 1159 527 rebus

200 544 356 575 transieris
374 563 382 577 ,
403 543 437 573 &
455 544 610 584 praeteritis
636 544 786 573 orationes
809 541 966 572 scribimus
978 559 989 574 ‚
1006 548 1082 569 num
1094 539 1160 569 irati
1177 561 1179 564 Α

201 586 361 618 scribimus
372 588 384 615 .>
859 606 862 608 ,

295 630 338 658 Et
354 628 414 670 quis
431 627 478 656 hoc
496 625 704 656 animadvertit
719 628 730 655 ,²
755 624 874 654 Vincite.

201 671 289 701 Num
306 678 355 700 aut
374 667 464 710 egiss'e
482 678 627 710 umquam
649 670 757 698 iratum
768 667 914 706 AEsopum
928 684 938 698 ,
958 661 1157 704 autscripfiss‘e

200 710 410 742 existimamus
429 712 536 740 iratum
559 712 684 740 Accium
696 712 709 738 ἓ
731 717 856 750 aguntur
875 706 927 737 ista
943 706 1104 746 praeclare,
1123 705 1157 735 &

200 753 238 784 ab
256 762 375 783 oratore
390 751 519 793 quidem>
534 750 644 781 melius
656 771 665 784 ,
689 749 710 780 si
722 748 816 780 morib
825 748 868 779 est
878 757 978 778 orator
988 767 996 780 ‚
1015 748 1108 788 quam
1120 746 1157 777 ab

200 795 266 825 ullo
290 794 450 824 histrione:
465 793 515 823 sed
533 802 658 834 aguntur
675 792 802 824 leniter,
821 791 854 820 &
874 789 1155 829 mentetranquilla.
1175 813 1177 827 2

198 835 361 867 Libidinem
373 833 437 864 verb
443 834 558 863 laudare
569 853 578 867 ‚
605 834 683 872 cujus
693 831 737 862 ef}
745 831 868 862 libidinis
877 834 890 860 3
912 830 1155 861 Themistoclem

199 879 280 908 mibi
306 878 340 907 &
364 877 608 906 Demosthenem
628 874 766 914 profertis
784 884 790 902 ε
823 872 932 903 additis
948 873 1153 912 Pyrhagomm,

198 920 412 951 Democritum
425 937 434 950 ‚
453 918 623 947 Platonem.
660 915 766 955 Qid?
783 924 841 944 vos
857 913 952 944 studia
963 933 975 947 ,
993 913 1153 943 libidinem

199 962 312 992 vocatis
330 962 341 988 ?
362 968 428 999 quae
448 957 496 988 vel
514 958 700 997 optimarum
722 965 822 986 rerum
841 974 851 989 ,
871 964 905 985 ut
922 965 954 984 ea
974 955 1042 985 sunt
1061 974 1069 988 ,
1087 964 1153 995 quae

196 1001 355 1043 profertis,
376 1000 472 1030 sedata
493 1007 614 1032 tamen,
635 997 668 1027 &
686 997 845 1038 tranquilla
870 995 927 1027 effe
945 996 1063 1026 debent.
1084 998 1152 1038 Jarn

196 1042 404 1084 aegritudinem
426 1040 542 1071 laudare
555 1060 566 1074 ‚
591 1049 686 1069 unam
704 1049 768 1069 rem
784 1038 921 1069 maxime
933 1037 1152 1071 detestabilem,

195 1082 337 1126 quorum
351 1082 395 1114 est
416 1082 536 1113 tandem
553 1081 830 1123 philosophorum?
850 1083 891 1112 At
899 1079 1153 1110 commodedixit

193 1126 336 1158 Afranius
348 1145 356 1159 ,
738 1134 741 1144 τ
815 1139 817 1144 ·

289 1164 457 1197 ‘Dummodb
472 1165 567 1195 doleat
582 1164 697 1207 aliquid
706 1184 714 1198 ,
731 1164 826 1194 doleat
843 1161 1018 1206 quod‘lubet.

195 1211 287 1241 Dixit
308 1210 392 1239 enirn
411 1208 448 1238 de
461 1207 648 1238 adolescente
658 1206 775 1247 perdito
789 1227 797 1240 ‚
817 1217 850 1237 ac
859 1205 1018 1236 diss'oluto:
1034 1214 1090 1236 nos
1097 1215 1152 1236 au-

195 1260 257 1282 tem
276 1250 314 1281 de
332 1248 482 1280 constanti
498 1251 584 1283 viro,
606 1259 638 1279 ac
649 1250 772 1288 sapienti
782 1250 954 1288 quaerim-us.
978 1250 1014 1277 Et
1024 1247 1149 1288 quidem

194 1293 289 1333 ipsam
306 1292 388 1321 illam
402 1293 476 1320 iram
487 1292 624 1321 centurio
635 1291 757 1323 habeat,
779 1299 827 1320 aut
838 1288 1034 1330 signifienvel
1047 1290 1148 1322 ceteri,

193 1334 232 1365 de
248 1333 358 1374 quibus
379 1332 440 1362 dici
458 1342 523 1362 non
543 1330 659 1362 necesse
675 1330 737 1365 est,
767 1341 804 1361 ne
815 1332 968 1361 rhetorum
979 1332 1145 1370 aperiamus

195 1375 344 1415 mysteria.
367 1374 439 1403 utile
455 1373 499 1403 eff
515 1376 600 1403 enim
620 1374 666 1402 uri
684 1381 763 1402 motu
779 1373 889 1405 animi,
909 1382 961 1413 qur
980 1373 1026 1401 uri
1044 1372 1150 1401 rarione

194 1428 245 1447 non
251 1414 345 1459 porei?
353 1426 365 1443 .-
377 1425 432 1445 nos
441 1424 541 1445 autem
553 1434 564 1447 ,
580 1423 614 1444 ut
623 1412 765 1444 testificor
778 1415 850 1453 saepe
861 1433 870 1447 ,
882 1414 918 1443 de
927 1414 1058 1454 sapiente
1067 1423 1150 1454 quae-

134 1460 179 1495 26
195 1461 301 1490 rimus.
324 1458 471 1487 Atetiam
491 1455 709 1485 aemulariutile
718 1454 781 1488 est,
799 1454 984 1489 obn-eane,
1005 1455 1148 1485 misereri.

197 1498 422 1533 Curmisertare
436 1495 540 1536 potius
553 1515 562 1530 ,
573 1505 662 1536 quam
673 1495 748 1525 feras
757 1506 860 1536 opem,
871 1494 891 1524 fi
902 1496 932 1525 id
943 1495 1037 1526 facere
1047 1495 1149 1536 poffis?
1166 1507 1169 1521 i

192 1551 230 1572 an
245 1539 307 1570 fine
323 1537 529 1568 misericordia
547 1537 685 1568 liberales
707 1535 767 1567 ess'e
783 1547 848 1567 non
867 1535 1024 1576 poffumus
1041 1540 1053 1564 Ξ
1083 1547 1149 1567 non

189 1584 285 1613 enim·
306 1580 451 1618 suscipere
476 1577 528 1618 ipfi
552 1578 744 1619 aegritudines
758 1587 880 1618 propter
896 1578 973 1607 alios
992 1578 1148 1608 debemus:

191 1623 242 1655 sed
260 1622 350 1655 alios,
363 1621 394 1663 fi
404 1619 566 1663 poffiamus,
587 1627 681 1650 levare
698 1621 869 1661 egritudine.
894 1618 1063 1650 ObtreEbarc
1074 1619 1147 1649 vero

191 1665 295 1698 alteri,
318 1664 438 1694 autina
456 1663 561 1693 vitiosa
579 1662 774 1693 aemulatione
786 1681 796 1697 ,
813 1671 879 1703 quae
887 1662 1028 1692 rivalitati
1039 1660 1147 1691 similis

188 1706 233 1737 est
250 1726 261 1741 ‚
280 1705 418 1736 aemulari
436 1703 510 1745 quid
529 1704 619 1734 habet
635 1704 772 1734 utilitatis
792 1724 802 1737 ‚
820 1703 893 1733 curn
911 1701 946 1733 fit
962 1704 1143 1737 aemulantis,

187 1749 254 1789 angi
273 1747 377 1778 alieno
394 1746 499 1779 bono,
519 1745 601 1786 quod
618 1745 680 1786 ipse
698 1755 764 1775 non
783 1745 905 1776 habeat:
925 1743 1147 1778 3obtre6iantis

186 1798 289 1820 autem
308 1809 319 1822 ‚
331 1789 405 1829 *angi
427 1788 529 1817 alieno
548 1787 651 1821 bono,
667 1786 751 1827 qubd
773 1786 804 1816 id
824 1789 915 1816 etiam
926 1786 1001 1816 alius
1017 1786 1122 1817 habeat
1134 1789 1148 1816 .>

186 1833 263 1872 quis
274 1829 303 1861 id
315 1828 473 1870 approbare
484 1827 571 1868 poffit
582 1848 592 1863 ,
613 1827 822 1869 aegritudinem
835 1828 980 1867 suscipere
988 1836 1042 1867 pro
1050 1837 1143 1867 expe-

188 1874 297 1904 rientia
310 1891 318 1905 ‚
332 1870 351 1900 fi
360 1870 433 1912 quid
444 1870 550 1900 habere
562 1870 638 1900 veiis
655 1873 667 1899 ?
688 1878 754 1899 nam
762 1869 857 1909 fidum
867 1868 964 1898 habere
972 1869 1037 1898 veae
1047 1888 1055 1902 ,
1062 1869 1141 1908 ficm-

186 1925 237 1945 m
261 1913 401 1944 dementia
421 1911 473 1941 eff.
496 1910 826 1942 Mediocritates‘autem
842 1911 992 1941 malorum
1002 1911 1141 1951 qu‘islau-

185 1956 255 1988 dare
264 1954 344 1986 reffl:
353 1951 441 1994 poffit
453 1953 465 1979 ?
488 1955 556 1994 quis
567 1954 650 1983 enim
661 1952 757 1993 potest
769 1972 778 1986 ‚
801 1954 834 1982 in
844 1962 905 1994 quo
919 1952 1014 1982 libido
1025 1972 1035 1986 ‚
1058 1953 1142 1992 cupi-

186 1997 300 2029 ditasve
321 1995 374 2030 fit,
396 2004 460 2025 non
477 1994 659 2026 libidinosus
675 1995 709 2025 &
732 1994 858 2034 cupidus
874 1992 952 2024 effe?
972 1996 1004 2024 in
1015 2003 1076 2035 quo
1085 1995 1139 2028 ira,

186 2049 253 2070 non
265 2037 423 2069 iracundus
435 2039 446 2067 ?
468 2038 499 2067 in
509 2047 571 2078 quo
579 2046 689 2077 angor,
702 2045 766 2067 non
777 2038 904 2067 anxius?
923 2037 955 2066 in
966 2045 1027 2078 quo
1036 2037 1140 2070 timor,

186 2090 252 2113 non
269 2080 417 2111 timidus?
433 2083 451 2106 4
473 2078 671 2109 libidinosum
683 2080 791 2119 igitur,
813 2077 998 2117 &cupidum
1012 2097 1020 2111 ,
1040 2078 1141 2108 &ira-

184 2123 320 2154 cundum
334 2143 343 2155 ‚
362 2121 396 2151 &
413 2122 540 2151 anxium
553 2139 562 2154 ‚
576 2120 614 2151 =&
637 2120 780 2151 timidum
790 2119 946 2150 censemus
955 2118 1014 2150 effe
1024 2120 1141 2159 sapien—

182 2173 247 2195 tem
266 2167 276 2193 ?
293 2167 306 2191 ἰ
325 2163 362 2194 de
380 2162 467 2201 cujus
484 2162 664 2192 excellentia
685 2162 781 2192 multa
798 2161 921 2203 quidem
932 2161 1138 2202 diciquamvis

183 2205 252 2237 fuse
264 2226 274 2240 ‚
292 2206 409 2245 lateque
422 2202 529 2243 poffint
543 2213 549 2232 :
567 2203 616 2234 sed
626 2202 796 2234 breviffime
806 2204 861 2233 illo
874 2203 967 2233 modo
980 2223 989 2236 ,
1001 2211 1140 2233 sAprnN·

920 124 1504 190 (Larasa-roxum

1574 129 1656 176 L1
1682 143 1725 175 n.
1775 130 1866 176 IV.
2035 145 2154 195 1093

1196 217 1234 237 an
1253 209 1459 248 improvisum·
1472 208 1607 249 aliquid,
1628 218 1679 242 aut
1696 212 1917 251 repentinum?
1938 208 1956 231 ⁶
1973 210 2045 252 quid
2062 210 2161 250 potest

1177 262 1178 279 l
1196 249 1327 280 accidere
1343 251 1402 280 ‘tale
1421 271 1430 285 ‚
1454 250 1488 281 δε
1506 253 1564 280 cui'
1576 253 1653 281 nihil
1672 251 1754 293 quod
1772 254 1893 283 homini
1916 255 2036 283 evenire
2055 250 2157 292 poffit?

1197 292 1277 320 Nam
1301 291 1383 332 quod
1394 293 1487 330 ajunt
1501 294 1597 323 nimia
1607 294 1727 324 resecari
1741 301 1895 334 oportere,
1914 294 2058 324 naturalia
2066 294 2159 324 relin-

1197 334 1247 376 qui
1262 333 1483 373 :quidwandem
1495 333 1592 374 potest
1601 333 1659 365 effe
1672 336 1822 370 naturale,
1833 335 1916 376 quod
1927 335 2007 366 idem
2020 338 2157 367 nimium

1197 372 1255 402 csse
1272 373 1378 413 poffit?
1401 375 1468 406 sunt
1491 378 1575 406 enim
1593 376 2034 417 omniaistaexerrorummrta
2050 377 2157 408 radici-

1198 414 1265 444 bus.
1288 420 1302 442 7
1326 418 1400 457 Qae
1420 417 1650 451 evellendas&
1666 419 1850 449 extrahenda
1859 421 1998 459 penitus,
2022 417 2085 449 non
2096 422 2157 450 cir-

1198 505 1309 527 te»non
1327 499 1445 529 tam-de
1463 499 1610 539 sapiente,
1631 502 1722 542 quam
1735 502 1808 531 dete
1819 502 1882 542 ipso
1891 511 2022 543 quaerere
2041 502 2154 541 (illum

1197 540 1281 568 enim
1290 548 1374 579 putas
1384 542 1470 570 omni
1481 542 1701 580 perturbatione
1713 542 1769 573 effe
1779 543 1907 573 liberum
1919 563 1929 577 ‚
1947 552 1975 574 te
1984 544 2041 582 vis)
2050 543 2154 575 videa-

1198 589 1266 610 mus
1276 600 1284 614 ‚
1303 590 1411 622 quanta
1422 580 1488 615 fine,
1501 578 1514 602 ὃ
1524 593 1588 623 quae
1598 584 1613 614 ὲ
1622 584 1810 625 philosophia
1818 585 1951 615 remedia
1960 586 2076 615 morbis
2086 587 2153 616 ani-

1197 631 1320 652 morum
1340 622 1542 654 adhibeantur.
1576 625 1619 655 cst
1636 628 1719 656 enim
1739 626 1875 667 quaedam
1896 626 2049 656 medicina
2063 627 2152 657 certe:

1196 673 1242 692 nec
1252 672 1311 693 tam
1318 664 1386 703 fuir
1396 666 1541 694 hominum
1546 668 1639 706 generi
1649 668 1676 695 in
1675 668 1756 707 senfiz
1767 687 1776 702 ,
1802 676 1890 709 arque
1902 668 2021 697 inimica
2034 668 2150 702 nartem,

1198 706 1414 745 ut’corporibus
1426 715 1526 736 torres
1537 708 1684 738 salutareis
1696 728 1703 742 ,
1716 713 1732 736 9
1741 711 1853 739 animis
1863 710 1978 740 nullam
1990 711 2152 740 invenerit.

1196 748 1244 792 De
1264 747 1374 787 quibus
1396 748 1456 778 hoc
1472 750 1563 778 etiam
1578 748 1619 780 est
1630 753 1734 780 merita
1745 750 1856 781 meiius
1869 770 1878 785 ,
1896 746 2151 792 qubdcorporum

1195 788 1370 827 adjumenta
1387 789 1568 820 adhibentur
1587 792 1771 822 extrinsecus
1783 812 1791 825 ‚
1811 794 1987 824 animorum
2006 793 2152 826 salumin-

1194 830 1274 859 clusa
1293 831 1326 859 in
1349 830 1395 859 his
1414 829 1482 869 ipsis
1492 830 1545 861 est.
1568 832 1624 862 Sed
1644 842 1705 872 quo
1717 834 1814 870 major
1826 833 1910 865 estin
1919 836 1962 864 eis
1971 833 2151 874 praestantia.

1197 871 1387 905 &divinior,
1403 874 1479 903 ¹0eo
1491 874 1603 913 majore
1614 874 1922 914 indigentdiligentia.
1938 880 1962 895 ¹¹
1975 878 2075 917 Itaque
2087 874 2151 906 bene

1194 911 1324 941 adhibita
1341 914 1415 943 ratio
1436 915 1539 949 cernit,
1562 915 1634 956 quid
1648 917 1789 957 optimum
1805 916 1845 957 fir
1861 927 1872 944 .·
1896 916 2018 957 negi'esta
2029 937 2037 951 ,
2054 918 2152 947 multis

1197 954 1363 995 implicatur
1380 954 1525 986 erroribus.
1550 956 1595 987 Ad
1617 967 1644 988 te
1664 959 1753 998 igitur
1772 959 1849 987 mihi
1863 958 1927 997 jam
1945 958 2151 991 convertenda

1194 997 1298 1026 omnis
1317 997 1482 1028 oratiofest.
1506 997 1626 1029 simulas
1646 1002 1730 1029 enim
1752 1008 1882 1039 quaerere
1904 1010 1931 1030 re
1949 1000 1986 1030 de
2006 1001 2148 1040 sapiente:

1192 1040 1300 1078 quaeris
1311 1048 1345 1069 au
1351 1048 1410 1069 tem
1423 1037 1540 1070 fortasse
1550 1040 1586 1070 de
1595 1049 1632 1070 te.
1656 1043 1765 1071 Earum
1775 1043 1867 1082 igitur
1875 1041 2149 1082 perturbationum,

1192 1088 1264 1120 quas
1283 1080 1431 1120 exposui,
1456 1084 1545 1112 variae
1565 1081 1637 1112 sant
1652 1084 1831 1113 curationes.
1855 1093 1925 1113 nam
1937 1093 2034 1124 neque
2044 1086 2149 1114 omnis

1192 1121 1338 1160 aegritudo
1355 1131 1414 1152 una
1431 1124 1546 1153 ratione
1564 1123 1687 1155 sedatur.
1706 1124 1762 1154 alia
1780 1123 1823 1155 est
1842 1127 1924 1154 enirn
1937 1125 2072 1167 lugenti,
2091 1126 2149 1156 alia

1194 1162 1368 1197 miseranti,
1394 1165 1451 1194 alia
1473 1165 1623 1196 invidenti
1642 1165 1811 1196 adhibenda
1823 1167 1980 1197 medicina.
2003 1166 2148 1198 estetiam

1189 1205 1223 1234 in
1233 1205 1378 1236 omnibus
1387 1214 1526 1246 quattuor
1533 1206 1806 1246 perturbationibus
1814 1207 1864 1238 illa
1873 1206 2150 1241 distinstiomtrum

1189 1246 1226 1275 ad
1248 1248 1420 1277 universam
1434 1248 1671 1289 perturbationem
1683 1269 1691 1283 ,
1709 1259 1768 1289 qua
1785 1247 1830 1278 εἴτ’
1846 1249 2001 1289 aspernatio
2021 1250 2148 1284 rationis,

1188 1294 1242 1316 aut
1249 1289 1391 1330 appetitus
1401 1291 1599 1322 vehementior:
1608 1301 1645 1321 an
1653 1291 1688 1321 ad
1701 1289 1836 1330 fingulas,
1849 1300 1880 1321 ut
1889 1291 1924 1321 ad
1936 1300 2064 1324 metum,
2075 1290 2150 1320 libi-

1190 1327 1296 1359 dinem
1315 1350 1325 1363 ,
1348 1331 1530 1372 reliquasque
1544 1333 1654 1363 melitis
1669 1333 1842 1363 adhibeatur
1851 1334 1966 1366 oratio,
1986 1333 2020 1362 &
2037 1332 2148 1363 utrum

1188 1371 1306 1401 illudne
1324 1382 1389 1402 non
1406 1373 1541 1404 videatur
1558 1375 1633 1415 aegre
1653 1372 1812 1404 ferendum
1826 1395 1841 1408 ‚.
1855 1383 1894 1404 ex
1903 1384 1964 1415 quo
1974 1373 2104 1414 suscepta
2112 1372 2148 1405 su:

1188 1414 1343 1452 aegritudo,
1357 1417 1424 1444 ²²an
1436 1417 1691 1446 omniumr-erum
1706 1415 1839 1447 tol-lenda
1847 1418 1981 1446 omnino
1988 1415 2145 1456 aegritudo:

1190 1463 1222 1483 ut
1245 1453 1265 1483 si
1284 1456 1353 1495 quis
1371 1456 1447 1496 aegre
1469 1456 1560 1490 ferat,
1585 1458 1612 1487 se
1635 1467 1792 1497 pauperem
1820 1456 1896 1491 effe,
1918 1457 1989 1487 idne
2000 1457 2145 1497 disputes.

1188 1502 1383 1536 paupertatem
1405 1498 1515 1526 malum
1527 1508 1579 1527 non
1589 1498 1657 1536 effe-¹
1675 1509 1712 1529 an
1723 1501 1882 1530 hominem
1891 1499 1967 1538 aegre
1977 1498 2053 1528 ferre
2065 1499 2144 1528 nihil

1189 1546 1335 1576 oportere.
1358 1540 1509 1569 nimirum
1521 1540 1580 1569 hoc
1591 1541 1702 1570 melius
1713 1550 1768 1571 :ne
1778 1559 1787 1574 ‚
1805 1538 1826 1569 fi
1836 1539 1914 1569 forte
1926 1539 1962 1569 de
1975 1548 2146 1579 paupertate

1188 1587 1253 1607 non
1263 1579 1438 1617 persuaseris
1447 1599 1456 1614 ,
1475 1578 1509 1609 fit
1517 1581 1687 1620 aegritudini
1698 1580 1932 1611 concedendum
1945 1580 2144 1620 :aegritudine

1188 1627 1288 1649 autem
1300 1619 1410 1650 sublata
1419 1640 1427 1654 ,
1446 1625 1575 1661 propriis
1584 1621 1761 1656 rationibus,
1771 1622 1881 1663 quibus
1895 1621 1960 1651 heri
1972 1619 2015 1651 usi
2027 1621 2145 1655 sumus,

1186 1660 1318 1700 quodam
1339 1661 1435 1692 modo
1453 1664 1544 1692 etiam
1559 1665 1777 1703 ¹3paupertatis
1792 1663 1911 1693 malum
1928 1663 2053 1693 tollitur.
2086 1662 2143 1694 Sed
2162 1660 2205 1695 28

1187 1705 1292 1732 omnis
1309 1702 1461 1742 ejusmodi
1480 1705 1662 1744 perturbatio
1681 1706 1805 1738 ‚animi
1824 1705 1989 1744 placatione
2008 1704 2144 1735 abluatur

1186 1744 1239 1774 illa
1258 1744 1404 1785 quidem,
1428 1744 1500 1776 cum
1512 1746 1638 1780 doceas,
1655 1757 1713 1778 nec
1721 1747 1840 1778 bonum
1849 1745 1927 1776 illud
1936 1743 2017 1780 eise,-
2032 1756 2070 1776 ex
2079 1743 2144 1787 quo

1185 1785 1288 1816 laetitia
1298 1805 1307 1820 ‚
1318 1795 1369 1816 aut
1379 1787 1476 1818 libido
1485 1789 1597 1818 oriatur
1611 1799 1617 1817 z
1629 1798 1683 1818 nec
1692 1789 1807 1819 malum
1823 1807 1832 1821 ‚
1846 1797 1885 1817 ex
1898 1797 1958 1827 quo
1968 1796 2018 1818 aut
2027 1797 2142 1823 metus,

1185 1835 1236 1857 aut
1245 1827 1390 1867 aegtitudo
1403 1839 1409 1857 :
1422 1838 1633 1860 verumtamen
1642 1831 1707 1860 haec
1715 1829 1759 1860 est
1767 1838 1845 1860 certa
1855 1848 1865 1862 ‚
1885 1829 1917 1858 &
1928 1830 2048 1869 propria
2058 1831 2142 1860 sana-

1185 1870 1230 1898 tio
1240 1888 1248 1902 ,
1258 1868 1280 1898 fi
1290 1869 1397 1899 doceas
1408 1889 1419 1903 ‚
1438 1870 1513 1909 ipsas
1523 1870 1762 1909 perturbationes
1772 1880 1823 1911 per
1832 1871 1859 1900 se
1871 1868 1929 1900 effe
1939 1871 2071 1904 vitiosas,
2082 1880 2141 1902 nec

1185 1910 1292 1940 habere
1313 1911 1474 1951 quicquam
1485 1920 1535 1941 aut
1545 1912 1676 1942 naturale
1687 1932 1696 1946 ‚
1716 1921 1766 1942 aut
1776 1909 1970 1942 necessarium
1984 1922 1990 1941 :
2002 1912 2140 1952 utipsarn

1184 1951 1395 1993 aegritudinem
1407 1953 1493 1982 leniri
1503 1952 1644 1983 videmus
1654 1973 1662 1987 ‚
1683 1953 1755 1983 cum
1767 1953 1930 1993 objicimus
1941 1953 2141 1985 moerentibus

1184 1994 1424 2024 imbecillitatem
1435 1995 1530 2024 animi
1544 1993 1709 2026 effeminati
1724 2015 1733 2030 ,
1752 2004 1880 2036 cumque
1890 2005 1996 2026 eorum
2009 1997 2142 2037 gravita-

1183 2044 1245 2066 tem
1257 2054 1272 2070 r
1285 2035 1544 2077 constantiamque
1560 2036 1716 2068 laudamus
1728 2058 1737 2070 ‚
1758 2038 1810 2078 qui
1821 2046 1885 2067 non
1895 2037 2065 2067 turbulente
2078 2038 2138 2068 hu·-

1183 2087 1272 2108 mana
1292 2079 1450 2117 patiantur.
1481 2078 1563 2119 quod
1581 2079 1705 2119 quidem
1724 2079 1799 2110 solet
1818 2081 1862 2109 eis
1881 2081 1972 2109 etiam
1989 2079 2137 2113 accidere,

1181 2121 1234 2160 qui
1248 2119 1300 2149 illa
1315 2120 1392 2150 mala
1410 2117 1469 2149 ess‘e
1488 2120 1610 2150 censent
1630 2140 1638 2154 ,
1664 2120 1786 2151 ferenda
1803 2130 1906 2151 tamen
1925 2130 2012 2161 aequo
2030 2122 2138 2151 animo

1159 2154 1367 2192 larbitrantur.
1390 2170 1473 2202 putat
1489 2162 1597 2202 aliquis
1616 2161 1673 2192 esse
1690 2163 1881 2202 voluptatem·
1899 2162 2014 2193 bonum
2037 2173 2042 2192 ;
2058 2163 2136 2192 alius

1179 2212 1277 2233 autem
1288 2205 1448 2242 pecuniam
1459 2213 1575 2235 :tamen
1586 2204 1678 2234 &ille
1687 2204 1724 2234 ab
1736 2206 1962 2245 intemperantia
1971 2224 1980 2238 ‚
1995 2204 2028 2234 &
2038 2205 2087 2234 hic
2098 2204 2137 2234 ab

182 2256 280 2278 TrAnr
299 2246 358 2277 esse
376 2254 477 2277 rerum
499 2244 668 2276 divinarum
683 2264 692 2279 ‚
712 2245 745 2275 &
760 2246 959 2276 humanarum
969 2245 1134 2279 scientiam,
1179 2247 1299 2275 avaritia
1322 2244 1551 2285 avocaripotest.
1575 2246 1626 2276 illa
1644 2255 1741 2276 autem
1753 2246 1839 2276 altera
1850 2247 1944 2280 ratio,
1970 2256 2034 2287 quae
2044 2244 2134 2276 simul

181 2291 463 2330 cognitionemque.
474 2296 538 2327 quae
548 2287 665 2327 cujusq5
675 2289 717 2317 rei
727 2287 810 2317 causa
820 2285 863 2317 fit.
877 2296 915 2317 ex
925 2297 986 2328 quo
997 2285 1135 2320 efficitur,
1179 2287 1213 2317 &
1232 2288 1413 2326 opinionem
1432 2286 1535 2317 falsam
1553 2287 1652 2321 tollit,
1673 2287 1705 2318 δε
1727 2287 1974 2332 ¹4·aegritudinem
1992 2287 2130 2321 detrahit,

183 2340 218 2362 ut
233 2331 335 2360 divim
360 2331 508 2362 irmmur,
527 2329 651 2358 humana
669 2338 763 2358 omma
773 2329 905 2368 inferiora
919 2330 1031 2358 virtute
1039 2328 1133 2358 ducat.
1176 2327 1219 2359 est
1237 2338 1270 2358 ea
1292 2328 1414 2369 quidem
1436 2329 1557 2362 utilior,
1577 2329 1627 2359 scd
1651 2339 1716 2359 raro
1731 2331 1868 2369 prolicit,
1893 2332 1919 2356 ¹5
1933 2338 2030 2370 neque
2041 2327 2083 2359 est
2093 2328 2134 2359 ad

181 2375 220 2404 In
239 2374 314 2402 hanc
323 2378 355 2401 tu
365 2371 472 2412 igitur,
496 2372 789 2411 tanquaminmare,
811 2370 893 2411 quod
903 2369 946 2400 est
955 2372 1054 2400 ventis
1064 2370 1135 2401 sub·
1175 2370 1282 2410 vulgus
1291 2370 1471 2400 adhibenda.
1491 2371 1635 2411 Qaedam
1643 2380 1742 2402 aurem
1753 2371 1820 2401 sunt
1832 2370 2045 2412 aegritudineS,
2057 2379 2134 2411 quas

176 2414 315 2455 jectum,
337 2411 593 2452 perturbationem
611 2411 713 2443 cadere
733 2412 788 2442 tibi
808 2411 911 2443 dixisti
921 2412 1038 2443 videri?
1059 2411 1133 2452 quid
1173 2412 1271 2442 levare
1291 2412 1344 2442 illa
1362 2412 1512 2442 medicina
1529 2413 1616 2443 nullo
1638 2413 1734 2443 modo
1758 2411 1843 2452 poffit
1863 2423 1868 2442 :
1891 2421 1924 2443 ut
1945 2410 2042 2452 fiquis
2053 2411 2135 2453 aegre}

178 2455 242 2490 est,
261 2455 343 2497 quod
362 2462 472 2485 tantam
495 2454 687 2495 gravitatem,
707 2453 963 2496 constantiamque
972 2455 1135 2496 perturbet?
1172 2453 1267 2489 ferat,
1289 2454 1368 2485 nihil
1387 2456 1420 2485 in
1437 2455 1465 2486 se
1475 2453 1533 2485 esse
1546 2456 1663 2486 virtutis
1675 2473 1684 2490 ‚
1703 2455 1781 2486 nihil
1794 2455 1910 2489 animi,
1929 2455 2007 2484 nihil
2019 2452 2126 2488 officii,

2045 2495 2130 2526 nihilv

215 2591 238 2609 ι.
259 2583 389 2609 Iracundos
396 2582 456 2615 filos
473 2582 581 2615 morbosos
594 2583 803 2616 numeraverunt]
824 2581 905 2608 Fabr.
924 2581 1009 2608 Varie.
1029 2583 1134 2617 mor-ufir.
1152 2590 1155 2602 2
1170 2585 1292 2609 ruralibus·
1301 2585 1393 2617 causta-‚-
1406 2584 1451 2616 sed
1458 2592 1486 2609 ex
1494 2591 1598 2609 errorum
1608 2589 1661 2607 orta
1672 2581 1803 2607 radicibus.
1815 2582 1915 2615 inepte.

175 2627 246 2654 quae,
258 2627 286 2645 ut
296 2627 372 2655 puto,
383 2618 498 2654 genuina
506 2618 541 2644 est
552 2616 644 2643 leffio.
657 2618 713 2644 Pal.
724 2626 847 2653 quartus,
855 2624 965 2643 mortuos.

211 2663 241 2681 2.
259 2657 376 2680 Simulare
385 2664 430 2680 non
439 2653 556 2687 deducu]
578 2653 636 2679 Pal.
648 2660 712 2679 tert.
723 2654 808 2680 Vatic.
819 2663 864 2679 non
874 2654 943 2679 decet.
956 2663 1006 2680 non
1018 2653 1113 2689 probo.

213 2698 241 2726 3.
262 2690 417 2716 obtreHanris
427 2697 506 2715 autem
523 2692 578 2721 angi
595 2690 671 2715 alienu
680 2690 759 2723 bona]
780 2690 823 2716 Sic
832 2688 917 2716 edidit
927 2689 1061 2716 ViCtorius
1073 2708 1082 2722 ,
1100 2691 1129 2717 &

208 2727 228 2754 st
239 2736 297 2753 eum
311 2726 407 2752 Lamb.
418 2733 593 2761 repetuntque
604 2728 634 2752 τὶ,
643 2728 698 2758 angi
707 2725 764 2751 Pal.
775 2724 823 2752 sec.
835 2733 899 2752 tert.
910 2733 999 2760 quart.

208 2769 237 2795 4.
256 2762 415 2795 Libidinofirm
423 2765 496 2795 igitur
504 2761 534 2791 ὼ·
541 2761 649 2794 cupidum
666 2761 696 2792 ἐν
703 2761 871 2795 iracundum]
892 2764 925 2788 Er
934 2762 1041 2796 rapidum
1049 2762 1128 2798 igno-

173 2804 235 2824 rant
244 2806 357 2834 quatuor
367 2798 435 2824 1³:211.
447 2796 526 2823 Fabr.
537 2797 623 2822 Vatic.

213 2842 238 2866 5.
260 2838 292 2860 De
301 2835 368 2869 cujm
377 2835 511 2860 excellentia
528 2835 604 2858 multa
621 2833 714 2866 quidem
722 2833 832 2867 quam-vis
843 2833 901 2866 susi*
910 2835 1002 2867 lateque
1019 2833 1127 2868 poffint.]

173 2867 234 2895 Vat.
244 2871 290 2895 dici
298 2870 408 2904 quamvis
416 2870 716 2903 lareqttepffr.·cetei‘um
728 2869 784 2895 Pal.
796 2877 859 2896 tert.
869 2877 958 2905 quart.
969 2870 1047 2896 etiam
1057 2872 1130 2904 poffir.

172 2939 258 2965 Malui
270 2941 332 2967 hanc
343 2940 484 2967 lectionem
498 2959 506 2972 ,
517 2949 576 2967 curn
590 2941 706 2976 quinque
717 2941 785 2967 l’all.
797 2941 883 2967 Varie.
897 2940 1010 2967 ViStorii
1022 2943 1127 2976 (quam-

170 2975 248 3002 visin
260 2974 384 3007 secundo,
393 2977 479 3013 quint.
490 2976 602 3012 amplius
611 2976 794 3012 appendantur
805 2977 874 3003 hacc:
896 2980 990 3003 :venire
997 2979 1059 3010 poffit
1069 2997 1077 3009 ,
1097 2987 1128 3003 ne

165 3011 407 3045 praemaeditarumfit.)
429 3021 506 3047 quam
520 3012 653 3047 vulgarem
667 3012 781 3038 tolerare
793 3012 935 3039 lechonem
947 3012 1026 3039 foedis
1036 3013 1125 3048 gloffis
1145 3036 1146 3042 ,

168 3045 282 3090 oblitam
293 3057 300 3074 ς
323 3047 453 3081 qnidpotess
466 3048 569 3074 accidi-re
577 3050 625 3074 tale
634 3051 655 3075 ci
665 3067 674 3081 ‚
685 3051 723 3074 cui
731 3050 795 3074 nihil
794 3050 900 3083 subitum
909 3051 939 3082 est
952 3069 959 3081 ,
971 3049 1032 3084 qnod
1039 3051 1126 3076 homini

166 3085 427 3152 ‘'gn-‘rgz‘izeffissellcnda
434 3118 463 3149 ὀ·
470 3120 618 3145 extrahenda
623 3121 745 3154 penitus]
767 3121 852 3147 Varie.
864 3130 912 3154 quae
923 3122 1039 3147 evellenda
1053 3123 1123 3154 prm*-

164 3159 216 3182 tm.
235 3152 289 3183 duo
298 3154 367 3184 Pau.
377 3152 426 3181 sec.
439 3154 527 3191 qui-ut.
537 3154 676 3185 luxuriant
685 3167 692 3184 ;
706 3157 769 3192 firm
776 3160 836 3184 enim
845 3161 923 3185 omnia
931 3160 976 3192 ista
985 3168 1029 3185 nnn
1039 3167 1067 3185 ex
1076 3167 1123 3184 na-

261 2906 398 2938 Qisiporest
405 2905 510 2931 accidere
519 2906 566 2929 tale
578 2923 586 2936 ‚
595 2904 624 2935 (ἓν
633 2907 671 2930 cui
679 2906 743 2930 nihil
751 2906 812 2938 *prod
819 2907 904 2931 homini
912 2907 1005 2931 evenire
1018 2907 1082 2939 poffi't
1092 2910 1103 2932 ‚²
1112 2907 1126 2940 ]
1146 2904 1149 2939 l

1207 2618 1234 2645 8.
1250 2619 1330 2652 Qaeaei
1341 2617 1486 2652 Philissphm
1504 2619 1603 2644 remedia
1622 2619 1715 2659 rnorbm
1732 2609 1889 2649 anitii-orum]
1910 2615 2037 2652 anuc
2054 2613 2126 2641 Pall.

1171 2655 1257 2681 Vatic.
1268 2655 1399 2681 omittunt
1410 2654 1618 2690 prcepofitionem
1630 2662 1658 2678 a,
2004 2670 2009 2676 .

1204 2699 1233 2726 9.
1253 2692 1344 2717 Animis
1355 2693 1442 2716 nullam
1451 2689 1595 2723 invenerit]
1612 2688 1674 2715 Fab.
1685 2689 1746 2716 Vat.
1757 2690 1841 2714 animis
1850 2689 1939 2714 nullas.
1950 2693 2039 2749 ‹Ruan'
2048 2686 2127 2712 nulla.

1207 2730 1285 2753 10.Ea
1294 2729 1380 2761 majore
1388 2727 1490 2759 indigent
1500 2725 1645 2759 diligantid]
1658 2724 1830 2760 Pal.quatuor
1840 2724 1953 2760 priores3
1978 2722 2127 2755 'atindigen

1206 2771 1248 2788 11.
1268 2765 1350 2795 Iraque
1360 2763 1414 2788 lieni
1424 2763 1532 2787 adhibita
1551 2760 1637 2794 ratim]
1658 2760 1778 2787 Turneb.
1797 2769 1831 2786 cx
1841 2758 1993 2795 conjeRura
2007 2758 2054 2785 lib.
2066 2766 2125 2785 vu.

1167 2807 1222 2834 cap.
1235 2797 1263 2824 8.
1276 2798 1320 2824 Ad
1326 2797 1390 2824 vers.
1401 2798 1518 2833 reponit,
1529 2798 1582 2822 beni
1591 2799 1685 2822 habita.

1206 2843 1250 2860 12.
1270 2838 1324 2862 <An
1341 2837 1440 2860 omnium
1452 2843 1529 2858 rei-um
1547 2833 1645 2858 tollenda
1655 2836 1743 2858 omnino
1751 2832 1889 2866 agritudo]
1911 2829 2119 2857 Pertinaciffime

1186 2879 1215 2896 ro
1226 2870 1271 2897 hac
1290 2869 1405 2897 leStione
1415 2870 1524 2895 dimicat
1536 2868 1679 2895 Lambinus
1692 2888 1699 2900 ‚
1716 2869 1759 2895 cui
1772 2869 1798 2895 iu
1818 2867 1957 2894 sublidinm
1975 2866 2129 2894 adveniunt·

1166 2879 1347 2967 {alhapnsess
1367 2914 1485 2942 quartus.
1507 2905 1603 2941 reliqui
1613 2913 1672 2931 cum
1683 2903 1760 2931 Fubr.
1771 2903 1857 2931 Vatic.
1875 2903 1999 2930 toleranda
2018 2903 2058 2929 vel
2078 2904 2124 2929 tol-

1164 2945 1233 2968 lemn
1250 2952 1275 2969 a.

1205 2986 1247 3013 ¹3·
1268 2978 1423 3011 Paupertan'e
1441 2986 1520 3004 nomen
1539 2976 1661 3011 follitum]
1683 2975 1753 3003 Pan.
1771 2975 1898 3003 stcund'us
1912 2975 2063 3009 paupertatis
2080 2983 2125 3001 uo-

1165 3023 1216 3040 men
1226 3016 1273 3039 toll.

1203 3058 1246 3082 ¹4·
1266 3053 1299 3075 Et
1307 3050 1463 3082 egritudinem
1472 3048 1601 3082 Aen-ahin]
1623 3048 1680 3075 Pal.
1691 3055 1755 3075 tert.
1766 3048 1885 3081 distrahit.

1204 3095 1212 3111 r
1221 3095 1245 3118 5.
1266 3089 1345 3119 Neque
1355 3087 1386 3117 est
1394 3086 1427 3112 ad
1434 3087 1520 3119 viclguae
1530 3085 1690 3119 adhibenda]
1708 3085 1750 3110 Sic
1760 3093 1818 3110 cum
1830 3085 1850 3109 V
1854 3083 1953 3110 istorio
1964 3081 2123 3114 Lambinus,

1163 3121 1232 3148 Pall.
1244 3120 1350 3148 secund.
1363 3129 1425 3148 tert.
1438 3130 1495 3148 nain
1506 3129 1547 3157 pr.
1566 3129 1640 3155 neque
1648 3123 1720 3147 etiam
1728 3122 1758 3156 est
1768 3121 1801 3148 ad
1809 3121 1875 3155 vulg.
1894 3120 1952 3148 adh.
1971 3118 2056 3155 ficque
2067 3117 2130 3144 fere

1163 3158 1252 3194 quint.
1265 3166 1325 3187 uam
1335 3161 1365 3187 τὶ
1376 3159 1406 3193 est
1417 3157 1501 3186 tollit.

1484 3193 1650 3229 Yyyyyy
1667 3200 1685 3229 3
2042 3192 2130 3222 mu.

1196 457 1394 487 cumcidenda
1405 477 1414 491 ‚
1434 468 1488 487 nec
1504 459 1684 498 amputanda
1704 461 1781 490 sunt.
1803 460 1859 491 Sed
1869 460 2018 501 quoniam
2026 461 2156 500 suspicor
2173 468 2217 503 27
