2337 3400
218 148 316 196 5¹4
625 124 1745 178 M2TULL11C1caRou1s

221 218 344 258 putare?
366 215 474 255 Qaero
486 211 559 243 illud
570 212 660 242 etiam
671 220 748 241 exre
760 231 768 243 ‚
793 208 874 251 quod
883 210 1017 249 privatus
1027 204 1181 237 admisisti:
1229 206 1324 238 fulto?
1342 216 1409 237 ante
1423 215 1450 237 te
1470 217 1573 237 nemo.
1597 207 1664 248 post
1676 206 1829 238 continuo
1839 205 2003 239 fecitidem
2013 205 2045 238 in
2064 204 2184 239 duobus

226 260 258 288 in
279 267 341 298 quo
356 265 432 285 certe
446 255 507 293 jam
525 254 582 283 tibi
598 253 696 282 dicere
714 261 778 282 non
794 251 897 281 licebit
907 271 917 284 ‚
935 260 1005 280 cum
1017 246 1183 279 clarissimis
1228 249 1373 291 prodigiis
1383 251 1457 289 reip.
1468 249 1607 279 Clodius:
1620 260 1681 290 quo
1692 252 1782 281 etiarn
1794 250 1907 289 majore
1917 260 1948 280 es
1959 250 2039 279 malo
2051 249 2188 280 madian·

227 301 302 329 viris
320 298 434 328 causim
453 305 534 326 tuam
555 292 611 325 effe
630 292 826 332 conjunstam:
847 291 1050 333 postulatusne
1069 288 1104 320 sis
1121 291 1183 332 lege
1231 292 1285 322 dus
1297 311 1305 325 ,
1326 290 1408 331 quod
1428 299 1493 320 non
1508 289 1607 320 solum
1621 291 1702 321 facto
1715 301 1768 322 tuo
1779 311 1788 326 ‚
1811 292 1859 322 sed
1871 294 1962 322 etiam
1973 291 2093 332 exemplo
2106 299 2190 321 rem-

233 345 244 361 ¹
256 342 371 370 Licinia
385 338 416 367 8<
434 338 538 373 Iunia?
556 336 724 366 edixeritne
737 338 771 366 C.
781 336 949 366 Memmius
969 341 1076 373 praetor
1092 342 1132 362 ex
1153 341 1186 362 ea
1230 334 1304 374 pub.
1316 331 1494 362 vulnerasti:
1514 341 1611 372 neque
1630 332 1746 363 tantum
1764 344 1794 363 es
1813 334 1968 373 improbus
1978 333 2040 373 ipse
2054 353 2063 366 ,
2084 332 2133 363 sed
2144 340 2191 362 et-

231 382 313 422 lege,
335 377 485 409 utadesses
496 376 724 408 dietricesimo?
740 375 812 408 cum
829 379 853 406 is
866 375 930 406 dies
945 373 1089 408 veniss'et,
1108 373 1187 404 fece·
1227 377 1294 405 'iarn
1304 375 1377 405 alios
1388 373 1495 404 docere
1506 373 1639 403 voluisti.
1661 379 1676 403 7
1689 379 1785 416 Atque
1806 375 1882 405 illud
1901 378 1990 405 etiam
2009 375 2108 405 audire
2126 374 2143 404 a
2163 382 2193 403 te

233 423 310 452 risne
323 442 331 454 ,
351 420 433 461 quod
452 422 484 450 in
500 421 552 451 hac
571 419 674 460 repub.
686 429 750 449 non
768 417 863 448 modo
880 417 995 448 fanum
1013 425 1079 447 ante
1099 425 1190 446 num·
1236 419 1341 457 cupio:
1363 425 1450 456 quare
1461 434 1469 449 ‚
1491 424 1560 446 cum
1572 424 1627 457 ego
1637 415 1733 456 legem
1745 417 1781 447 de
1795 417 1912 447 ambitu
1927 427 1964 447 ex
1977 419 2047 448 S.C.
2060 416 2194 448 tulerim,

234 473 323 505 quam
339 462 400 496 est,
420 462 469 492 sed
485 463 519 492 in
536 463 623 492 omni
642 462 789 491 memoria
806 458 838 490 sit
851 460 982 489 omnino
997 457 1189 489 inauditum?

233 505 427 544 appellarisne
436 503 572 534 tribunos
581 502 676 542 plebis
684 522 693 534 ,
706 512 743 532 ne
754 501 868 541 caushm
879 501 975 530 diceres
986 504 997 529 ἒ
1008 500 1105 530 levius
1116 499 1191 529 dixi:

234 556 418 587 quamquam
436 545 569 586 idipsum
589 543 660 574 effet
679 544 711 574 δε
730 554 846 574 novum
859 564 868 577 ,
889 543 921 573 &
934 552 997 572 non
1012 540 1189 571 ferendum:

236 588 286 620 sed
295 587 488 628 appellarisne
499 588 683 617 nominatim
693 584 807 626 pestem
819 585 900 615 illius
909 586 1000 617 anni,
1013 585 1131 614 Furiam
1143 592 1194 622 pa-

235 632 300 661 triae
313 650 321 663 ,
341 628 548 668 tempestatem
568 629 639 668 reip.
655 627 819 658 Clodium?
839 629 890 668 qui
909 636 1008 656 tamen
1026 625 1098 655 cum
1115 625 1193 668 jure,

238 670 312 702 cum
327 680 410 701 more
423 690 431 703 ,
448 669 518 701 cum
534 670 677 710 potestate
688 670 839 709 judicium
855 667 999 708 impedire
1013 676 1076 696 non
1089 664 1195 705 postet,

239 712 330 743 rediit
346 712 381 742 ad
396 713 478 743 illam
493 714 557 742 vim
570 732 578 745 ,
601 710 778 742 &furorem
790 711 876 740 suum
889 730 897 743 ,
919 709 1087 748 ducemque
1100 708 1196 737 semi-

182 757 227 790 ¹4
241 754 346 785 litibus
363 756 421 784 tuis
438 754 573 794 praebuit.
600 756 636 783 In
650 763 711 794 quo
723 773 732 786 ‚
752 763 789 782 ne
802 751 873 792 quid
893 751 908 781 a
928 760 976 780 me
990 749 1106 779 dizitum
1122 750 1154 777 in
1169 757 1197 777 te

238 795 342 838 potius
360 805 446 835 putes
458 815 466 829 ‚
484 796 575 836 quam
596 795 646 825 abs
666 804 693 825 te
713 793 772 824 ess'e
790 791 964 834 quaesitum3
985 791 1107 821 nullum
1118 799 1196 819 onus

239 840 398 878 imponam
410 839 488 868 mihi
500 836 668 867 testimonii
680 847 685 865 '.
695 846 760 876 quae
770 836 848 864 mihi
858 834 941 864 brevi
952 842 1086 872 tempore
1096 841 1134 861 ex
1145 841 1198 860 eo-

241 879 312 911 dem
323 878 380 909 isto
391 880 460 909 loco
474 879 565 909 video
582 877 639 908 effe
654 877 779 908 dicenda
791 896 799 909 ‚
819 875 941 906 servabo
953 895 961 908 ‚
983 883 1069 914 teque
1079 883 1141 903 non
1155 882 1199 902 ar-

243 931 333 963 guam
346 941 354 955 ,
372 921 421 951 sed
433 941 441 955 ‚
459 923 533 951 utin
543 922 645 950 ceteris
655 920 742 949 rebus
751 917 807 948 feci
819 937 828 951 ‚
844 917 963 957 rogabo.
988 918 1097 957 Qaero
1108 924 1146 944 ex
1156 923 1196 946 te,

242 964 366 996 Vatini,
387 973 462 993 num
473 965 539 1003 quis
549 964 582 991 in
592 963 646 991 hac
655 961 773 991 civitate
783 958 851 1000 post
866 958 972 988 urbem
982 957 1136 988 conditam
1148 958 1201 986 tri—

242 1004 344 1036 bunos
355 1005 438 1045 pleb.
449 1004 599 1044 appellarit
611 1022 620 1037 ‚
639 1012 677 1032 ne
689 1002 804 1032 causam
815 1000 947 1031 diceret?
966 1009 1041 1029 num
1055 1000 1122 1039 quis
1136 1007 1201 1028 reus

242 1048 278 1077 in
294 1046 424 1077 tribunal
440 1047 485 1076 sui
505 1043 668 1085 quaesitoris
683 1042 886 1076 adscenderit,
907 1051 1037 1082 eumque
1050 1043 1081 1071 vi
1102 1040 1202 1070 detur-

242 1088 342 1119 barit?
358 1088 493 1118 subsellia
506 1084 668 1126 diffiparit?
689 1088 703 1104 ²
716 1094 804 1115 urnas
822 1083 984 1125 delegerit?
1005 1092 1052 1113 eas
1071 1081 1201 1121 denique

243 1131 364 1160 omneis
374 1138 420 1159 res
429 1130 460 1159 in
470 1127 586 1168 judicio
596 1125 791 1157 disturbando
801 1125 1007 1157 commiserit,
1019 1133 1145 1165 quarum
1157 1132 1203 1152 re-

242 1181 313 1203 rum
322 1170 523 1210 causajudicia
532 1170 599 1200 sunt
609 1168 781 1199 constituta?
792 1168 899 1198 sciasne
911 1176 978 1197 tum
987 1164 1093 1207 fugisse
1103 1167 1204 1194 Mem-

246 1214 372 1243 mium?
389 1212 569 1242 accusatores
588 1209 645 1240 ess'e
664 1218 731 1240 tuos
750 1209 786 1239 de
805 1210 884 1241 tuis,
905 1217 1087 1248 tuorumque
1106 1207 1205 1235 mani-

245 1254 303 1285 bus
326 1262 443 1294 ercptos
462 1258 473 1285 ἓ
505 1252 623 1293 judices
644 1250 846 1292 quaestionum
871 1250 907 1280 de
931 1251 1082 1289 proximis
1110 1247 1206 1278 tribu-

243 1295 365 1326 nalibus
373 1294 431 1325 ess'e
441 1294 600 1335 depulsos?
620 1295 652 1323 in
671 1292 759 1326 foro,
779 1293 844 1322 luce
857 1312 864 1325 ,
886 1290 1071 1331 inspe6htnte
1090 1289 1205 1329 populo

243 1339 342 1368 Rom.
352 1336 549 1378 quaestionem
561 1355 569 1369 ‚
583 1334 766 1375 magistratus
776 1354 784 1367 ,
800 1343 917 1364 morem
929 1333 1080 1372 majorum
1092 1351 1100 1365 ‚
1113 1331 1204 1372 leges,

240 1379 360 1420 judices
371 1398 379 1413 ‚
392 1379 536 1409 scelerum
546 1386 668 1417 poenam
679 1374 736 1406 esse
748 1375 914 1406 sublatam?
932 1375 994 1404 haec
1005 1375 1111 1404 omnia
1120 1372 1206 1402 scias-

246 1430 286 1451 ne
297 1420 454 1462 diligentia
463 1422 496 1450 C.
507 1420 652 1449 Memmii
662 1418 788 1458 publicis
798 1417 908 1447 tabulis
917 1414 974 1446 effe
985 1424 1087 1446 notata
1097 1434 1106 1448 ‚
1118 1422 1204 1454 atque

246 1461 368 1492 testata?
390 1465 487 1502 Atque
502 1461 578 1491 illud
595 1462 685 1490 etiam
709 1469 810 1500 quaero
821 1479 830 1493 ‚
847 1458 947 1499 quod,
966 1456 1066 1498 postea
1076 1455 1167 1498 quam
1177 1464 1209 1485 es

249 1503 413 1544 postulatus
425 1523 433 1536 ,
453 1513 491 1533 ex
508 1503 657 1543 legatione
674 1502 797 1531 redieris
808 1521 817 1534 ,
838 1510 877 1530 ne
887 1501 954 1540 quis
965 1508 992 1529 te
1002 1498 1114 1538 judicia
1122 1496 1210 1528 defu-

247 1555 316 1586 gere
326 1545 527 1575 arbitraretur:
547 1553 654 1584 teque‚
673 1542 743 1574 cum
756 1542 830 1575 tibi,
849 1550 950 1572 utrum
961 1541 1075 1574 velles,
1096 1540 1208 1572 liceret,

251 1586 397 1617 dictitaris
413 1586 529 1616 causam
548 1585 646 1615 dicere
661 1582 815 1614 maluisse:
833 1585 886 1624 qui
897 1583 1135 1613 consentaneum
1146 1580 1212 1611 fue-

250 1630 289 1659 rit
300 1649 308 1662 ,
327 1628 399 1659 cum
411 1628 554 1668 legationis
566 1626 693 1667 perfugio
704 1626 747 1655 uti
757 1624 917 1658 noluifl'es‚
941 1624 1141 1664 appellatione
1152 1624 1212 1652 im-

191 1674 233 1706 15
253 1668 425 1710 probiffima
443 1678 471 1699 te
489 1669 524 1699 ad
540 1670 691 1698 auxilium
703 1666 850 1697 nefarium
862 1664 1046 1708 confugisse?
1089 1668 1126 1695 Et
1136 1674 1212 1705 quo-

251 1714 336 1742 niam
354 1711 513 1751 legationis
533 1718 589 1740 tuae
606 1708 686 1739 fazsta
699 1710 817 1739 mentio
834 1707 894 1741 est,
912 1710 986 1738 volo
1004 1708 1094 1737 etiarn
1112 1706 1213 1737 audire

251 1753 289 1784 de
299 1762 326 1783 te
338 1773 346 1786 ,
365 1762 426 1793 quo
436 1752 557 1782 tandem
569 1754 593 1782 S.
607 1753 639 1782 C.
652 1751 761 1791 legatus
773 1749 829 1779 fis?
848 1750 886 1780 de
895 1749 979 1790 gestu
989 1748 1129 1789 intelligo
1139 1747 1212 1788 quid

250 1795 448 1836 respondeas:
471 1801 523 1822 rua
534 1793 607 1833 lege,
625 1792 710 1822 dicis.
735 1791 813 1822 Esne
825 1793 916 1832 igitur
928 1792 1027 1830 patriae
1036 1788 1214 1820 certiffimus

250 1835 412 1877 parricida?
437 1839 449 1862 3
461 1834 625 1874 sperarasne
643 1833 672 1863 id
685 1853 693 1866 ‚
713 1841 746 1863 ut
762 1842 857 1873 patres
875 1833 1034 1871 conscripti
1053 1841 1091 1861 ex
1109 1830 1213 1870 repub.

250 1878 390 1908 funditus
408 1877 584 1907 tollerentur
598 1877 608 1902 ἒ
630 1885 668 1905 ne
680 1876 737 1905 hoc
752 1874 877 1914 quidem
893 1872 1213 1913 senatuirelinquebas‚

251 1919 335 1962 quod
347 1928 439 1949 nemo
451 1927 596 1958 umquam
606 1916 720 1947 ademit
730 1936 738 1950 ‚
751 1925 784 1946 ut
794 1917 880 1957 legati
891 1919 908 1942 4
916 1925 954 1945 ex
964 1916 1028 1955 ejus
1038 1914 1154 1944 ordinis
1164 1923 1216 1944 au-

255 1961 392 1991 &oritate
403 1961 589 2001 legarentur?
605 1958 718 1989 adeone
736 1958 791 1988 tibi
810 1957 967 1988 sordidum
981 1954 1142 1987 consilium
1161 1965 1217 1995 pu—

253 2003 372 2034 blicum
389 2003 488 2032 visum
508 2000 569 2031 est?
587 2001 662 2030 adeo
678 1998 807 2041 affli6lms
824 2000 940 2030 senatus
953 2019 961 2033 ‚
980 1999 1054 2029 adeo
1066 1998 1172 2028 misera
1184 1997 1216 2027 &

253 2044 395 2086 prostrata
404 2043 519 2084 respub.
531 2051 564 2074 ut
573 2052 638 2072 non
647 2044 777 2072 nuntios
786 2043 865 2082 pacis
874 2051 907 2072 ac
917 2041 990 2071 belli
1001 2060 1010 2074 ,
1033 2044 1045 2067 5
1055 2050 1118 2070 non
1135 2049 1216 2070 cura-

256 2096 336 2117 tores
347 2107 355 2120 ,
373 2089 623 2125 noninterpretes
634 2104 641 2118 ‚
662 2094 726 2114 non
737 2084 839 2113 bellici
849 2081 967 2113 consilii
977 2081 1111 2113 suffitores
1122 2102 1131 2116 ‚
1152 2091 1216 2111 non

258 2127 416 2158 ministros
443 2128 578 2157 muneris
600 2126 795 2167 provincialis
818 2126 934 2156 senatus
956 2134 1042 2155 more
1064 2124 1215 2164 majorum

259 2169 388 2209 deligere
399 2167 511 2209 posset?
534 2169 689 2208 Eripueras
709 2167 821 2198 senatui
840 2168 1006 2207 provinciae
1023 2165 1217 2196 decernendae

255 2208 434 2253 potestatem
453 2231 461 2244 ‚
485 2211 674 2250 imperatoris
692 2208 843 2249 deligendi
863 2208 1015 2248 judicium
1027 2228 1035 2241 ‚
1056 2207 1218 2238 aerariidis-

255 2253 482 2294 pensationem:
501 2261 569 2292 qua:
586 2260 756 2291 numquam
774 2248 827 2279 fibi
840 2251 972 2290 populus
991 2252 1153 2280 Romanus
1164 2258 1217 2289 ap-

257 2296 367 2335 petivit
377 2314 386 2327 ‚
406 2293 421 2313 ⁶
430 2296 481 2334 qui
496 2302 663 2333 numquam
675 2294 736 2321 haec
745 2291 761 2320 a
770 2292 883 2321 summi
893 2290 1014 2321 consilii
1024 2292 1218 2330 gubernatio-

258 2347 298 2367 ne
307 2336 415 2375 auferre
425 2343 548 2366 conatus
559 2335 610 2364 est.
634 2336 696 2374 Age
710 2344 715 2362 :
736 2331 851 2363 fastum
869 2332 912 2362 cst
929 2334 1039 2362 horum
1053 2332 1166 2372 aliquid
1183 2334 1217 2361 in

257 2379 326 2409 aliis
338 2388 344 2407 ς
358 2377 436 2407 raro:
455 2377 502 2407 sed
514 2386 614 2406 tamen
623 2375 735 2405 factum
748 2373 789 2404 est
801 2395 809 2407 ‚
825 2374 993 2413 utpopulus
1005 2373 1217 2414 deligeretim-

257 2428 436 2461 peratorem.
459 2420 534 2460 Qis
547 2419 659 2460 legatos
670 2426 814 2457 umquam
824 2417 939 2446 audivit
952 2414 1012 2445 fine
1024 2414 1215 2445 senatuscon-

1241 457 1300 488 sine
1311 460 1341 487 vi
1355 458 1477 488 tulerim
1488 476 1497 490 ,
1512 456 1599 487 salvis
1608 458 1743 497 auspiciis
1754 458 1872 488 tulerim
1886 479 1894 492 ‚
1917 459 1990 489 salva
2000 459 2063 498 lege
2074 458 2153 487 AElia
2164 456 2198 486 &2

1243 503 1284 530 Fu
1290 497 1325 529 fia
1335 519 1343 533 ‚
1355 507 1387 529 tu
1397 509 1463 529 eam
1474 497 1531 528 ess’e
1542 499 1638 539 legem
1650 509 1713 529 non
1724 509 1807 539 putes
1819 510 1824 528 :
1836 500 1997 539 praesertim
2008 500 2078 530 curn
2089 509 2145 539 ego
2155 498 2200 528 le-

1244 541 1330 582 gibus
1341 543 1400 571 tuis
1410 561 1418 575 ‚
1435 550 1559 581 quoquo
1569 541 1664 570 modo
1674 541 1738 570 latae
1748 540 1802 570 sint
1811 561 1819 574 ‚
1831 551 1957 580 paream.
1982 540 2062 571 Cum
2072 550 2139 570 mea
2149 540 2198 570 lex

1242 583 1375 614 dilucide
1394 591 1476 612 vetet
1490 602 1497 616 ,
1522 591 1665 612 marimo
1685 601 1693 615 ,
1718 591 1785 620 Qo
1805 591 1885 622 Qis
1905 591 2011 612 parm·
2024 602 2033 616 ‚
2056 591 2201 612 Pit-rtru-

1244 634 1352 655 Rusvis
1380 634 1432 654 s1r
1451 643 1460 657 ,
1491 633 1728 653 omnm-coum
1756 632 1848 653 DARE
1867 643 1876 658 ‚
1907 633 1977 653 Nist
2006 633 2050 653 Ex
2080 632 2201 653 TESTA-

1244 676 1360 696 ΜεΝτο
1380 675 1602 696 PRAESTITUTA
1622 675 1699 695 niu:
1720 667 1916 706 quaetantain
1927 674 1954 695 te
1965 663 1998 695 sit
2007 666 2155 698 amentia,
2167 673 2202 695 ut

1243 711 1275 738 in
1290 709 1349 748 ipsa
1364 710 1510 747 petitione
1523 707 1696 747 gladiatores
1705 707 1810 737 audeas
1821 706 1906 739 dare?
1928 707 2005 737 num
2015 717 2106 748 quem
2116 715 2204 747 putes

1244 750 1326 779 illius
1348 751 1392 779 tui
1414 747 1567 780 certiffimi
1585 749 1753 790 gladiatoris
1774 744 1928 778 8similem
1946 749 2103 779 tribunum
2123 748 2204 788 pleb.

1243 790 1323 831 posse
1334 793 1455 830 reperiri
1469 811 1478 823 ‚
1502 792 1554 831 qui
1566 791 1592 820 se
1603 792 1791 830 interponat,
1804 800 1864 831 quo
1874 789 1978 820 minsis
1988 800 2053 820 reus
2065 800 2130 819 mea
2140 791 2205 832 lege

1245 832 1296 863 fias
1308 838 1318 864 ?
1338 837 1352 859 9
1362 833 1408 863 Ob
1419 833 1501 863 hasce
1512 834 1634 862 omneis
1646 842 1690 862 res
1701 852 1710 866 ‚
1731 833 1841 863 sciasne
1851 841 1879 862 te
1889 830 2138 862 severiffimorum
2150 833 2206 861 ho-

1246 877 1366 904 minum
1379 894 1388 908 ‚
1409 874 1587 904 Sabinorum
1599 894 1607 907 ,
1625 873 1855 904 fortissimorum
1867 875 2004 904 virorum
2017 893 2025 907 ,
2037 874 2207 903 Marsorum

1246 916 1279 946 &
1290 916 1483 956 Pelignorum
1495 936 1503 950 ‚
1525 916 1684 946 tribulium
1703 925 1825 946 tuorum
1840 915 1957 955 judicio
1972 924 2108 946 notatum
2121 934 2130 948 ,
2151 923 2208 944 nec

1247 957 1313 998 post
1323 960 1455 988 Romam
1466 957 1618 988 conditam
1631 977 1639 991 ‚
1659 967 1762 997 praeter
1781 966 1828 991 te,
1848 957 1990 987 tribulem
2008 965 2204 998 quemquam,

1245 999 1357 1029 tribum
1370 1001 1502 1041 Sergiam
1518 998 1696 1039 perdidiffe?
1739 1001 1782 1029 Ac
1793 998 1812 1028 si
1824 1000 1886 1029 haec
1895 1001 2001 1029 omnia
2018 999 2203 1031 contemnis,

1247 1050 1279 1071 ac
1288 1041 1413 1080 despicis
1424 1062 1432 1074 ,
1449 1040 1532 1081 qued
1542 1043 1583 1071 ita
1592 1041 1647 1071 tibi
1657 1041 1833 1081 persuaseris
1845 1060 1854 1075 ‚
1871 1040 2010 1081 utpalam
2019 1040 2138 1070 diCtitas
2150 1059 2159 1074 ‚
2177 1048 2205 1070 te

1248 1082 1299 1111 diis
1311 1102 1318 1114 ‚
1338 1081 1551 1123 hominibusque
1564 1083 1677 1116 invita,
1695 1092 1798 1112 amore
1809 1084 1842 1112 in
1856 1082 2064 1113 teincredibili
2073 1081 2206 1122 quodam

1249 1126 1284 1153 C.
1298 1124 1417 1154 Caesaris
1428 1143 1437 1158 ‚
1452 1126 1575 1157 omnia,
1591 1134 1656 1164 quae
1666 1124 1741 1154 velis
1752 1144 1761 1158 ‚
1773 1124 2003 1154 consecuturum
2016 1134 2021 1153 :
2040 1124 2146 1164 ecquid
2156 1133 2209 1153 au-

1248 1165 1357 1198 dieris,
1375 1165 1550 1205 ecquisnam
1568 1165 1625 1195 tibi
1641 1165 1768 1198 dixerit,
1788 1168 1822 1195 C.
1836 1165 1979 1195 Caesarem
2001 1175 2096 1204 nuper
2113 1166 2209 1205 Aqui-

1251 1207 1316 1247 lejae
1330 1227 1338 1239 ,
1352 1205 1424 1237 cum
1434 1206 1471 1236 de
1480 1206 1657 1247 quibusdam
1668 1205 1738 1236 efl'et
1747 1208 1863 1236 mentio
1877 1205 1954 1237 faeta
1963 1226 1971 1240 ‚
1981 1205 2089 1236 dixisse
2099 1226 2107 1239 ,
2120 1206 2210 1236 c.A1-

1255 1248 1330 1278 fium
1340 1249 1521 1288 praeteritum
1531 1247 1711 1288 permoleste
1724 1247 1823 1277 tuliss'e
1833 1267 1840 1280 ‚
1854 1247 1935 1288 quod
1945 1250 1978 1277 in
1989 1249 2117 1278 homine
2126 1247 2211 1277 sum-

1249 1300 1332 1320 mam
1347 1288 1439 1320 fidem
1450 1309 1459 1322 ,
1478 1290 1717 1330 probitatemque
1728 1288 1900 1330 cognoffet:
1919 1290 2105 1330 graviterque
2114 1290 2208 1319 etiam

1251 1332 1280 1362 se
1290 1333 1365 1362 ferre
1376 1351 1385 1365 ,
1405 1341 1563 1371 praetorem
1573 1332 1705 1372 aliquem
1716 1330 1773 1360 effe
1783 1330 1898 1361 faEtum
1909 1351 1918 1365 ‚
1938 1333 1990 1372 qui
2007 1330 2023 1361 a
2041 1331 2100 1361 suis
2116 1332 2209 1361 ratio-

1252 1373 1342 1403 nibus
1361 1371 1535 1403 dissensiss'et
1554 1379 1564 1405 ?
1592 1382 1658 1403 tum
1675 1371 1805 1413 quaesiffe
1825 1373 1978 1414 quendam
1998 1392 2006 1406 ,
2032 1372 2069 1403 de
2086 1374 2212 1403 Vatinio

1251 1414 1512 1456 quemadmodum
1528 1413 1634 1448 ferret,
1656 1416 1755 1455 ipsum
1779 1412 1960 1455 respondiffe
1981 1435 1990 1448 ‚
2009 1415 2167 1444 Vatinium
2177 1415 2213 1444 in

1251 1456 1404 1487 tribunatu
1416 1458 1508 1497 gratis
1526 1457 1604 1486 nihil
1625 1455 1747 1487 fecifl’e?
1766 1459 1819 1497 qui
1836 1458 1942 1487 omnia
1960 1458 1993 1486 in
2013 1457 2140 1496 pecunia
2158 1464 2214 1495 po-

1253 1496 1353 1529 suisset
1364 1519 1372 1532 ‚
1392 1499 1509 1528 honore
1524 1500 1630 1528 animo
1646 1508 1733 1539 aequo
1748 1508 1843 1528 carere
1861 1498 1987 1528 debere?
2009 1497 2100 1539 Qod
2110 1495 2212 1537 siipse,

1254 1541 1307 1581 qui
1326 1548 1353 1570 te
1374 1540 1431 1570 suae
1449 1540 1602 1582 dignitatis
1611 1540 1752 1580 augendae
1762 1540 1864 1574 causa,
1885 1539 2020 1580 periculo
2028 1548 2101 1573 tuo,
2124 1539 2213 1569 nullo

1255 1583 1308 1612 suo
1326 1581 1439 1611 delisto
1457 1581 1527 1611 ferri
1545 1583 1730 1622 praecipitem
1751 1581 1793 1611 est
1810 1581 1898 1611 facile
1917 1580 2013 1621 passus
2029 1601 2038 1614 ‚
2063 1589 2164 1610 tamen
2183 1588 2213 1610 te

1255 1625 1344 1654 omni
1355 1625 1471 1653 honore
1483 1621 1725 1665 indigniffimum
1734 1622 1860 1663 judicat:
1875 1621 1895 1652 fi
1911 1632 1937 1652 te
1948 1623 2043 1652 vicini
2054 1641 2062 1655 ,
2078 1620 2215 1652 ¹0s1affi-

1255 1676 1310 1696 nes
1322 1685 1331 1698 ,
1343 1663 1363 1695 sl
1373 1665 1496 1695 tribules
1506 1666 1546 1695 ita
1555 1665 1702 1698 oderunt,
1713 1673 1746 1695 ut
1754 1664 1900 1704 repulsam
1910 1673 1992 1694 tuam
2002 1684 2010 1697 ‚
2021 1664 2213 1704 triumphum

1255 1708 1344 1738 suurn
1355 1706 1498 1736 duxerint
1511 1717 1517 1735 :
1538 1705 1558 1735 fi
1569 1716 1662 1736 nemo
1672 1706 1810 1746 adspicit,
1828 1705 1902 1746 quid
1911 1705 2085 1747 ingemiscat
2095 1725 2103 1739 ,
2118 1714 2213 1735 nemo

1256 1750 1447 1779 mentionem
1457 1747 1545 1782 facit,
1563 1750 1639 1788 quin
1648 1756 1818 1777 execretur:
1838 1746 1983 1780 smitam,
2000 1746 2140 1787 fugiunt,
2159 1756 2215 1776 au-

1256 1790 1318 1820 dire
1333 1789 1369 1819 de
1383 1798 1411 1819 te
1425 1789 1552 1819 nolunt:
1574 1789 1645 1819 cum
1660 1789 1799 1819 viderunt
1809 1809 1818 1822 ,
1837 1797 1974 1829 tanquam
1985 1788 2141 1827 auspicium
2150 1797 2214 1817 ma-

1257 1832 1319 1860 lum
1329 1830 1508 1860 detestantur
1519 1841 1524 1859 z
1544 1829 1565 1859 fi
1576 1833 1695 1871 cognati
1703 1831 1844 1870 respuunt
1854 1849 1863 1864 ‚
1881 1830 2004 1860 tribules
2013 1830 2213 1863 exsecrantur.

1261 1874 1357 1903 vicini
1375 1881 1514 1902 metuunt
1525 1893 1534 1905 ‚
1554 1870 1659 1902 affines
1675 1872 1852 1902 erubescunt
1861 1884 1871 1907 3
1891 1871 2011 1902 strumae
2028 1871 2159 1913 denique
2176 1871 2214 1902 ab

1259 1924 1310 1944 ore
1321 1913 1462 1954 improbo
1472 1913 1678 1954 demigrarunt
1687 1934 1696 1948 ,
1708 1914 1740 1944 &
1749 1914 1816 1944 aliis
1823 1914 1886 1954 jam
1896 1914 1924 1944 se
1934 1914 2009 1944 locis
2017 1913 2214 1944 collocarunt:

1259 1955 1279 1985 si
1290 1966 1321 1986 es
1331 1956 1437 1986 odium
1449 1956 1604 1996 publicum
1615 1955 1720 1996 populi
1733 1976 1742 1989 ‚
1765 1955 1881 1986 senatus
1901 1959 1927 1975 ¹¹
1938 1955 2146 1985 universorum
2158 1955 2216 1984 ho-

1262 1999 1384 2028 minum
1393 1997 1612 2028 rusticanorum
1623 2010 1633 2032 3
1651 1997 1725 2039 quid
1735 1996 1777 2027 est
1790 2017 1799 2031 ,
1818 2007 1909 2039 quam
1921 1997 1961 2027 ob
1978 2007 2042 2027 rem
2059 2005 2217 2037 praeturam

1259 2042 1361 2080 potius
1374 2049 1497 2080 exoptes
1508 2060 1517 2073 ‚
1537 2039 1627 2081 quam
1647 2042 1801 2069 mortem?
1819 2039 1982 2080 praesertim
2001 2038 2073 2070 cum
2090 2039 2218 2079 popula-

1262 2092 1326 2112 rem
1340 2091 1367 2112 te
1381 2082 1457 2112 velis
1470 2080 1529 2111 esse
1540 2101 1548 2115 ‚
1567 2091 1665 2122 neque
1685 2081 1746 2111 ulla
1765 2082 1796 2111 in
1815 2091 1845 2111 re
1862 2081 1977 2121 populo
1994 2082 2104 2122 gratius
2121 2080 2217 2111 facere

1259 2122 1348 2164 poffis
1361 2127 1370 2153 ?
1391 2123 1448 2154 Sed
1458 2132 1501 2157 ut,
1513 2123 1674 2163 aliquando
1685 2122 1852 2157 audiamus,
1867 2126 1894 2142 ¹2
1904 2122 1994 2164 quam
2005 2122 2126 2163 copiose
2137 2122 2217 2151 mihi

1260 2166 1296 2196 ad
1315 2175 1414 2207 rogata
1431 2165 1607 2206 respondeas
1629 2185 1638 2199 ,
1666 2164 1847 2195 concludam
1868 2165 1926 2203 jam
1949 2165 2216 2204 interrogationem

1262 2217 1362 2238 meam
1382 2227 1391 2242 ‚
1422 2216 1509 2248 teque
1526 2209 1560 2237 in
1578 2216 1715 2237 extremo
1735 2216 1826 2246 pauca
1846 2206 1889 2236 -de
1907 2206 1968 2245 ipsa
1991 2206 2076 2236 causa
2093 2205 2215 2245 rogabo.

1262 2252 1371 2291 Qaero
1382 2269 1390 2283 ‚
1409 2259 1475 2290 quae
1487 2258 1566 2279 tanta
1576 2251 1609 2279 in
1618 2257 1646 2279 te
1655 2250 1769 2279 vanitas
1779 2268 1788 2281 ‚
1808 2256 1887 2279 tanta
1895 2248 1999 2277 levitas
2009 2246 2098 2277 fuerit
2108 2267 2117 2279 ‚
2139 2247 2216 2277 utin

1261 2292 1319 2321 hoc
1326 2291 1442 2330 judicio
1452 2293 1633 2320 T.Annium
1642 2289 1751 2319 iisdem
1760 2289 1858 2319 verbis
1865 2288 1998 2319 laudares
2008 2308 2017 2321 ,
2028 2289 2136 2329 quibus
2144 2298 2218 2319 eum

1260 2332 1376 2362 laudare
1388 2332 1571 2362 &boniviri
1586 2350 1594 2364 ,
1614 2332 1646 2360 &
1663 2330 1737 2360 boni
1751 2331 1831 2360 cives
1847 2330 2084 2364 consueverunt,
2102 2330 2174 2360 cum
2185 2331 2219 2360 in

1261 2373 1393 2402 eundem
1404 2382 1499 2413 nuper
1507 2372 1545 2403 ab
1553 2372 1658 2402 eadem
1669 2372 1721 2401 illa
1731 2374 1889 2401 taeterrima
1899 2373 1985 2402 Furia
2000 2371 2163 2412 produEtus
2182 2371 2220 2401 ad

1260 2414 1409 2454 populum
1428 2434 1438 2448 ‚
1467 2412 1660 2455 cupidifi'ime
1675 2413 1786 2454 falsum
1807 2412 1993 2450 testimomum
2011 2413 2147 2444 dixeris?
2170 2415 2223 2443 An

2166 2462 2223 2486 erit

297 2561 321 2577 ι.
341 2554 438 2577 Licinia
454 2551 483 2582 εἴ]
500 2548 606 2584 Junia]
629 2548 708 2575 Haud
731 2548 809 2574 aliter
820 2556 925 2587 quoque
936 2546 1071 2579 Palatini,
1092 2546 1137 2573 nisi
1148 2546 1219 2581 quod
1239 2554 1241 2559 ’

262 2587 366 2624 quidam
379 2587 504 2614 inclinare
515 2585 639 2612 videntur
658 2585 686 2610 iu
698 2588 802 2611 Vmiam.
823 2584 865 2609 led
877 2585 913 2610 ita
924 2584 1034 2609 omniuo
1053 2592 1157 2619 quoque
1170 2584 1221 2609 lir-

262 2623 335 2650 lurd.
356 2633 384 2649 ac
403 2625 429 2649 S.
441 2622 568 2649 Victoris.
589 2629 692 2657 recepta
709 2620 791 2648 leelio
804 2622 914 2654 ‚⁴Julia.
935 2618 1043 2647 adeatur
1061 2618 1089 2646 d.
1107 2629 1164 2656 cap.
1179 2628 1219 2646 ιι.

264 2658 418 2685 Turnebus.

300 2703 327 2720 2.
350 2698 424 2719 Urna:
437 2694 566 2728 delegerim]
590 2692 700 2719 Reduxi
720 2693 745 2719 in
766 2692 878 2720 fundum
896 2691 968 2718 suum
988 2691 1131 2718 leffionem
1151 2697 1219 2718 vett.

264 2729 412 2757 editionum
433 2750 441 2762 ,
467 2730 597 2756 firmatam
619 2731 634 2754 a
655 2729 721 2755 Pau.
741 2730 768 2754 ὃ(
795 2731 821 2755 S.
840 2728 968 2755 Vieroris,
990 2728 1156 2764 politumque
1176 2737 1224 2763 pro

264 2768 370 2800 dejecerit
383 2785 390 2797 ,
406 2773 436 2791 ut
447 2766 579 2792 nonnullis
592 2765 707 2791 videtur.
728 2774 786 2791 nam
797 2765 842 2790 alii
861 2765 927 2790 nihil
942 2771 1035 2800 putant
1056 2763 1223 2790 mutandum.

267 2803 311 2828 sic
320 2802 408 2829 Plauti
419 2802 529 2829 Casina:
552 2804 612 2828 Hinc
629 2802 689 2827 med.
700 2808 818 2827 amantem
837 2810 866 2827 cx
882 2800 968 2827 adit-m
986 2800 1067 2833 delegit
1083 2802 1154 2834 hujus
1172 2809 1225 2825 ma-

265 2845 312 2864 tcr.

308 2874 479 2913 3.sperm·asne
489 2874 539 2908 id.]
551 2875 591 2900 Ita
603 2873 744 2900 neotericae
754 2873 875 2900 eddium
890 2871 1224 2906 veteresspvHa1·1Jske,quod

269 2909 295 2934 δε
308 2919 334 2935 ui
346 2909 402 2935 Pal.
413 2917 500 2945 quart.
511 2910 598 2945 quint.
610 2909 674 2946 sept.
686 2920 748 2936 non.
772 2910 797 2936 Sc
813 2912 839 2935 S.
851 2908 978 2936 Victoris.
991 2908 1141 2934 veterrima:
1152 2910 1224 2942 ‚spe-

269 2946 390 2980 amasne,
400 2945 534 2980 quomodo
544 2947 571 2972 Sc
585 2945 643 2972 Pul.
655 2955 695 2981 pr.
711 2944 761 2971 sec.

305 2988 333 3013 4.
354 2984 393 3007 Ex
402 2984 451 3016 ejus
459 2982 546 3007 ordinis
557 2983 697 3008 auflorimtt
706 2981 867 3015 legaremur]
890 2980 947 3008 Pal.
960 2989 1043 3007 nonus
1055 2980 1225 3013 relegarentur,

269 3016 341 3053 quod
352 3016 426 3047 esset,
438 3019 520 3049 rursm
530 3020 672 3049 legaremur.

310 3061 334 3085 5.
355 3057 405 3078 Non
415 3054 561 3087 curator-er]
584 3054 719 3079 Paliidcm
734 3072 742 3085 ,
759 3062 804 3079 non
823 3053 980 3086 accusatores.
1003 3051 1166 3079 Gulielmius
1185 3051 1226 3077 in-

269 3088 352 3116 clinat
363 3088 450 3124 legere
461 3096 576 3114 oratores.

309 3125 338 3150 6.
357 3125 405 3157 Qi
413 3133 540 3158 numquam
551 3126 595 3149 hac
612 3124 628 3149 ἃ
641 3125 728 3156 firmmi
747 3126 830 3159 consilii
843 3126 1010 3157 gultur-natione
1022 3124 1115 3157 auftrre
1131 3131 1228 3148 commu

274 3160 334 3196 ers]
354 3160 539 3192 Pal1.01nnes,
550 3167 581 3187 ut
590 3160 616 3187 8<
627 3159 693 3188 olim
705 3160 767 3193 cufi,
778 3164 818 3195 qui
829 3169 957 3197 numquam
968 3162 1099 3195 amfimmu'
1110 3160 1168 3194 cons.
1182 3168 1228 3193 gu-

1259 2549 1419 2572 bernationem
1428 2547 1524 2580 auscrre
1533 2556 1584 2572 con.
1605 2544 1674 2572 unde
1692 2544 1757 2572 fecit
1768 2544 1912 2572 Lambinus
1925 2564 1933 2578 ,
1952 2552 2008 2572 ame
2017 2546 2108 2580 summo
2127 2546 2222 2580 consilio.

1261 2592 1312 2610 uon
1324 2586 1424 2618 inepte.

1301 2627 1330 2652 7.
1350 2622 1428 2652 Atque
1436 2618 1497 2644 illud
1504 2619 1576 2643 etiam
1587 2617 1695 2651 audire]
1717 2616 1861 2644 Lambinus
1874 2620 1886 2643 ὲ
1899 2616 1956 2643 mss'.
1973 2616 2097 2653 praemisit
2106 2617 2146 2644 his
2156 2616 2225 2644 illud

1264 2653 1334 2695 quod
1347 2654 1436 2691 paullo
1446 2654 1501 2690 post
1514 2653 1642 2689 sequitur,
1653 2655 1678 2678 ob
1686 2654 1763 2686 hasce,
1775 2653 1964 2686 &c.perd1diffc.
1983 2654 2059 2680 &ita
2068 2663 2121 2689 quo
2141 2663 2173 2679 ue
2184 2654 2226 2678 vi-

1263 2690 1367 2717 lebatur
1378 2691 1404 2717 in
1416 2690 1562 2726 exemplari
1573 2691 1600 2715 S.
1613 2688 1742 2720 Victoris,
1753 2689 1816 2715 item
1829 2689 1886 2715 Pal.
1897 2689 1959 2715 noni
1971 2700 1977 2716 2
1990 2698 2075 2725 neque
2085 2689 2115 2715 ab
2130 2689 2225 2716 urdum

1265 2726 1357 2753 fuerit.
1379 2726 1470 2753 absunt
1480 2726 1550 2752 enirn
1562 2725 1657 2751 ceteris
1669 2724 1736 2750 Pall.
1751 2725 1815 2751 item
1826 2724 1987 2751 editionibus
1999 2724 2099 2761 priscis.

1302 2763 1328 2789 8.
1349 2765 1450 2788 Similem
1469 2764 1591 2788 tribunum
1608 2761 1680 2793 plebis
1695 2761 1753 2794 poffe
1772 2761 1894 2794 reperiri]
1918 2761 1945 2786 N
1948 2770 1981 2787 on
1994 2761 2030 2788 est
2049 2767 2223 2787 contemnen-

1266 2799 1328 2825 dum
1340 2798 1410 2834 quod
1422 2799 1479 2825 erui
1492 2800 1507 2824 ὲ
1519 2799 1546 2823 S.
1556 2796 1674 2824 Vietoris
1685 2796 1776 2823 codice
1787 2805 1817 2822 ac
1830 2796 1885 2823 Pal.
1896 2797 2057 2829 nono,plcbi5
2066 2797 2106 2829 effe
2116 2799 2224 2828 reperiri.

1301 2844 1330 2870 9.
1351 2837 1384 2861 Ob
1393 2836 1462 2869 hasce
1471 2832 1554 2860 omneis
1565 2833 1709 2866 res‚sciasne
1720 2840 1752 2864 te,
1763 2832 1829 2867 &ej
1851 2833 1892 2858 Ita
1902 2832 1968 2867 legit
1978 2837 1991 2857 e
2004 2832 2060 2858 mss.
2071 2831 2225 2864 Turnebus,

1268 2871 1418 2907 reperitque
1436 2871 1462 2896 in
1483 2871 1510 2895 S.
1520 2869 1638 2895 Victoris
1659 2868 1820 2895 Gulielmius
1832 2887 1841 2900 ‚
1860 2876 1944 2903 neque
1962 2867 2041 2895 aliter
2059 2867 2118 2894 Pal.
2130 2877 2224 2895 nonus.

1268 2907 1396 2934 particula
1406 2916 1435 2932 ne
1444 2904 1547 2932 exsulat
1556 2904 1588 2931 ab
1598 2904 1656 2930 aliis
1667 2903 1728 2930 edd.

1269 2937 1275 2944 ¹
1308 2947 1375 2969 1051
1384 2943 1489 2976 affines]
1502 2940 1614 2967 Voculas
1625 2941 1683 2967 istas
1693 2939 1756 2967 duas
1768 2938 1937 2975 recepi‚quod
1947 2945 2071 2967 extarent
2081 2939 2108 2966 in
2121 2938 2223 2967 S.Vi&.

1269 2979 1294 3006 in
1310 2979 1366 3006 Pul.
1378 2988 1448 3005 nono
1458 2976 1578 3013 aliisque.

1306 3015 1516 3047 invni-verffirum
1527 3015 1642 3038 hominum
1651 3011 1847 3046 rusticanorum]
1861 3010 1932 3037 Illucl
1946 3012 2117 3041 rusticanorum
2128 3011 2226 3046 recepit

1268 3051 1294 3076 iu
1306 3058 1465 3077 contextum
1477 3048 1635 3080 Lambinus,
1646 3049 1829 3084 repetiturque
1840 3048 1866 3074 in
1878 3046 2037 3080 svmens,
2048 3048 2075 3073 &
2087 3047 2144 3074 Pal.
2154 3051 2229 3074 nono‘

1268 3087 1331 3113 item
1344 3085 1525 3113 E1·furd.aliis
1538 3083 1612 3111 libris
1623 3084 1704 3110 deest.

1310 3132 1339 3149 12
1346 3143 1352 3149 .
1361 3123 1439 3155 Qum
1449 3122 1532 3155 copias&
1541 3122 1599 3146 mihi
1607 3121 1640 3145 ad
1647 3119 1755 3153 rogata]
1778 3119 1821 3145 Est
1831 3117 1898 3146 istud
1918 3128 2023 3156 quoque

1269 3158 1339 3187 bris.
1360 3158 1442 3195 vulgo
1453 3158 1523 3186 enim
1533 3157 1582 3190 est,
1591 3155 1664 3192 quam
1673 3156 1758 3190 copiosi:
1768 3156 1962 3190 adinterrogata.

2038 3097 2074 3147 ¹ab
2091 3117 2182 3146 iisdem
2192 3117 2228 3144 li-

2117 3198 2140 3218 1·
2151 3192 2228 3221 oppu-

2230 994 2271 1027 16
