2379 3400
234 131 357 169 πη
615 107 709 155 -Μ,
778 102 1140 152 Τσιιῐῐ

229 210 289 234 tam
302 193 512 229 beatiil'imam?
529 194 537 211 ¹
550 190 682 229 Cogitat,
695 186 854 226 inquiunt,
866 182 974 214 affidue
988 175 1177 212 beatum‘effe

231 253 262 272 st·
297 240 380 269 hibet
396 238 478 266 enim
498 232 573 262 nihil
590 228 671 259 aliud
683 248 694 260 ,
710 226 791 267 quod
802 228 890 267 agitet
901 228 932 254 in
947 232 1057 254 mente.
1081 223 1173 251 Com-

229 279 379 323 prehendi·
390 280 478 316 igztur
487 275 591 302 animo
605 291 612 303 ,
623 270 655 299 &
666 278 798 308 propone
811 276 878 297 ante
891 266 997 297 oculos
1007 284 1015 297 ‚
1027 263 1117 294 deum
1131 264 1175 292 ni-

231 324 274 353 hil
286 320 365 350 :iliud
385 321 509 347 inomni
527 314 701 343 intermicare,
726 308 780 339 nisi
793 328 801 342 ,
818 305 1021 347 Milnpulchre‘
1034 305 1096 335 eff:
1123 304 1156 336 &
1168 324 1177 338 ‚

232 366 290 399 Εςο
310 361 403 389 hmrus
418 358 482 396 fiam
497 375 504 388 ‚
528 356 717 393 cogitantem.
750 353 814 380 Nec
835 359 935 380 tamen
954 347 1043 378 video
1053 368 1061 381 .
1087 350 1103 367 ²
1138 356 1178 376 uo

227 396 324 434 m‘odo
337 410 397 430 non
408 406 539 428 vereatur
550 394 602 425 iste
613 394 685 424 deus
694 393 794 423 beatus
806 411 814 424 ‚
835 401 873 422 ne
884 393 1007 421 intereat
1017 409 1026 424 ‚
1037 388 1109 421 cum
1133 398 1183 419 ine

227 446 291 476 ull-a
303 437 517 473 intermiffione
528 436 677 477 pulsetur,
689 436 871 475 agiteturque
883 430 1054 463 incursione
1062 440 1182 462 atomo·

230 495 297 518 rum
310 484 494 522 sempiterna,
506 488 575 509 cum
601 487 637 507 ue
647 486 685 507 ex
694 476 757 516 ipso
768 477 915 516 imagines
926 475 1042 515 semper
1049 472 1183 504 affluant.

230 531 275 558 Ita
293 535 347 556 ncc
365 525 464 555 beatus
484 520 525 551 est
541 530 577 550 ve
605 529 636 549 er
653 518 743 551 deus,
764 527 818 548 nec
832 526 971 547 aeternus.
994 519 1032 546 At
1047 517 1138 546 etiam
1150 514 1187 545 de

231 567 384 601 sinistitate
397 586 404 598 ,
425 564 461 594 dc
472 565 576 603 pietate
586 560 725 591 adversus
735 559 806 589 deos
818 579 829 593 ‚
848 559 941 589 libros
957 556 1065 598 scripfit
1077 558 1187 598 Epicu-

230 620 294 642 1us.
318 612 356 639 At
369 617 429 648 quo
443 605 535 635 modo
549 606 580 633 in
595 604 640 632 his
654 603 804 642 quuitur?
822 610 855 631 ut
871 602 1095 631 Coruncanium
1110 619 1120 633 ,
1139 607 1189 629 aut

230 651 392 684 Scaevolam
405 669 412 681 ,
423 645 579 688 pontifices
590 646 741 674 maximos
753 664 762 676 ,
773 652 802 673 te
811 641 913 673 audii-e
924 642 1019 673 dicas:
1032 651 1095 672 non
1105 651 1188 675 eum,

232 696 285 735 qui
307 691 452 723 sustulerit
469 696 594 718 omnem
609 685 748 716 funditus
763 685 960 726 religionem:
982 694 1038 714 nec
1047 682 1189 716 manibus,

232 745 267 766 ut
279 737 405 765 Xerxes:
423 730 470 760 sed
489 727 644 758 rationibus
656 748 665 761 ,
686 727 812 757 deorum
827 726 1048 757 immortalium
1067 725 1189 764 templa,

234 777 270 808 &
287 784 344 806 aras
359 774 503 803 everterit.
527 770 609 812 Qid
623 768 666 800 est
677 771 759 800 enirn
773 788 781 802 ‚
799 778 853 800 cur
867 768 941 800 deos
959 768 995 798 ab
1013 767 1191 798 hominibus

234 816 378 849 colendos
389 815 467 845 dicas
477 833 484 845 ,
507 816 520 840 3
528 812 599 842 cum
610 811 653 841 dii
664 821 727 841 non
739 809 833 841 modo
843 811 985 840 homines
996 820 1059 840 non
1075 809 1189 842 colant,

234 859 285 891 sed
304 859 434 888 omnino
452 854 529 885 nihil
543 862 667 886 curent,
690 853 769 883 nihil
779 856 884 893 agant?
907 855 946 882 At
956 851 998 882 est
1008 861 1115 881 eorum
1127 852 1191 880 exi-
1212 864 1214 880 ι

233 904 297 932 mia
308 899 443 940 quaedam
455 917 463 931 ‚
484 895 680 937 praestansque
691 904 794 925 natura
806 913 815 928 ‚
833 903 865 924 ut
876 903 908 924 ea
918 894 1022 924 debeat
1031 892 1091 933 ipsa
1101 902 1153 932 per
1163 892 1190 922 se

233 943 269 973 ad
285 943 312 972 se
323 939 479 971 colendam
492 939 596 969 elicere
609 937 781 977 sapientem.
805 939 853 966 An
862 936 1027 976 quidquam
1038 936 1189 965 eximium

233 981 333 1025 potest
350 980 406 1012 ess'e
423 983 456 1011 in
473 991 506 1011 ea
524 988 644 1012 natura,
664 988 729 1019 quae
746 978 795 1008 sua
808 978 961 1018 voluptate
972 977 1074 1008 laetans
1086 997 1095 1011 ,
1114 976 1192 1007 nihil

235 1035 295 1056 nec
304 1023 402 1055 astura
422 1022 454 1052 fit
472 1030 617 1062 umquam
628 1040 637 1054 ‚
656 1030 753 1060 neque
769 1028 852 1061 agat,
868 1029 966 1059 neque
975 1020 1088 1060 egerit?
1104 1020 1192 1058 Qun

234 1076 347 1098 PORRO
375 1074 491 1095 ΡιετΑς
515 1073 548 1092 Et
574 1062 696 1092 debetur
716 1081 724 1095 ‚
747 1061 762 1092 a
779 1071 842 1102 quo
860 1062 939 1092 nihil
956 1062 1126 1100 acceperis?
1145 1068 1193 1089 aut

237 1109 310 1150 quid
323 1108 454 1137 omnino
465 1126 474 1139 ,
484 1106 571 1142 cujus
582 1104 701 1134 nullum
715 1105 857 1134 meritum
868 1102 902 1134 sit
911 1122 920 1137 ,
937 1104 965 1133 ei
975 1102 1074 1133 deberi
1085 1099 1193 1141 potest?

233 1149 278 1181 est
289 1151 373 1180 enim
385 1150 475 1188 pietas
487 1167 496 1181 ,
516 1145 628 1185 justitia
640 1145 797 1175 adversum
809 1144 900 1175 deos:
918 1154 988 1175 curn
1003 1144 1111 1184 quibus
1121 1141 1194 1183 quid

233 1191 333 1233 potest
343 1190 432 1221 nobis
442 1187 582 1229 ess'ejuris
593 1207 601 1222 ,
612 1186 684 1218 cnm
694 1188 814 1217 homini
825 1187 908 1217 nulla
918 1196 987 1216 cum
997 1186 1055 1216 deo
1065 1183 1098 1215 sit
1107 1193 1192 1214 com-

238 1235 371 1264 munitas
383 1235 394 1261 ἓ
409 1230 548 1271 flandritas
560 1239 660 1260 autem
670 1248 679 1262 ‚
698 1228 741 1258 eff
749 1229 870 1268 scientia
879 1228 1050 1258 colendorum
1064 1226 1193 1256 deorum:

237 1277 289 1317 qui
299 1274 494 1316 quamobrem
506 1271 628 1302 colendi
637 1271 704 1302 sunt
717 1290 725 1304 ,
741 1280 805 1301 non
815 1270 954 1311 intelligo
965 1289 974 1303 ,
985 1269 1072 1299 nullo
1083 1278 1138 1299 nec
1147 1277 1196 1299 ac·

1208 96 1753 146 Crcssnonxsv

1219 177 1416 208 DflmOCfifflS
1426 196 1434 210 ²
1451 176 1497 206 Vir
1507 185 1632 224 “lag-‘¹2¹³
1641 178 1674 224 {¹²
1684 180 1790 219 primis
1802 200 1809 215 ‚
1821 179 1905 217 cultis
1917 179 2054 214 fontibus
2065 183 2178 224 Epic-<12

1219 228 1269 249 rus
1290 218 1425 258 hortulos
1445 217 1513 248 suos
1533 228 1683 258 irrigavit,
1702 231 1802 254 nutare
1816 225 1978 256 videtui-in
1992 236 2092 256 natura
2103 227 2180 256 deo·

1222 270 1301 291 rum.
1318 263 1402 290 Tum
1415 261 1496 290 enim
1506 259 1606 290 censet
1615 262 1761 302 imagines
1771 264 1927 297 divinitate
1938 268 2071 307 praeditas
2082 265 2176 298 inesse

1222 300 1403 342 cmiverfitati
1422 309 1609 333 rmum-tum
1623 304 1787 343 principia,
1808 309 1993 350 menteisque
2005 330 2013 343 ,
2033 319 2100 350 quae
2114 309 2182 339 sun:

1225 347 1256 374 in
1267 344 1375 374 codem
1388 343 1529 374 universo
1539 362 1547 376 ‚
1568 343 1642 373 deos
1651 342 1708 375 effe
1718 346 1809 377 dicit:
1831 357 1898 378 tum
1914 353 2094 381 animanteis
2108 353 2185 381 ima-

1225 389 1311 427 gines
1322 405 1331 419 ‚
1343 395 1408 427 quae
1418 384 1465 415 vel
1475 383 1609 425 prodest}
1619 386 1709 416 nobis
1720 388 1835 422 solent,
1853 391 1903 420 vel
1911 401 2037 422 nocem:
2057 402 2121 423 tum
2134 394 2183 422 in-

1225 429 1340 470 genteis
1357 426 1499 468 quasdam
1518 428 1662 468 imagines
1675 447 1684 462 ,
1704 430 1854 470 tantasque
1866 440 1899 461 ut
1908 435 2080 465 universum
2093 444 2188 464 mun-

1228 470 1301 500 dum
1313 467 1552 510 complectantur
1562 470 1756 501 exrrinsecus.
1779 474 1853 512 Qae
1870 474 1994 514 quidem
2003 479 2108 507 omnia
2120 477 2186 506 sunt

1229 514 1320 552 patria
1331 512 1502 541 Democriti
1515 530 1525 545 ‚
1545 511 1638 551 quam
1648 513 1829 544 Democrito
1846 514 1993 555 digniora.
2015 519 2091 558 Qis
2100 519 2189 548 enim

1231 553 1300 584 istas
1310 553 1458 593 imagines
1468 553 1722 594 comprehendere
1730 556 1835 586 animo
1847 556 1943 596 potest
1955 561 1965 586 ?
1985 560 2051 598 quis
2060 558 2189 589 admira-

1231 599 1254 626 ri
1266 599 1276 625 ?
1297 597 1365 636 quis
1376 595 1516 625 autcultu
1528 615 1536 629 ‚
1552 604 1602 626 aut
1610 595 1755 637 religione
1765 597 1869 639 dignas
1874 599 2024 638 judicare?
2046 602 2189 639 Epicurus

1232 636 1304 668 verb
1322 646 1361 667 ex
1377 637 1488 667 animis
1506 637 1671 668 hominum
1695 643 1825 670 extraxit
1843 639 1983 671 radicitus
1999 641 2192 681 religionem,

1230 679 1301 711 cum
1314 678 1372 710 diis
1383 678 1607 710 immortalibus
1618 679 1756 721 &operm
1776 681 1809 712 &
1823 683 1954 723 gratiam
1968 682 2097 713 sustulit.
2117 682 2191 714 cum

1231 724 1315 752 enim
1327 721 1474 762 optimam
1485 740 1493 754 ,
1507 721 1539 751 &
1549 720 1816 761 praestantiffimam
1828 733 1963 755 naturam
1974 723 2022 755 dei
2032 724 2109 754 dicat
2119 723 2195 758 effe,

1232 772 1318 804 negat
1338 762 1420 792 idem
1441 760 1498 793 effe
1518 764 1550 793 in
1570 763 1628 793 deo
1645 766 1777 805 gratiam.
1799 766 1940 800 tollitid‚
1959 766 2041 806 quod
2052 767 2189 797 maxime

1232 806 1388 846 proprium
1407 803 1450 834 est
1467 807 1591 845 optimae
1611 825 1620 839 ‚
1644 805 1946 849 praestantiffimaeque
1966 817 2085 839 naturae.
2117 807 2193 848 quid

1234 849 1319 878 enim
1330 845 1373 877 est
1383 846 1493 877 melius
1504 867 1512 880 ‚
1526 856 1576 877 aut
1591 856 1677 885 Qun
1691 857 1933 880 namsi-Aurius
1947 859 2132 883 ΒοΝιτΑ-τε,
2158 849 2192 880 &

1236 891 1512 920 BENEFICENTIA?
1528 898 1586 929 qua
1598 888 1671 919 cum
1687 900 1784 920 carere
1794 891 1883 922 deum
1901 892 1993 922 vultis
2005 912 2013 926 ‚
2033 893 2200 922 neminem-

1235 932 1293 962 deo
1303 940 1359 961 nec
1369 930 1474 963 deum,
1484 940 1540 961 nec
1550 931 1710 962 hominem
1721 942 1826 963 carum
1838 944 1842 962 z
1854 935 2011 964 neminem
2023 934 2058 964 ab
2067 943 2104 963 eo
2111 941 2196 963 ama-

1235 975 1259 1003 ri
1271 992 1282 1007 ‚
1304 973 1463 1003 neminem
1474 972 1670 1013 diligivultis.
1693 976 1736 1003 lta
1746 972 1779 1004 fit
1789 994 1799 1008 ‚
1818 984 1850 1005 ut
1866 985 1931 1005 non
1945 974 2040 1006 modo
2051 976 2196 1005 homines

1236 1014 1252 1045 a
1262 1015 1320 1045 diis
1332 1033 1340 1047 ‚
1351 1013 1398 1044 sed
1409 1012 1463 1053 ipsi
1472 1014 1515 1044 dii
1527 1017 1605 1044 inter
1615 1014 1643 1044 se
1655 1014 1692 1045 ab
1701 1016 1767 1045 aliis
1777 1016 1828 1045 alii
1839 1018 2033 1059 negligantur.
2074 1019 2196 1057 Qiarito
2214 1025 2263 1056 44

1234 1057 1327 1087 Stoici
1337 1055 1448 1085 melius
1458 1056 1534 1096 quia
1545 1055 1631 1085 vobis
1643 1057 1920 1096 reprehenduntur?
1942 1059 2074 1089 Censent
2082 1067 2198 1092 autem,

1230 1098 1377 1139 sapientem
1384 1095 1561 1137 fizpientz'bm
1573 1097 1658 1126 ctiam
1669 1097 1822 1138 ignoriseffi
1832 1100 1944 1129 amicos.
1968 1101 2046 1131 nihil
2056 1098 2099 1131 est
2108 1096 2194 1130 enirn

1238 1143 1346 1171 virtute
1359 1138 1527 1168 amabilius.
1550 1147 1639 1178 quam
1651 1142 1704 1180 qui
1714 1140 1835 1181 adeptus
1847 1142 1920 1175 erit,
1941 1142 2124 1182 ubicumque
2142 1144 2200 1172 erit

1237 1182 1375 1223 gentium
1390 1199 1398 1214 ‚
1419 1180 1436 1212 ὲ
1456 1180 1546 1210 nobis
1561 1179 1710 1222 diligetur.
1732 1185 1797 1212 Vos
1814 1192 1914 1213 autem
1934 1183 2007 1223 quid
2026 1185 2098 1214 mali
2111 1183 2198 1217 datis,

1239 1222 1311 1254 cum
1330 1222 1572 1252 imbecillitatem
1584 1240 1593 1255 ,
1612 1221 1859 1263 gratificationem
1874 1244 1882 1258 ,
1905 1224 1937 1255 δε
1955 1224 2200 1255 benivolentiam

1238 1265 1351 1306 ponitis
1363 1266 1374 1293 Ρ
1395 1266 1438 1294 Ut
1447 1266 1531 1294 enim
1542 1265 1683 1295 omittam
1693 1267 1759 1296 vim
1770 1286 1779 1300 ,
1792 1267 1825 1297 &
1836 1276 1972 1297 naturam
1988 1266 2114 1297 deorum
2126 1276 2132 1295 :
2154 1275 2196 1296 ne

173 1327 221 1357 42
239 1326 324 1358 cepto
338 1317 373 1347 ab
384 1316 421 1346 iis
433 1334 442 1349 ,
462 1324 517 1345 nec
527 1314 640 1354 sperato
651 1312 746 1342 bono.
769 1311 851 1352 Qid
863 1311 906 1342 est
915 1320 1015 1342 autem
1028 1330 1036 1344 ‚
1050 1309 1132 1352 quod
1144 1319 1197 1340 eos
1239 1307 1382 1337 homines
1399 1305 1524 1347 quidem
1542 1306 1668 1337 censetis
1681 1327 1692 1341 ,
1710 1307 1765 1338 nifi
1782 1308 1931 1338 imbecilli
1948 1307 2043 1338 effent
2054 1328 2064 1342 ,
2078 1306 2200 1338 futuros

239 1367 419 1390 veneremur
436 1365 554 1397 propter
573 1355 805 1386 admirationem
829 1353 893 1392 ejus
916 1362 1026 1384 naturae
1045 1371 1054 1386 ‚
1084 1353 1118 1382 in
1139 1360 1197 1393 qua
1239 1346 1412 1381 beneficos,
1431 1347 1464 1378 &
1483 1347 1631 1389 benignos
1647 1348 1745 1380 fuifle.
1769 1351 1860 1380 Nuda
1877 1349 1921 1380 est
1938 1350 2043 1380 caritas
2062 1348 2200 1379 naturalia

235 1402 388 1442 egregium
409 1398 486 1429 nihil
504 1397 663 1428 videmus?
686 1398 766 1426 Nam
787 1394 994 1435 superstitione
1005 1414 1014 1429 ‚
1034 1392 1117 1435 quod
1132 1395 1198 1435 glo·
1240 1392 1312 1421 inter
1321 1388 1401 1419 bonos
1412 1392 1422 1419 ἓ
1435 1399 1532 1419 carum
1541 1390 1638 1430 ipsum
1650 1409 1658 1425 ‚
1668 1392 1797 1422 verbum
1809 1392 1852 1423 est
1861 1394 1973 1423 amoris
1983 1403 1992 1426 5
2002 1401 2040 1422 ex
2049 1401 2111 1433 quo
2120 1392 2201 1422 anri-

236 1444 307 1474 :riari
318 1442 418 1472 soletis
430 1460 438 1473 ,
450 1439 536 1470 facile
545 1437 587 1469 est
598 1438 715 1468 liberari
729 1458 737 1471 ,
748 1437 820 1468 cum
831 1435 982 1467 sustuleris
990 1445 1119 1467 omnem
1130 1436 1196 1466 vim
1239 1434 1318 1463 citiae
1330 1441 1446 1462 nomen
1461 1431 1503 1463 est
1517 1430 1644 1462 duetum
1656 1443 1662 1462 :
1679 1443 1769 1473 quam
1781 1432 1801 1463 fi
1811 1433 1845 1464 ad
1855 1432 1990 1464 fruEium
2002 1433 2139 1465 nostrum
2149 1441 2199 1463 re-

238 1482 377 1514 deoium.
401 1480 467 1512 Nisi
485 1480 563 1511 forte
585 1482 745 1521 Diagoram
758 1499 767 1512 .
786 1487 835 1509 aut
853 1478 1050 1509 Theodorum
1063 1497 1072 1512 ‚
1113 1479 1145 1508 ui
1164 1486 1200 1507 o-
1239 1474 1393 1507 feremus,
1414 1483 1480 1503 non
1491 1473 1527 1504 ad
1537 1473 1620 1504 illius
1632 1475 1816 1509 commoda,
1835 1485 1927 1515 quem
1937 1475 2115 1516 diligimus·‚
2133 1483 2200 1505 nou

236 1527 352 1556 mnino
370 1524 442 1553 deos
460 1521 518 1553 effe
537 1521 702 1563 negabant,
725 1521 826 1551 censes
839 1519 1057 1560 superstitiosos
1073 1529 1088 1549 e
1115 1529 1130 1549 e
1143 1528 1200 1559 po·
1240 1518 1297 1548 erit
1311 1514 1365 1546 ista
1379 1515 1530 1549 amicitia,
1550 1515 1600 1546 sed
1618 1524 1777 1545 mercatura
1793 1516 1929 1558 quaedam
1946 1518 2111 1547 utilitatum
2131 1516 2198 1547 sua-

238 1564 337 1597 tuiss'e.
359 1568 422 1606 Ego
436 1573 474 1594 ne
483 1566 671 1604 Protagoram
685 1562 826 1601 quidem:
843 1563 891 1591 cui
907 1571 1048 1592 neutrum
1066 1561 1199 1601 liquerit,
1241 1567 1322 1589 rum·
1345 1559 1480 1588 PRATA2
1502 1557 1535 1587 &
1554 1566 1667 1592 ARVA,
1692 1558 1726 1588 &
1745 1558 1894 1598 pecudum
1912 1567 2014 1599 greges
2031 1557 2202 1598 diliguntur

241 1617 299 1638 nec
318 1605 375 1636 effe
393 1605 483 1638 deos,
502 1614 558 1634 nec
576 1613 640 1634 non
657 1602 724 1634 ess‘e.
749 1605 870 1633 Horum
890 1604 976 1632 enim
992 1603 1148 1633 sententiae
1164 1611 1200 1631 o·
1242 1599 1300 1630 isto
1312 1597 1408 1628 modo
1419 1617 1430 1632 ‚
1448 1597 1530 1638 quod
1539 1598 1656 1629 fruetus
1666 1609 1704 1630 ex
1715 1601 1935 1640 eiscapiuntur.
1957 1600 2113 1629 Hominum
2122 1599 2200 1629 cari-

240 1649 366 1680 mnium
380 1667 388 1681 ‚
410 1656 473 1676 non
494 1644 591 1676 modo
609 1644 849 1684 superstitionem
864 1644 995 1678 tollunt,
1014 1645 1048 1673 in
1057 1642 1201 1684 quainest
1243 1649 1307 1675 tas,
1327 1639 1362 1673 ὠ·
1375 1640 1527 1675 amicitia,
1543 1641 1680 1682 gratuita
1692 1640 1746 1671 eft‘.
1768 1644 1890 1681 Qanto
1905 1643 1997 1683 igitur
2015 1643 2108 1682 magis
2127 1640 2203 1671 deo-

240 1693 336 1722 timor
354 1690 452 1719 inanis
471 1687 597 1717 deorum
610 1696 615 1715 z
635 1686 683 1717 sed
701 1688 791 1717 etiam
811 1685 970 1727 religionem
981 1706 989 1720 ,
1009 1695 1069 1727 qua
1084 1685 1198 1715 deorum
1243 1693 1312 1714 rum
1323 1687 1333 1713 .>
1346 1682 1492 1722 quinulla
1501 1692 1530 1712 re
1540 1691 1678 1723 egentes,
1691 1683 1724 1713 &
1735 1685 1813 1713 inter
1822 1683 1850 1713 se
1857 1683 2007 1723 diligunt,
2019 1683 2052 1714 &
2062 1683 2201 1713 homini·

240 1731 372 1772 cultupio
383 1730 547 1759 continetur.
570 1727 652 1768 Qiid
663 1732 672 1758 ἓ
690 1729 712 1758 ii
723 1748 732 1762 ‚
744 1730 794 1769 qui
807 1727 950 1758 dixerunt
959 1748 968 1761 ,
990 1736 1083 1758 totam
1094 1727 1131 1757 de
1142 1727 1200 1758 diis
1244 1725 1299 1755 bus
1309 1723 1481 1754 consulunt.
1504 1724 1596 1762 Qod
1604 1726 1637 1753 ni
1647 1726 1688 1754 ita
1697 1723 1732 1754 sit
1741 1743 1750 1758 ,
1760 1724 1834 1765 quid
1844 1733 2023 1755 veneramur
2031 1743 2040 1758 ,
2050 1723 2124 1765 quid
2135 1733 2203 1764 pre·

240 1771 468 1804 immortalibus
477 1770 656 1810 opinionem
669 1767 770 1799 fiRam
782 1767 839 1799 effe
852 1769 887 1799 ab
899 1768 1076 1799 hominibus
1087 1769 1201 1808 sapien·
1243 1774 1346 1797 camur
1359 1764 1432 1795 deos
1445 1767 1456 1794 ?
1479 1775 1533 1796 cur
1551 1765 1638 1796 sacris
1655 1764 1814 1805 pontifices
1825 1785 1833 1800 ‚
1853 1775 1906 1796 cur
1920 1766 2061 1806 auspiciis
2079 1773 2205 1806 augures

240 1815 324 1844 tibus
334 1814 399 1854 reip.
412 1812 512 1851 causta,
526 1820 558 1841 ut
569 1831 578 1844 ,
591 1820 667 1851 quos
677 1812 752 1840 ratio
762 1820 825 1840 non
835 1809 939 1850 posset,
952 1819 1003 1839 eos
1014 1809 1048 1840 ad
1060 1808 1199 1840 officium
1242 1808 1394 1850 praesunt-²
1415 1806 1490 1846 quid
1504 1815 1644 1846 optamus
1658 1808 1675 1837 a
1690 1806 1748 1838 diis
1762 1807 2008 1838 immortalibus?
2028 1806 2102 1849 quid
2110 1815 2206 1838 vove·

238 1857 338 1896 migro
349 1855 470 1885 duceret
481 1873 490 1887 ,
511 1861 755 1890 nonne-omnem
764 1852 943 1892 religionem
954 1850 1092 1882 funditus
1105 1850 1201 1881 sustu-
1244 1851 1339 1881 mus?
1359 1851 1400 1879 At
1423 1850 1514 1878 etiam
1525 1848 1602 1878 liber
1611 1847 1654 1879 est
1663 1850 1784 1890 Epicuri
1796 1869 1806 1883 ,
1824 1849 1857 1879 do
1865 1848 2031 1889 [ariditatis.
2055 1848 2208 1879 Ludimur

238 1898 360 1927 lerunt?
382 1895 463 1937 Qijd
474 1894 615 1925 Prodicus
626 1895 803 1934 Chius?qui
814 1902 865 1926 ea,
884 1903 949 1934 quae
962 1891 1132 1933 prodess‘ent
1145 1893 1202 1923 ho-
1244 1893 1282 1924 ab
1300 1892 1429 1922 homine
1448 1900 1513 1920 non
1532 1899 1592 1922 tam
1610 1889 1726 1926 facem,
1746 1890 1836 1932 quam
1847 1891 1883 1922 ad
1893 1891 2206 1922 scribendilicentiam

243 1941 366 1970 minum
376 1940 445 1968 vitae
455 1957 464 1970 ‚
485 1936 610 1967 deorum
622 1938 653 1965 in
665 1944 793 1965 numero
804 1934 902 1965 habita
914 1933 972 1964 effe
986 1934 1065 1965 dixit
1076 1953 1085 1969 ‚
1108 1944 1199 1975 quam
1243 1934 1349 1965 libero.
1372 1936 1447 1972 Quae
1458 1934 1542 1963 enim
1552 1931 1649 1972 potest
1657 1931 1716 1963 effe
1724 1931 1866 1972 fizndh'rcu
1876 1952 1885 1967 ‚
1904 1931 1925 1963 fi
1938 1932 1982 1964 dii
1999 1934 2131 1963 humana
2139 1941 2206 1962 non

246 1980 367 2011 tandem
385 1979 565 2020 religionem
582 1978 724 2018 reliquit?
745 1976 849 2016 Qid?
888 1978 920 2007 ui
939 1985 988 2007 aut
1005 1975 1109 2006 foi-teis
1121 1996 1130 2010 ‚
1151 1985 1202 2007 aut
1242 1979 1368 2008 curant?
1384 1985 1451 2016 qua:
1468 1983 1568 2005 autem
1581 1975 1711 2004 animans
1724 1983 1848 2009 natum,
1866 1975 1946 2005 nihil
1959 1975 2086 2005 curans?
2104 1975 2207 2005 verius

241 2024 340 2053 claros
349 2042 358 2056 ,
377 2030 426 2052 aut
435 2022 586 2061 potenteis
596 2021 678 2050 viros
691 2018 810 2049 tradunt
826 2026 861 2061 po
894 2025 1010 2049 mortem
1018 2018 1057 2047 ad
1067 2018 1127 2049 deos
1138 2025 1203 2060 per·
1244 2018 1287 2050 est
1297 2019 1388 2058 igitur
1397 2018 1545 2047 nimirum
1556 2016 1730 2058 illud,quod
1741 2016 1898 2048 familiaris
1907 2018 2050 2047 omnium
2061 2014 2205 2047 nostrfim

247 2063 348 2101 vemffi:
357 2083 366 2097 ‚
383 2064 492 2103 eosque
503 2060 560 2092 esse
569 2061 649 2102 ipsos
662 2081 670 2095 ‚
684 2070 760 2102 quos
770 2070 828 2090 nos
838 2061 936 2091 colere
946 2080 955 2095 ‚
967 2063 1076 2101 precari
1089 2080 1098 2095 ‚
1108 2070 1203 2091 venc-
1245 2058 1421 2092 Posidonius
1429 2057 1566 2089 difl'eruit
1575 2060 1609 2089 in
1618 2059 1697 2089 libro
1712 2059 1862 2100 quintode
1870 2066 1976 2089 natum
1985 2058 2097 2088 deorum
2107 2077 2116 2092 ‚
2135 2057 2209 2088 nul·

245 2107 360 2146 rarique
382 2105 527 2135 soleamus
549 2123 558 2137 ‚
591 2113 694 2134 nonne
716 2111 851 2143 expertes
875 2103 941 2133 sunt
962 2103 1147 2143 religionum
1169 2112 1205 2132 o-
1246 2104 1292 2134 los
1305 2100 1362 2132 effe
1373 2100 1447 2132 deos
1457 2120 1465 2135 ‚
1487 2102 1616 2141 Epicuro
1627 2100 1740 2131 videri:
1759 2110 1885 2142 quaque
1895 2102 1920 2131 is
1930 2100 1967 2131 de
1975 2100 2034 2132 diis
2044 2101 2205 2130 immorta-

246 2149 383 2177 mnium?
391 2156 456 2187 quae
466 2147 541 2176 ratio
551 2144 684 2176 maxime
696 2144 814 2175 trastata
823 2143 859 2175 ab
868 2146 1041 2176 Euhemero
1049 2143 1102 2175 est:
1112 2154 1205 2186 quem
1246 2145 1326 2176 libus
1336 2143 1447 2174 dixerit
1457 2162 1466 2177 ‚
1480 2142 1592 2172 invidia
1600 2141 1757 2179 detestanda
1763 2144 1866 2183 gratia
1875 2139 1995 2173 dixisse.
2011 2141 2208 2182 nequeenim

244 2187 347 2219 noster
357 2188 605 2228 &interpretatus
615 2207 624 2221 ‚
636 2187 668 2218 &
680 2187 795 2217 secutus
805 2185 847 2217 est
857 2207 867 2221 ‚
880 2194 986 2227 praeter
995 2195 1109 2217 ceteros
1118 2207 1129 2220 ‚
1139 2189 1203 2217 En·
1246 2196 1306 2219 tam
1327 2184 1473 2225 defipiens
1491 2182 1592 2215 fuisset
1601 2204 1612 2218 ‚
1629 2193 1662 2214 ut
1679 2184 1876 2216 homunculis
1888 2182 2020 2215 similem
2035 2183 2129 2214 deum
2147 2180 2208 2213 fin-

245 2233 325 2261 nius.
349 2230 397 2260 Ab
416 2231 587 2261 Euhemero
604 2237 703 2260 autem
726 2228 759 2259 &
778 2237 891 2259 mortes
903 2248 912 2263 ,
933 2227 966 2259 δε
984 2228 1140 2269 sepulturae
1153 2228 1206 2258 de·
1245 2237 1343 2272 geret,
1365 2227 1560 2258 lineamentis
1568 2226 1713 2259 duntaxat
1721 2228 1885 2261 extremis,
1904 2236 1968 2256 non
1979 2225 2082 2256 habitu
2092 2223 2205 2257 solido,

244 2270 453 2302 monstrantur
466 2271 602 2301 deorum.
626 2269 738 2301 Utrum
755 2272 847 2311 igitur
865 2271 915 2301 hic
933 2268 1123 2301 confirmasse
1135 2270 1207 2300 reli-
1226 2282 1228 2298 i
1247 2270 1396 2302 membris
1414 2270 1553 2299 hominis
1567 2268 1726 2309 praeditum
1746 2269 1890 2299 omnibus
1902 2287 1911 2302 ‚
1930 2267 1983 2298 usu
1994 2265 2211 2298 membrorum*

245 2316 371 2354 gionem
380 2313 498 2344 videtur
509 2333 518 2346 ‚
529 2323 566 2343 an
578 2315 698 2354 penitus
710 2321 803 2343 totam
814 2310 960 2343 sustuliffe
970 2314 981 2343 ἲ
991 2313 1104 2344 omitto
1114 2312 1206 2343 Eleu-
1226 2302 1228 2328 Ι
1246 2323 1285 2344 ne
1296 2312 1432 2343 minimo
1441 2310 1565 2352 quidem
1577 2322 1586 2345 ;
1597 2311 1713 2345 exilem
1723 2310 1872 2352 quendam
1883 2329 1893 2344 ‚
1906 2318 1992 2349 atque
2002 2305 2208 2349 perlucidum,

249 2352 342 2386 finam
355 2354 484 2386 stultiam
496 2355 579 2385 illam
590 2374 598 2389 ι
611 2355 643 2385 &
654 2354 806 2395 augustam
817 2373 827 2388 2
1247 2355 1326 2386 nihil
1338 2354 1478 2394 cuiquam
1493 2352 1676 2383 tribuentem
1689 2373 1699 2387 ‚
1719 2353 1798 2383 nihil
1811 2349 2029 2394 gratificantem
2039 2369 2049 2383 ,
2072 2350 2213 2379 omnino

342 2395 402 2427 vbi
414 2397 567 2426 initiantur
575 2403 671 2438 gentes
680 2406 792 2426 orarum
802 2395 928 2427 ultima.-
1247 2396 1325 2427 nihil
1337 2403 1491 2426 curantem
1503 2415 1513 2428 ‚
1532 2395 1612 2425 nihil
1624 2402 1770 2435 agentem.
1793 2402 1858 2434 quae
1866 2400 1970 2423 natum
1979 2389 2116 2432 primum
2127 2390 2212 2421 nulla

248 2440 389 2470 Praeterea
401 2439 636 2469 Samothraciam
648 2458 657 2473 ,
668 2447 759 2479 eaque
770 2457 780 2473 ‚
1249 2437 1306 2469 effe
1315 2436 1412 2477 potest
1423 2447 1428 2465 τ
1448 2436 1538 2478 idque
1549 2436 1657 2467 videns
1668 2438 1812 2477 Epicurus
1823 2454 1832 2469 ‚
1847 2444 1874 2464 re
1883 2434 1958 2464 tollit
1968 2453 1976 2467 ,
1993 2433 2115 2464 oratione
2124 2431 2210 2463 relin-

344 2497 388 2504 --—
408 2483 425 2507 4
438 2480 509 2521 Qae
519 2482 620 2510 Lemni
1249 2480 1315 2522 quit
1329 2478 1397 2508 deos.
1420 2478 1541 2508 Deinde
1550 2497 1559 2512 ‚
1579 2476 1600 2507 si
1610 2477 1746 2508 maxime
1757 2477 1823 2508 talis
1833 2475 1876 2507 est
1886 2475 1979 2510 deus,
1998 2483 2032 2506 ut
2048 2474 2131 2505 nulla
2143 2482 2209 2516 gra-

344 2521 490 2552 Noli‘urno
499 2522 582 2552 aditu
593 2522 702 2552 occulta
710 2521 839 2552 coluntur
1250 2524 1289 2553 tia
1300 2542 1308 2556 ,
1328 2520 1411 2551 nulla
1426 2521 1590 2550 hominum
1611 2521 1728 2551 caritate
1741 2527 1892 2553 teneatur-5
1907 2518 2012 2549 valeat.
2056 2516 2108 2547 uid
2120 2517 2208 2547 enim

343 2562 524 2600 Silvestribus
534 2564 648 2605 slepibus
658 2565 747 2604 densa.
1249 2564 1347 2594 dicam
1360 2582 1368 2596 ‚
1384 2563 1532 2603 propitius
1548 2559 1602 2591 sit?
1620 2559 1677 2592 effe
1696 2563 1779 2592 enim
1819 2562 1944 2601 ropitius
1961 2568 2029 2600 pote
2076 2558 2215 2590 nemini&

250 2605 366 2644 Qibus
376 2606 544 2646 explicatis,
555 2606 590 2637 ad
601 2608 810 2647 rationemque
821 2606 966 2638 revocatis
975 2625 984 2641 ,
1002 2615 1105 2637 rerum
1114 2605 1210 2648 magis
1251 2607 1399 2647 quoniam
1410 2624 1420 2639 ,
1438 2612 1471 2635 ut
1480 2603 1580 2635 dicitis
1590 2620 1600 2636 2
1621 2604 1704 2634 omnia
1712 2604 1743 2634 in
1753 2604 1763 2634 i
1812 2600 1996 2634 ecillitateefi‘
2005 2601 2040 2636 &¹
2044 2600 2162 2643 gratia,
2172 2597 2212 2632 ὼ

200 2658 234 2689 43
254 2656 353 2677 natura
362 2648 550 2689 cognoscitur
561 2668 570 2683 ‚
590 2648 681 2690 quam
697 2650 836 2680 deorum.
882 2649 964 2679 Mihi
976 2648 1102 2690 quidem
1116 2650 1208 2680 etiam
1257 2648 1373 2679 caritas.

1887 2687 1956 2736 M.
2025 2686 2213 2733 Tut-

297 2800 317 2815 i.
337 2793 424 2831 Cogfim
437 2795 566 2833 ,inquiunt
577 2813 586 2826 ‚
603 2794 670 2830 ἂι]
694 2796 795 2823 Plurali
815 2806 928 2824 numero
940 2797 1027 2825 utitur
1038 2796 1095 2824 Pal.
1113 2797 1212 2823 tertius

259 2833 302 2861 per
313 2835 399 2853 omnia
411 2837 418 2858 ·‚
439 2836 518 2855 ctiam
528 2828 632 2856 secund.
652 2839 748 2867 praeter
759 2841 839 2868 quam
849 2832 920 2868 quod
932 2833 953 2860 is
974 2836 1087 2867 cogitant.
1106 2833 1137 2863 ὁ
1148 2834 1210 2860 ver&

259 2859 302 2902 ad*
313 2860 374 2887 hanc
395 2864 503 2891 nostram
515 2864 606 2892 faeiem
624 2867 753 2902 produxit
763 2877 869 2904 quoque
888 2868 1025 2896 Victorius
1036 2888 1044 2901 ,
1066 2868 1148 2904 vulgo
1158 2869 1210 2896 cst:

255 2903 355 2930 egum
365 2907 470 2930 misnam,
479 2901 530 2930 dyc.
549 2904 638 2934 beatos,
648 2904 699 2934 (ῐγε.
719 2905 815 2936 habent,
829 2906 879 2936 &1:-
899 2906 962 2939 quutl
968 2908 1067 2938 agitem·

294 2940 322 2957 2.
342 2933 450 2971 Qorfwdo
472 2944 639 2977 nan—vererentur
648 2941 686 2972 iste
704 2941 787 2966 beatus
797 2943 860 2966 Deua·
877 2951 906 2967 nt
916 2944 1037 2974 inteream
1056 2940 1136 2975 σπῆι]
1155 2941 1212 2967 Ex-

257 2966 331 3004 preffi
344 2966 484 3008 lechonem
496 2970 608 2998 νιξὶοηι
627 2974 653 2999 8:
665 2976 820 3003 Camerarii.
842 2986 901 3003 nam
912 2976 999 3003 Aldus
1011 2983 1124 3012 uterque
1137 2996 1146 3008 ‚
1155 2985 1213 3011 quo-

258 3003 319 3042 (nodo
328 3003 440 3042 wiffentur
449 3005 486 3043 ¹st.‘
496 3008 557 3045 paq
566 3008 646 3033 beatus
656 3010 705 3036 ciam
717 3029 725 3041 ,
734 3012 785 3042 eye.
804 3012 902 3039 omissis
913 3012 1093 3044 intermediis,
1123 3011 1174 3039 uod
1184 3013 1212 3038 ὅτ

259 3047 287 3065 ιη
299 3037 428 3074 plenique
438 3039 607 3082 editionibus.
628 3043 669 3070 scd
690 3046 748 3072 vide
759 3054 845 3075 tamen
864 3057 897 3075 an
917 3058 968 3076 non
989 3022 1212 3080 rescribidcbeat,

261 3074 366 3107 quamdo
376 3084 420 3101 non
431 3082 553 3101 moveatur
562 3078 600 3108 iste
610 3081 672 3104 Deus
680 3081 741 3107 cuim.
761 3082 799 3109 ita
810 3083 870 3110 sane
880 3084 960 3112 habet
971 3084 1056 3112 Palat.
1066 3084 1152 3112 noster
1163 3084 1212 3111 sec·

263 3108 350 3146 ‘st‘ist‘
361 3109 420 3139 huic
430 3109 489 3139 1000
499 3111 602 3146 prorsus
612 3121 712 3149 ²Ptum.
731 3123 795 3147 tert.
807 3118 894 3149 isthaec
902 3130 956 3151 non
966 3120 1044 3152 habet
1054 3139 1064 3157 ‚
1075 3120 1215 3159 negligen-

1258 2799 1294 2824 tia
1305 2796 1394 2823 stribae
1405 2816 1415 2829 ,
1426 2797 1473 2833 qui
1483 2791 1583 2823 lineam
1592 2803 1677 2823 totam
1688 2794 1815 2823 transiliit
1826 2813 1834 2827 ‚
1853 2788 1977 2829 deceptus
1987 2799 2050 2818 voce
2058 2789 2108 2818 illa
2115 2791 2212 2823 huius,

1257 2842 1314 2870 quae
1324 2834 1352 2859 &
1364 2833 1438 2870 supra
1449 2840 1504 2860 erat
1515 2832 1606 2869 posita.
1975 2862 1981 2868 ,

1294 2878 1319 2905 3.
1341 2872 1400 2895 Cum
1419 2872 1462 2895 Dei
1479 2878 1525 2909 min
1543 2868 1607 2908 moa)
1613 2869 1723 2911 ,la-ontinef
1735 2885 1744 2900 ,
1762 2875 1807 2909 non
1824 2863 2122 2926 ‘⁰Imoelo]h0{r¹ssxiffifffffi
2131 2861 2212 2932 εῗίιίὶέ.

1255 2905 1884 2982 ῗαῗξῖἀξυἒῗὶῗέἶιιῃῖὶςδῖῗῖῧιῗὲἑὶέῧιίἵιῗὲἵ
1898 2941 1994 2972 praeter
2008 2942 2124 2965 mentem
2134 2910 2218 2972 plana

1257 2977 1400 3052 ῃυῗωὲὲι
1408 3011 1579 3046 Lemni,&c.]
1597 3007 1759 3071 Gulielmilus
1771 3008 1893 3053 inritatio
1907 3007 2076 3046 Anapoestos:

1437 3085 1555 3111 NoHurno
1564 3082 1635 3116 adyta
1643 3082 1733 3107 occulta
1742 3055 1850 3108 {mxu

1435 3117 1692 3155 Silvfflribmsaepibue
1700 3118 1780 3155 donft.
1797 3120 1920 3154 mamm,
1927 3116 1957 3148 id
1965 3117 2014 3154 est,
2023 3115 2118 3148 noem.

2121 3195 2134 3217 ι
2140 3189 2222 3216 diune
