2360 3400
1097 96 1437 146 DEORUM
1518 102 1675 148 Lin-
1739 103 1806 148 11.
1982 118 2131 166 .¹¹25'

178 180 288 211 tatem,
304 173 443 206 animum
464 172 595 215 denique
616 173 705 204 illum
724 174 894 215 spirabilem
913 174 933 205 fi
945 175 1014 216 quis
1025 182 1135 245 quaerat
1154 175 1157 188 '
1171 177 1243 218 quin
1261 178 1280 207 is
1296 178 1342 207 die
1355 197 1365 212 ,
1383 178 1418 212 ὼ
1436 178 1514 209 noae
1530 186 1739 222 concoquamu-
1754 182 1840 221 cujus
1850 181 1940 212 etiam
1951 181 1983 211 in
1995 181 2135 223 reliquiis

182 218 263 248 unde
283 216 450 252 habemus,
470 214 588 256 apparet
608 227 613 245 :
631 214 714 257 quod
730 217 812 248 aliud
830 217 846 247 a
866 227 940 247 terra
959 216 1132 249 sumimus,
1153 215 1155 248 l
1173 218 1248 249 inest
1267 220 1348 250 calor
1366 223 1423 255 iis,
1440 231 1512 262 quas
1524 231 1625 252 natura
1635 223 1788 263 respuerit.
1809 224 1878 265 Jam
1888 223 1961 253 vero
1970 233 2055 254 venae
2069 243 2078 258 ‚
2098 223 2134 253 &-

179 258 261 288 ‘aliud
272 258 308 288 ab
319 259 468 291 humore,
487 257 568 288 aliud
577 257 613 288 ab
624 259 711 299 igne,
732 259 814 289 aliud
824 258 860 289 ab
868 259 933 289 a‘e're
941 268 978 288 eo
990 277 999 292 ,
1020 261 1134 298 ¹quern
1153 249 1155 275 ἱ
1173 261 1284 290 arteriae
1305 263 1415 292 micare
1435 273 1498 293 non
1519 262 1680 298 desinunt,
1700 263 1778 305 quafi
1790 265 1920 307 quodam
1933 267 2023 306 igneo
2035 274 2133 296 motu:

148 304 168 338 7
180 300 283 339 spiritu
301 299 451 329 ducimus.
484 299 564 330 Illud
582 309 701 334 autem,
724 300 805 341 quod
824 301 920 339 vincit
935 301 998 330 haec
1015 300 1135 332 omnia,
1153 298 1155 338 '3
1172 302 1474 345 animadversumque
1493 305 1567 346 saepe
1586 305 1646 339 est,
1667 305 1740 336 cum
1759 317 1810 337 cor
1828 308 1995 338 animantis
2008 308 2135 346 alicujus

180 350 363 371 ιιΑτιοΝεΜ
373 341 442 372 dico
457 361 466 375 ,
478 341 511 372 δε
523 361 531 375 ,
543 339 666 382 fiplacet
679 362 687 376 ‚
708 341 845 382 pluribus
857 341 955 373 verbis
966 361 975 376 ,
986 349 1137 373 mentem,
1154 339 1155 373 ἒ
1173 343 1309 374 evulsum
1326 363 1336 377 ,
1355 347 1395 375 ita
1411 346 1566 377 mobiliter
1582 348 1753 387 palpitaret,
1776 358 1808 378 ut
1829 350 1993 379 imitaretur
2012 351 2134 391 igneam

176 380 340 413 confilium
362 403 372 417 ‚
398 384 613 425 cogitationem
636 403 646 417 ,
665 383 854 424 prudentiam
877 383 929 413 ubi
948 384 1140 413 invenimus?
1174 384 1368 416 celeritatem.
1392 390 1493 417 Omne
1512 390 1619 429 igitur,
1639 389 1720 429 quod
1731 392 1831 424 vivit,
1853 389 1911 420 five
1921 393 2054 424 animal,
2073 389 2135 420 sive

178 423 262 455 unde
283 423 479 455 sustulimus?
499 435 537 455 an
557 434 651 456 cetera
661 425 794 463 mundus
803 424 925 456 habebit
936 425 1061 457 omnia,
1082 424 1140 453 hoc
1155 454 1157 461 ,
1175 434 1249 456 terra
1258 426 1374 457 editum
1387 448 1396 462 ,
1411 429 1441 458 id
1452 431 1860 470 vivitproptcrinclusumin
1872 442 1910 462 eo
1920 433 2061 463 calorem.
2086 435 2135 463 Ex

179 475 277 496 unum
289 486 298 500 ,
312 466 420 508 ²quod
431 467 554 507 plurimi
565 466 617 501 est,
629 476 695 498 non
708 466 854 498 habebit?
874 475 903 497 at
925 467 955 496 ui
974 466 1052 497 certe
1062 464 1139 495 nihil
1156 486 1157 490 ,
1175 476 1238 507 quo
1255 468 1385 509 intelligi
1403 469 1491 501 deber
1502 490 1510 504 ,
1530 481 1596 501 eam
1616 472 1722 502 caloris
1730 482 1864 503 naturam
1877 493 1886 508 ,
1906 475 1970 504 vim
1982 474 2089 505 habere
2101 476 2135 504 in

179 509 323 538 omnium
333 518 432 539 rerum
443 509 553 538 melius
562 507 605 539 est
615 504 744 542 mundo,
756 508 900 548 nihilprae
930 507 1050 540 abilius,
1064 506 1142 537 nihil
1174 509 1203 538 se
1222 509 1344 540 vitalem
1361 520 1413 550 per
1431 521 1558 543 omnem
1576 513 1728 544 mundum
1747 516 1960 554 pertinentem.
1986 519 2082 557 Atque
2102 516 2135 546 id

178 550 349 591 pulchrius:
371 561 428 581 nec
448 549 547 581 solum
562 551 642 582 nihil
661 548 705 581 est
713 570 726 587 ‚v
747 550 798 580 sed
817 560 873 580 nec
882 551 1007 591 cogitari
1015 548 1141 590 quidem

178 591 346 633 quidquam
358 593 468 622 melius
481 591 584 632 potest.
596 589 669 625 Et,s1
678 593 804 626 ratione,
817 591 851 622 &
863 592 1002 632 sapientia
1011 590 1090 621 nihil
1099 589 1143 620 est

179 632 420 668 melius,neceffe
430 633 473 664 est
483 635 547 664 haec
555 632 645 664 ineffe
655 635 688 664 in
696 633 829 675 e02quod
839 635 993 674 optimum
1003 631 1061 663 effe
1068 641 1142 662 con-

182 675 332 706 cedimus.
344 676 426 718 Qid
438 686 510 706 vero
521 678 532 705 ?
545 684 625 706 tanta
631 685 730 706 rerum
742 676 945 710 consentiens,
954 675 1140 714 conspirans,

179 719 354 748 continuata
371 719 511 758 cognatio
521 736 530 750 ‚
549 727 642 757 quem
651 726 717 748 non
724 726 814 759 coget
822 727 856 748 ea
864 737 874 750 ‚
899 727 966 757 quae
976 716 1117 747 dicuntur
1126 714 1142 745 ὲ
1157 744 1158 749 ,

179 769 251 793 me,
270 759 487 799 comprobare?
508 758 644 798 possetne
663 768 727 789 uno
736 768 872 799 tempore
885 757 1011 791 florere,
1029 756 1141 788 deinde

178 800 309 831 viciffim
326 803 446 831 horrere
465 801 561 831 terra?
581 808 650 834 aut,
668 809 714 831 tot
723 800 811 831 rebus
820 798 889 839 ipsis
902 800 930 831 se
944 800 1140 831 immutanti-

181 842 259 876 bus,
276 843 348 873 solis
373 840 502 872 acceffus
519 861 528 875 ,
555 839 756 882 discessusque
789 840 923 872 solstitiis
938 860 947 875 ,
967 840 1142 881 brumisque

178 884 320 925 cognosci
331 887 342 909 ?
362 892 412 913 aut
421 881 508 913 aestus
518 883 682 915 maritimi,
694 882 899 923 fretorumque
909 881 1052 923 angustiat
1062 892 1140 916 ortu,

179 935 232 956 aut
241 924 326 954 obitu
337 924 417 954 lunae
427 924 642 954 commoveri?
661 932 712 953 aut
723 933 780 954 una
790 925 883 954 totius
891 925 962 954 coeli
972 922 1143 954 conversio-

178 976 219 998 ne
240 966 341 996 cursus
358 964 503 996 astrorum
522 964 650 1005 dispares
669 965 858 1006 conservari?
876 967 988 997 haecita
998 964 1143 996 fieriom—

176 1007 271 1039 nibus
295 1009 374 1038 inter
400 1007 429 1038 se
454 1006 688 1038 concinentibus
718 1006 827 1038 mundi
846 1007 978 1047 partibus
1002 1005 1140 1048 profesto

177 1059 244 1080 non
265 1047 404 1090 possent,
424 1047 481 1079 nisi
503 1058 537 1079 ea
555 1058 618 1079 uno
634 1048 764 1082 divino,
783 1049 817 1080 &
835 1051 1017 1080 continuato
1036 1049 1141 1089 spiritu

175 1090 416 1122 continerentur.
439 1094 539 1131 Atque
563 1091 628 1121 haec
643 1090 715 1121 curn
739 1090 861 1121 uberius
879 1090 1084 1131 disputantur,
1107 1092 1140 1120 &

176 1131 271 1164 fusius
290 1153 299 1166 ,
319 1142 353 1163 ut
373 1133 452 1162 mihi
473 1131 517 1163 est
537 1133 570 1162 in
590 1133 696 1163 animo
712 1130 829 1167 facere,
847 1132 970 1170 facilius
989 1131 1157 1174 effugiunt*

176 1174 428 1206 Academicorum
438 1174 636 1205 calumniam.
658 1174 728 1204 cum
741 1183 841 1205 autem
853 1194 861 1208 ‚
877 1183 910 1204 ut
921 1176 1007 1205 Zeno
1016 1175 1140 1210 solebat,

175 1216 309 1250 brevius,
323 1216 534 1258 angustiusque
547 1215 778 1247 concluduntur:
792 1225 858 1247 tum
868 1218 1012 1256 apertiora
1023 1215 1139 1247 suntad

174 1258 469 1299 reprehendendum.
492 1260 574 1288 Nam
585 1267 630 1288 υτ
650 1267 842 1289 PROFLUENS
864 1267 993 1292 Amnis,
1012 1267 1062 1289 aut
1071 1260 1137 1293 vix,

175 1310 227 1331 aut
238 1301 324 1331 nullo
336 1299 431 1330 modo
443 1300 599 1331 :conclusa
612 1308 714 1330 autem
725 1310 798 1340 aqua
808 1321 816 1334 ‚
826 1298 913 1330 facile
924 1301 1139 1340 corrumpitur:

176 1341 217 1373 fic
236 1343 381 1372 orationis
402 1340 532 1372 flumine
549 1342 774 1382 reprehensoris
795 1344 868 1372 vitia
886 1342 1062 1373 diluuntur:
1085 1352 1140 1373 an-

178 1382 277 1426 gustia
296 1393 396 1414 autem
415 1383 564 1413 conclusa:
585 1385 729 1414 orationis
747 1393 810 1413 non
821 1382 910 1414 facile
919 1384 1008 1424 seipsa
1018 1392 1137 1415 tutatur¹

102 1458 104 1460 ,
176 1428 242 1456 haec
260 1427 344 1456 enim
356 1445 366 1458 ,
387 1434 453 1465 quae
471 1424 633 1454 dilatantur
654 1424 670 1454 ὲ
689 1424 801 1458 nobis,
826 1425 914 1455 Zeno
925 1425 962 1455 fic
971 1425 1137 1466 premebat.

142 1472 161 1506 8
177 1469 276 1509 'Qron
298 1475 457 1496 nna-ione.
475 1467 569 1495 utitur
581 1485 591 1498 ,
608 1465 640 1495 id
658 1466 768 1495 melius
785 1464 848 1499 est,
867 1466 959 1507 quarn
978 1467 1008 1497 id
1020 1487 1029 1501 ,
1057 1467 1140 1508 quod

175 1510 291 1539 ratione
309 1517 373 1538 non
393 1508 498 1538 utitur.
522 1507 612 1536 Nihil
629 1515 729 1537 autem
751 1507 869 1537 mundo
881 1508 1001 1538 melius.
1025 1511 1141 1539 ratione

174 1549 269 1591 igitur
287 1548 421 1579 mundus
442 1550 545 1579 utitur.
578 1548 725 1582 Similiter
744 1547 823 1579 effici
841 1548 956 1589 potest,
975 1550 1140 1589 sapientem

175 1590 234 1622 effe
255 1591 410 1622 mundum
432 1601 438 1620 :
455 1589 612 1624 similiter,
632 1590 754 1621 beatum
774 1601 779 1620 ι
800 1588 958 1625 fimiliter,
975 1601 1134 1622 aeternum.

175 1634 290 1664 Omnia
311 1635 397 1664 enim
415 1632 479 1663 haec
495 1632 624 1663 meliora
644 1632 731 1667 sunt,
751 1632 842 1674 quam
860 1642 913 1666 ea,
933 1643 998 1674 quae
1012 1633 1137 1664 sunthis

172 1677 320 1707 carentia:
340 1685 396 1706 nec
413 1674 534 1705 mundo
552 1673 716 1715 quidquam
729 1675 841 1705 melius
856 1685 863 1704 z
881 1685 918 1705 ex
927 1684 989 1716 quo
999 1674 1137 1708 efficitur,

172 1715 234 1748 effe
243 1716 398 1748 mundum
406 1716 510 1748 deum.
533 1716 679 1757 Idemque
689 1717 747 1746 hoc
757 1716 853 1747 modo
864 1727 870 1747 ι
881 1719 1042 1748 Nunnius
1052 1716 1138 1747 sensu

172 1760 303 1790 carentis
325 1767 392 1799 pars
415 1759 512 1799 aliqua
530 1756 628 1798 potest
646 1756 705 1788 effe
726 1758 869 1788 sentiens.
902 1758 1016 1788 Mundi
1037 1767 1138 1789 autem

173 1810 270 1842 partes
297 1800 458 1831 sentientes
490 1799 568 1830 sunt.
599 1808 665 1830 non
683 1800 774 1841 igitur
792 1808 871 1831 caret
889 1800 975 1830 sensu
993 1799 1138 1830 mundus.

172 1844 273 1884 Pergit
291 1842 375 1873 idem
391 1862 400 1876 ,
421 1840 730 1884 &urgeqangustiusz
753 1843 786 1872 N
793 1850 876 1872 mu.
890 1860 899 1876 ,
915 1842 1016 1882 inquit
1029 1860 1038 1875 ‚
1056 1840 1138 1882 quod

173 1882 274 1916 animi
291 1904 300 1918 ,
319 1884 462 1925 quodque
482 1885 610 1914 rationis
629 1882 673 1914 est
691 1893 797 1925 expers
814 1903 824 1917 ,
842 1882 874 1914 id
895 1893 1035 1925 generare
1053 1893 1093 1913 ex
1109 1883 1139 1913 se

172 1925 272 1968 potest
287 1928 476 1956 animantem
490 1945 500 1959 ,
520 1934 759 1966 compotemque
779 1926 915 1956 rationis.
940 1925 1076 1956 Mundus
1085 1935 1137 1955 au·

173 1976 237 2000 tem
256 1977 377 2009 generat
396 1969 576 1998 animanteis
588 1987 597 2002 ‚
616 1967 831 2008 compotesque
840 1967 976 1998 tationis.
999 1968 1137 1998 animans

172 2008 217 2041 est
235 2012 326 2052 igitur
345 2009 480 2040 mundus
494 2030 502 2043 ‚
524 2009 710 2050 composque
728 2011 863 2040 rationis.
887 2009 1033 2051 Idemque
1054 2007 1139 2040 fimi—

171 2052 305 2084 litudine
314 2072 323 2086 ‚
343 2052 459 2093 utsaepe
469 2052 562 2086 solet,
575 2053 723 2083 rationem
734 2050 878 2083 conclusit
887 2053 948 2083 hoc
959 2051 1070 2083 modo:
1091 2055 1111 2083 S

172 2104 228 2125 tx
251 2104 300 2125 οι.
315 2103 326 2124 1
343 2104 364 2125 v
378 2103 401 2124 A
422 2093 578 2125 modulate
601 2102 742 2125 canentes
752 2094 832 2125 tibiae
843 2094 1030 2126 nascerentur
1043 2103 1137 2125 :num
1153 2115 1154 2121 η

173 2136 324 2176 dubitares
334 2156 343 2169 ,
363 2137 438 2177 quin
448 2134 553 2167 ineffet
563 2137 597 2166 in
607 2136 688 2167 oliva
704 2136 842 2168 tibicinis
851 2137 992 2178 quaedam
1001 2137 1136 2167 scientia?
1152 2159 1154 2173 3

173 2178 269 2219 Qud,
283 2176 304 2208 fi
313 2178 424 2219 platani
434 2176 571 2209 fidiculas
578 2177 693 2208 ferrent
701 2181 866 2209 numerose
881 2179 1135 2210 sonanteis?idem
1152 2179 1154 2190 ²

172 2220 289 2252 scilicet
305 2220 458 2259 censeres,
477 2222 511 2251 in
528 2220 656 2261 platanis
674 2219 768 2252 inefl'e
787 2219 943 2252 muficam.
967 2223 1027 2252 Cui·
1045 2222 1153 2262 igitur÷

172 2261 311 2296 mundus
330 2271 393 2292 non
412 2264 550 2293 animans
562 2281 571 2297 ‚
591 2262 764 2304 sapiensque
783 2263 952 2303 judicetur,
972 2262 1046 2294 cum
1057 2273 1094 2294 ex
1109 2262 1153 2299 sei

174 2305 499 2345 procreetanimanteis
507 2323 517 2337 ,
538 2313 625 2345 atque
635 2303 793 2344 sapienteis
804 2307 815 2334 ?
835 2305 891 2336 Sed
901 2307 1046 2347 quoniam
1057 2308 1136 2346 coepi

173 2346 259 2378 secus
276 2356 378 2387 agere,
398 2354 486 2387 atque
505 2346 596 2376 initio
614 2345 750 2377 dixeram
770 2356 777 2376 :
794 2357 932 2387 negaram
955 2349 1039 2378 enirn
1058 2348 1136 2379 hanc

172 2390 305 2429 primam
319 2397 432 2427 partem
444 2397 528 2429 egere
537 2388 673 2418 oratione
685 2407 694 2422 ,
713 2387 797 2429 quod
808 2387 881 2419 ess'et
889 2388 1017 2419 omnibus
1032 2389 1135 2431 perspi-

173 2439 270 2462 cuum,
282 2428 342 2458 deos
359 2427 426 2467 effi:
442 2438 542 2460 tamen
552 2429 585 2460 id
595 2429 695 2470 ipsum
705 2431 874 2461 rationibus
883 2430 1013 2472 physicis
1024 2431 1135 2462 confir-

174 2474 253 2501 mari
268 2471 352 2501 volo.
373 2469 412 2501 sic
421 2472 506 2502 enim
517 2481 563 2502 res
572 2472 601 2502 se
612 2472 710 2507 habet,
722 2482 754 2503 ut
765 2474 881 2507 omnia,
893 2483 959 2514 quae
969 2474 1092 2508 alantur,
1105 2473 1138 2504 δε
1153 2494 1155 2506 .

174 2512 328 2546 crescant,
346 2513 525 2543 contineant
542 2514 576 2543 in
594 2514 622 2544 se
640 2524 710 2544 vrm
725 2523 870 2545 onnoms
882 2526 888 2545 :
900 2514 961 2546 fine
969 2525 1026 2556 qua
1037 2525 1136 2556 neque

173 2554 215 2584 nli
231 2551 367 2594 possent,
388 2564 486 2595 neque
505 2554 643 2586 crescere.
667 2558 748 2587 Nam
768 2566 883 2591 omne,
904 2557 987 2598 quod
1009 2556 1054 2588 est
1063 2559 1137 2588 cali-

174 2595 250 2626 dum
272 2615 282 2630 ,
306 2596 339 2625 &
360 2598 484 2637 igneum
507 2615 517 2630 ,
538 2597 632 2627 cietur
653 2617 663 2632 ,
688 2598 721 2628 &
739 2607 835 2638 agitur
853 2608 941 2629 motu
958 2599 1022 2630 suo.
1053 2598 1136 2640 quod

1124 2036 1156 2083 1⁸¹

1157 585 1298 625 ¹omnia,
1320 592 1459 624 subtilius
1481 596 1641 634 explicato.
1666 600 1781 628 Omnes
1800 608 1892 638 igitur
1908 608 2004 638 partes
2024 600 2134 630 mundi

1177 633 1317 673 (tangam
1335 643 1435 665 autem
1448 639 1618 677 maximas)
1635 638 1822 670 calor-efultae
1832 639 2026 670 sustinentur.
2049 641 2131 681 quod

1175 674 1312 715 primum
1323 677 1356 705 in
1367 685 1479 707 terrena
1491 688 1590 709 natura
1600 680 1723 719 perspici
1734 681 1840 721 potest.
1864 684 1946 712 Nam
1957 682 2136 722 &lapidum

1178 715 1327 788 ἓοῡῆἰᾶιι
1343 726 1432 758 atque
1451 721 1522 749 tritu
1533 720 1602 750 elici
1617 722 1720 760 iguem
1732 724 1889 754 videmus:
1908 723 2138 756 &ret-ennius-

1202 768 1272 792 one,

1273 816 1303 822 -—
1315 801 1540 840 terramfumare
1550 803 1684 834 calentem
1696 818 1704 840 3

1177 850 1264 882 atque
1281 847 1373 872 etiam
1393 853 1432 873 ex
1451 846 1677 887 puteisjugibus
1687 858 1793 888 aquzm
1805 849 1930 880 calidam
1942 851 2038 884 trahi,
2059 850 2091 881 δε
2102 850 2136 882 id

1157 890 1159 929 J
1177 884 1314 914 maxime
1324 885 1460 915 hibernis
1472 884 1536 916 fieri
1547 889 1735 928 temporibus
1747 911 1756 922 ‚
1776 890 1858 930 quod
1869 902 1976 930 magna
1986 896 2043 926 vis,
2053 901 2138 924 terra:

1157 934 1159 950 i
1176 927 1312 956 cavernis
1323 945 1333 959 ,
1353 929 1544 958 contineatur
1552 931 1659 960 caloris
1675 942 1680 960 ;
1693 942 1781 970 eaque
1793 930 1935 964 hiemesi't
1946 933 2063 965 densior
2075 945 2081 964 ι
2095 934 2137 964 ob

1156 1001 1158 1017 Ι
1176 977 1304 1008 eamque
1319 968 1438 999 causam
1450 989 1458 1002 ‚
1479 972 1609 1002 calorem
1631 971 1756 1003 insitum
1776 984 1808 1003 in
1826 984 1910 1005 terris
1928 978 2082 1006 contineat
2091 986 2138 1006 ar-

1175 1007 1265 1039 ἃίὺς.
1289 1011 1396 1051 Longa
1413 1010 1456 1040 est
1478 1015 1575 1042 oratio
1587 1033 1595 1048 ‚
1620 1015 1782 1056 multaeque
1793 1019 1921 1047 rationes
1933 1037 1940 1050 ‚
1960 1019 2068 1058 quibus
2079 1017 2136 1048 do-

1156 1066 1158 1102 ι,
1175 1053 1235 1082 ceri
1243 1050 1330 1091 poffit
1341 1071 1349 1085 ‚
1363 1062 1469 1083 omnia
1481 1073 1489 1087 ,
1510 1064 1575 1094 quae
1586 1064 1660 1086 terra
1668 1058 1839 1096 concipiat,
1860 1059 1974 1089 semina
1985 1079 1993 1092 ³
2012 1070 2137 1100 quaeque

1156 1104 1157 1117 π
1174 1093 1236 1133 ipsa
1245 1103 1282 1123 ex
1294 1093 1321 1123 se
1329 1103 1466 1134 generata
1476 1095 1616 1136 stirpibus
1626 1097 1721 1128 infixa
1729 1101 1890 1134 contineat,
1901 1110 1933 1131 ea
1942 1102 2138 1141 temperatione

1156 1129 1157 1140 ¹
1175 1136 1272 1164 calam
1282 1134 1315 1166 δε
1323 1137 1416 1169 oriri,
1437 1136 1470 1166 &
1479 1138 1642 1177 augescere.
1667 1143 1765 1181 Atque
1776 1151 1857 1182 aquae
1869 1144 1958 1172 etiam
1969 1142 2138 1174 admistum

1155 1200 1157 1210 ⁴
1175 1175 1234 1206 esse
1254 1177 1385 1208 calorem
1398 1196 1408 1212 ,
1430 1181 1443 1206 ³
1461 1179 1597 1218 primum
1620 1181 1681 1221 ipse
1695 1182 1795 1223 liquor
1815 1203 1825 1216 ,
1840 1192 1905 1214 tum
1917 1194 1999 1225 aquae
2009 1184 2137 1216 declarat

1156 1219 1157 1228 ³
1175 1216 1298 1249 effufio:
1318 1229 1386 1260 quae
1405 1229 1503 1261 neque
1520 1222 1718 1263 conglaciaret
1735 1223 1898 1265 frigoribus
1912 1247 1920 1259 ‚
1943 1236 2041 1267 neque
2053 1229 2137 1260 nive,

1155 1291 1157 1303 γ
1172 1262 1339 1301 pruinaque
1349 1263 1562 1298 concresceret,
1576 1263 1632 1294 nifi
1642 1265 1746 1296 eadem
1757 1267 1785 1297 se
1796 1266 1925 1298 admisto
1934 1268 2030 1298 calore
2038 1268 2138 1309 liquet

1171 1300 1248 1332 fasta
1258 1322 1267 1336 ,
1291 1302 1443 1343 &dilapsa
1452 1302 1645 1337 diffunderet.
1669 1309 1772 1348 Itaque
1785 1308 1818 1338 &
1829 1309 2024 1349 aquilonibus
2033 1330 2042 1344 ,
2067 1311 2139 1340 reli-

1174 1344 1299 1386 quisque
1317 1344 1481 1386 frigoribus
1491 1346 1615 1384 adjeehs
1623 1348 1751 1379 durescit
1761 1351 1874 1381 humor
1887 1362 1893 1380 z
1908 1351 2034 1382 &idem
2046 1352 2138 1383 vicis-

1175 1386 1230 1416 sim
1250 1386 1391 1423 mollitur
1407 1387 1570 1427 tepefastus
1581 1410 1591 1423 ,
1612 1389 1645 1419 &
1662 1390 1784 1422 tabescit
1800 1393 1907 1423 calore.
1929 1397 2029 1434 Atque
2045 1391 2139 1425 etiam

1156 1430 1157 1435 ¹
1176 1429 1271 1457 maria
1291 1429 1408 1468 agitata
1429 1431 1570 1460 ventisita
1580 1431 1737 1472 tepefiunt,
1760 1443 1793 1463 ut
1803 1433 2028 1476 intelligifacile
2037 1434 2138 1476 poffir,

1156 1481 1157 1496 ;
1176 1471 1209 1499 in
1218 1472 1309 1500 tantis
1318 1470 1381 1500 illis
1390 1471 1572 1502 humoribus
1583 1474 1734 1505 inclusum
1745 1473 1803 1505 effe
1814 1476 1956 1506 calorem.
1981 1487 2038 1507 nec
2049 1479 2137 1508 enim

1174 1511 1229 1540 ille
1248 1520 1410 1546 externus,
1431 1512 1465 1543 δε
1482 1513 1665 1545 adventitius
1683 1516 1838 1547 habendus
1855 1517 1898 1547 est
1909 1526 2016 1557 tepor,
2037 1518 2085 1549 sed
2098 1528 2138 1549 ex

1156 1574 1158 1578 r
1175 1553 1296 1582 intimis
1315 1554 1406 1582 maris
1420 1554 1553 1592 partibus
1571 1557 1731 1595 agitatione
1752 1560 1918 1588 excitatus:
1936 1559 2019 1599 quod
2028 1559 2142 1590 nostris

1174 1602 1296 1634 quoque
1317 1594 1491 1633 corporibus
1510 1598 1680 1638 contingit,
1700 1597 1773 1629 cum
1792 1608 1880 1630 motu
1892 1620 1901 1634 ,
1922 1609 2010 1641 atque
2022 1603 2142 1632 exerci-

1175 1635 1290 1665 tatione
1305 1634 1497 1667 recalescunt.
1521 1638 1585 1678 Ipse
1605 1638 1677 1669 verb
1687 1641 1735 1670 a'e'r
1747 1660 1755 1675 ‚
1771 1642 1824 1681 qui
1835 1650 1940 1672 natura
1948 1641 1991 1673 est
2000 1643 2139 1674 maxime

1154 1684 1156 1722 Ξ
1172 1676 1318 1718 frigidus,
1340 1678 1473 1709 minime
1492 1678 1535 1710 est
1555 1690 1661 1720 expers
1680 1681 1798 1712 caloris.
1821 1683 1877 1713 Ille
1896 1683 1970 1714 vero
1994 1685 2139 1716 &multo

1154 1726 1156 1742 ι’
1172 1719 1298 1760 quidem
1307 1720 1405 1750 calore
1412 1720 1557 1752 admistus
1566 1722 1620 1753 est.
1641 1723 1704 1763 ipse
1715 1726 1799 1754 enim
1811 1727 1906 1755 oritur
1919 1735 1957 1756 ex
1967 1726 2141 1767 respiratio-

1154 1785 1162 1800 r
1174 1771 1212 1790 ne
1235 1771 1391 1801 aquarum.
1413 1772 1515 1793 earum
1534 1765 1621 1794 enirn
1642 1763 1724 1805 quasi
1732 1766 1955 1807 vaporquidam
1965 1769 2014 1798 a'e'r
2024 1769 2140 1800 haben·

1172 1801 1229 1832 dus
1247 1802 1299 1833 est.
1330 1805 1361 1833 Is
1381 1812 1481 1834 autem
1503 1803 1618 1835 exsistit
1641 1815 1727 1837 motu
1746 1810 1814 1847 ejus
1831 1808 1938 1839 caloris
1952 1829 1961 1844 ‚
1983 1812 2036 1851 qui
2053 1813 2140 1852 aquis

1172 1845 1359 1875 continetur.
1383 1846 1482 1884 Qam
1499 1843 1733 1878 similitudinem
1754 1859 1875 1880 cernere
1884 1848 2043 1890 pofl‘umus
2052 1854 2086 1883 in
2099 1854 2142 1884 iis

1154 1894 1156 1928 ξ
1175 1887 1258 1926 aquis
1270 1905 1279 1919 ,
1300 1889 1319 1912 4
1339 1896 1405 1926 quae
1423 1885 1619 1919 effervescunt
1635 1889 1760 1922 subditis
1771 1891 1906 1932 ignibus.
1925 1894 1994 1934 Jam
2007 1892 2079 1924 vero
2092 1904 2141 1925 re-

1174 1927 1259 1968 liqua
1276 1936 1376 1968 quarta
1384 1938 1449 1968 pars
1459 1930 1588 1965 mundi,
1611 1942 1645 1963 ea
1655 1932 1687 1963 &
1703 1933 1762 1974 ipsa
1774 1943 1835 1964 tota
1845 1943 1950 1966 natura
1957 1934 2074 1967 fervida
2082 1935 2138 1972 est,

1173 1968 1208 2000 &
1228 1971 1333 2000 ceteris
1349 1973 1462 2002 naturis
1471 1973 1618 2004 omnibus
1629 1975 1783 2007 salutarem
1794 1978 1947 2016 impertit,
1969 1977 2002 2008 &
2012 1978 2140 2010 vinalem

1171 2012 1314 2044 calorem.
1337 2016 1386 2045 Ex
1404 2024 1465 2055 quo
1475 2016 1667 2048 concluditur
1679 2038 1688 2052 ,
1711 2017 1783 2056 cuM
1795 2029 1908 2049 OMNES
1920 2019 2028 2050 mundi
2040 2029 2138 2061 partes

1172 2054 1370 2086 sustineantur
1385 2057 1482 2087 calore
1495 2077 1504 2090 ‚
1526 2058 1679 2089 mundum
1699 2062 1790 2091 etiam
1810 2061 1910 2102 ipsum
1924 2060 2036 2096 fimili,
2059 2063 2141 2102 pari-

1171 2107 1229 2138 que
1239 2107 1341 2129 natura
1350 2100 1382 2128 in
1393 2106 1473 2130 tanta
1483 2099 1678 2132 diuturnitate
1688 2102 1795 2133 servari
1806 2113 1812 2133 z
1831 2113 1927 2144 eoque
1937 2105 2044 2145 magis,
2054 2103 2140 2145 quod

1169 2139 1299 2181 intelligi
1309 2140 1398 2170 debet
1409 2160 1418 2174 ‚
1440 2141 1572 2172 calidum
1583 2143 1661 2174 illud
1675 2163 1683 2178 ,
1704 2154 1791 2185 atque
1804 2146 1932 2186 igneum
1950 2147 1990 2176 ita
2001 2149 2034 2176 in
2046 2148 2137 2176 omni

1168 2179 1272 2211 fusum
1290 2180 1348 2212 effe
1368 2191 1472 2213 natura
1486 2203 1494 2216 ‚
1515 2193 1548 2214 ut
1558 2185 1590 2215 in
1601 2195 1639 2216 eo
1649 2185 1718 2217 insit
1727 2186 1903 2227 procreandi
1914 2189 1980 2221 vis,
2007 2187 2039 2219 &
2051 2188 2139 2219 causa

1169 2223 1331 2264 gignendi,
1351 2223 1369 2254 ὲ
1379 2235 1441 2266 quo
1453 2225 1486 2256 &
1496 2228 1661 2258 animantia
1669 2232 1775 2259 omnia
1786 2249 1795 2263 ‚
1817 2230 1850 2260 δε
1860 2239 1893 2260 ea
1903 2249 1912 2264 ,
1923 2239 2054 2270 quorum
2066 2229 2138 2260 stir-

1167 2275 1221 2306 pes
1241 2274 1315 2297 terra
1336 2268 1553 2302 continentur,
1574 2269 1607 2300 &
1624 2269 1748 2301 nascisit
1761 2269 1898 2305 necesse,
1920 2272 2129 2312 &augescere.

1172 2311 1185 2335 5
1197 2309 1312 2339 Natura
1321 2307 1364 2339 est
1374 2310 1475 2351 igitur,
1490 2320 1556 2351 quae
1566 2313 1721 2343 contineat
1732 2313 1885 2344 mundum
1895 2323 2034 2348 omnem,
2045 2323 2135 2344 eum-

1172 2359 1230 2391 que
1253 2359 1368 2381 tueatur
1379 2371 1387 2386 ‚
1408 2351 1443 2382 &
1452 2362 1485 2382 ea
1496 2353 1622 2393 quidem
1634 2364 1698 2385 non
1709 2353 1769 2385 fine
1781 2355 1866 2386 sensu
1877 2375 1887 2390 ,
1908 2365 1994 2396 atque
2006 2357 2134 2386 ratione-

1172 2401 1302 2423 omnem
1320 2394 1405 2424 enim
1426 2403 1563 2425 naturam
1579 2395 1695 2427 neceffe
1713 2396 1775 2431 est,
1794 2407 1859 2438 qua:
1869 2407 1933 2428 non
1944 2397 2071 2429 solitaria
2087 2396 2134 2432 fit,

1174 2443 1273 2475 neque
1287 2433 1415 2476 fimplex
1425 2456 1433 2470 ,
1446 2437 1494 2467 sed
1504 2447 1574 2468 cum
1585 2439 1644 2469 alio
1654 2440 1663 2478 j
1669 2437 1759 2470 unsta
1770 2459 1779 2473 ‚
1801 2449 1888 2480 atque
1899 2449 2038 2470 connexa
2049 2460 2058 2473 ‚
2080 2441 2136 2470 ha-

1174 2475 1244 2506 bere
1253 2476 1386 2518 aliquem
1397 2480 1430 2509 in
1443 2479 1472 2509 se
1481 2481 1684 2519 principatum
1695 2501 1703 2514 ‚
1723 2490 1756 2512 ut
1766 2483 1798 2511 in
1809 2483 1937 2512 homine
1948 2489 2066 2512 mentem
2078 2502 2086 2516 ,
2098 2483 2133 2513 in

1174 2517 1261 2548 belua
1284 2519 1428 2559 quiddam
1442 2520 1537 2561 simile
1545 2529 1650 2551 mentu-
1675 2522 1754 2553 unde
1764 2525 1900 2553 oriantur
1910 2533 2008 2553 rerum
2021 2525 2136 2565 appeti-

1174 2567 1235 2590 tus.
1257 2562 1296 2590 In
1319 2561 1461 2592 arborum
1479 2572 1579 2593 autem
1591 2583 1600 2597 ,
1627 2564 1661 2594 δε
1676 2575 1778 2595 earum
1786 2575 1885 2595 rerum
1898 2584 1907 2599 ,
1925 2574 1992 2605 quae
2001 2564 2137 2607 gignun-

1172 2610 1220 2631 rur
1230 2601 1247 2631 ὲ
1257 2610 1332 2633 terra
1342 2622 1351 2637 ,
1373 2603 1522 2634 radicibus
1532 2603 1626 2635 inesse
1636 2608 1820 2647 principatus
1831 2616 1960 2647 putatur.
1986 2608 2136 2649 Principa-

1156 547 1295 580 ifacilius
1311 561 1490 587 cernemus,
1510 562 1575 584 toto
1599 565 1706 595 genere
1726 557 1782 586 hoc
1803 558 1914 598 igneo,
1935 558 2017 597 quod
2041 566 2145 588 tranat-

2160 1025 2234 1054 ro-

2160 2321 2198 2348 it

173 2646 276 2668 autern
296 2638 385 2668 alitur
395 2658 404 2671 ,
429 2637 463 2668 &
479 2638 584 2669 crescit
594 2659 603 2673 ‚
623 2648 711 2670 motu
732 2640 865 2680 quodam
875 2642 971 2671 utitur
982 2649 1062 2671 certo
1073 2660 1082 2674 ,
1103 2641 1137 2671 &
1174 2650 1239 2672 rum
1247 2653 1347 2676 autem
1357 2645 1389 2675 id
1400 2645 1479 2680 dico,
1491 2646 1573 2686 quod
1586 2649 1683 2678 Graeci
1694 2649 1832 2683 ἧγεμουικὸν
1844 2658 1955 2680 voca-nt
1966 2659 1972 2678 ι
1984 2658 2046 2689 quo
2056 2649 2137 2680 nihil

173 2679 334 2720 aequabili:
352 2681 405 2721 qui
413 2679 561 2721 quamdiu
572 2690 706 2711 remanet
716 2683 749 2712 in
759 2681 849 2712 nobis
860 2702 869 2716 ‚
893 2682 1012 2713 tamdiu
1022 2683 1135 2717 sensus,
1171 2686 1205 2715 in
1221 2696 1342 2727 quoque
1359 2697 1466 2726 genere
1485 2698 1542 2718 nec
1559 2689 1657 2728 potest
1668 2709 1676 2724 ‚
1696 2700 1752 2720 nec
1772 2690 1860 2721 debet
1870 2689 1929 2721 effe
1939 2690 2136 2731 praestantius.

176 2721 211 2752 &
234 2724 295 2752 vita
315 2730 468 2752 remanet:
489 2721 664 2764 refrigerato
681 2732 780 2753 autem
794 2743 803 2758 ,
820 2723 1014 2755 &exstineto
1023 2725 1133 2759 calore,
1150 2752 1151 2767 ¹
1170 2729 1276 2768 Itaque
1294 2726 1411 2758 necess'e
1430 2728 1488 2763 est,
1518 2730 1593 2766 illud
1615 2733 1705 2762 etiam
1717 2752 1726 2766 ‚
1750 2734 1782 2762 in
1798 2742 1859 2774 quo
1877 2731 1912 2763 fit
1921 2735 2013 2763 totius
2022 2742 2136 2764 naturas

173 2762 344 2794 occidimus
355 2761 425 2804 ipsi,
440 2763 472 2794 &
481 2762 714 2805 exstinguimur.
738 2765 828 2807 Qod
838 2765 963 2807 quidem
973 2766 1135 2797 Cleanthes
1149 2770 1151 2786 ³
1169 2771 1352 2810 principatus
1363 2790 1372 2802 ,
1390 2768 1448 2800 effe
1458 2780 1603 2803 ommim
1615 2782 1783 2804 OPT1MUM
1796 2794 1804 2808 ,
1816 2776 2020 2816 omniumque
2029 2785 2132 2806 rerum

173 2806 224 2836 his
242 2807 333 2836 etiam
352 2806 537 2846 argumentis
553 2806 643 2837 docet
663 2827 673 2840 ,
691 2816 800 2847 quanta
817 2809 862 2837 vis
882 2806 951 2838 infit
968 2808 1077 2838 caloris
1096 2810 1130 2839 in
1168 2810 1312 2850 potestate
1326 2831 1334 2844 ‚
1355 2811 1575 2854 dominatuque
1594 2813 1813 2856 digniffimum.
1855 2816 2004 2851 Videmus
2020 2826 2134 2850 autem,

173 2849 267 2877 omni
284 2857 418 2888 corpore.
440 2856 528 2890 negat
545 2851 631 2879 enim
649 2848 749 2880 ullum
759 2847 816 2880 effe
827 2847 921 2878 cibum
932 2856 993 2879 tam
996 2859 1129 2890 gravem,
1144 2879 1145 2887 ,
1168 2854 1203 2883 in
1213 2853 1346 2893 partibus
1357 2854 1467 2887 mundi
1490 2855 1499 2894 (
1512 2855 1589 2885 nihil
1599 2857 1640 2887 est
1651 2859 1778 2893 enimin
1788 2859 1876 2892 omni
1889 2857 2009 2897 mundo
2019 2878 2029 2893 ,
2050 2859 2133 2899 quod

284 2916 289 2920 i
1619 2921 1625 2926 .
2072 2910 2113 2930 nO

213 2960 224 2978 ι
232 2971 238 2978 .
247 2952 416 2987 Qemspirim
422 2951 556 2991 damn]
576 2957 645 2983 Pau.
656 2963 710 2982 tres
721 2956 749 2982 se
759 2957 790 2982 P.
801 2952 920 2992 aditique
932 2957 947 2982 a
958 2956 990 2982 P.
999 2955 1134 2989 Victorio,
1179 2958 1199 2983 ti
1213 2967 1218 2984 :
1241 2959 1316 2991 liquor
1326 2968 1391 2992 aqua
1400 2960 1507 2985 declam
1516 2960 1599 2991 effla-e.
1778 2987 1781 2993 ,

172 2990 361 3023 ymmspiritum
370 2990 479 3017 dicimus.
1213 3001 1239 3026 4.
1261 2994 1314 3026 εἶρα
1333 2994 1486 3028 cffir‘veftnnt
1498 2996 1601 3029 fiehdstis
1616 2994 1892 3032 ignibmJ'V‘iEtorius
1904 3018 1911 3032 ‚
1924 2999 2030 3034 firbitit5
2051 3000 2077 3027 S:
2097 3000 2135 3027 ita

211 3032 239 3049 2.
259 3025 428 3057 Qodplurinn'
436 3027 496 3061 eff]
518 3027 602 3054 Iidem
615 3026 676 3062 libri
687 3037 791 3060 omues,
800 3029 938 3059 plurimum.
1177 3038 1282 3065 quoque
1294 3029 1348 3055 Pal.
1359 3039 1399 3066 pr¹
1411 3040 1439 3056 ac
1451 3030 1499 3056 sec.
1510 3030 1550 3058 sed
1563 3032 1581 3058 ii
1592 3042 1698 3069 quoque
1710 3034 1857 3068 fluescunt.

212 3066 241 3094 3.
260 3062 368 3085 Pm'mmn
376 3060 422 3095 ipse
430 3062 518 3096 liquor,
528 3069 577 3089 tum
586 3073 652 3098 aque
659 3064 768 3090 declarat
777 3063 822 3096 effic
832 3064 876 3098 ¹0.]
889 3062 985 3090 Leftio
995 3063 1067 3091 forte
1077 3063 1134 3091 fra·
1214 3074 1240 3098 5.
1260 3069 1360 3090 Natura
1379 3069 1414 3092 cs?
1432 3069 1503 3100 igitur
1512 3077 1561 3102 qux
1569 3072 1685 3095 contineat
1699 3070 1810 3096 mundum
1826 3080 1913 3097 omnem
1924 3090 1932 3103 ‚
1953 3081 2047 3106 eumque
2064 3078 2134 3096 rue-³·-

173 3092 229 3121 eta.
249 3103 309 3122 nam
320 3095 449 3133 ficiolsim
468 3097 558 3125 inveni
570 3099 597 3126 in
616 3100 676 3127 Pal.
688 3107 750 3127 tert.
775 3099 902 3127 secundus
922 3101 1017 3138 quippe
1029 3120 1036 3133 ,
1059 3102 1135 3135 liquor
1174 3100 1251 3135 mn]
1273 3102 1315 3129 Sic
1332 3102 1402 3130 Pau.
1421 3112 1525 3131 omnes.
1549 3102 1636 3131 solum
1657 3105 1799 3135 Gulielmii
1819 3101 1979 3142 Pmo'ntf'net,
1998 3108 2060 3136 item
2081 3114 2136 3134 125:-

174 3138 242 3169 §2⁸ae
250 3131 367 3168 didam,
377 3130 504 3170 rffitfioque„
514 3143 556 3171 pr.
565 3137 642 3172 liquor
650 3144 715 3173 aqua
723 3135 831 3164 declaras
839 3136 926 3173 uffiaefio.
946 3136 1067 3166 Vieiorio
1077 3136 1135 3164 edi·
1174 3144 1225 3165 rur.
1438 3143 1441 3148 ’
1551 3144 1554 3149 ’
2054 3155 2056 3157 >

1498 3176 1698 3213 ccccccc3
2054 3178 2151 3213 1253„
