2295 3400
154 141 253 205 338
576 135 1079 184 M.To1.1.11

152 223 290 268 coegiss'e,
300 219 461 255 &arn-'asse
474 232 480 251 t
501 230 599 262 neque
613 221 703 250 illum
715 240 724 254 ‚
745 218 765 249 si
774 217 813 250 eb
823 216 980 250 acceffiffet
994 237 1003 251 ,
1021 217 1118 247 abitu-

154 277 224 298 rum
236 278 241 296 :
263 262 359 297 statim
372 267 490 294 Caecina
502 260 670 293 disceffifl‘ct
682 272 688 291 t
706 261 840 292 dubitare
851 270 904 290 vos
922 270 986 290 non
998 258 1119 289 debuis-

156 310 184 340 se
197 330 205 343 ,
227 310 300 350 quin
321 309 445 338 Caecinae
460 304 536 335 facita
546 306 592 334 vis
603 302 681 334 ess'et.
705 302 725 333 fi
746 302 818 333 vero
830 322 838 336 ,
858 300 946 332 simul
965 311 997 331 ac
1013 300 1119 341 procul

154 351 312 390 conspexit
325 357 462 381 armat05‚
473 343 642 377 reccffiffet:
657 344 694 375 co
705 344 808 374 minus
819 344 1004 374 dubitaretis.
1015 343 1118 373 omnis

155 394 240 422 enim
251 394 296 421 vis
306 389 348 420 est
358 411 365 424 ‚
379 399 445 430 quae
454 388 586 428 periculo
595 396 644 418 aut
654 386 794 417 decedere
808 396 863 416 nos
872 384 1008 416 alicunde
1019 386 1100 427 cogit
1109 404 1117 418 ‚
1138 408 1141 415 .

1140 443 1141 450 κ
1159 424 1317 455 defit-&tere
1335 426 1482 456 velimus:
1497 425 1658 457 confilium
1675 436 1898 457 autemeorum
1910 447 1919 460 ,
1932 429 1984 468 qui
1998 427 2118 467 scripse-

155 444 207 464 aut
225 432 364 474 prohibet
373 431 521 462 accedere.
548 428 638 469 de
651 427 670 458 fi
685 430 767 459 aliter
783 427 932 458 statuetis:
951 426 1049 457 videte
1062 447 1069 460 ,
1082 436 1120 471 ne

156 477 214 505 hoc
235 484 289 504 vos
311 472 459 506 statuatis,
479 474 530 513 qui
550 475 638 501 vivus
658 469 834 504 discesserit,
855 471 882 500 ei
898 471 962 499 vim
983 479 1047 499 non
1064 466 1121 498 esse

157 516 285 547 faciam:
308 525 346 545 ne
363 516 420 545 hoc
431 514 593 547 omnibus,
615 515 648 542 in
661 510 872 552 poffeffionum
888 509 1097 542 controversiis
1110 530 1118 543 ‚

156 557 362 598 praescribatis,
374 554 642 597 utconfligendum
654 553 725 587 fibi,
748 555 780 584 δεῖ
796 556 888 584 armis
906 552 1118 583 decertandum

156 608 265 640 putent
277 609 281 628 :
301 609 350 632 rie,
361 597 622 639 quemadmodum
633 599 666 626 in
677 596 757 626 bello
769 616 777 630 ,
796 603 877 637 poena
887 596 995 636 ignavos
1005 594 1040 624 ab
1058 596 1118 623 irn-

156 640 342 682 peratoribus
352 639 553 673 constituitur,
568 637 606 669 fic
615 641 647 668 iri
662 638 784 678 judiciis
796 637 925 668 deterior
934 637 1015 667 eausa
1024 634 1057 665 sit
1066 645 1118 665 eo-

156 693 225 713 rum
239 703 247 716 ,
263 685 314 723 qui
327 682 475 722 fugerint,
494 681 586 722 quam
599 683 651 721 qui
661 680 696 710 ad
707 689 878 710 exrremum
890 679 980 719 usque
991 687 1118 707 conten-

157 725 267 755 derint.
293 723 372 755 Cum
384 723 421 754 de
434 724 520 762 jure,
533 723 720 763 &legitimis
730 723 895 751 hominum
912 717 1119 750 controversiis
1137 751 1139 761 Α

156 767 315 807 loquimur
325 787 334 800 ‚
347 766 421 796 &in
432 766 478 794 his
495 765 582 795 rebus
591 767 656 794 vim
669 766 866 794 nominamus
878 783 885 795 ,
904 763 1053 802 pertenuis
1072 762 1117 790 vis
1137 765 1139 780 ³

157 809 286 850 intelligi
300 808 397 838 debet.
421 807 491 837 Vidi
507 816 636 837 armatos
646 827 653 839 ,
664 807 800 846 quamvis
810 814 934 844 paucos:
957 813 1063 845 magna
1073 802 1118 831 vis

156 849 209 880 est.
232 848 338 880 decessi
355 850 444 880 unius
454 849 594 879 hominis
613 849 673 878 telo
690 855 876 887 perterritus:
894 845 1026 881 dejectus
1038 865 1046 877 ,
1066 844 1118 874 de—

156 892 310 932 trususque
320 891 395 922 sum.
421 894 490 921 Hoc
503 889 523 920 fi
542 893 581 920 ita
599 889 747 920 statuetis:
768 898 831 917 non
850 886 944 917 modo
959 897 1022 916 non
1041 888 1116 918 erit,

157 943 211 964 cui·
230 934 397 975 depugnare
408 933 565 974 quisquam
577 931 708 972 posthac,
719 928 910 971 poss'effionis
920 929 1013 960 causa,
1023 928 1113 958 velit:

158 975 208 1006 sed
219 985 256 1005 ne
271 975 347 1005 illud
357 975 480 1015 quidem
494 995 502 1007 ,
516 984 568 1004 cur
584 982 755 1014 repugnare.
779 974 831 1002 Sin
848 980 947 1000 autern
968 980 1033 999 Vim
1055 967 1116 999 fine

157 1017 256 1052 c-aedc,
277 1016 337 1047 fine
356 1017 564 1046 vulneratione
577 1035 584 1048 ‚
604 1014 665 1044 fine
681 1015 823 1055 sanguine
841 1013 957 1042 nullam
968 1012 1117 1058 intellige-

159 1061 197 1089 tis
210 1070 215 1088 ⁴.
228 1058 369 1092 statu-sti&
383 1059 523 1087 homines
531 1057 686 1097 pqffbffiomi
694 1055 874 1095 cupidiores,
885 1054 974 1095 qusim
984 1055 1050 1082 vitae
1059 1052 1115 1083 elle

161 1110 306 1141 oportere.
331 1104 392 1141 Age
401 1098 472 1129 vero
484 1120 491 1132 ,
503 1099 539 1128 de
556 1102 587 1128 vi
607 1107 634 1128 te
649 1098 746 1138 ipsum
762 1097 877 1126 habebo
896 1096 1044 1131 iudicem,
1061 1098 1115 1125 [Ξ-

162 1143 237 1173 buti.
261 1142 405 1182 responde
416 1161 424 1175 ‚
446 1139 464 1170 fi
476 1140 669 1170 tibividetur.
692 1142 728 1169 In
738 1139 869 1168 fundum
880 1140 997 1168 Cxcina
1014 1147 1114 1167 utrum

159 1184 261 1214 noluit
278 1183 412 1216 tandem,
424 1192 461 1212 aii
475 1192 539 1212 non
549 1184 646 1222 potuit
655 1182 811 1211 accedere?
833 1179 903 1210 cum
924 1188 951 1209 te
964 1183 972 1198 ¹
985 1178 1115 1209 obstitis-

157 1227 199 1259 se,
213 1227 245 1255 Ex:
258 1223 420 1265 repudiasse
430 1224 504 1255 dicis
517 1244 525 1257 ,
537 1224 614 1254 certe
626 1225 705 1253 hunc
716 1220 842 1253 voluisse
857 1220 1007 1251 concedis.
1030 1224 1116 1251 Potes

157 1269 248 1309 igitur
260 1267 368 1300 dicere,
383 1277 447 1296 non
466 1267 494 1295 ei
513 1268 578 1296 vim
589 1264 676 1295 fuisse
695 1264 935 1305 impedimento,
956 1265 1023 1296 cui,
1043 1261 1115 1292 cum

156 1318 287 1349 cuperet,
299 1319 394 1349 eoque
405 1306 530 1338 consilio
540 1305 665 1338 venisset
674 1327 682 1340 ‚
705 1316 756 1346 per
765 1307 907 1335 homines
923 1304 1041 1334 coaetos
1053 1315 1117 1334 non

157 1350 193 1381 fit
211 1351 330 1380 licitum
346 1350 502 1381 accedere?
524 1351 554 1380 Si
572 1359 655 1379 enim
675 1349 724 1382 id,
744 1347 827 1389 quod
849 1346 986 1377 maxime
1005 1347 1114 1379 voluit,

157 1392 246 1422 nullo
257 1392 349 1422 modo
360 1394 474 1431 potuit:
489 1393 537 1421 vis
554 1389 690 1432 profecto
701 1389 837 1431 quaedirn
847 1388 996 1419 obstiterit
1004 1387 1117 1419 necess'e

156 1433 201 1464 est
213 1444 218 1463 :
237 1443 287 1464 aut
302 1444 333 1464 tu
352 1434 409 1467 dic,
420 1433 630 1474 quamobrem,
642 1442 712 1462 cum
723 1433 814 1462 vellet
822 1431 959 1461 accedere
970 1451 978 1464 ‚
988 1440 1052 1460 non
1070 1440 1118 1460 ac·-

156 1474 281 1506 cess'erit.
302 1477 370 1517 Jam
381 1478 444 1506 vim
454 1474 563 1506 factam
573 1484 678 1516 negare
689 1483 753 1504 non
761 1482 856 1513 potes.
866 1471 998 1512 deje<stus
1009 1482 1117 1514 quem-

157 1517 326 1548 admodum
344 1515 377 1547 sit
388 1538 396 1550 ‚
416 1519 469 1558 qui
486 1527 550 1547 non
561 1514 720 1549 accesserit,
731 1516 765 1551 id
779 1516 928 1556 quaeritur.
957 1514 1116 1544 demoveri

157 1561 243 1590 enim
255 1559 288 1589 δε
297 1559 407 1598 depelli
420 1559 535 1589 deloco
544 1556 658 1589 neceffe
676 1557 718 1588 est
727 1567 797 1586 eum
809 1576 818 1590 ,
829 1558 883 1597 qui
899 1555 1062 1596 dejiciatur.
1085 1555 1116 1585 id

158 1609 260 1631 autem
272 1601 403 1631 accidere
413 1603 440 1630 ei
456 1599 508 1642 qui
517 1600 629 1640 potest,
643 1600 838 1640 quiomnino
855 1600 887 1627 in
897 1608 934 1627 eo
944 1599 1023 1631 loco,
1037 1597 1117 1627 unde

158 1643 188 1673 st
207 1643 360 1682 dejeetum
378 1641 436 1673 ess'e
455 1644 546 1675 dicit,
567 1651 734 1682 numquam
750 1640 828 1670 fuit?
850 1638 940 1681 de
960 1638 980 1668 fi
997 1637 1114 1672 fuisset,

159 1684 194 1714 δι’,
203 1695 242 1715 ex
252 1695 288 1714 eo
299 1685 378 1718 loco,
390 1691 613 1725 metupcrmotus
622 1704 631 1717 ,
651 1681 772 1724 fugisset
782 1703 790 1716 ,
805 1680 875 1712 curn
887 1690 1013 1711 armatos
1025 1680 1116 1711 vidis-

158 1726 217 1756 stt:
238 1726 388 1756 diceresne
405 1725 461 1755 esse
476 1725 648 1765 dejectum?
671 1727 796 1764 opinor.
817 1727 866 1753 An
876 1732 906 1753 tu
918 1743 926 1756 ‚
936 1725 988 1763 qui
1000 1731 1060 1753 tam
1071 1722 1118 1752 di-

156 1768 286 1809 ligenter
295 1788 303 1801 ‚
317 1768 349 1798 &
358 1777 417 1798 tam
427 1767 533 1797 callide
545 1767 643 1797 verbis
654 1764 864 1796 controversias
875 1785 883 1797 ,
896 1774 959 1795 non
969 1766 1120 1805 aequitate,

157 1809 322 1849 dijudicas:
344 1809 378 1839 &
391 1810 458 1849 jura
470 1819 532 1838 non
543 1809 670 1839 utilitate
686 1809 867 1840 communit,
886 1806 934 1836 sed
952 1807 1043 1836 literis
1065 1816 1119 1835 ex—

158 1853 283 1892 primis:
303 1851 452 1891 poterisne
470 1850 567 1881 dicere
578 1871 586 1884 ‚
607 1849 760 1889 dejeetum
776 1848 832 1879 ess'e
846 1858 917 1878 eum
929 1868 937 1882 ‚
954 1849 1005 1888 qui
1024 1847 1119 1878 mustus

161 1903 227 1924 non
238 1895 292 1923 erit
303 1896 312 1922 ἓ
331 1892 412 1932 Qid
425 1898 434 1924 ,2
449 1892 592 1932 clerrtcfiaem
602 1891 682 1921 dices
694 1894 704 1920 ?
717 1901 787 1921 nam
797 1901 833 1920 eo
843 1890 934 1920 verbo
945 1898 1030 1920 antea
1043 1899 1118 1929 prae-

161 1943 241 1965 tores
252 1937 283 1964 in
294 1936 351 1964 hoc
360 1933 521 1964 interdisto
531 1936 574 1963 uti
585 1933 727 1964 solebant.
751 1932 832 1973 Qd
842 1932 903 1962 ais?
920 1930 1056 1972 potestne
1065 1931 1117 1960 de-

161 1976 241 2006 trudi
259 1975 425 2016 quisquam,
437 1977 562 2016 quinon
573 1977 749 2015 attingitur?
768 1984 882 2008 nonne,
895 1971 916 2003 fi
929 1973 1055 2003 verbum
1076 1973 1119 2003 se-

159 2020 214 2059 qui
225 2019 381 2051 volumus,
393 2019 450 2048 hoc
462 2018 664 2057 intelligamus
675 2014 789 2047 nccess’e
801 2015 929 2049 est,eum
940 2015 1119 2049 detrudi,cui

160 2066 269 2094 manus
279 2058 455 2090 afferantur?
466 2058 581 2089 necess'e
595 2059 647 2092 est,
660 2060 782 2099 inquam
796 2079 804 2091 ,
816 2061 831 2076 2
840 2056 861 2086 fi
871 2057 905 2088 ad
917 2057 1042 2087 verbum
1051 2067 1115 2087 rem

157 2102 305 2131 volumus
315 2103 465 2142 attingere,
478 2105 490 2127 3
503 2103 661 2139 neminem
675 2099 748 2130 statu
758 2099 921 2132 detrusum,
933 2100 1057 2139 quinon
1066 2099 1117 2128 ad-

157 2142 254 2185 liibita
271 2145 322 2176 vi,
337 2153 428 2172 manu
448 2143 606 2182 demotus,
627 2142 660 2172 &
677 2141 760 2171 anus
777 2151 905 2181 praeceps
923 2141 1116 2181 intelligatur.

156 2183 304 2223 Deje&us
319 2183 391 2214 vero
402 2183 453 2225 qui
463 2183 560 2224 potest
573 2182 629 2213 effe
639 2183 809 2224 quisquam,
821 2181 876 2212 nisi
894 2184 927 2212 in
941 2181 1117 2212 inferiorem

158 2227 263 2256 locum
277 2226 313 2256 de
327 2227 478 2266 superiore
489 2235 592 2256 motus
603 2228 613 2254 ἲ
623 2224 720 2265 potest
728 2225 829 2264 pulsus
841 2245 849 2258 ,
859 2223 975 2264 fugatus
985 2244 993 2257 ,
1006 2223 1117 2263 ejeetus

158 2267 307 2308 denique:
328 2268 403 2298 illud
417 2266 487 2297 vero
507 2267 593 2297 nullo
605 2266 698 2296 modo
714 2265 811 2306 potest
821 2286 828 2299 2
839 2264 958 2304 dejectus
967 2264 1025 2295 esse
1034 2265 1116 2305 quis-

158 2319 250 2349 quam
263 2329 271 2343 ,
290 2319 354 2339 non
366 2309 461 2339 modo
475 2310 526 2349 qui
537 2308 629 2339 taetus
640 2318 704 2338 non
714 2306 758 2341 fit,
770 2307 818 2337 scd
829 2317 866 2336 ne
877 2317 965 2347 aequo
976 2308 1111 2347 quidem,

108 2357 115 2368 ²
158 2353 195 2381 &
206 2352 297 2392 plano
311 2352 387 2381 loco.
412 2351 494 2393 Qid
509 2351 598 2391 ergo?
619 2351 676 2379 hoc
693 2348 888 2379 lutei-dierum
907 2358 1046 2388 putamus
1063 2358 1116 2377 eo-

94 2483 136 2516 18

159 2403 228 2424 rum
248 2391 306 2423 effe
324 2393 408 2422 causa
417 2392 618 2432 compositum
631 2412 639 2424 ,
660 2392 713 2432 qui
730 2391 756 2421 se
772 2392 969 2431 praecipitatos
988 2399 1027 2419 ex
1039 2390 1115 2419 locis

159 2435 360 2475 superioribus
369 2434 520 2464 dicerent?
539 2443 589 2463 eos
600 2435 684 2462 enim
694 2432 762 2462 vere
773 2430 931 2473 poffumus
949 2431 1046 2461 dicere
1056 2429 1113 2460 effe

158 2475 301 2515 dejectos.
334 2481 383 2506 An
400 2486 483 2509 non,
510 2485 583 2505 cuM
607 2483 804 2508 VOLUNTAS,
825 2473 857 2503 &
878 2471 1059 2505 confilium,
1080 2473 1113 2503 ἃ

157 2518 304 2548 sententia
320 2517 473 2548 interdiciti
490 2517 688 2557 intelligatur,
708 2515 929 2556 impudentiam
941 2515 1089 2544 summam
1103 2534 1112 2548 ,

156 2568 207 2590 aut
225 2558 380 2590 stultitiam
390 2558 567 2600 singularem
578 2558 747 2598 putabimus
760 2579 768 2591 ,
781 2559 814 2588 in
833 2557 997 2587 verborum
1014 2565 1110 2586 errore

155 2601 281 2631 versari:
301 2611 384 2635 rem,
404 2601 436 2631 &
453 2602 586 2634 causam,
607 2600 811 2630 &utilitatem
829 2607 1027 2629 communem
1047 2607 1112 2627 non

156 2642 325 2683 relinquere
341 2642 452 2676 solum,
466 2642 515 2673 sed
525 2645 615 2672 etiam
627 2641 771 2682 prodere?
790 2644 839 2670 An
849 2642 906 2671 hoc
917 2640 1044 2669 dubium
1055 2638 1108 2672 est,

156 2686 231 2725 quin
241 2694 337 2724 neque
347 2685 508 2714 verborum
519 2693 599 2714 tanta
607 2686 692 2723 copia
701 2682 735 2713 sit
745 2703 753 2716 ,
768 2693 833 2713 non
852 2680 946 2712 modo
964 2684 997 2711 in
1014 2680 1112 2711 nostra

153 2726 257 2765 lingua
268 2745 278 2758 ,
297 2736 362 2766 quae
373 2726 481 2756 dicitur
490 2722 547 2756 esse
558 2728 660 2765 inops:
681 2725 730 2755 sed
749 2735 787 2754 ne
797 2726 830 2754 in
839 2725 895 2754 alia
903 2723 1028 2765 quidem
1039 2723 1109 2756 ulla,

155 2776 200 2798 tes
220 2775 252 2797 ut
268 2777 377 2797 omnes
390 2768 447 2797 suis
464 2770 564 2800 certis,
576 2775 607 2797 ac
621 2775 735 2808 propriu
747 2765 885 2795 vocabum
894 2767 1112 2795 nominentur?

155 2818 253 2849 neque
266 2808 338 2839 verb
349 2809 516 2850 quidquam
530 2819 604 2850 opus
623 2807 656 2839 sit
673 2809 790 2842 verbis,
808 2807 880 2838 cum
890 2817 924 2838 ea
941 2817 1005 2840 res,
1025 2806 1110 2847 cujus

199 2918 222 2936 1.
242 2904 550 2945 Obstitiffi&rcpudiaffl.]
570 2911 625 2937 Pal.
638 2911 687 2938 sec.
699 2912 812 2946 repuliffl.
832 2911 934 2947 primus
946 2918 1033 2938 tamen
1044 2910 1091 2937 liat
1103 2911 1116 2935 ξι

163 2945 277 2980 vulgata.
298 2947 422 2978 repudiare
434 2966 441 2978 ‚
453 2947 487 2973 est
500 2947 637 2983 repellere.

194 2989 222 3006 2.
241 2983 266 3007 Si
275 2982 308 3007 ad
315 2984 414 3007 verbum
425 2992 470 3007 rem
479 2985 587 3008 va‘umus
597 2983 798 3016 amngereflif'nx
811 2986 925 3017 attingere
934 2984 949 3009 :i
959 2981 1042 3019 glossa
1053 2981 1118 3007 milii

153 3015 246 3043 addita
257 3016 372 3044 videtur.
394 3018 560 3045 Hotomanus
572 3019 684 3045 malebat
696 3020 847 3052 adstringere,
858 3019 903 3045 alii
914 3019 1047 3054 adjungere.
1058 3019 1117 3044 Gu—

158 3052 274 3080 lielmius
286 3060 376 3080 tuetur
387 3054 523 3090 vulg-‚itum
535 3074 543 3086 ,
557 3055 606 3081 illo
616 3055 703 3082 Plauti
715 3056 864 3082 Mercatore
875 3060 881 3082 i
905 3057 960 3088 ἕως
969 3056 1032 3081 nihil
1038 3057 1116 3080 mu'n-
1137 3069 1141 3073 -

153 3095 216 3126 gum
225 3089 259 3114 ad
266 3098 315 3114 rem
325 3109 333 3120 ,
346 3091 480 3123 ncqnefimt
489 3091 551 3123 refici.

178 3158 182 3163 Ι
216 3144 222 3150 .
241 3128 360 3151 Nmnmem
367 3127 429 3156 stam
439 3125 584 3160 deti-usim]
602 3125 746 3154 Lambinus
752 3129 838 3162 flami.
858 3126 901 3154 sed
913 3135 958 3154 cur
967 3125 1081 3154 alterum
1093 3125 1117 3152 ci

157 3159 184 3186 di
196 3160 321 3198 plicuerit
333 3179 342 3194 ‚
353 3160 417 3188 scire
429 3161 536 3189 vellem.
1016 3171 1020 3176 ·

1138 309 1140 316 A

1134 3179 1138 3186 a

1165 131 1710 181 C1cnnou1s

1157 215 1242 246 causa
1253 215 1342 246 verba
1353 215 1545 257 quaefimfint,
1558 216 1761 263 intelligatur?
1779 219 1854 259 Qae
1863 217 1913 248 lex
1924 237 1932 253 ,
1943 217 2030 260 quod
2037 217 2120 251 senx-

1161 257 1383 288 tusconsultum
1394 279 1403 293 ‚
1423 259 1506 300 quod
1524 260 1711 300 magistratus
1729 259 1862 290 edietum
1873 279 1881 294 ,
1902 261 1983 301 quod
2000 259 2099 291 foedus
2108 280 2127 296 ,,

1159 308 1210 329 aut
1217 298 1330 339 pafflffi
1339 300 1421 341 quod
1435 305 1444 339 ζ
1455 310 1488 331 ut
1497 301 1532 332 ad
1541 311 1667 342 privatas
1679 311 1725 331 res
1744 301 1881 341 redeam)
1895 301 2118 333 testamentum:

1159 351 1226 382 quae
1244 341 1375 382 judicia,
1395 351 1444 373 aut
1463 342 1687 383 stipulationes,
1704 353 1755 373 aut
1763 342 1842 384 padri
1857 343 2117 375 &conventi-fore

1161 383 1244 414 mula
1260 393 1325 413 non
1336 382 1501 418 infirmati,
1521 394 1571 414 aut
1580 385 1712 416 convelli
1728 384 1842 425 potest,
1863 383 1884 415 fi
1902 383 2034 415 adverbia
2051 395 2116 416 rem

1160 475 1246 500 runt,
1264 467 1458 498 &dationem
1470 488 1478 501 ‚
1496 469 1530 498 ὃ(
1544 467 1753 499 ειυὲὶοτὶικιῑετη
1766 469 1990 509 relinquamus?
2010 472 2117 500 Sermo

1162 509 1332 538 mehercule
1345 510 1378 539 ὃς
1391 508 1547 539 familiaris
1559 530 1566 543 ‚
1579 510 1612 540 ὃς
1624 510 1819 550 quotidianus
1833 520 1899 540 non
1911 511 2083 545 cohaerebit,
2095 508 2118 541 fi

1159 550 1250 580 verba
1271 552 1350 580 inter
1362 561 1418 581 nos
1433 551 1657 591 aucupabimur.
1681 552 1811 592 denique
1826 553 1998 592 imperium>
2008 552 2118 583 dome-

1160 591 1268 621 sticum
1282 593 1402 622 nullum
1418 595 1473 623 erit
1482 613 1490 627 ‚
1512 592 1534 622 fi
1547 593 1670 624 servulis
1680 594 1738 623 hoc
1750 592 1860 623 nostris
1871 592 2117 629 concesserimus,

1159 641 1191 662 ut
1203 633 1238 662 ad
1253 633 1340 664 verba
1354 635 1444 665 nobis
1457 634 1615 665 obediant:
1631 645 1699 665 non
1709 635 1744 665 ad
1758 635 1799 669 id,
1808 635 1942 676 quod-ex
1958 636 2056 666 verbis
2066 638 2117 668 ine

1159 675 1253 715 telligi
1272 674 1359 715 poffit
1370 697 1378 709 ,
1402 677 1620 716 obtemperent.
1646 678 1802 717 Exemplis
1816 687 1900 708 nunc
1913 679 1958 708 uti
1975 678 2117 710 videlicet

1160 718 1237 746 milii
1254 716 1367 747 necess'e
1382 717 1424 748 cst
1446 720 1551 749 harum
1576 729 1677 748 rerum
1701 721 1844 749 omnium
1863 722 1874 749 ἓ
1902 730 1966 750 non
1988 721 2118 750 occurrit

1161 760 1324 799 unicuique
1337 758 1470 790 vestrfim
1484 759 1565 791 aliud
1581 761 1630 790 alii
1644 763 1677 790 in
1696 763 1784 790 omni
1796 771 1904 802 genere
1917 762 2094 801 exemplum
2105 779 2121 796 ,.

1159 800 1240 839 quod
1255 800 1432 832 testimonio
1445 801 1496 836 sit,
1516 807 1534 829 4
1548 812 1610 832 non
1625 812 1663 832 ex
1677 803 1776 832 verbis
1789 812 1890 842 aptum
1904 803 2034 843 pendere
2047 804 2094 842 jus
2104 823 2114 838 ,

1158 841 1206 871 sed
1226 840 1311 871 verba
1324 843 1433 882 servire
1446 844 1591 873 hominum
1603 844 1716 884 confilits
1730 864 1738 878 ,
1753 844 1786 874 δε
1798 840 2045 875 auetoritatibus?
2059 848 2117 875 Or-

1160 883 1238 917 nat&
1250 884 1282 914 &
1293 885 1416 924 copiose
1425 888 1460 915 L.
1472 885 1586 916 Crassus
1597 906 1605 919 ‚
1624 888 1718 916 homo
1738 887 1828 927 longe
1843 881 2123 928 eloquentiffimuSJ

1155 926 1256 964 paullo
1269 927 1348 959 ante,
1360 926 1451 967 quiim
1463 937 1519 958 nos
1533 929 1565 957 in
1575 927 1675 958 forum
1686 929 1837 967 veni-mus,
1851 928 1964 967 judicio
1974 938 2116 963 centum-

1157 967 1244 997 virali
1264 968 1340 998 hanc
1359 970 1536 999 sententiam
1562 968 1715 1003 defendit,
1736 970 1769 999 δε
1786 969 1873 1000 facile
1886 991 1893 1003 ‚
1918 969 1990 1001 cum
2009 980 2115 1002 contra

1156 1018 1227 1038 eum
1246 1009 1490 1048 prudentissimus
1510 1012 1606 1041 homo
1617 1031 1625 1045 ,
1638 1014 1678 1053 Q
1690 1013 1811 1041 Mucius
1820 1032 1828 1045 ‚
1842 1012 1951 1042 diceret
1961 1033 1969 1046 ‚
1979 1013 2116 1052 probavit

1157 1052 1319 1085 omnibus,
1340 1055 1382 1082 M.
1395 1055 1539 1087 Curium,
1561 1055 1614 1094 qui
1625 1053 1869 1083 heresinstitutus
1886 1052 1956 1084 esset
1976 1057 2027 1088 ita,
2041 1064 2116 1084 mor·

1156 1099 1204 1121 tuo
1219 1091 1349 1132 postumo
1361 1093 1424 1132 filia
1434 1105 1445 1121 .·
1468 1094 1541 1124 cum
1557 1096 1636 1125 iilius
1648 1105 1712 1125 non
1721 1094 1817 1125 modo
1829 1106 1893 1125 non
1904 1105 2052 1129 mortuus,
2065 1095 2114 1126 sed

1156 1144 1194 1163 ne
1214 1144 1300 1164 natus
1309 1136 1433 1175 quidem
1443 1134 1531 1170 ess'et,
1543 1137 1684 1166 heredem
1701 1135 1759 1166 effe
1767 1147 1912 1176 oportere.
1933 1137 2014 1179 Qid
2027 1142 2036 1166 ?
2047 1147 2116 1168 ver-

1157 1175 1202 1205 bis
1216 1176 1283 1206 satis
1296 1177 1354 1207 hoc
1366 1187 1485 1207 cautum
1499 1181 1580 1208 erat?
1603 1180 1743 1208 minime.
1767 1189 1833 1219 quae
1843 1189 1888 1208 res
1902 1181 1992 1219 igitur
2000 1180 2116 1210 valuit?
2146 1210 2152 1216 Ι

1156 1217 1298 1247 voluntas.
1314 1229 1380 1259 qua:
1391 1217 1411 1248 fi
1425 1221 1519 1249 tacitis
1529 1219 1618 1249 nobis
1632 1221 1761 1261 intelligi
1771 1219 1864 1260 poss'et
1874 1241 1883 1254 ‚
1903 1221 2001 1251 verbis
2011 1222 2116 1251 omni-

1157 1269 1199 1289 no
1218 1270 1283 1290 non
1305 1270 1468 1291 uteremur.
1491 1263 1562 1302 quia
1576 1272 1640 1291 non
1653 1262 1766 1301 potest:
1791 1263 1880 1292 verba
1897 1271 2010 1302 reperta
2028 1263 2115 1297 sunt,

1157 1311 1221 1331 non
1245 1312 1310 1343 quae
1337 1302 1520 1342 impedirent
1539 1323 1548 1337 ‚
1575 1302 1623 1333 sed
1642 1313 1709 1344 quae
1730 1303 1896 1334 indicarent
1916 1304 2114 1338 voluntatem.

1158 1346 1170 1369 5
1180 1345 1246 1373 Lex
1264 1344 1364 1383 usum,
1389 1345 1421 1374 δε
1438 1344 1644 1375 :infirmitatem
1662 1345 1751 1375 fundi
1765 1345 1854 1385 jubet
1872 1344 1929 1375 effe
1941 1346 2113 1376 biennium.

1160 1388 1200 1414 At
1217 1387 1332 1415 utimur
1352 1385 1460 1416 eodeni
1474 1388 1540 1426 jure
1560 1389 1593 1416 in
1606 1387 1720 1417 aedibus
1735 1407 1743 1421 ,
1768 1397 1833 1428 quae
1849 1388 1883 1417 in
1900 1387 1965 1429 lege
1983 1397 2047 1418 non
2062 1397 2116 1428 ap-

1157 1427 1313 1466 pellantur.
1336 1430 1367 1457 Si
1387 1428 1438 1456 via
1446 1426 1853 1470 fitimmunita,jubet‚.qua
1866 1430 1957 1463 velit,
1970 1439 2052 1471 agere
2066 1431 2119 1470 ju-

1159 1477 1310 1499 mentum.
1333 1469 1432 1509 potest
1441 1471 1500 1500 hoc
1515 1480 1554 1502 ex
1566 1471 1665 1500 verbis
1676 1471 1818 1512 intelligi,
1829 1471 1928 1505 licere,
1940 1470 1962 1501 fi
1973 1475 2021 1502 via
2030 1469 2064 1502 s1t
2082 1474 2117 1503 in

1159 1512 1268 1540 Brutiis
1289 1512 1452 1541 immunita
1462 1531 1470 1545 ,
1481 1521 1575 1552 agere,
1586 1511 1607 1541 si
1620 1513 1705 1546 velit,
1717 1513 1894 1552 jumentum
1903 1522 1956 1553 per
1964 1515 2008 1544 M.
2016 1515 2118 1545 Scauri

1158 1553 1376 1583 Tusculanum.
1409 1552 1500 1583 Aetio
1520 1553 1562 1584 est
1581 1555 1614 1584 in
1632 1553 1766 1584 adorem
1782 1556 1960 1594 praesentem
1983 1556 2030 1585 his
2049 1565 2116 1586 vei·-

1158 1594 1203 1623 bis
1221 1613 1230 1627 ‚
1264 1604 1541 1635 QANDOQJJnEM
1573 1605 1616 1626 τε
1647 1605 1685 1625 m
1713 1605 1800 1635 June.
1831 1606 2019 1627 coNsmCIo.
2052 1599 2118 1628 Hac

1155 1635 1275 1666 afflone
1288 1638 1462 1676 Appiusille
1475 1640 1573 1667 Caecus
1592 1639 1636 1667 uti
1647 1647 1711 1667 non
1721 1636 1835 1678 posset,
1855 1636 1875 1668 fi
1894 1647 1955 1668 tam
1973 1638 2042 1668 vere
2058 1640 2117 1669 ho-

1158 1679 1255 1708 mines
1266 1680 1355 1708 verba
1373 1678 1621 1713 consestarentur,
1635 1678 1727 1720 quam
1738 1689 1813 1714 rem,
1826 1681 1911 1719 cujus
1927 1681 2011 1710 causa
2027 1680 2119 1712 verba

1158 1720 1234 1753 sunt,
1248 1730 1311 1750 non
1319 1718 1545 1751 considerarent.
1569 1721 1764 1751 Testamento
1775 1720 1796 1750 si
1805 1723 1940 1751 recitatus
1950 1723 2034 1752 heres
2045 1720 2119 1754 esset

1155 1763 1277 1803 pupillus
1297 1763 1455 1792 Cornelius
1463 1782 1471 1796 ‚
1489 1763 1573 1804 isque
1582 1764 1645 1803 jam
1655 1773 1751 1793 annos
1762 1773 1808 1793 xx
1819 1763 1937 1793 haberet
1947 1784 1956 1797 ,
1967 1763 2055 1794 vobis
2065 1765 2116 1794 in-

1158 1803 1332 1843 terpretibus
1354 1806 1503 1834 amitteret
1522 1805 1735 1835 haereditatem.
1768 1806 1906 1835 Veniunt
1925 1807 1959 1834 in
1979 1814 2116 1836 mentem

1159 1847 1238 1875 mihi
1254 1846 1416 1885 permulta:
1436 1846 1525 1876 vobis
1541 1847 1623 1886 plura
1635 1867 1644 1879 ,
1666 1845 1747 1876 certo
1766 1846 1837 1876 scio.
1859 1845 1968 1877 verum
1979 1867 1987 1881 ‚
2008 1857 2048 1877 ne
2065 1850 2116 1878 ni-

1160 1886 1259 1916 mium
1270 1888 1366 1917 multa
1375 1887 1621 1927 compleShirnur,
1632 1897 1718 1929 atque
1732 1888 1768 1918 ab
1778 1898 1826 1921 eo,
1838 1888 1919 1929 quod
1928 1887 2115 1929 propofitum

1158 1928 1210 1962 est,
1223 1928 1345 1970 longius
1355 1929 1467 1959 aberret
1476 1932 1570 1959 oratio
1583 1941 1588 1958 z
1610 1932 1669 1960 hoc
1678 1931 1777 1970 ipsurn
1788 1929 1996 1964 inter-dilstum,
2006 1930 2042 1961 de
2052 1941 2115 1972 quo

1157 1972 1270 2012 agitur,
1289 1969 1520 2001 confideremus.
1544 1972 1721 2013 Intelligetis
1738 1973 1822 2002 enim
1843 1976 1876 2002 in
1886 1982 1923 2002 eo
1931 1973 2016 2013 ipso,
2039 1972 2061 2003 fi
2079 1975 2114 2003 in

1156 2012 1255 2043 verbis
1265 2013 1314 2052 jus
1331 2012 1565 2046 constituamus,
1583 2023 1709 2044 omnem
1720 2014 1881 2044 utilitatem
1891 2023 1947 2044 nos
1956 2014 2046 2052 hujus
2062 2017 2114 2045 in-

1157 2053 1278 2084 terdicti
1290 2074 1298 2088 ,
1318 2053 1393 2084 dum
1403 2055 1513 2085 versuti
1525 2076 1532 2089 ,
1546 2056 1688 2085 &callidi
1700 2056 1845 2086 volumus
1857 2053 1927 2089 effe,
1942 2055 2111 2087 amissuros.

1157 2099 1255 2126 UNDE
1277 2106 1339 2129 ru,
1374 2105 1442 2126 Am·
1464 2106 1619 2126 FAMILIA
1638 2117 1646 2130 ,
1673 2107 1742 2127 AUT
1766 2106 1993 2127 PROCURATOR
2014 2107 2112 2129 Tuus.

1157 2139 1187 2168 Si
1207 2147 1256 2167 me
1266 2138 1387 2168 villicus
1397 2147 1463 2168 tuus
1478 2139 1557 2168 solus
1570 2137 1734 2177 dejecifi‘et:
1752 2148 1816 2168 non
1825 2137 2111 2178 familiadejeciffet,

1158 2189 1191 2209 ut
1202 2180 1330 2219 opinor,
1351 2179 1398 2209 sed
1415 2180 1522 2220 aliquis
1539 2180 1574 2209 de
1593 2180 1716 2210 familia.
1740 2180 1836 2210 Recte
1854 2182 1945 2222 igitur
1959 2180 2071 2212 diceres
2081 2190 2112 2212 te

1157 2219 1334 2251 restituisse?
1351 2223 1470 2261 quippe.
1493 2221 1574 2259 Quid
1588 2223 1672 2251 enim
1680 2220 1798 2251 facilius
1814 2221 1874 2255 est,
1893 2232 1983 2263 quam
1992 2223 2112 2263 probari

1156 2265 1204 2296 iis,
1218 2264 1270 2303 qui
1289 2263 1396 2292 Latine
1408 2263 1517 2296 sciant,
1530 2265 1564 2292 in
1575 2273 1637 2292 uno
1648 2264 1766 2293 servulo
1775 2264 1897 2302 familiae
1910 2274 2025 2295 nomen
2043 2274 2109 2296 non

1155 2305 1251 2334 valere
1263 2305 1273 2331 ?
1292 2302 1406 2334 sivero
1416 2314 1454 2333 ne
1464 2305 1568 2334 habeas
1576 2305 1699 2345 quidem
1711 2306 1838 2339 servum,
1848 2314 1950 2346 praeter
1960 2316 2043 2340 eum,
2055 2308 2108 2348 qui

1155 2355 1204 2375 me
1215 2345 1354 2385 dejecerit
1366 2355 1371 2373 z
1383 2346 1493 2376 clames
1501 2346 1641 2376 videlicet
1650 2366 1658 2380 ,
1671 2349 1701 2376 Si
1714 2347 1810 2377 'nabeo
1819 2347 1980 2381 familiam,
1991 2348 2006 2379 a
2016 2347 2107 2379 fami-

1154 2389 1192 2417 lia
1213 2397 1279 2417 mea
1288 2386 1382 2416 fateor
1391 2396 1419 2417 te
1429 2385 1486 2417 ess‘e
1496 2387 1659 2423 dejectum.
1678 2398 1773 2429 neque
1783 2388 1912 2419 dubium
1922 2389 1974 2423 est,
1985 2392 2072 2431 quin,
2082 2388 2105 2420 fi

1152 2428 1186 2459 ad
1198 2439 1262 2458 rem
1275 2428 1470 2467 judicandam
1487 2430 1580 2460 verbo
1591 2430 1745 2463 ducimur,
1758 2440 1821 2460 non
1831 2441 1861 2461 re
1873 2442 1879 2460 z
1897 2430 2047 2462 familiam
2058 2433 2105 2462 in÷

1153 2471 1321 2511 telligamus
1330 2490 1338 2504 ‚
1357 2481 1421 2511 quae
1432 2470 1548 2501 constet
1556 2482 1593 2502 ex
1606 2472 1695 2502 seivis
1704 2472 1855 2512 pluribus:
1877 2475 1952 2513 quin
1963 2482 2040 2504 unus
2050 2475 2108 2504 ho-

1154 2522 1216 2546 m0,
1233 2511 1348 2542 familia
1358 2523 1421 2542 non
1432 2512 1472 2543 sit.
1484 2514 1611 2543 verbum
1621 2514 1710 2547 certe,
1723 2515 1780 2544 hoc
1788 2524 1851 2544 non
1861 2512 1954 2545 modo
1965 2514 2106 2555 postulat,

1153 2554 1201 2585 sed
1213 2556 1302 2584 etiam
1314 2556 1447 2594 cogitAt
1457 2554 1527 2585 vero
1538 2555 1921 2597 1·auojuris‚interd·1ffique
1930 2557 2024 2591 vis,&
2032 2567 2109 2598 prae-

1152 2605 1252 2626 torum
1266 2597 1404 2626 voluntas
1415 2617 1423 2630 ‚
1447 2597 1479 2627 &
1490 2598 1653 2627 hominum
1664 2596 1856 2637 prudentium
1874 2597 2053 2633 consilium,
2075 2599 2109 2631 δε

1152 2639 1310 2668 auum-itas
1320 2658 1329 2671 ,
1341 2638 1455 2678 respuat
1472 2640 1548 2669 hanc
1558 2638 1764 2669 defensionem
1775 2659 1784 2672 ,
1797 2639 1829 2670 &
1838 2650 1891 2680 pro
1901 2641 2002 2670 nihilo
2012 2642 2106 2680 put‘et.

1154 2680 1234 2722 Qid
1246 2682 1326 2721 ergo?
1334 2679 1383 2710 isti
1394 2681 1534 2711 homines
1543 2681 1650 2711 Latine
1661 2691 1726 2711 non
1735 2682 1913 2722 loquuntur?
1923 2681 2024 2712 immo
2035 2681 2108 2713 verb
2127 2674 2211 2720 202⁵*
2227 2671 2229 2693 ²

1153 2731 1268 2752 tanturn
1281 2724 1446 2763 loquuntur
1456 2743 1464 2755 ,
1475 2732 1622 2764 quantum
1634 2722 1676 2753 est
1686 2723 1751 2753 satis
1765 2722 1801 2753 ad
1811 2723 2041 2765 intelligendam
2052 2734 2109 2755 vo·
2153 2731 2156 2734 '

1154 2765 1319 2794 luntatem:
1337 2761 1351 2783 ⁶
1361 2763 1433 2794 curn
1444 2763 1496 2794 sibi
1510 2766 1569 2794 hoc
1577 2765 1788 2805 proposuerint
1796 2784 1804 2798 ,
1828 2774 1860 2794 ut
1869 2785 1877 2798 ,
1895 2763 1953 2795 five
1964 2775 2047 2796 metu
2058 2766 2112 2797 de-

1155 2807 1260 2846 jeceris
1271 2826 1279 2841 ‚
1292 2805 1351 2836 five
1361 2815 1485 2836 tuorum
1495 2807 1641 2847 quispiam
1651 2827 1660 2841 ,
1671 2805 1729 2837 five
1739 2807 1892 2837 servorum
1901 2827 1910 2842 ,
1930 2806 1990 2839 five
1997 2810 2114 2839 amico-

2032 2859 2113 2883 rum,

1158 2946 1272 2981 Tui-ing.
1283 2947 1310 2971 &
1323 2946 1440 2971 veritatis
1451 2954 1506 2980 ejus
1519 2946 1655 2980 vestigium
1667 2946 1811 2971 etiamnum
1823 2945 1904 2972 hzerct
1913 2954 1939 2972 in
1950 2945 2016 2971 olim
2026 2946 2110 2977 cufim

1156 2981 1183 3008 in
1196 2982 1289 3017 quibus
1301 2983 1389 3007 allum,
1409 2981 1468 3007 Cic.
1479 2980 1526 3007 lib.
1541 2990 1550 3006 1
1558 3001 1564 3006 .
1575 2980 1735 3007 Officiorum
1747 2991 1753 3007 ι
1770 2983 1889 3014 Honestu'm
1897 2991 1927 3008 ex
1936 2991 1979 3016 quo
1989 2989 2070 3015 aptum
2078 2983 2114 3009 eff

1156 3018 1250 3050 efficium
1260 3029 1268 3049 ‚-
1279 3018 1350 3053 prius
1362 3017 1414 3043 fuit
1423 3018 1557 3049 apperficm.
1575 3016 1747 3043 Gulielmius.

1194 3062 1220 3087 5.
1239 3056 1291 3078 ch
1300 3053 1366 3086 nfitm
1375 3053 1404 3083 (ἓν
1413 3052 1628 3087 azet‘l.ji‹ndij:1l1tt
1637 3053 1676 3088 effi
1686 3052 1830 3087 bremium]
1849 3053 2018 3080 Hotomanus
2029 3051 2114 3088 conji-

1157 3089 1193 3115 cit
1205 3091 1320 3115 biennem.

1131 3105 1136 3165 ι
1192 3125 1220 3151 6.
1239 3127 1298 3150 Cum
1305 3124 1567 3158 hocfihipropofizerint,
1577 3126 1658 3159 ursive
1667 3134 1699 3151 mc
1709 3125 1812 3159 tu‚&c.]
1824 3126 1894 3161 Qae
1904 3125 2048 3152 Lambinus
2058 3123 2115 3151 heic

1155 3160 1288 3193 inferciit,
1300 3169 1352 3188 non
1363 3160 1450 3188 inveni
1459 3161 1487 3188 in
1498 3160 1567 3188 Pau.
1577 3162 1605 3188 δε
1615 3168 1682 3198 puto
1691 3160 1806 3199 nuspiam
1817 3170 1937 3198 genuum
1947 3161 2067 3224 scripta}
2084 3194 2118 3220 h

2008 3205 2032 3226 ι.
2060 3203 2083 3222 ar

1157 2897 1220 2942 3¹.
1240 2914 1300 2945 Ἡρη
1311 2919 1338 2935 cx
1347 2897 1972 2950 Δνενόὶς-ινιλῦ.ιῖι>1-Ῑ>ι’;ιῇῄ-·ιπ]Ηεῐεεεῐὶίὶιὴρζυτῑι
1981 2909 2048 2936 Pall.
2060 2910 2123 2943 haec,
2160 2909 2166 2915 ‘
2207 2907 2209 2914 ¹
