2360 3400
493 110 704 158 Erisr.
751 127 827 158 AD
877 111 1201 175 Quina-uzu
1238 118 1589 173 Fanniam
1624 124 1756 179 Lin-
1792 125 1859 171 11.

261 190 328 223 abo.
340 188 499 222 fiSalustiii
508 189 710 231 Empedoclea
719 189 824 231 legeris
839 201 845 220 :
857 191 1015 223 hominem
1027 202 1089 223 non
1100 202 1158 233 pu-

207 234 283 265 tabo.
313 232 397 263 Vale.

399 275 612 303 MARCUS
634 275 912 310 Q FRATR1.
935 278 963 307 S.

295 318 409 345 Aunto
425 314 480 344 tibi
498 315 639 352 jucundas
658 314 716 345 effe
733 326 814 346 meas
831 317 959 347 litteras:
979 326 1034 347 nec
1055 326 1155 346 tamen

294 353 457 386 habuissem
478 356 624 386 scribendi
640 366 722 387 nunc
738 357 862 397 quidem
883 358 980 388 ullum
997 367 1154 397 argumen-

204 406 270 427 tum
288 416 297 431 ‚
323 395 379 427 nisi
410 406 471 427 tuas
495 396 679 436 accepiss'em.
699 408 768 428 nam
791 399 866 438 prid.
885 399 928 429 Id.
948 397 1018 429 curn
1037 400 1153 438 Appius

203 438 338 469 senatum
359 437 581 478 infrequentem
604 438 763 479 coEgiss‘et,
783 449 898 470 tantum
918 439 976 469 fuit
985 440 1078 481 frigus
1091 460 1100 473 ‚
1121 451 1154 472 ut

202 481 308 520 populi
319 482 459 510 convicio
468 479 588 510 coa&us
597 478 631 510 {it
645 490 699 509 nos
710 481 870 511 dimittere.
884 484 931 511 De
942 484 1151 521 Commageno

199 531 269 563 rege
279 541 289 555 ,
303 521 386 562 quod
396 531 459 551 rem
471 530 562 551 totam
573 520 758 552 discufferam
771 543 780 555 ‚
795 521 922 552 mirifice
933 523 1010 552 mihi
1021 523 1053 552 &
1062 533 1113 562 per
1122 525 1152 553 se

202 564 237 594 &
245 572 297 603 per
307 565 512 603 Pomponium
523 563 675 593 blanditur
689 565 812 603 Appius.
825 563 916 594 Videt
926 566 1019 597 enim,
1027 565 1090 594 hoc
1099 575 1152 606 ge-

199 615 271 636 nere
280 605 400 635 dicendi
413 603 433 634 si
445 613 508 634 utar
518 606 549 634 in
566 607 670 634 ceteris
681 624 688 638 ‚
706 605 843 635 Februar.
855 604 983 635 sterilem
994 604 1129 636 futurum
1139 617 1149 635 ,-
1168 609 1169 641 J

200 656 332 687 eumque
351 644 404 676 lusi
423 646 527 684 jocose
539 646 618 676 satis:
645 655 742 686 neque
752 645 935 676 solumillud
945 645 1054 676 cXtorsi
1063 650 1150 687 oppi—
1167 645 1169 676 ,¹

199 688 308 719 dulum
321 708 330 722 ‚
348 687 430 728 quod
448 696 508 717 erat
522 686 652 726 positum
675 691 684 706 ¹
699 689 732 716 in
744 688 910 726 Euphrate,
932 686 964 718 δε
975 689 1148 729 Zeugmate:

196 730 247 761 sed
257 739 395 769 praeterea
406 738 505 769 togam
517 730 582 758 sum
592 730 655 768 ejus
665 737 849 768 praetextam,
860 739 949 768 quam
961 738 1020 759 erat
1028 729 1148 768 adeptus
1165 760 1167 768 ,

196 772 310 802 Caesare
333 780 397 800 cos.
417 779 527 810 magno
545 772 707 799 hominum
728 770 786 799 risu
801 770 963 800 cavillatus.
994 771 1082 811 Qoa'
1097 782 1147 800 non

195 814 285 847 vult,
304 814 439 854 inquam,
457 820 587 839 renovare
606 812 712 839 honores
733 810 833 850 eosdem
844 830 853 843 ‚
873 820 926 850 quo
948 811 1041 840 mimis
1051 820 1146 852 rogam

190 862 355 895 praerextam
364 854 509 894 quotann'u
518 853 681 891 interpollet,
689 851 881 880 decernendum
891 852 965 880 nilnl
972 854 1067 891 censeo.
1084 856 1145 883 Vos

193 905 296 927 autem
307 896 447 925 homines
461 893 590 925 nobiles,
602 894 677 931 ²qui
686 891 851 922 Rufi-enum
860 901 1066 932 praetexmtum
1078 903 1144 925 non

191 937 333 967 ferebatis
345 955 354 969 ‚
365 938 605 973 Commagenum
615 932 715 962 feretis
733 934 744 961 ?
763 934 866 963 Genus
877 934 960 964 vides
970 953 978 967 ‚
995 935 1028 964 δε
1040 935 1143 966 locum
1163 963 1164 974 ,

190 978 325 1019 jocandi.
347 976 444 1006 Multa
453 974 519 1004 dixi
531 976 561 1004 in
572 973 737 1015 ignobilem
749 984 848 1015 regem
862 986 867 1004 .·
886 975 994 1016 quibus
1007 985 1090 1006 totus
1102 976 1144 1007 est

193 1019 344 1059 explosus.
363 1026 424 1057 quo
434 1025 541 1057 genere
549 1023 724 1046 commotus
738 1014 792 1054 (ut
800 1016 886 1057 dixi)
898 1019 1011 1057 Appius
1022 1038 1030 1052 ,
1043 1026 1141 1049 totum

2059 143 2151 190 945

1178 196 1388 242 ‹vehementer
1407 209 1533 231 vexatus
1553 201 1714 232 Gabinius:
1739 205 1876 245 exagitati
1896 210 1994 234 tamen
2015 203 2155 234 aDomi'-

1195 245 1238 266 tio
1257 239 1427 276 publicani,
1447 242 1530 282 quod
1549 252 1620 273 eum
1643 242 1736 275 ess‘cnt
1755 255 1825 275 cum
1836 247 1919 285 equis
1928 246 2074 285 prosecuti
2090 255 2096 274 ε
2115 247 2149 274 (ἶ.

1195 278 1293 308 noster
1304 281 1408 311 Lamia
1416 284 1516 321 paullo
1527 283 1667 317 ferocitis,
1679 284 1751 315 cum
1763 286 1919 316 Domitius
1929 285 2060 320 dixisset,
2071 289 2150 315 Vns-

1193 328 1262 348 τευ.
1285 330 1391 351 cuLPA
1411 325 1472 354 haec
1493 325 1682 359 acciderunt,
1700 330 1814 368 equites
1832 330 1868 358 R.
1905 327 2046 358 dissolute
2064 330 2152 357 enim*
2198 338 2201 342 ·

1173 362 1174 367 ¹
1192 359 1347 397 judicatis:
1375 365 1618 404 Nosjudicamus
1629 387 1636 401 ‚
1648 371 1665 394 4
1679 378 1735 398 vos
1746 369 1869 399 laudatis
1881 390 1891 402 ,
1906 371 2011 410 inquit.
2035 368 2147 399 Astur-

1172 411 1173 414 *
1192 401 1234 431 est
1253 412 1288 431 eo
1302 402 1351 432 die
1370 406 1456 434 nibil.
1481 417 1545 436 nox
1564 408 1694 438 diremit,
1717 410 1930 440 comitialibus
1943 410 2072 444 diebus,
2093 420 2145 450 qui

1191 445 1541 489 Qirinaliaffsequuntiir
1553 467 1561 481 ,
1582 453 1695 489 Appius
1719 453 1992 490 interpretaturnon
2005 452 2145 491 impediri

1170 491 1171 494 ’
1191 484 1218 513 se
1229 491 1293 523 lege
1303 487 1392 524 Pupia
1403 506 1411 519 ‚
1434 498 1494 528 quo
1504 488 1606 518 minus
1621 492 1721 521 habeat
1734 492 1866 522 senatum
1883 513 1890 526 ,
1917 493 2041 533 &quod
2053 492 2144 522 Gabi-

1169 530 1171 535 ’
1189 527 1239 555 nia
1258 524 1391 556 sanetum
1411 527 1443 557 sn
1457 548 1464 561 ,
1489 531 1576 560 etiam
1599 534 1663 572 cogi
1683 542 1720 563 ex
1733 534 1787 563 Kal
1807 535 1891 563 Febr.
1916 535 2005 575 usque
2024 534 2059 564 ad
2077 534 2142 563 Kal.

1168 579 1170 606 j
1189 567 1402 613 Marnlegatis
1421 569 1552 600 senatum
1571 573 1706 612 quotidie
1725 573 1796 604 dari.
1820 577 1857 604 ita
1868 585 2005 615 pntantur
2024 575 2141 605 detrudi

1186 616 1357 637 comitiam
1376 611 1512 640 mensem
1525 614 1679 643 Martium.
1706 615 1752 645 scd
1773 625 1870 646 tamen
1892 618 1938 646 his
1962 616 2140 647 comitialib-

1187 648 1300 678 tribun.
1311 649 1389 687 pleb.
1407 650 1442 679 de
1454 653 1585 683 Gabinio
1598 654 1622 683 se
1634 655 1749 686 affluitis
1760 656 1816 686 effe
1827 659 1939 688 dicunt.
1963 659 2073 687 Omnia
2083 658 2142 687 colv

1184 691 1265 729 ligo,
1286 699 1318 720 ut
1336 699 1409 719 novi
1428 692 1551 723 scribam
1570 695 1682 735 aliquid
1692 698 1726 727 ad
1747 707 1782 727 te.
1807 698 1852 728 sed
1865 708 1895 730 ut
1907 699 2009 733 vides,
2033 708 2078 728 res
2088 708 2138 727 me

1183 731 1244 770 ipsa
1262 730 1373 760 deficit.
1399 734 1500 773 Itaque
1516 735 1572 765 rad
1584 736 1792 768 Callisthenem
1808 758 1815 771 2
1835 740 1867 769 δε
1879 741 1913 770 ad
1925 739 2082 770 Philistum
2093 750 2142 769 re-

1182 772 1240 802 deo
1255 773 1305 802 :in
1313 774 1423 813 quibus
1434 784 1461 804 te
1471 775 1559 805 video
1573 778 1747 808 volutatum.
1771 778 1786 798 6
1797 781 1993 811 Callisthenes
2002 781 2138 823 quidem,

1164 817 1166 824 ⁴
1182 814 1302 853 vulgare
1315 833 1324 847 .
1352 815 1384 844 &
1403 824 1511 845 notum
1533 820 1689 859 negotium
1708 841 1716 853 ‚
1737 823 2019 860 7quemadmodum
2043 825 2140 854 Graect

1164 855 1165 862 ¹
1182 855 1484 895 aliquotlocutisunt.
1507 860 1624 888 Siculus
1637 861 1687 890 ille
1699 881 1707 893 ‚
1727 863 1858 901 capitalis
1870 883 1877 895 ‚
1894 864 2010 898 creber,
2023 874 2137 896 acutus,

1182 896 1279 926 brevis
1290 916 1299 930 ‚
1319 897 1404 937 paene
1416 897 1541 937 pusillus
1551 901 1763 940 Thucydides:
1779 903 1826 933 sed
1840 913 1919 933 utros
1929 906 1992 941 ejus
2003 906 2141 935 habueris

1182 937 1276 967 libros
1288 939 1316 977 (d
1323 949 1360 968 uo
1374 940 1458 968 enim
1471 941 1536 971 sunt
1545 943 1679 983 corpora)
1691 953 1728 973 an
1740 945 1878 985 utrosque
1890 965 1898 977 ‚
1924 946 2033 975 nescio.
2057 942 2072 965 ὃ
2082 948 2135 977 Me

1162 982 1164 1018 Ῐ
1181 981 1275 1019 magis
1294 980 1332 1010 de
1341 980 1491 1020 Dionyfio
1514 982 1648 1014 deletfflit.
1672 986 1733 1025 ipse
1756 985 1797 1015 est
1806 989 1889 1016 enim
1900 995 2045 1017 veterator
2054 998 2137 1028 mag-

1181 1030 1238 1050 nus
1249 1040 1257 1054 ‚
1280 1022 1314 1052 δε
1330 1021 1537 1062 perfamiliaris
1548 1025 1681 1056 Philisto.
1704 1027 1760 1057 Sed
1770 1028 1850 1067 quod
1859 1027 1998 1058 adscribis
2009 1048 2017 1061 ‚
2036 1039 2138 1069 aggre·

191 1070 243 1091 me
261 1060 458 1099 amplexatur.
490 1058 580 1104 Nihil
602 1056 645 1087 est
662 1058 746 1104 enim
764 1057 898 1092 facilius,
918 1059 1008 1099 quam
1029 1060 1142 1107 reliqua
1161 1090 1162 1107 ἶ
1181 1061 1297 1092 derisne
1306 1064 1340 1094 ad
1361 1062 1513 1094 historiam
1530 1069 1539 1094 ?
1558 1075 1607 1096 me
1616 1066 1735 1097 au&ore
1745 1078 1838 1107 potes.
1863 1069 1915 1103 δε,
1936 1071 2080 1110 quoniam
2093 1080 2134 1100 ta—

188 1101 345 1133 discutere.
368 1100 424 1130 Sed
436 1109 499 1129 non
509 1098 613 1146 faciam
626 1119 635 1132 ‚
647 1099 776 1145 utillum
790 1098 943 1147 offendam
955 1120 962 1134 ‚
976 1111 1015 1131 ne
1029 1103 1141 1142 implo-
1161 1123 1162 1136 i
1178 1103 1318 1134 bellarios
1341 1105 1546 1136 subministras
1568 1127 1576 1140 ‚
1612 1108 1750 1138 hodierni
1771 1110 1831 1140 diei
1851 1120 1895 1140 res
1911 1109 2004 1150 gestas
2021 1113 2136 1150 Luper-

187 1151 233 1173 ret
251 1142 342 1172 fidem
362 1143 445 1179 Iovis
465 1141 631 1179 Hospitalis:
651 1142 756 1179 GraJos
775 1151 896 1171 omneis
905 1152 1069 1176 convocet,
1087 1153 1141 1183 per
1160 1138 1289 1176 ‘caribus
1309 1146 1441 1177 habebis.
1481 1148 1605 1179 Obiecta
1623 1159 1649 1180 te
1668 1160 1736 1180 cum
1751 1153 1898 1182 Cicerone
1918 1151 2020 1183 nostro
2038 1162 2129 1193 quam

184 1194 264 1226 quos
275 1193 394 1214 mecum
406 1185 568 1223 ingratiam
582 1181 678 1211 rediit.
702 1183 904 1224 Theopompo
916 1184 1140 1217 satisfaciemus.
1160 1181 1162 1214 ἶ
1178 1185 1346 1219 bellissime.

186 1229 236 1257 De
250 1224 402 1256 Caesarefu
424 1233 483 1254 erat
494 1234 543 1254 me
552 1224 588 1253 ad
599 1233 628 1253 te
639 1223 773 1254 scribere.
797 1225 895 1255 Video
904 1227 986 1256 enim
1000 1247 1008 1260 ‚
1027 1236 1097 1267 quas
1107 1236 1138 1257 tu

183 1269 297 1299 litteras
309 1267 396 1306 caspe
430 1268 496 1296 aris.
521 1265 570 1296 sed
584 1265 634 1294 ille
648 1264 757 1305 scripsit
767 1266 802 1296 ad
814 1266 951 1300 Balbum,
962 1268 1138 1298 fasciculum

181 1311 276 1341 :illum
285 1308 474 1349 epistolarum
486 1327 494 1341 ,
515 1309 548 1337 in
558 1316 618 1347 quo
628 1305 720 1336 fuerat
731 1308 764 1338 &
774 1318 839 1338 mea
848 1327 856 1341 ‚
881 1308 914 1337 ὃς
924 1309 1007 1338 Balbi
1016 1330 1024 1343 ,
1039 1319 1138 1341 totum

180 1343 239 1382 libi
248 1360 321 1391 aqua
330 1349 486 1380 madidum
496 1348 646 1379 redditum
659 1346 717 1378 effe
730 1359 778 1378 :ut
788 1359 827 1378 ne
837 1349 911 1380 illud
922 1351 1044 1390 quidem
1055 1353 1137 1385 sciat,

183 1402 284 1423 meam
292 1390 378 1421 fuisse
389 1392 518 1430 aliquam
527 1388 697 1429 epistolam.
711 1389 760 1419 sed
773 1400 810 1419 ex
823 1391 905 1420 Balbi
916 1391 1039 1431 epistola
1048 1403 1137 1433 pauca

182 1433 272 1464 verba
282 1432 467 1463 intellexerat
479 1451 487 1464 2
500 1431 535 1461 ad
545 1441 609 1471 quae
623 1430 818 1470 rescripsithis
828 1432 924 1461 verbis
938 1453 946 1466 ‚
960 1435 1006 1462 De
1016 1435 1138 1464 Cicerone

181 1475 264 1505 video
274 1482 300 1504 re
308 1473 443 1515 quiddam
458 1471 607 1512 ftr¹Pfiffi·'
629 1472 704 1513 quod
715 1483 759 1512 ego
771 1483 822 1501 non
833 1474 976 1502 intellexi:
995 1483 1136 1516 quantum

126 1512 133 1515 „
181 1523 280 1547 autem
297 1512 451 1554 conjessura
468 1513 647 1554 confiquebar
658 1534 666 1547 ‚
688 1514 716 1543 id
733 1523 792 1543 erat
804 1515 984 1554 hujusmodi,
1004 1524 1037 1545 ut
1048 1519 1135 1557 magis

179 1558 333 1600 optandum
343 1576 352 1590 ‚
376 1566 464 1598 quam
470 1555 633 1595 sperandum
640 1564 778 1598 putarem⁴
804 1559 903 1596 Itaque
914 1556 1014 1596 postea
1025 1557 1090 1587 mifi
1098 1559 1132 1589 ad

180 1600 327 1631 Caesarem
344 1599 452 1628 eodem
463 1598 517 1627 illo
527 1605 668 1638 exemplo
679 1598 799 1627 litteras.
816 1598 928 1639 Jocum
940 1608 1039 1628 autem
1050 1600 1133 1630 illius

179 1641 217 1672 de
237 1641 287 1671 sua
303 1651 318 1670 e
341 1639 428 1670 estate
448 1649 486 1669 ne
505 1637 541 1668 sis
561 1640 737 1679 aspernatus.
760 1638 807 1668 Ad
825 1650 915 1679 quem
926 1650 981 1682 ego
991 1641 1132 1681 rescripsi,

179 1682 261 1713 m'hil
278 1691 294 1712 e
320 1692 355 1715 e,
374 1679 459 1721 quod
475 1679 596 1720 posthac
618 1691 688 1715 arca:
702 1679 806 1710 nostrae
818 1680 925 1712 fiducia
934 1683 1133 1714 conturbaret:

180 1719 296 1765 lufique
314 1725 348 1752 in
365 1732 402 1752 eo
425 1731 534 1763 genere
552 1722 585 1751 &
603 1722 786 1753 familiariter
807 1742 815 1755 ‚
836 1722 870 1752 δε
889 1733 959 1753 cum
978 1723 1131 1763 dignitate.

1349 1251 1594 1283 9MARCUS
1626 1256 1664 1293 Q.
1687 1256 1905 1289 FRATRI,
1929 1257 1956 1286 S.

1268 1303 1339 1332 UAs
1358 1302 1453 1333 adhuc
1471 1303 1486 1334 a
1508 1313 1534 1334 te
1545 1308 1644 1345 accepi
1654 1306 1809 1346 epistolas:
1831 1317 1956 1347 quarum
1969 1306 2132 1338 aiteramin

1157 1367 1159 1374 ,
1268 1344 1333 1383 ipso
1351 1343 1476 1375 disceffu
1496 1345 1616 1380 nostro,
1635 1347 1755 1378 alteram
1774 1351 1914 1379 Arimino
1933 1349 2041 1379 datam·
2065 1348 2133 1387 plu-

1155 1386 1251 1428 meis,
1273 1395 1345 1425 quas
1370 1386 1471 1416 scribis
1493 1395 1521 1416 te
1531 1387 1641 1418 dedisse
1656 1409 1665 1422 ‚
1687 1399 1749 1419 non
1758 1400 1935 1430 acceperam.
1959 1393 2023 1431 Ego
2037 1390 2132 1419 mein

1155 1452 1157 1455 .
1174 1428 1312 1456 Cumano
1322 1446 1330 1460 ,
1351 1427 1384 1457 &
1395 1428 1580 1467 Pompeiano
1595 1449 1604 1462 ,
1626 1432 1818 1472 praeterquam
1830 1432 1912 1472 quod
1924 1431 1984 1461 sine
1995 1441 2021 1461 te
2032 1451 2041 1465 ‚
2052 1440 2132 1460 cete-

1171 1466 1242 1497 rum
1259 1468 1326 1497 satis
1347 1469 1512 1499 commode
1527 1469 1724 1501 obleeiabam.
1749 1473 1782 1502 δε
1801 1472 2042 1503 eraminiisdem
2054 1473 2129 1509 locis

1154 1512 1157 1519 ⁵
1173 1509 1265 1549 usque
1275 1508 1309 1538 ad
1320 1510 1467 1550 Kal.Jun.
1491 1509 1618 1540 futurus.
1641 1513 1811 1544 Scribebam
1821 1515 1871 1544 illa
1883 1534 1891 1547 ‚
1901 1524 1967 1554 quae
1977 1514 2127 1545 dixeram,

1154 1564 1155 1567 ’
1172 1543 1323 1591 πσλιῗτιωί
1338 1564 1345 1583 2
1368 1557 1490 1597 spiffum
1502 1559 1570 1589 sane
1581 1569 1666 1600 opus,
1681 1561 1893 1601 &operosum
1915 1561 1965 1592 sed
1976 1560 1996 1590 si
2007 1571 2044 1591 ex
2059 1561 2128 1590 sen-

1172 1600 1262 1629 tentia
1282 1598 1463 1629 succefl'erit:
1484 1600 1560 1631 bene
1570 1604 1626 1631 erit
1635 1611 1725 1641 opera
1733 1602 1833 1643 pofita.
1856 1602 1898 1633 fin
1910 1602 2028 1633 minsis:
2047 1604 2079 1631 in
2089 1602 2128 1631 il·

1176 1640 1229 1670 lud
1243 1641 1342 1681 ipsum
1353 1651 1435 1671 maie
1446 1641 1635 1681 dejiciemus,
1647 1646 1678 1662 ¹0
1686 1644 1768 1684 quod
1778 1644 1936 1675 scribentes
1946 1643 2123 1685 spe&amus.

1168 1682 1373 1722 aggrediemur
1380 1683 1435 1713 alia
1449 1702 1458 1717 ,
1478 1685 1624 1724 quoniam
1636 1686 1786 1726 quiescere
1795 1696 1858 1717 non
1868 1685 2034 1726 pofi'umus.
2058 1686 2126 1715 Tua

1170 1723 1308 1754 mandata
1321 1725 1475 1765 persequar
1483 1725 1644 1765 diligenter
1653 1746 1661 1760 ‚
1683 1727 1716 1757 &
1727 1727 1925 1768 adjungendis
1935 1725 2124 1759 hominibus,

179 1767 278 1796 Amor
294 1772 394 1794 autem
405 1765 471 1802 ejus
485 1772 551 1803 erga
560 1773 617 1793 nos
633 1764 778 1803 perfertur
788 1766 933 1794 omnium
946 1765 1133 1795 nuntiis‘fin-
1170 1765 1204 1795 ὃς
1224 1765 1401 1806 quibusdam
1419 1776 1484 1796 non
1504 1767 1679 1798 alienandis.
1704 1771 1849 1800 Maximae
1872 1767 2031 1799 mihiverb
2044 1776 2123 1798 cura:

180 1806 304 1848 gularis.
335 1807 372 1835 Et
389 1805 492 1834 litterae
510 1804 634 1845 quidem
650 1804 686 1835 ad
706 1805 747 1838 id,
771 1803 853 1845 quod
873 1805 1023 1844 exspestas
1043 1825 1051 1839 ‚
1070 1806 1132 1836 fere
1168 1807 1242 1840 erit,
1259 1815 1295 1836 ut
1313 1809 1491 1837 Ciceronem
1512 1817 1596 1838 tuum
1609 1828 1618 1843 ‚
1640 1809 1837 1851 nostrumque
1849 1810 1966 1841 videam
1979 1829 1988 1842 ‚
2012 1809 2126 1839 scilicet

178 1856 252 1877 cum
262 1855 314 1876 tuo
323 1846 601 1887 reditujungentur,
614 1847 726 1886 reliqua
734 1844 920 1886 singulorum
934 1846 1050 1876 diei-um
1063 1848 1132 1877 scri-
1167 1847 1319 1886 quotidie:
1346 1848 1394 1877 sed
1411 1849 1564 1888 inspiciam
1575 1850 1647 1890 quid
1660 1850 1750 1881 discat
1760 1873 1768 1885 ,
1791 1852 1881 1891 quam
1898 1849 2053 1891 saepiffime
2067 1861 2073 1880 ι
2087 1850 2123 1880 δε

179 1887 332 1920 bemusad
344 1896 389 1920 te,
411 1885 715 1917 simodotabellarios
727 1895 757 1917 tu
769 1886 921 1927 praebebis.
944 1897 1129 1928 quamquam
1167 1886 1223 1917 nifi
1244 1888 1295 1917 ille
1316 1897 1508 1923 contemnet,
1531 1899 1621 1920 etiam
1643 1892 1807 1932 magistrum
1826 1903 1876 1922 me
1899 1896 1926 1922 ei
1943 1890 2121 1933 profitebor,

176 1928 330 1969 ejusmodi
351 1928 445 1970 frigus
479 1928 670 1968 impendebat
689 1949 698 1963 ,
730 1937 763 1958 ut
791 1928 942 1959 summum
961 1930 1130 1968 periculum
1164 1930 1249 1965 cujus
1268 1931 1311 1958 rei
1333 1930 1514 1960 nonnullam
1532 1932 1780 1964 consuetudinem
1799 1933 1902 1964 natibus
1919 1934 1984 1964 sum
2007 1935 2040 1963 in
2062 1934 2121 1964 hoc

178 1969 252 2005 efl'et
262 1991 272 2005 ‚
298 1980 337 2000 ne
347 1973 446 2010 Appio
456 1970 514 2000 suae
523 1970 599 2000 aedes
607 1978 759 1999 urerentur.
782 1971 865 2000 Vale.
1165 1972 1275 2001 horum
1286 1970 1404 2001 dierum
1415 1974 1479 2002 otio
1488 1991 1497 2006 ,
1511 1975 1654 2003 Cicerone
1667 1974 1769 2006 nostro
1778 1978 1809 1995 ¹²
1822 1977 1941 2006 minore
1951 1975 2121 2015 producen-

369 2014 403 2042 M
414 2016 439 2042 A
448 2013 476 2042 R
488 2014 568 2042 CUS
598 2014 649 2051 Q
659 2014 718 2042 FR
731 2015 756 2042 A
766 2014 795 2042 T
805 2014 832 2042 R
841 2014 853 2041 l
862 2031 870 2045 ‚
904 2015 934 2043 S.
1165 2012 1225 2052 do..
1237 2015 1286 2042 Tu
1297 2032 1305 2046 ‚
1331 2013 1589 2053 quemadmodum
1607 2015 1707 2046 scribis
1720 2036 1727 2050 ,
1745 2018 1827 2057 quod
1838 2019 1927 2048 etiam
1941 2017 1960 2048 fi
1973 2027 2035 2047 non
2048 2017 2120 2047 scri—

117 2043 160 2072 52
264 2056 310 2084 Isi
322 2053 416 2083 nivem
425 2061 539 2093 attam:
551 2062 638 2094 teque
648 2053 734 2083 hilari
743 2055 847 2083 animo
857 2052 914 2084 effe
928 2074 936 2088 ‚
957 2054 990 2085 &
1002 2064 1128 2096 promp-
1163 2054 1247 2084 beres
1257 2074 1265 2088 ‚
1283 2053 1376 2084 facere
1386 2063 1413 2084 te
1423 2054 1648 2096 diligentiffime
1657 2067 1757 2088 tamen
1768 2059 1894 2089 sciebam
1908 2079 1916 2093 ,
1935 2059 2044 2092 facies,
2063 2058 2120 2088 sci-

177 2055 297 2131 Rto
306 2094 522 2135 adjocandum‚
535 2095 619 2125 valde
628 2104 678 2124 me
689 2096 780 2134 juvat.
803 2097 851 2124 De
861 2097 1016 2136 Pompejo,
1032 2095 1130 2127 affen—
1148 2102 1149 2117 ¹
1162 2097 1232 2126 licet
1243 2116 1253 2129 ,
1265 2104 1297 2126 ut
1307 2105 1372 2125 mea
1383 2096 1518 2127 mandata
1525 2097 1636 2137 digeras
1647 2119 1655 2132 ‚
1666 2100 1836 2141 persequare
1846 2120 1854 2134 ‚
1865 2099 2016 2130 conficias.
2040 2102 2116 2141 Ego,

173 2139 233 2167 tior
251 2136 326 2169 tibi,
347 2137 396 2166 vel
409 2145 438 2166 tu
448 2137 645 2176 potiusmihi.
669 2145 741 2166 nam
753 2155 761 2169 ‚
780 2145 812 2166 ut
825 2137 897 2170 scis,
921 2141 933 2165 3
946 2138 1125 2178 jampridem
1147 2136 1232 2168 =ci¹im
1242 2139 1375 2168 Romam
1385 2147 1513 2172 venero,
1524 2139 1644 2170 nullum
1656 2143 1881 2180 praetermittam
1890 2135 2011 2172 Caesaris
2023 2141 2117 2171 tabel-

171 2177 265 2210 istum
278 2187 366 2209 canto
379 2179 532 2207 cxi-irem.
557 2179 634 2207 mibi
645 2179 730 2208 crede
740 2197 749 2211 ,
768 2179 800 2207 in
812 2177 876 2208 sinu
886 2178 942 2208 est:
965 2189 1062 2220 neque
1071 2190 1126 2221 ego
1161 2180 1269 2209 larium
1283 2199 1292 2212 ‚
1315 2181 1363 2209 cui
1388 2179 1497 2210 litteras
1509 2179 1544 2210 ad
1556 2189 1584 2210 te
1595 2190 1658 2212 non
1668 2182 1748 2212 dem.
1773 2185 1831 2213 His
1841 2183 1946 2213 diebus
1957 2183 2117 2224 (ignosces)

170 2216 331 2261 distin'gor.
354 2219 508 2260 Cognosce
525 2228 606 2249 nunc
615 2219 695 2249 idus.
718 2221 865 2249 Decimus
874 2229 934 2250 erat
944 2222 1041 2251 Coelio
1052 2221 1126 2251 dics.
1146 2226 1147 2230 ¹
1161 2223 1209 2251 cui
1219 2220 1332 2254 darem,
1346 2220 1403 2251 fuit
1412 2230 1505 2252 nemo
1515 2222 1582 2252 ante
1592 2223 1671 2254 hunc
1682 2225 1726 2253 M.
1738 2223 1866 2257 offiium,
1875 2227 2006 2265 equitem
2018 2227 2112 2254 Rom.

171 2259 331 2292 D'omitius
346 2261 380 2292 ad
400 2261 685 2300 numerumjudices
699 2271 763 2292 non
775 2261 885 2291 habuit.
909 2271 1013 2294 vereor
1023 2264 1059 2292 n‘e
1069 2264 1125 2293 ho—
1161 2261 1298 2293 nostrum
1319 2262 1352 2293 &
1370 2261 1616 2302 perneceflarium
1641 2284 1650 2298 ,
1680 2265 1713 2295 &
1728 2264 1810 2306 quod
1828 2265 1871 2296 est
1888 2276 1926 2296 ex
1944 2267 2116 2304 municipio

171 2311 318 2333 motaeter
332 2323 340 2336 ‚
366 2302 507 2336 &ferus‚
534 2303 603 2333 Pola
613 2305 730 2332 Servius
743 2303 778 2333 ad
787 2302 1005 2333 accusationem
1016 2306 1125 2335 veniat.
1144 2338 1145 2343 ¹
1161 2304 1317 2334 Atellano:
1344 2303 1426 2344 quod
1442 2304 1496 2334 scis
1517 2303 1574 2335 ess‘e
1594 2307 1627 2335 in
1647 2304 1706 2336 fide
1727 2306 1834 2338 nostra.
1858 2310 1959 2348 Itaque
1978 2317 2049 2337 eum
2061 2306 2116 2336 tibi

169 2352 241 2373 nam
259 2343 358 2374 noster
367 2343 482 2374 Coelius
498 2343 582 2373 valde
591 2344 800 2385 oppugnatura
814 2353 900 2385 gente
910 2345 1026 2375 Clodia.
1050 2348 1121 2376 certi
1159 2345 1345 2376 commendo
1355 2349 1387 2375 iri
1401 2346 1546 2386 majorem
1559 2347 1685 2377 modum
1697 2368 1705 2381 ,
1718 2349 1876 2387 hominem
1888 2349 1972 2379 domi
1985 2348 2116 2388 splendi—

169 2385 249 2415 nihil
271 2384 314 2416 est
324 2385 437 2415 adhuc:
464 2384 511 2415 sed
523 2394 668 2415 veremur.
693 2386 808 2416 Eodem
818 2386 962 2427 igiturdie
972 2389 1073 2426 Tyriis
1085 2386 1127 2418 est
1160 2387 1235 2417 dum
1248 2406 1256 2420 ‚
1276 2387 1439 2428 gratiosum
1457 2390 1546 2417 etiam
1568 2397 1649 2419 extra
1668 2389 1817 2420 domum:
1837 2400 1926 2431 quem
1950 2389 1993 2420 fac
2011 2398 2044 2420 ut
2067 2398 2115 2420 tua

168 2426 287 2462 senatus
297 2426 381 2458 datus
389 2427 528 2467 irequens
540 2425 723 2468 :frequentes
731 2428 834 2459 contra
842 2429 950 2467 Syriaci
958 2428 1122 2468 publicani.
1143 2422 1145 2442 ³
1160 2428 1335 2459 liberalitate
1353 2429 1409 2460 tibi
1432 2428 1559 2470 obliges.
1582 2429 1624 2460 est
1643 2431 1783 2462 tribunus
1794 2434 1858 2462 mil.
1871 2433 1904 2461 in
1914 2433 2112 2503 exercitustno-

2065 2482 2110 2502 ro.

209 2565 233 2582 1.
252 2560 281 2582 1η
292 2558 413 2589 Euphrate
430 2556 459 2586 ὡ·
475 2557 623 2590 Ζειιρηειι.]
645 2556 701 2582 Pal.
720 2565 761 2592 pr.
780 2559 806 2581 in
824 2558 946 2589 Euphrate
961 2558 991 2588 ῤ’
1008 2564 1120 2591 engmaete.

1192 2559 1220 2585 6.
1240 2560 1390 2591 Camsthcnes
1407 2559 1524 2594 quidem]
1545 2560 1585 2586 lta
1603 2559 1670 2585 liber
1680 2559 1779 2585 Mureti
1793 2579 1800 2591 ,
1821 2560 1848 2585 8<
1868 2558 2040 2595 adstipulatur
2050 2559 2108 2586 Pal.

164 2591 300 2627 quomodo
311 2591 358 2618 sec.
379 2594 406 2617 8<
418 2599 480 2618 tert.
500 2592 546 2618 nili
566 2591 635 2627 quod
650 2592 728 2618 ambo
745 2595 860 2624 euginate.
880 2593 975 2620 tertius
994 2601 1121 2628 przcterea
1158 2600 1222 2621 tert.
1233 2594 1277 2620 alii
1288 2596 1443 2628 Callisthenis,
1454 2602 1484 2621 ut
1496 2595 1595 2630 vulgati
1608 2596 1688 2630 prius.

163 2629 295 2660 Euphrati,
312 2636 340 2654 at
350 2628 384 2654 est
395 2629 420 2654 in
433 2634 528 2662 quarto
539 2646 547 2658 ,
557 2630 583 2653 in
593 2629 712 2660 Euphrati
719 2631 837 2653 Zeumate.
859 2627 888 2653 P.
901 2629 1036 2655 Manutius
1049 2629 1117 2661 vult,

163 2663 329 2695 &Zeugmate
340 2682 348 2694 ‚
361 2663 411 2690 esse
423 2662 560 2698 gloffcma.
582 2662 725 2689 Lambinus
736 2663 826 2695 finxit,
837 2666 862 2689 in
871 2665 995 2697 Euphrate
1005 2667 1116 2698 Zeugma,

164 2698 236 2733 quod
247 2708 298 2725 non
311 2698 442 2733 displicet.

199 2742 227 2760 2.
246 2735 294 2768 Qi
304 2735 458 2768 Busrennm]
473 2734 542 2760 Mire
554 2734 637 2760 variat
648 2743 742 2760 nomen
754 2733 820 2760 istud
832 2734 856 2760 in
869 2734 925 2760 mss'.
937 2734 1042 2762 nostris.
1055 2745 1114 2763 nam

1193 2638 1220 2663 7.
1239 2631 1432 2661 Qemadmwium
1442 2633 1513 2657 Graeti
1530 2633 1619 2665 aliquot
1635 2632 1704 2656 locuti
1714 2631 1800 2665 finan]
1821 2630 1895 2657 ldem
1906 2630 1972 2658 liber
1982 2630 2110 2659 destitue-

1156 2665 1297 2692 hami-‘iliis
1309 2683 1318 2698 ,
1335 2668 1405 2691 locuti
1414 2667 1483 2699 fimt.
1503 2665 1673 2702 fieripotest3
1694 2665 1849 2694 sedcxstant
1867 2675 1955 2694 tamen
1974 2667 2001 2694 iii
2021 2669 2111 2695 onini—

1230 2702 1239 2716 2

1160 2701 1230 2763 bug}
1239 2701 1360 2770 fflile'magie
1369 2737 1396 2762 de
1403 2739 1501 2771 Dionyfio
1510 2738 1634 2771 deleant]
1654 2737 1779 2764 Alterum
1791 2737 1890 2765 scilicet
1899 2747 2004 2774 corpus,
2015 2739 2041 2767 in
2052 2747 2105 2775 quo

162 2768 272 2806 Pal-pr.
285 2773 381 2805 qiu'vix
389 2772 503 2797 Rhenum.
524 2769 625 2805 sec.qui
634 2772 769 2805 Busccnum.
789 2772 1114 2816 tert.Busthenum.quart.
1154 2771 1187 2797 de
1206 2772 1325 2808 Dionysii
1347 2773 1422 2799 rebus
1441 2773 1520 2808 gestis
1538 2780 1649 2812 egerat,
1678 2774 1766 2814 inquit
1785 2774 1920 2801 Vifiorius
1940 2775 1986 2801 lib.
2006 2784 2105 2802 xxxn.

164 2806 307 2832 Burrenum.

222 2859 229 2867 .
246 2842 394 2875 Jampridem
410 2842 478 2873 istum
486 2848 553 2868 canto
562 2841 699 2876 Cir-sizna]
721 2842 783 2868 Non
795 2841 949 2868 diss‘cntiunt
965 2841 1024 2868 libri
1037 2861 1045 2873 ‚
1066 2843 1114 2868 Li-

165 2884 236 2910 pius
247 2883 332 2904 tame-ii
353 2876 458 2903 imbibit
477 2878 634 2904 Ciceronem
654 2877 951 2914 l'ci·ipfiisc3jampridcm
966 2879 1042 2909 &unc
1060 2885 1116 2904 ante

164 2911 287 2944 Caeffirem.
308 2913 352 2947 qui
363 2912 514 2940 consulatur
525 2913 593 2940 libro
606 2923 646 2939 iv.
660 2913 755 2948 Antiq.
767 2913 830 2939 ieet.
841 2923 869 2939 ca
892 2933 898 2938 .
913 2921 953 2948 ¹3.

200 2954 229 2978 4.
248 2949 289 2974 Vos
297 2948 427 2983 laudatis]
448 2950 489 2975 lta
498 2949 527 2975 8:
538 2949 605 2975 Pali.
617 2948 659 2974 sed
669 2950 841 2976 ‘Wouwerius
851 2958 865 2976 a
886 2948 983 2984 scripsit
993 2958 1046 2976 orae
1059 2969 1066 2982 ,
1077 2959 1111 2976 cx

163 2979 250 3009 nescio
261 2991 312 3018 quo
325 2984 404 3009 veteri
418 2983 518 3016 codice,
527 2994 571 3011 ‘vos
581 2985 701 3011 calludieis.

1153 2817 1206 2843 cap.
1224 2817 1266 2842 ¹9·
1286 2808 1386 2834 Variar.
1398 2807 1461 2834 leti.
1480 2808 1548 2835 mali:
1559 2818 1629 2835 enim
1648 2818 1692 2844 qui
1705 2809 1764 2836 tolli
1782 2808 1878 2837 debere
1894 2810 2105 2847 praepofitiouem

1153 2843 1349 2914 οχιςίῗιῖἷιῗιὶιῖ
1359 2879 1427 2914 dyc]
1450 2880 1528 2907 Hanc
1534 2878 1619 2907 adhuc
1629 2879 1755 2917 superiori
1766 2881 1880 2917 epistolae
1889 2868 2033 2910 adneEiuiit
2042 2883 2092 2910 edd
2099 2903 2106 2911 .

1154 2922 1220 2941 vett.
1230 2916 1258 2941 &
1270 2915 1337 2942 1³:⁴11*
1348 2915 1438 2942 nostri.

1192 2959 1234 2977 io.
1256 2952 1326 2984 Qud
1339 2952 1463 2983 scribentes
1474 2953 1629 2986 speHamm]
1651 2952 1943 2987 Aldini,speae⁷abamne,-
1968 2954 2106 2989 quomodo

1152 2986 1180 3012 &
1192 2987 1373 3014 Lambiniana.
1394 2994 1422 3014 at
1431 2987 1451 3014 V
1455 2988 1566 3015 ictarius
1579 3007 1586 3020 ,
1597 2989 1937 3024 quodspeli‘amesftribimm:
1958 3000 2042 3026 neque
2053 2991 2104 3018 ali-

200 3026 226 3050 5.
244 3018 285 3044 Ad
299 3020 453 3050 Callisthenem
471 3021 560 3055 reda]
581 3022 703 3047 Muretus
715 3019 762 3048 lib.
775 3029 809 3047 ii.
821 3029 877 3056 cap.
893 3029 918 3054 5.
931 3021 1034 3048 Novar.
1046 3020 1111 3048 least.
1152 3029 1194 3048 ter
1205 3021 1273 3049 Pau.
1284 3030 1407 3057 quatuor.

158 3052 250 3086 abjicit
259 3053 334 3083 reden,
342 3053 375 3080 de
384 3055 439 3088 conj
445 3054 554 3091 eistat-315
573 3065 630 3092 quae
660 3066 693 3084 uo
704 3056 877 3083 fundamento
887 3057 1000 3088 nitatur,
1012 3057 1109 3084 ibidem

1189 3066 1230 3084 ii.
1246 3061 1276 3084 1η
1285 3061 1371 3084 minore
1386 3058 1556 3094 producendo]
1577 3060 1618 3087 Ita
1637 3059 1826 3088 restituendum
1845 3061 1935 3097 putavi
1954 3070 2012 3087 cum
2034 3061 2103 3088 Pau.

159 3087 290 3115 videatur.
309 3088 336 3114 8(
349 3090 410 3115 ver&
421 3089 448 3115 id
458 3090 545 3120 statim
555 3093 635 3120 etiam
655 3100 746 3121 eeu-tus
757 3092 792 3122 est
802 3092 968 3125 Lambinu55
988 3092 1110 3122 sediiivi-
1151 3102 1235 3128 neque
1254 3093 1332 3123 aliter
1343 3093 1495 3124 Viifkoriaiia
1506 3114 1515 3128 ‚
1532 3103 1578 3122 aut
1587 3096 1619 3122 P.
1634 3097 1749 3126 Maiiutii
1768 3097 1861 3126 editio.
1882 3098 1988 3134 vulgata
1999 3117 2006 3130 ,
2020 3098 2106 3131 perd·-

156 3123 192 3154 n's
207 3124 329 3152 omnibus
340 3123 398 3154 mm
407 3125 512 3154 nostris.

1150 3129 1228 3156 cende.

1503 3165 1662 3195 ndddda
2021 3160 2104 3195 ..ω’-

2155 1276 2191 1307 ¹3

2178 2071 2190 2084 μ
