2379 3400
246 96 373 157 1256

234 179 414 220 finalitatem.
439 171 614 206 Praeclarum
629 168 820 209 responsum,
845 168 878 199 &
891 166 984 199 doeio
1002 167 1128 198 homine
1147 166 1195 197 di·

241 231 346 262 gnum.
365 220 419 258 fiaea
429 218 511 246 enim
524 211 779 250 vitiainsipientes
790 230 798 243 ,
812 210 844 240 &
856 210 935 240 suam
947 209 1066 249 culpam
1078 228 1086 243 ,
1107 210 1140 238 in
1152 209 1195 239 se-

240 261 393 291 nectutem
412 255 588 287 conferunt:
606 252 689 294 quod
710 261 775 283 non
794 251 918 282 faciebat
935 253 979 285 is,
997 251 1083 291 cujus
1098 249 1195 281 modi>

243 303 431 331 mentionem
444 297 514 329 feci.
539 297 656 325 Ennius
667 314 676 328 ,

334 339 506 378 Sicurforru
516 345 602 377 equm
612 356 620 370 ,
633 335 743 374 ¹spatio
755 335 877 377 quifiepe
887 334 1011 376 supremo

339 384 415 410 Vicit
425 380 555 420 Olympia
563 399 571 412 ,
593 378 747 417 nuncsenio
758 375 896 416 consestu'
907 377 1037 417 quiescit.

244 425 319 464 Equi
345 422 450 454 fortis,
470 420 503 450 δε
527 419 650 450 νὶᾶοτίε
669 418 814 450 semble-uti
836 427 985 457 comparat
996 418 1199 458 suam:quem

266 466 367 495 uidem
389 463 481 510 probe
502 459 675 491 meminisse
684 459 818 500 potestis.
842 462 933 490 Anno
944 461 1027 489 enim
1040 459 1203 489 undevice-

268 516 318 536 mo
330 505 396 546 post
409 514 473 544 ejus
484 512 615 533 mortem
629 523 637 535 ,
658 502 836 532 hiconsules
848 521 856 535 ‚
880 504 918 532 T.
930 501 1121 531 Flamininus
1135 521 1144 535 ‚
1168 500 1201 530 δε
1226 508 1227 512 ’

245 550 290 577 Μ.
306 548 420 577 Acilius
435 545 506 576 faeti
517 545 584 575 sunt
600 555 605 573 :
628 544 679 574 ille
690 553 790 574 autem
804 545 945 583 Caepione
954 543 987 573 &
997 543 1136 583 Philippo
1147 551 1203 572 ite-

245 599 313 620 rum
335 588 511 619 consulibus
523 606 531 620 ,
553 595 690 616 mortuus
708 584 768 615 est:
789 584 861 615 cum
892 593 948 625 ego
966 583 1089 625 quidem
1114 594 1146 614 v.
1169 583 1202 613 &

247 641 303 661 Lx.
316 640 410 660 annos
423 638 509 659 natus
520 648 529 661 ,
548 628 646 669 legem
657 629 826 657 Voconiam
839 636 911 657 voce
922 636 1027 668 magna
1041 646 1049 659 ,
1072 626 1105 656 &
1116 626 1204 655 bonis

244 672 384 702 lateribus
407 669 564 702 sudfiffem.
606 673 712 699 Annos
732 678 806 698 Lxx.
830 677 916 698 natus
937 668 1006 707 (tot
1024 669 1107 697 enim
1127 668 1206 697 vixit

247 716 365 744 Ennius
377 715 386 754 )
405 716 444 743 ira
455 711 565 742 ferebat
576 710 637 741 duo
648 731 656 745 ‚
667 721 732 752 quae
743 709 873 739 maxima
880 716 1022 751 putantur
1031 718 1122 742 onera,
1133 718 1205 748 pau-

245 764 390 796 pertatem
403 775 411 788 ,
432 755 465 785 &
487 752 670 783 senectutem
682 773 691 786 ,
712 756 727 771 ²
750 753 834 782 uteis
843 752 928 791 paene
940 749 1079 781 delestari
1090 751 1206 781 videre-

245 806 302 828 tur.
333 801 345 824 3
358 798 479 827 Etenim
493 814 501 828 ²
519 794 592 825 cum
605 794 797 833 contemplor
805 803 911 823 animo
923 805 932 827 3
944 795 1059 832 reperio
1068 801 1207 832 quattuor

244 839 343 869 causas
363 858 372 872 ,
391 849 442 868 cur
462 835 597 868 senectus
609 837 715 866 misera
723 835 860 865 videatur
873 845 878 864 τ
892 844 981 865 unam
993 854 1002 867 ‚
1022 832 1097 875 quiid
1108 840 1207 862 avocet

247 876 267 910 ὲ
285 879 363 909 rebus
368 880 511 921 gerendis:
522 878 643 908 alteram
656 897 664 911 ‚
687 876 762 918 qubd
769 876 964 919 corpusfaciat
975 875 1134 914 infirmius.-
1149 884 1208 905 ter·

248 923 320 952 tiam
341 942 350 955 ,
380 922 456 963 quod
469 920 564 962 privet
582 918 708 949 omnibus
725 918 787 957 fere*
805 916 1002 958 voluptatibur
1022 928 1033 944 .·
1061 924 1205 957 quartam,

247 963 324 1005 qubd
332 964 510 1004 haudprocui
518 960 592 1002 absit
602 959 620 990 ἱι
632 968 727 989 morte.
752 963 860 990 Earum
874 979 883 993 ,
901 958 920 989 fi
930 960 1043 999 placet,
1054 958 1206 989 caunrum

245 1010 263 1032 4
274 1015 382 1046 quanta
397 1025 405 1038 ,
425 1014 576 1046 quamque
589 1001 705 1043 sitjusta
716 1011 910 1042 unaquaeque,
925 1000 1094 1031 videamus.
1115 1001 1155 1028 ,A
1165 1009 1207 1028 re-

207 1046 230 1079 6
245 1046 298 1087 'bus
312 1046 439 1087 gerendis
454 1045 581 1086 fenestras
593 1048 606 1072 5
615 1043 771 1079 abstrahit?
793 1044 931 1084 Qubus?
949 1052 986 1072 an
1002 1043 1038 1071 iis
1049 1061 1056 1075 ‚
1080 1051 1144 1082 quae
1155 1051 1208 1082 ge-

244 1097 352 1120 runtur
366 1090 524 1128 juventute
540 1107 547 1120 ‚
568 1087 601 1116 δε
620 1085 756 1115 viribus?
779 1085 921 1114 Nullaene
940 1086 1030 1125 igitur
1051 1092 1125 1112 aas
1139 1083 1207 1113 sunt

244 1130 354 1162 seniles
365 1150 374 1164 ,
391 1140 456 1170 quae
470 1131 517 1161 vel
529 1126 843 1166 infirmiscorporibus
857 1146 865 1159 ‚
878 1128 983 1156 animo
995 1134 1095 1154 tamen
1107 1124 1139 1154 ad
1146 1125 1205 1153 rni-

246 1171 432 1202 nistrentur?
456 1171 546 1202 Nihil
557 1179 625 1211 ergo
634 1169 734 1210 agebat
744 1169 947 1209 QMaximus
959 1171 969 1196 Ρ
981 1167 1059 1196 nihil
1071 1168 1109 1195 L.
1119 1167 1207 1197 Paul-

245 1214 293 1244 lus
307 1233 315 1248 ,
336 1222 416 1254 pater
427 1223 498 1244 tuus
509 1233 518 1247 ,
541 1214 640 1251 scipio
652 1230 660 1243 ,
683 1210 762 1240 socer
777 1210 887 1249 optimi
898 1211 954 1239 viri
969 1228 976 1241 .
991 1207 1046 1237 filii
1059 1210 1142 1237 mei?
1159 1217 1210 1237 ce-

247 1257 301 1287 teri
315 1256 395 1286 senes
407 1276 417 1290 ,
426 1256 562 1288 Fabricii,
575 1255 668 1284 Curii,
681 1253 872 1285 Coruncanii,
883 1260 954 1282 cum
966 1260 1062 1290 remp.
1079 1248 1206 1280 consilio

247 1296 283 1328 δε
295 1296 471 1327 au&oritate
488 1295 698 1327 defendebant,
710 1293 788 1323 nihil
798 1293 944 1333 agebant?
971 1291 1017 1321 Ad
1028 1295 1106 1332 App.
1118 1292 1208 1321 Clau-

247 1338 292 1369 dii
315 1338 499 1369 sene&utem
510 1336 664 1369 accedebat
675 1337 765 1366 etiam
779 1354 787 1368 ,
806 1344 941 1364 utcaecus
952 1331 1023 1363 effet
1036 1343 1041 1362 2
1055 1342 1154 1363 tamen
1167 1334 1204 1366 is,

248 1379 321 1410 cum
340 1380 486 1411 sententia
503 1378 785 1410 senatusinclinaret
795 1376 831 1406 ad
842 1385 964 1416 pacem.
983 1372 999 1394 ⁶
1011 1373 1154 1406 &foedus
1164 1372 1209 1404 fa-

247 1422 392 1452 ciendum
402 1432 474 1452 cum
485 1422 598 1462 Pyrrho
607 1440 616 1455 ‚
631 1429 694 1450 non
702 1418 850 1449 dubitavit
859 1417 957 1448 dicere
966 1416 1030 1451 illa,
1041 1425 1107 1458 quae
1116 1413 1207 1447 verli-

250 1463 307 1495 bus
315 1464 486 1505 persecutus
499 1462 541 1493 est
553 1463 688 1493 Ennius:

343 1510 359 1534 7
368 1504 437 1546 Q‘o
449 1504 529 1534 vobis
537 1511 650 1536 mentes,
663 1501 738 1532 resta
745 1511 804 1543 qut
806 1500 882 1537 stare
886 1499 1013 1541 silebant

344 1548 492 1580 Antehac,
504 1542 518 1565 ⁸
527 1546 660 1574 dementes
665 1545 720 1583 sisse
724 1544 829 1580 flexere
841 1544 892 1571 via
903 1546 914 1572 ?

715 85 1000 136 n4.7r.<:.
1071 84 1113 130 <3
1151 101 1180 133 A
1217 101 1249 133 τ
1287 102 1315 132 o

1397 84 1453 133 hd
1490 100 1519 132 A
1559 100 1579 146 J
1616 101 1644 132 0
1678 101 1714 134 ι

1242 177 1342 200 tamen
1353 165 1442 208 ipsius
1452 167 1540 206 Appii
1551 165 1643 196 exstat
1653 167 1759 196 oratio.
1769 172 1856 208 atque
1864 166 1940 199 hane
1949 166 2001 200 ille
2012 164 2071 211 egit
2080 165 2193 210 septem

1243 210 1276 241 &
1286 210 1391 240 decem
1404 218 1499 239 annos
1509 207 1574 248 post
1587 208 1713 238 alterum
1724 208 1911 240 consulatum
1922 229 1931 245 ‚
1948 210 2019 241 cum
2029 219 2108 241 inter
2116 210 2196 240 duos

1244 251 1414 282 consulatus
1435 251 1540 281 9.anni
1562 249 1665 280 decem
1678 248 1910 281 interfluxissent
1919 270 1928 286 ,
1953 252 2117 293 censorque
2127 259 2195 282 ante

1245 293 1433 324 consulatum
1444 292 1625 331 superiorem
1636 289 1745 321 fuisset.
1768 293 1814 321 Ex
1824 300 1884 332 quo
1893 292 2077 334 intelligitur,
2091 293 2197 334 Pyrrhi

1245 335 1327 365 bello
1345 332 1488 373 grandem
1511 332 1576 362 sane
1595 330 1683 362 fuiss'e
1693 342 1699 361 :
1710 332 1744 363 δε
1754 340 1855 362 tamen
1867 331 1928 364 fica
1938 334 2067 373 patribus
2082 335 2199 374 accepi-

1248 385 1325 406 mus.
1350 376 1437 404 Nihil
1449 375 1537 415 igitur
1546 372 1690 409 afferunt,
1713 375 1765 414 qui
1776 375 1808 403 in
1819 383 1851 404 re
1883 373 1988 404 erenda
1999 376 2102 406 versari
2114 376 2200 406 sene-

1246 417 1360 447 &utem
1373 425 1480 456 negant
1493 435 1500 449 ‚
1515 413 1683 456 similesque
1692 415 1759 446 sunt
1772 433 1780 449 ‚
1794 422 1842 449 ut,
1867 425 1877 444 1
1889 414 2159 456 quigubernatorem
2170 417 2201 445 in

1247 457 1404 498 navigando
1414 467 1494 498 agere
1503 457 1577 486 nihil
1585 457 1685 487 dicant
1696 476 1705 491 ,
1728 456 1801 487 curn
1811 455 1862 486 alii
1874 457 1971 486 malos
1979 457 2117 488 scandant
2127 477 2136 492 ,
2147 458 2200 488 alii

1247 510 1298 540 per
1314 505 1397 530 roi-os
1415 499 1532 529 cursent
1543 518 1551 533 ,
1574 499 1625 529 alii
1647 498 1793 529 sentinam
1816 498 2009 528 exhauriant:
2030 498 2081 528 ille
2099 508 2200 530 autem

1248 543 1366 573 clavum
1379 550 1484 571 tenens
1493 540 1588 570 sedeat
1598 542 1629 570 in
1641 541 1732 580 puppi
1746 541 1865 581 quietus
1878 542 1906 559 ¹⁰
1918 549 1981 570 non
1992 538 2077 570 faciat
2088 549 2201 580 ea,quae

1244 584 1382 624 juvenes.
1405 592 1432 613 at
1450 581 1522 612 vero
1549 581 1647 612 multo
1666 582 1778 621 majora
1787 600 1795 615 ,
1814 580 1847 611 &
1869 582 1994 619 meliora
2006 580 2085 611 facit.
2108 583 2140 611 N
2149 591 2169 611 o
2179 590 2202 611 u

1248 625 1365 656 viribus
1384 644 1393 658 ,
1423 633 1473 654 aut
1493 623 1701 654 velocitatibus
1715 642 1724 656 ‚
1741 631 1793 653 aut
1809 623 1956 653 celeritate
1978 631 2140 663 corporum
2157 632 2204 653 res

1248 676 1363 708 magnae
1374 675 1516 707 geruntur
1531 676 1536 694 ·.
1558 669 1584 684 ¹¹
1599 665 1647 696 sed
1659 663 1785 696 consilio
1798 684 1807 696 ,
1825 663 1999 695 anaor-itate
2009 683 2017 698 ,
2040 664 2203 694 sententia:

1246 710 1357 750 quibus
1375 717 1440 737 non
1455 706 1549 738 modo
1562 717 1626 738 non
1641 707 1737 737 orbari
1749 726 1758 740 ‚
1785 705 1833 737 sed
1849 708 1938 736 etiam
1957 707 2055 745 augeri
2069 704 2206 736 scnekhrs

1250 750 1333 781 solet.
1353 748 1408 779 nisi
1424 748 1501 779 forte
1521 759 1577 790 ego
1588 749 1693 781 vobis,
1712 748 1808 788 qui&
1819 748 1907 778 miles
1920 767 1929 780 .
1948 747 2127 777 &tribunus
2139 767 2148 780 ,
2169 746 2204 777 &

1249 792 1362 833 legatus
1374 810 1382 824 ‚
1401 790 1435 821 &
1454 790 1558 821 consul
1571 790 1699 820 versatus
1710 790 1775 819 sum
1789 790 1821 819 in
1832 790 1913 819 vario
1924 798 2030 830 genere
2039 788 2203 823 bellorum,

1248 832 1355 865 cessare
1366 842 1446 862 nunc
1457 831 1561 862 videor
1579 852 1588 865 ,
1608 831 1679 862 cum
1691 831 1768 861 bella
1778 841 1839 861 non
1850 840 1929 872 gero.
1954 833 1993 860 At
2003 830 2128 863 senatui,
2138 839 2205 870 quae

1255 876 1323 906 sunt
1336 875 1476 916 gerenda,
1493 877 1519 893 ¹²
1530 874 1697 914 praescribo,
1710 873 1743 903 &
1752 872 1911 913 quomodo
1923 883 1928 902 z
1942 872 2115 913 Karthagini
2125 872 2205 903 male

1246 918 1309 957 jam
1320 916 1371 946 diu
1381 917 1536 956 cogitanti,
1548 915 1662 946 bellum
1673 915 1773 945 multo
1783 914 1849 944 ante
1861 914 2026 944 denuntio:
2038 913 2075 943 de
2084 922 2141 954 qua
2152 923 2206 944 ve-

1250 960 1306 988 reri
1319 968 1382 988 non
1392 956 1460 987 ante
1471 956 1705 998 definam‚quam
1718 956 1800 986 illam
1811 956 1941 986 excisam
1951 954 2010 985 effe
2020 964 2204 995 cognovero.

1247 1010 1340 1042 quarn
1359 1000 1489 1039 palmam
1512 1000 1629 1029 utinam
1647 998 1691 1028 dii
1712 997 1900 1027 immortales
1909 997 1963 1026 tibi
1972 998 2071 1037 Scipio
2083 1016 2091 1030 ,
2112 997 2206 1028 reser-

1249 1050 1321 1072 vent
1330 1060 1339 1075 ,
1354 1050 1386 1071 ut
1397 1042 1445 1070 avi
1456 1040 1596 1080 reliquias
1607 1040 1797 1080 persequare:
1821 1042 1848 1066 ¹3
1861 1038 1944 1077 cujus
1954 1038 1970 1068 a
1980 1047 2076 1068 morte
2087 1039 2136 1068 hic
2146 1047 2207 1069 ter-

1251 1085 1311 1119 tius
1322 1102 1331 1116 ‚
1353 1082 1386 1112 &
1405 1080 1572 1112 tricesimus
1582 1080 1625 1112 est
1635 1090 1750 1111 annus:
1766 1080 1815 1110 sed
1835 1089 2035 1110 MEMORIAM
2057 1080 2139 1110 illius
2149 1081 2208 1110 viri

1252 1126 1408 1165 excipient
1425 1132 1534 1153 omnes
1552 1125 1626 1154 anni
1644 1122 1871 1162 consequentes.
1896 1124 1988 1151 Anno
1998 1129 2064 1151 ante
2076 1130 2126 1151 me
2135 1131 2208 1152 cen-

1251 1167 1351 1197 sorem
1361 1172 1498 1195 mortuus
1512 1164 1555 1196 est
1567 1186 1575 1199 ,
1587 1174 1701 1195 novem
1715 1166 1803 1194 annis
1814 1162 1879 1204 post
1889 1172 1993 1192 meum
2003 1163 2204 1197 consulatum,

1251 1207 1322 1238 curn
1333 1207 1439 1238 consul
1449 1209 1572 1241 iterum,
1585 1217 1634 1236 me
1646 1206 1779 1239 consule,
1792 1214 1904 1235 creatus
1914 1202 1995 1234 esset.
2009 1207 2092 1234 Num
2106 1206 2205 1245 igitur,

1251 1249 1271 1279 si
1281 1249 1317 1280 ad
1328 1246 1525 1279 centesimum
1538 1258 1653 1279 annum
1663 1245 1784 1277 vixiffet
1793 1267 1802 1281 ‚
1821 1245 1980 1277 semermis
1989 1255 2060 1276 eum
2075 1246 2132 1276 suae
2141 1255 2208 1286 poe-

1253 1293 1384 1322 niteret?
1407 1291 1439 1317 ¹4
1449 1300 1505 1320 nec
1515 1293 1598 1320 enim
1616 1288 1809 1323 excursione,
1829 1298 1885 1318 nec
1905 1288 1996 1321 saltu,
2018 1297 2074 1318 nec
2084 1287 2208 1318 eminus

1252 1332 1361 1366 hastis,
1380 1340 1431 1362 aut
1447 1331 1628 1362 comminus
1645 1331 1755 1372 gladiis
1768 1340 1913 1361 uteretur:
1934 1327 2136 1363 sedconsili0,
2163 1338 2210 1360 ra-

1251 1377 1335 1406 tione
1345 1395 1353 1408 ,
1375 1374 1531 1404 sententia.
1554 1383 1619 1415 quae
1641 1372 1696 1403 nili
1715 1371 1808 1403 efl'ent
1835 1375 1868 1402 in
1888 1371 2007 1401 senibus
2019 1391 2027 1405 ,
2049 1380 2113 1400 non
2125 1371 2210 1401 surn-

1253 1426 1340 1447 mum
1352 1413 1512 1446 consilium
1525 1416 1654 1455 majores
1663 1413 1757 1445 nostri
1767 1412 2109 1454 appellafl'entSenatum.
2119 1412 2211 1453 Apud

1252 1457 1501 1490 Lacedaemonios
1511 1458 1635 1498 quidem
1647 1458 1669 1486 ii
1684 1476 1693 1489 ‚
1714 1457 1766 1496 qui
1775 1453 1991 1495 amplissimum
2002 1452 2211 1504 magistratum

1246 1508 1353 1542 gerunt
1371 1507 1403 1529 ut
1416 1498 1484 1528 sunt
1494 1517 1504 1532 ,
1529 1497 1567 1528 fic
1584 1500 1674 1528 etiam
1688 1495 1978 1534 nominantursenes.
2005 1495 2096 1535 Qod
2120 1493 2140 1524 si
2164 1495 2209 1525 le-

1250 1551 1329 1581 gere,
1340 1548 1390 1570 aut
1399 1540 1500 1569 audire
1509 1539 1617 1569 voletis
1626 1547 1756 1571 externa,
1768 1538 1910 1566 maximas
1919 1535 2022 1576 resp.ab
2029 1536 2210 1576 adolescenti-

250 1596 405 1630 setemque
421 1586 590 1630 graviffime
605 1597 611 1616 2
637 1595 746 1616 notum
769 1587 855 1614 enim
872 1584 959 1614 vobis
972 1592 1092 1615 carmen
1103 1581 1160 1614 est:
1173 1581 1206 1613 &
1251 1581 1301 1613 bus
1317 1578 1469 1622 labefhb'i'aea
1480 1600 1488 1616 ,
1501 1578 1518 1610 ἃ
1526 1579 1638 1623 finibus
1651 1577 1821 1622 sustentatas
1830 1599 1839 1614 ,
1851 1576 2036 1615 &restitutas
2046 1579 2206 1618 reperietis.

2130 1618 2210 1654 Cedo,

296 1700 305 1717 1
313 1712 319 1717 .
340 1694 420 1724 spacio
429 1692 641 1725 quisaepesupremo
651 1694 709 1718 Vicit
720 1690 847 1725 olympia]
864 1691 927 1715 Non
939 1689 976 1714 ita
987 1686 1097 1713 absurda
1110 1687 1216 1713 videtur
1253 1687 1307 1714 bris
1318 1687 1393 1719 ullis,
1403 1694 1498 1722 praeter
1508 1684 1703 1722 Erphurdenses
1715 1694 1724 1715 ς
1745 1693 1811 1719 quos
1823 1692 1874 1710 non
1894 1681 2024 1709 ausculto.
2044 1691 2129 1718 neque
2139 1683 2210 1710 enim

254 1727 383 1763 scriptura
395 1726 505 1752 Palatini
515 1727 594 1762 primi
607 1745 616 1758 ,
630 1727 656 1753 in
669 1737 733 1763 quo,
743 1726 963 1765 quifhrresiapremo.
969 1726 1046 1749 Vincit
1054 1725 1167 1758 Ogympia.
1188 1723 1216 1748 ὃ(
1256 1724 1382 1749 Larinum
1394 1723 1429 1750 est
1442 1742 1450 1754 ‚
1461 1723 1666 1756 ruinaseflcaere
1677 1739 1686 1752 ,
1697 1718 1906 1752 sedpraecipitare,
1925 1725 1952 1744 at
1961 1720 2161 1759 ruiaflfflcrepro
2171 1719 2213 1744 de—

255 1763 322 1790 vero
332 1761 399 1789 illud
409 1765 489 1788 vincit
499 1762 577 1789 restat
586 1762 671 1788 adhuc
683 1764 708 1789 in
720 1762 781 1788 cdd.
793 1759 991 1796 antiquissinus.

292 1808 321 1826 2.
343 1802 372 1824 Ut
382 1798 413 1823 eis
422 1799 478 1830 pene
487 1799 599 1824 damari
615 1798 764 1831 viden-tum]
787 1799 833 1824 Fr.
844 1798 871 1822 δε
884 1797 971 1821 Maur.
983 1797 1014 1819 ei.
1033 1792 1086 1820 fuit
1104 1792 1216 1826 scilicet,

254 1843 281 1861 ut
292 1838 375 1868 eipene
382 1835 462 1860 delen.
482 1833 646 1860 Gulielmius
656 1843 664 1864 3
680 1832 832 1868 conjectura
843 1841 895 1859 non
906 1829 1025 1857 absurda.

299 1879 324 1907 3.
346 1873 440 1896 Etenim
449 1878 500 1894 eum
509 1871 644 1902 contemp.'or
657 1870 759 1904 animm]
781 1869 824 1895 Sic
834 1867 995 1894 Gulielmius
1007 1865 1123 1892 malebat
1133 1884 1141 1897 ,
1163 1875 1215 1892 non

258 1909 399 1940 campanar.
420 1905 523 1932 secutus
543 1906 712 1941 Hittorpiani
731 1905 828 1931 codicis
848 1902 1001 1938 scripturam
1022 1910 1079 1937 quae
1097 1903 1125 1928 &
1145 1901 1219 1927 libris

256 1942 382 1971 Balduini
392 1941 548 1968 confirmatu
554 1950 575 1968 r.
597 1943 749 1974 contemplari
759 1961 768 1973 ,
787 1939 898 1967 verbum
909 1937 1036 1974 augurale
1049 1957 1056 1969 ‚
1068 1946 1160 1964 eorum
1168 1937 1217 1975 qui

256 1979 359 2015 templo
369 1985 456 2013 capto,
467 1986 519 2013 qua
528 1976 597 2003 visus
607 1978 724 2014 pertinet
736 1997 744 2010 ,
756 1975 980 2012 circumspiciunt.
1001 1974 1071 2000 unde
1081 1974 1217 2009 eleganter

254 2014 286 2042 ad
298 2015 378 2042 animi
389 2013 588 2040 contentionem
601 2013 736 2040 transtulit
747 2014 856 2044 Cicero,
866 2014 893 2038 ὃ(
904 2011 962 2037 heic
974 2029 982 2042 ‚
993 2010 1021 2036 &
1032 2009 1058 2036 in
1070 2010 1218 2036 Tusculana

258 2052 344 2088 prima
356 2061 362 2077 :
381 2053 419 2076 Sic
429 2050 510 2075 mentis
521 2052 584 2075 acies
587 2050 614 2082 se
630 2050 680 2082 ipsa
689 2052 785 2075 intuens
798 2056 971 2082 nonnumquam
981 2046 1077 2079 hebescit
1088 2064 1098 2078 ‚
1115 2047 1142 2081 ab
1148 2055 1217 2072 eam-

261 2096 307 2122 que
326 2086 422 2119 causam
439 2086 609 2119 rontcmplandi
625 2086 769 2118 diligentiam
780 2087 923 2110 amittimm.
947 2091 1033 2118 neque
1044 2082 1130 2108 multo
1140 2081 1219 2108 aliter

256 2123 368 2151 Plautus
380 2120 510 2148 Pseudolo
521 2131 527 2146 t
549 2125 584 2147 Ne
592 2123 638 2151 illi,
648 2128 764 2155 quamam
774 2130 808 2153 ego
818 2129 881 2146 nunc
894 2119 957 2145 corde
968 2119 1078 2151 conspicio
1087 2127 1145 2149 meo,
1156 2122 1217 2145 Ma-

256 2162 304 2186 lam
315 2168 362 2184 rem
371 2166 479 2191 magnam
489 2158 618 2191 mulrafique
626 2162 742 2183 ae‘rumnar
753 2157 856 2182 danunt.
873 2154 1000 2181 Videatur
1010 2155 1037 2179 ὅ(
1049 2153 1189 2181 Nizolius.

291 2202 320 2228 4.
340 2195 441 2226 Qama
452 2212 460 2224 ,
477 2201 593 2227 quamque
605 2194 639 2226 sit
651 2194 718 2226 justa
737 2201 880 2227 unaquaque
889 2188 1044 2223 vdeamun]
1065 2190 1150 2216 Ausus
1162 2189 1216 2216 sum

257 2239 360 2258 minare
372 2228 514 2255 lectionem
536 2228 669 2263 vulgatam
683 2248 691 2259 ,
711 2237 768 2264 quae
787 2236 844 2255 crat
858 2247 866 2260 ,
885 2234 1002 2261 quantum
1011 2235 1105 2260 quaque
1121 2227 1218 2258 valeat,

255 2273 418 2302 quantumque
429 2265 536 2298 justasit
554 2274 699 2299 unaquaeque
708 2266 855 2294 videamus-3
876 2262 947 2299 quod
967 2262 1032 2289 nihil
1053 2262 1106 2288 tale
1115 2261 1217 2297 conspi-

257 2310 363 2329 ceretur
373 2302 399 2328 in
413 2301 498 2327 Palat.
518 2307 564 2326 aut
574 2300 734 2327 membranis
747 2302 774 2326 S.
787 2299 916 2326 Vit‘storis.
936 2298 1001 2339 quid
1020 2296 1090 2334 quod
1103 2298 1217 2324 nostram

255 2340 412 2374 scripturam
424 2336 510 2363 Aldus
521 2337 613 2372 Nepos
632 2336 758 2363 asseverat
776 2336 878 2363 exstare
898 2345 924 2361 in
937 2335 1040 2370 lcriptis
1060 2334 1110 2360 suis
1131 2333 1217 2360 unde·
1237 2347 1239 2365 i

258 2375 331 2405 1:31115
351 2373 475 2408 idemque
493 2372 594 2399 fatertur
612 2372 638 2399 in
652 2372 738 2398 Variis
756 2371 806 2398 suis
818 2373 987 2398 Contarenus
1006 2370 1039 2397 de
1058 2368 1217 2397 membranis

258 2412 310 2437 suis
321 2409 418 2440 trIbus,
429 2408 475 2435 uili
486 2408 555 2444 quod
568 2407 678 2439 ibidem,
688 2409 875 2443 quamquejusta
882 2409 926 2441 fit.

297 2455 323 2479 ς.
342 2446 488 2478 Abstrahit?
505 2446 614 2478 quibus?
634 2453 667 2469 an
683 2445 713 2470 iis
731 2454 780 2478 φα
793 2451 910 2477 geruntur
921 2441 1075 2477 juventute]
1097 2441 1154 2468 Pal.
1165 2440 1215 2467 sec.

258 2483 399 2515 abstrahit?
416 2483 442 2506 A
449 2482 555 2515 quibus?
573 2481 610 2506 his
618 2489 666 2514 qua
675 2481 807 2513 juventute
819 2487 950 2512 geruntur.
971 2478 1042 2514 quod
1053 2487 1104 2504 non
1125 2476 1218 2513 displi-

259 2525 312 2544 cet.
333 2516 494 2544 Gulielmius
505 2515 637 2542 malebat:
659 2517 797 2548 abstrahit?
815 2516 921 2549 quibus?
940 2515 1011 2540 uniit
1028 2517 1114 2548 φαίη
1124 2515 1216 2547 juven-

260 2561 309 2579 κά(
318 2560 434 2587 geruntur
445 2561 454 2582 ς

257 2590 338 2616 aliter
348 2588 432 2616 edidit
443 2588 493 2615 Vi„
506 2588 590 2619 orius,
601 2587 752 2623 reperitque
763 2588 788 2614 in
800 2596 894 2614 novem
907 2585 964 2612 mis.
976 2585 1062 2612 Aldus
1074 2596 1080 2613 ε
1092 2584 1167 2612 addit
1177 2593 1219 2612 ta-

261 2634 320 2652 ·nen
332 2626 383 2652 alia
400 2633 495 2652 novem
517 2623 680 2659 exemplaria
699 2623 819 2659 respuisse
840 2632 897 2649 eam
916 2621 1142 2657 conjunctionem.
1164 2623 1218 2649 Ca-

263 2662 391 2688 merarius
402 2661 481 2688 etiam
493 2660 537 2687 sua
546 2659 664 2686 editione
673 2659 785 2686 exclusit
795 2659 942 2694 ceterique.

299 2698 327 2723 6.
348 2697 460 2730 Erfoedus
472 2697 610 2730 faciendum
628 2705 678 2722 cum
686 2696 800 2730 Pyrrha]
822 2695 934 2722 Palatini
947 2702 1000 2722 tres
1011 2703 1061 2719 cum
1069 2695 1159 2729 Pyrrho
1171 2694 1219 2727 sa·-

264 2733 513 2766 dufiquefaciundum:
533 2741 590 2767 quae
608 2731 655 2758 {cri
677 2739 734 2758 tura
754 2730 811 2757 sane
823 2731 965 2758 temeraria
984 2740 1036 2757 nou
1056 2730 1103 2756 est.
1122 2739 1152 2756 :m
1166 2738 1218 2755 vox

263 2769 395 2793 faciendum
406 2769 521 2794 manavit
533 2770 547 2794 a
558 2767 640 2803 glossa
665 2767 756 2801 uitque
767 2774 869 2793 tautum
882 2767 892 2793 ἓ
910 2767 1028 2800 foedusque
1037 2774 1089 2791 cum
1097 2766 1197 2799 Pyrrhe.

302 2810 328 2836 7.
350 2806 400 2834 [Qu
408 2805 474 2830 vobis
492 2804 605 2838 mentem]
628 2803 698 2830 Pau.
737 2812 758 2829 r.
770 2802 819 2829 sec.
833 2803 908 2834 nobis,
920 2803 1042 2829 oratione
1053 2801 1139 2827 minus
1150 2801 1221 2827 invi-

265 2837 346 2864 diosa.
366 2839 449 2865 lidem
461 2840 539 2865 etiam
553 2859 561 2871 ‚
580 2846 611 2866 ut
623 2841 650 2866 &
661 2847 756 2866 tertius
769 2858 777 2872 ‚
792 2838 866 2875 supra
876 2838 1003 2865 habebant
1015 2856 1023 2870 ‚
1038 2837 1178 2871 prosecutuc
1187 2839 1221 2863 ef?

269 2877 375 2904 Enntm,
387 2884 437 2900 non
451 2876 597 2908 persecutus.

305 2909 333 2935 8.
352 2913 472 2935 Dementes
475 2911 523 2943 fise
527 2913 615 2944 flexere
623 2914 669 2937 vla
680 2910 713 2945 ?]
734 2909 830 2937 Lectio
840 2909 987 2937 communis
999 2928 1008 2942 ,
1018 2909 1220 2943 dementisesefle-

268 2954 324 2971 :cere
333 2947 417 2976 ruina,
429 2954 476 2980 pro
486 2954 535 2979 qua
547 2947 613 2972 mire
625 2954 724 2982 pugnat
736 2946 867 2974 Suffridus
880 2946 1012 2979 Penejus,
1022 2953 1049 2971 at
1059 2945 1220 2971 Gulielmius

263 2980 411 3017 proclivior
420 2987 476 3006 erat
487 2980 511 3006 iu
523 2981 633 3008 alteram
646 2983 758 3009 nostram
773 3002 780 3015 ,
791 2990 921 3018 repertam
933 2982 959 3009 in
972 2980 1152 3007 Lambinianis
1163 2980 1221 3016 ple-

267 3016 354 3052 risque
364 3017 390 3042 &
401 3015 503 3041 duobus
516 3015 576 3041 suis.
596 3017 640 3052 ipsi
652 3018 710 3044 fons
722 3017 822 3050 mendi,
834 3019 893 3045 hic:
915 3017 1003 3044 fuerat
1013 3017 1077 3043 olim
1100 3018 1221 3052 ἔιςχοακῶς

493 2551 544 2578 uod
563 2551 657 2579 eratin
670 2551 727 2578 Pal.
739 2551 839 2583 tertio,
859 2550 1110 2577 Maur-&Marum
1131 2558 1218 2585 neque
1240 2551 1242 2558 ⁴

1249 1761 1357 1793 fleaere,
1367 1767 1415 1794 pro
1424 1760 1539 1785 aberrare
1550 1776 1558 1789 ‚
1577 1757 1629 1783 mel
1642 1764 1763 1782 merum.·
1775 1763 1861 1788 neque
1870 1762 1936 1790 opus
1947 1754 2095 1780 mutatione
2105 1763 2133 1780 in
2143 1756 2214 1786 viai,

1255 1793 1355 1820 etiami}
1371 1801 1498 1828 juvarent
1509 1792 1570 1820 libri
1583 1811 1592 1824 ,
1611 1791 1707 1819 nedum
1728 1790 1863 1818 iiainvitis
1882 1789 2015 1816 omnibus.
2035 1789 2132 1825 peribit
2141 1790 2213 1817 enim

1256 1829 1336 1856 ardor
1346 1829 1433 1857 omnia
1443 1829 1602 1864 increpantis
1614 1828 1706 1864 Appii.
1724 1828 1762 1854 ita
1771 1826 1944 1853 Gulielmius.
1965 1826 2003 1852 At
2013 1835 2063 1861 ego
2073 1826 2159 1861 potius
2169 1834 2215 1853 ar-

1256 1866 1340 1892 bitrer
1350 1866 1434 1892 adhuc
1451 1865 1518 1892 illud
1537 1867 1583 1891 via
1602 1873 1676 1900 atque
1692 1863 1744 1890 effe
1763 1863 1938 1898 interpretum
1957 1867 1985 1887 at
2006 1870 2038 1888 ue
2056 1870 2113 1888 erat
2128 1865 2214 1895 ruina,

1238 1929 1239 1934 ,
1256 1910 1314 1937 quae
1326 1910 1376 1929 vox
1388 1902 1483 1929 sanein
1495 1910 1539 1928 xi.
1551 1899 1608 1928 mss.
1623 1899 1689 1928 Aldi
1702 1899 1818 1936 Nepotis
1831 1917 1840 1931 ,
1857 1904 1936 1934 atque
1945 1897 1971 1924 in
1983 1906 1998 1924 a
2011 1905 2070 1924 tero
2081 1897 2213 1931 Palatino,

1257 1938 1284 1965 in
1296 1947 1349 1973 quo
1359 1945 1460 1969 tamen,
1471 1939 1595 1963 dementes.

1292 1982 1319 2008 9.
1338 1977 1419 2002 (Anni
1431 1976 1506 2000 decem
1514 1972 1725 2007 interfluxiffint]
1747 1969 1808 1998 Mss'.
1819 1969 1941 2006 plerique.
1950 1970 2120 2004 infersuiffint,
2131 1970 2173 1996 cui
2183 1969 2214 1997 &t

1255 2009 1402 2038 adsentitur
1413 2011 1468 2037 Pal.
1480 2018 1520 2046 pr.
1532 2011 1558 2036 δι
1569 2016 1634 2036 tert.
1644 2007 1688 2034 sed
1698 2006 1792 2034 melius
1803 2005 1889 2034 forsan
1900 2004 2041 2039 secundus,
2052 2006 2080 2033 in
2091 2015 2144 2042 quo
2154 2012 2214 2034 tan·

1260 2053 1330 2078 tum,
1339 2049 1399 2073 armi
1407 2046 1594 2079 decemsuiffint.

1295 2092 1337 2110 10.
1348 2084 1487 2116 Nonfaciat
1496 2090 1523 2108 ea
1533 2082 1726 2116 quaejuvenes.a1
1734 2079 1791 2105 verb
1801 2081 1872 2105 multo
1881 2077 2014 2112 major-tm}
2022 2079 2118 2104 meliora
2121 2077 2214 2113 facin]

1257 2119 1397 2154 Languere
1409 2117 1473 2144 mihi
1493 2116 1598 2144 videtur
1610 2117 1648 2143 vis
1667 2116 1817 2151 argumenti
1839 2115 1886 2141 hac
1897 2113 2036 2141 verborum
2055 2113 2215 2150 pronuntia·

1257 2155 1342 2182 tione.
1355 2155 1397 2181 cui
1409 2153 1511 2181 roboris
1523 2153 1638 2180 multum
1649 2151 1797 2183 accederet,
1809 2151 1825 2177 fi
1836 2157 1937 2177 mutata
1948 2149 2163 2185 interpunEAEinne
2173 2149 2216 2176 le-

1258 2197 1368 2227 geretur
1379 2201 1385 2217 :
1401 2193 1506 2224 quierue.
1527 2191 1646 2223 Nmfarit
1656 2198 1683 2214 ea
1693 2188 1846 2223 qua-iuvenes
1857 2190 1867 2213 2
1886 2193 1913 2212 at
1922 2188 1979 2212 verb
1988 2187 2065 2212 multa
2073 2187 2176 2220 majora,
2184 2185 2215 2217 ὸ·

1257 2227 1432 2259 meliorafacit.
1453 2227 1481 2252 &
1493 2225 1526 2252 iic
1537 2225 1593 2251 fere
1603 2224 1686 2251 editio
1697 2224 1762 2250 Aldi
1775 2222 1890 2249 Manutii
1902 2222 2028 2258 Nepotis.

1296 2272 1305 2289 i
1315 2272 1337 2289 r.
1357 2263 1402 2288 sed
1417 2263 1502 2296 consilio
1515 2281 1522 2293 ‚
1540 2263 1683 2287 niifforitate
1698 2278 1706 2291 ‚
1718 2260 1849 2294 sententia.
1860 2258 1875 2293 ]
1904 2258 1961 2285 Pal.
1972 2258 2023 2285 sec.
2037 2258 2141 2292 ftienn'a
2151 2275 2159 2289 ,
2177 2257 2215 2284 de

1277 2308 1311 2325 uo
1323 2298 1439 2324 viderint
1457 2298 1502 2324 alii
1514 2307 1522 2328 ς
1545 2306 1602 2323 nam
1616 2296 1680 2323 mihi
1691 2294 1750 2322 sane
1761 2304 1790 2322 ea
1800 2303 1853 2321 vox
1864 2295 1923 2321 heic
1931 2292 2040 2321 absurda
2051 2293 2161 2320 minime
2173 2293 2216 2319 vi-

1277 2343 1337 2361 etur
1349 2354 1357 2366 ,
1378 2334 1497 2370 quamvis
1516 2333 1570 2360 fine
1588 2332 1666 2368 hujus
1684 2331 1777 2368 capitis
1796 2338 1915 2358 recurrat
1934 2349 1943 2363 ,
1971 2330 2063 2364 consilia
2073 2348 2082 2362 ‚
2102 2331 2194 2356 ratione
2205 2346 2216 2362 ,

1237 2370 1238 2377 ¹
1250 2371 1384 2404 sentemia.

1297 2416 1338 2432 η.
1357 2407 1495 2439 Praescra'bo,
1504 2406 1534 2437 (ῑγ
1543 2404 1648 2440 quomodo
1658 2404 1814 2436 :Carthagini
1822 2404 1882 2429 male
1889 2403 1943 2436 jam
1951 2401 1991 2427 diu
2001 2402 2122 2434 cogitanti,
2133 2401 2215 2427 belhem

1257 2445 1328 2468 multo
1338 2449 1393 2468 ante
1402 2442 1538 2475 denuncio]
1559 2442 1603 2467 sic
1622 2440 1693 2468 Via.
1706 2438 1833 2466 Celberd.
1852 2440 1879 2466 δε
1892 2437 1996 2464 Metelli
2015 2436 2128 2463 codices.
2156 2436 2218 2462 vul-

1257 2478 1314 2513 gati
1325 2478 1426 2513 inepte,
1434 2478 1570 2510 praescrih05
1583 2477 1612 2507 ὼ
1620 2476 1725 2510 quomodo
1734 2477 1880 2508 Carthagini
1891 2475 1950 2499 mal»,⁷
1951 2474 2006 2507 jam
2017 2475 2129 2505 cogitanti
2137 2473 2218 2498 hellam·

1257 2515 1382 2545 inferatur
1393 2533 1401 2544 ‚
1419 2515 1490 2538 multo
1500 2519 1555 2539 ante
1564 2513 1686 2538 denuncio.
1706 2520 1765 2538 nam
1776 2509 1844 2538 illud
1855 2510 1975 2543 inferam>-
1984 2508 2076 2535 exulat
2086 2508 2150 2544 pler*
2157 2507 2218 2543 “que

1258 2549 1333 2575 libris
1345 2549 1402 2576 mss.
1414 2558 1498 2585 neque
1510 2547 1627 2584 agnoscit
1647 2547 1703 2574 Pal.
1714 2546 1764 2573 sec.
1785 2546 1829 2581 qui
1841 2553 1929 2573 tamen
1949 2543 2028 2570 habet
2040 2563 2048 2576 ‚
2067 2545 2096 2575 (12⁴
2113 2543 2219 2579 quomod·

1255 2587 1409 2618 Carthagini,
1419 2588 1458 2612 cui
1468 2587 1529 2611 male
1532 2587 1586 2619 jam
1598 2585 1639 2609 diu
1649 2585 1772 2617 rogitanti,
1783 2583 1862 2608 belham
1871 2583 1940 2607 multo
1950 2587 2005 2606 ante
2017 2580 2135 2606 deminuo.
2157 2578 2217 2605 Pal.

1258 2628 1322 2648 tert.
1333 2621 1409 2648 habet
1422 2640 1431 2653 ‚
1449 2622 1478 2652 ὸ·
1486 2621 1592 2655 quomoda
1601 2621 1746 2652 Karthagini
1758 2621 1817 2644 male
1827 2618 1883 2652 jam
1892 2617 1932 2643 diu
1950 2618 2064 2649 cogitanti
2075 2635 2083 2647 ,
2102 2616 2218 2649 refistant,

1258 2657 1327 2682 mielrb
1337 2664 1393 2683 ante
1406 2659 1527 2683 denuncio.
1540 2665 1591 2682 non
1603 2655 1679 2682 bene.
1696 2664 1756 2681 nam
1767 2654 1853 2680 multo
1863 2660 1935 2683 ante,
1946 2652 2046 2687 inquit,
2058 2648 2214 2688 Carthagini

1259 2693 1284 2719 se
1293 2692 1453 2720 denunciare
1463 2692 1575 2723 bellum,
1593 2691 1664 2727 quod
1671 2690 1850 2717 'Orationibus
1860 2688 1911 2715 suis
1921 2687 2022 2724 semper
2031 2696 2079 2723 pro
2088 2685 2216 2712 sententia

1259 2729 1403 2762 adjiceret:
1432 2730 1499 2755 Hoc
1521 2736 1643 2754 causeo
1663 2737 1670 2754 t
1702 2735 1741 2753 ετ
1762 2732 2001 2753 KARTHAGINEM
2030 2728 2216 2750 nazarenam.

1258 2764 1352 2792 :metor
1361 2765 1388 2792 iu
1404 2765 1457 2791 vita
1467 2764 1523 2798 ejus
1536 2763 1704 2790 Plutarchus.
2116 2791 2122 2797 ⁶

1298 2810 1339 2837 ¹3·
1362 2801 1439 2832 Cuim-
1456 2800 1471 2826 ἃ
1482 2807 1553 2825 morte
1569 2802 1656 2825 tertius
1672 2800 1711 2825 hic
1726 2797 1756 2828 ὸ·
1774 2797 1902 2831 rricestmm
1919 2798 1954 2822 es‘l
1972 2792 2077 2827 annus]
2098 2791 2217 2832 sic—fere

1259 2846 1351 2864 omues
1363 2836 1425 2863 edd.
1464 2843 1540 2862 raeter
1551 2835 1615 2862 Aldi
1628 2834 1743 2871 Nepotis
1754 2843 1763 2865 ς
1784 2834 1810 2860 in
1824 2833 1876 2868 qua
1887 2851 1895 2863 ,
1910 2831 2040 2864 sixtus-1:1¹1:
2052 2847 2060 2860 ,
2070 2829 2121 2859 dyc.
2145 2828 2218 2854 idem

1260 2881 1348 2900 tamen
1362 2846 1471 2899 candidje
1491 2871 1632 2907 profitetur
1645 2889 1655 2904 ,
1673 2869 1771 2905 viginti
1790 2869 1894 2904 aliquot
1914 2864 2075 2892 membranas
2096 2862 2152 2890 suas
2163 2863 2218 2890 sci·-

1262 2918 1323 2936 vare
1342 2908 1453 2935 alteram
1476 2907 1640 2943 scripturam.
1660 2905 1818 2932 Vincentius
1838 2905 2005 2929 Contarenus
2025 2899 2165 2935 repofitum
2184 2900 2219 2932 it,

1262 2947 1408 2979 quintin-hic
1419 2964 1427 2977 ,
1446 2945 1498 2976 &c-
1517 2944 1545 2969 ὅτ
1556 2943 1662 2978 quidem
1674 2945 1688 2969 ὲ
1703 2940 1787 2968 tribus
1799 2937 1856 2964 mss‘.
1875 2937 1943 2963 idem
1965 2935 2117 2962 consulatur
2128 2936 2221 2962 Varia·

1264 2990 1321 3007 rum
1334 2980 1479 3007 lectionum
1491 2989 1548 3017 cap.
1558 2986 1604 3011 24.
1625 2986 1683 3005 nam
1695 2975 1764 3002 Pau.
1783 2973 1861 3001 nostri
1880 2981 1910 2998 ac
1924 2971 2098 2998 Gulielmiaui
2118 2971 2221 3034 conspi-

1264 3025 1322 3044 rant
1333 3025 1392 3043 cum
1405 3016 1531 3052 vulgatis.
1551 3014 1660 3049 Pighius
1671 3013 1698 3039 in
1709 3010 1789 3038 Fastis
1799 3018 1868 3036 anno
1876 3007 1961 3034 Urbis
1972 3016 2107 3034 nnxviir.
2126 3007 2178 3034 mal
2192 3013 2220 3035 et

267 3061 355 3078 memes
364 3053 493 3082 dementis,
512 3053 625 3078 νὲοιῖωοι.
645 3053 707 3079 inde
726 3056 786 3081 cum
802 3053 946 3081 evanuisset
966 3053 1043 3080 litera
1054 3053 1149 3079 ultima
1161 3072 1168 3084 ,
1187 3052 1222 3079 ob
1241 3065 1243 3093 f
1261 3060 1374 3087 quartus.

265 3087 375 3115 eandem
388 3087 413 3114 in
433 3087 552 3127 sequenti
566 3096 627 3113 voce
639 3089 749 3122 primam
763 3098 771 3120 ;
791 3090 853 3116 boni
872 3088 1037 3116 corrcfitores
1059 3088 1145 3115 versus
1156 3098 1222 3115 cori—
1240 3098 1241 3101 ¹

263 3123 402 3158 effluendi,
412 3130 600 3160 excogitarunt
608 3123 677 3152 istud
689 3127 762 3153 ruina
772 3143 781 3159 ‚
798 3125 872 3161 cujus
884 3125 1021 3161 vestigium
1034 3124 1138 3152 nullum
1148 3127 1175 3153 in
1186 3124 1220 3153 li-

1300 3097 1341 3121 14.
1367 3092 1416 3114 Nec
1424 3090 1484 3114 enim
1494 3084 1650 3118 extrusione]
1672 3082 1751 3110 Nihil
1768 3089 1863 3109 moveo
1876 3100 1884 3112 ‚
1895 3079 1937 3107 sed
1949 3079 2039 3106 malim
2053 3099 2060 3113 ‚
2082 3080 2220 3115 decrnfione.

1267 3125 1416 3159 Decuifiones
1427 3124 1497 3152 euim
1505 3123 1537 3150 ’ὃῑ
1545 3122 1678 3153 decurrere,
1688 3119 1715 3148 in
1727 3117 1863 3147 exercitiis
1872 3116 1927 3146 istis
1937 3116 2052 3153 ‚mimia>
2189 3151 2215 3184 ξ.

1540 3174 1546 3177 ,
2158 3159 2181 3179 1.
2204 3158 2227 3177 13
