2337 3400
546 95 1051 144 M.TU1.1,11

97 196 120 229 9
368 188 561 219 CICERO
584 187 797 218 ATTICO,
829 187 856 215 S.

184 244 214 271 N
222 242 330 272 Piraeeav
338 237 409 269 cum
420 235 544 267 exiss‘em
557 235 677 277 prid-{Id
683 245 716 266 us
727 234 836 265 ottob.
852 239 861 254 ¹
871 234 968 273 accepi
979 232 1016 263 ab
1025 235 1100 264 Aca—

140 239 225 315 Isto
239 303 246 313 ,
271 283 355 311 servo
367 289 438 309 meo
449 299 457 312 ,
469 278 566 309 statim
579 288 643 308 tuas
656 279 766 307 litteras
781 287 786 305 :
808 287 879 317 quas
887 275 1012 316 quidem
1026 286 1096 305 cum

137 322 349 362 exspectassem
365 322 424 358 iarn
434 320 485 351 diu
496 341 504 354 ‚
520 320 683 350 admiratus
698 320 760 349 sum
773 339 780 352 ‚
795 328 826 348 ut
838 318 900 348 vicli
912 315 1095 369 obsignatam

136 373 291 413 epistolam
305 392 313 406 ‚
332 372 509 402 brevitatem
529 371 614 409 ejus3
632 378 664 399 ut
681 372 780 409 aperui
794 389 801 401 ‚
826 368 926 398 rursus
937 373 1098 402 συγκυσιν

138 415 341 445 litterularum
357 433 365 447 ‚
393 417 407 432 ²
419 422 484 452 quae
494 412 591 442 solent
602 421 658 442 tuae
670 409 922 450 compositiffimae
933 409 965 438 &
977 406 1098 438 clariffi-

138 464 196 486 mae
206 455 276 486 esse:
291 466 343 489 ac,
356 465 394 485 ne
406 455 499 484 multa
509 474 516 484 ‚
529 455 661 495 cognovi
671 463 709 482 ex
723 463 760 482 eo
773 473 780 485 ‚
791 451 873 492 quod
886 454 923 482 ira
935 450 1096 489 scripseras,

137 507 166 528 te
186 502 321 529 Romam
344 495 455 527 veniss'e
476 499 510 525 A.
534 499 572 526 D.
594 505 658 525 x11.
671 495 797 525 Kalend.
811 493 919 524 oetob.
931 503 1000 523 cum
1012 491 1099 522 febri.

136 539 286 580 percussus
305 541 519 570 vehementer,
539 536 710 578 nec‘magis
723 557 731 570 ,
750 538 842 578 quum
866 536 955 566 debui
969 555 976 567 ‚
1000 533 1098 563 statim

139 591 241 623 qucum
251 592 287 611 ex
300 580 415 611 Acasto.
440 580 492 609 ille
503 580 535 610 &
546 579 612 612 tibi,
629 579 662 609 &
674 578 726 609 sibi
737 579 834 609 visum
852 598 860 612 ‚
884 578 915 607 &
927 587 967 607 ita
979 577 1005 606 se
1015 576 1100 606 domi

140 634 177 654 ex
194 626 251 654 tuis
261 622 384 656 audiss'e,
400 631 431 652 ut
442 622 519 651 nihil
531 620 601 651 effe:
612 621 823 651 incommode.
846 620 876 650 id
886 619 1042 649 videbatur
1050 628 1102 657 ap—

140 666 263 706 probare
276 686 283 698 ,
305 665 387 705 quod
400 666 502 694 eratin
513 672 651 693 extremo
664 684 672 696 ‚
691 662 868 693 febriculam
881 671 944 692 tum
955 670 982 690 te
993 661 1103 690 haben-

142 717 203 738 tem
225 704 371 747 sc1·ipsiffe.
399 709 411 733 3
432 704 478 735 sed
498 707 599 735 amavi
621 714 722 735 tamen
743 717 750 739 3
779 703 999 744 admiratusque
1022 703 1102 735 sum,

142 749 225 790 quod
240 747 445 778 nihilominus
455 746 491 778 ad
502 756 612 778 merua
621 757 715 776 manu
728 745 889 786 scripsistis
901 755 988 785 quare
1000 744 1036 773 de
1047 746 1104 773 hoc

141 792 220 821 satis.
239 791 321 831 spero
339 792 424 820 enim
437 809 445 822 ,
465 799 531 829 quae
551 798 598 818 tua
620 789 777 828 prudentia
796 789 827 817 &
843 795 1038 827 temperantia
1049 785 1103 818 est,

143 833 177 863 δε
187 834 306 863 hercule
319 853 327 866 ,
348 831 531 868 utmeJ‘ubet
543 830 662 861 Acastus
675 851 682 863 ,
703 828 827 860 confido
836 839 864 859 te
874 830 933 867 jaim
946 849 953 861 ,
974 837 1005 857 ut
1016 828 1103 857 volu-

143 885 212 905 mus
222 895 229 908 ‚
241 875 346 905 valere.
372 878 399 904 A
408 874 566 904 Turannio
577 882 604 902 te
613 870 754 913 accepiss'e
765 881 845 902 meas
857 871 966 901 litteras
976 869 1100 911 gaudeo.

250 915 411 959 φύλαξον,
422 922 502 953 fime
511 932 602 956 amas,
616 910 680 948 elad
696 913 727 951 ἐξ
744 914 888 958 φυρφτὲ
901 916 1104 955 <patronusne

143 966 325 1001 oc’vvv‘mm.
350 974 444 1006 hanc,
465 982 531 1013 quae
548 971 720 1002 mehercule
730 971 807 1000 mihi
823 979 933 1011 magno
943 969 1042 999 dolori
1053 968 1105 1003 est,

142 1015 257 1055 (dilexi
286 1017 371 1045 enim
401 1016 562 1044 hominem
575 1014 589 1055 )·
603 1022 743 1054 procura,
762 1012 1035 1053 quantulacumque
1051 1010 1104 1046 est,

146 1059 326 1088 Praecianam
341 1057 533 1086 hereditatem
547 1076 554 1089 ‚
567 1055 712 1096 cfprorsus
724 1055 775 1084 ille
786 1056 962 1095 neattingat.
986 1057 1000 1080 θ’
1013 1053 1106 1088 dices,

142 1108 289 1129 nummos
310 1099 388 1128 mihi
408 1108 484 1138 opus
503 1097 560 1128 effe
577 1097 614 1128 ad
623 1105 793 1137 apparatum
804 1097 952 1135 triumphi
974 1097 1022 1124 :in
1032 1105 1105 1136 quo,

139 104 236 167 830

182 1198 191 1216 1
199 1210 205 1215 .
224 1192 309 1222 Accepi
318 1191 454 1222 abwcasto
464 1189 546 1223 ,servo
556 1188 626 1222 meo]
651 1187 812 1214 Emendabat
832 1189 954 1214 Muretus
966 1187 994 1214 d.
1004 1197 1059 1224 cap.
1074 1187 1101 1214 8.

141 1229 219 1259 accepi
229 1227 259 1251 ab
269 1227 365 1258 Acasto,
371 1227 458 1258 statem
468 1235 512 1251 mea
521 1233 576 1250 mas
586 1227 691 1251 litterae.

155 1282 158 1285 Α
180 1271 209 1288 2.
230 1263 285 1294 φεμ
297 1262 371 1295 silent
388 1269 435 1288 rme
452 1264 643 1295 compofitiffimae,
662 1261 823 1294 &clariffimae
840 1260 906 1294 affin]
926 1264 976 1286 ‘Puae
993 1259 1063 1286 deest
1074 1260 1101 1286 in

144 1297 218 1332 vulg.
239 1298 320 1324 etiarn
331 1298 357 1324 in
368 1297 487 1325 editione
500 1298 579 1333 Junii
591 1307 599 1327 ;
619 1297 663 1333 qui
675 1306 724 1333 pro
734 1299 909 1330 comptfitiffimae
920 1316 928 1327 ,
947 1305 981 1322 ex
999 1295 1102 1322 duobus

144 1333 201 1360 mss.
215 1333 297 1361 Palut.
311 1333 377 1369 legit
395 1336 542 1369 copiefiffimae.
562 1333 725 1360 Gulielmius
737 1333 869 1360 maluiss'et
881 1352 889 1365 ‚
907 1333 968 1368 quod
978 1332 1105 1367 fiulenttuae

141 1370 235 1403 cmpos.

182 1413 195 1439 3
204 1426 209 1431 .
228 1406 275 1432 Sed
281 1408 366 1432 amawi
375 1413 462 1432 tamen.
484 1406 566 1442 Vulg.
576 1406 621 1431 Sed
629 1408 734 1432 clamavi
743 1412 831 1432 tamen.

177 1449 206 1474 4.
224 1443 327 1475 'Prorsus
335 1444 370 1467 illc
380 1452 408 1467 ne
417 1443 547 1475 attingat]
575 1443 610 1468 Et
621 1441 750 1468 sententia
760 1441 821 1477 flagi
827 1447 865 1468 tat
877 1461 884 1473 ‚
895 1447 925 1467 ut
935 1440 1040 1477 legatur
1052 1460 1060 1472 ‚
1070 1441 1107 1466 ille

142 1485 171 1501 ne
181 1481 302 1509 attingam
323 1478 349 1503 &
362 1478 399 1505 ita
418 1477 623 1505 manifestiffime
639 1478 765 1514 scriptum
776 1479 812 1505 est
822 1478 849 1504 in
860 1477 944 1504 Scidis
958 1497 965 1509 ,
985 1485 1014 1503 ut
1024 1478 1104 1504 etiam
1131 1480 1138 1487 “

143 1513 170 1539 in
183 1513 314 1540 Fulvi-„ino
325 1513 375 1540 ms.

156 1575 159 1577 ,
183 1557 209 1582 5.
228 1552 296 1575 Dices
309 1567 316 1581 ,
335 1558 439 1575 nummos
458 1552 515 1576 mihi
531 1558 588 1584 opu!
598 1551 665 1585 effe]
679 1549 780 1586 Junius
792 1558 825 1576 ex
839 1549 940 1577 duobus
953 1548 1010 1576 mss.
1021 1548 1106 1576 palat.

145 1584 212 1620 legit
225 1603 234 1616 ,
244 1594 347 1611 nummos
358 1586 415 1610 mihi
424 1586 473 1618 effe.

155 1662 158 1663 V
189 1622 218 1654 6.
244 1625 370 1663 Ε’πεχιΐν
382 1627 555 1661 rescribebat]
567 1626 702 1653 Visflorius
716 1625 889 1661 castigaverat
897 1634 931 1651 cx
942 1625 1052 1660 antiquo
1062 1624 1107 1651 suo

144 1665 248 1707 ὲπέχᾴν
264 1671 423 1705 tet-scribebas
433 1681 439 1695 .-
449 1678 527 1698 antca
538 1671 675 1708 legebatur
685 1669 792 1710 {yram
804 1671 968 1703 urseribehas:
991 1669 1049 1696 Viri
1058 1669 1108 1696 do-

147 1714 253 1742 aiffimi
273 1714 561 1743 hanecmendanonem
576 1715 801 1749 refertUrsinus5
822 1707 924 1754 {m‘xeiv
949 1717 1110 1752 inter-scripse-

147 1763 198 1780 rat.

489 1843 581 1904 M.
659 1844 1061 1908 TULLII

147 1950 1099 2067 EP-ISTO

545 2116 927 2176 LIBER

1094 2222 1135 2265 A

460 2308 515 2367 A
673 2310 731 2369 T
1097 2315 1121 2373 I

385 2436 580 2468 CICERO
601 2440 819 2473 ATTICO,
843 2442 871 2470 S.

328 2509 337 2519 ,
383 2503 386 2506 ,
434 2491 580 2518 EDERAM
600 2489 739 2529 equidem
759 2492 795 2520 L.
806 2489 927 2521 Saufeio
941 2491 1069 2525 litteras,
1083 2491 1116 2523 &

430 2530 571 2560 dederam
589 2530 623 2560 ad
643 2540 671 2561 te
693 2541 788 2562 unum
811 2553 819 2566 ‚
840 2531 922 2573 quod
936 2553 944 2566 ,
963 2532 1034 2564 curn
1052 2544 1116 2564 non

431 2570 501 2602 ess'et
524 2576 670 2612 temporis
686 2575 766 2604 mihi
787 2575 822 2605 ad
834 2575 1026 2606 scribendum
1037 2576 1116 2610 satis,

384 2632 393 2647 :
429 2622 530 2644 tamen
550 2616 710 2645 hominem
732 2615 787 2646 tibi
806 2625 866 2647 tam
887 2615 1067 2648 familiarem
1081 2617 1117 2648 si-
1136 2613 1137 2627 ³

434 2666 472 2685 ne
493 2658 569 2686 meis
589 2657 701 2688 litteris
716 2678 723 2690 ³
751 2658 779 2688 id
799 2667 827 2688 te
846 2660 949 2688 venire
961 2659 1115 2690 nolebam.
1135 2667 1136 2670 ’

432 2698 491 2731 sed,
505 2708 537 2728 ut
544 2699 617 2739 philo
616 2699 696 2739 prhi
705 2699 856 2730 ambulant
864 2720 872 2735 ‚
889 2701 938 2730 has
952 2701 1006 2731 tibi
1017 2702 1118 2732 reddi-

437 2749 502 2770 tum
523 2750 559 2770 iri
570 2742 709 2780 putabam
721 2743 812 2781 prius.
836 2741 948 2782 finjam
963 2743 1026 2773 illas
1035 2754 1116 2774 acce-
1136 2764 1137 2767 =

157 2781 226 2821 pisti
237 2801 245 2815 ,
259 2783 312 2813 scis
323 2793 369 2813 me
383 2783 512 2813 Athenas
523 2781 635 2812 veniffe
646 2784 721 2823 prid.
747 2785 816 2815 Idus
828 2784 973 2815 Odstobres
988 2797 997 2820 3
1017 2786 1033 2815 ὲ
1044 2788 1114 2817 navi
1135 2784 1137 2804 ³

155 2823 304 2863 egressum
324 2827 356 2855 in
375 2827 520 2855 Piraeeum
541 2832 604 2854 tuas
620 2825 656 2855 ab
673 2825 780 2856 Acasto
799 2825 901 2857 nostro
911 2826 1023 2858 litteras
1033 2838 1116 2858 acce·

154 2863 228 2905 piffe
250 2878 258 2899 3
274 2866 483 2896 conturbatum
502 2886 512 2900 ‚
531 2865 614 2912 quod
631 2877 701 2897 cum
722 2867 805 2898 febre
823 2871 954 2899 Romam
973 2868 1114 2904 veniffes3

156 2905 242 2937 bono
261 2915 361 2938 tamen
377 2910 487 2941 animo*
501 2907 558 2939 esse
573 2907 689 2949 caepiss‘e
701 2929 710 2943 ‚
731 2910 814 2950 qnod
833 2909 958 2941 Acastus
973 2921 1006 2942 ea
1017 2932 1026 2944 ,
1045 2922 1111 2952 quae

155 2948 269 2978 vellem
282 2969 290 2981 ‚
308 2949 344 2979 de
362 2950 487 2980 allevato
505 2960 629 2991 corpore
642 2960 693 2981 tuo
704 2954 855 2983 nuntiaret
864 2963 874 2987 3
899 2956 908 2972 ²
925 2952 1111 2984 cohorruifle

884 2312 941 2371 T

151 3039 197 3046 0-

1130 95 1677 144 thssnouis

1141 189 1174 210 ut
1191 181 1326 220 praecipis
1337 200 1346 213 ,
1367 190 1422 211 nec
1439 191 1491 212 me
1509 176 1592 210 κενὸν
1610 184 1643 214 in
1656 182 1826 225 expetendo
1836 183 1997 225 cognosces
2009 202 2017 217 ,
2039 192 2096 216 nee

1143 220 1266 263 ἀτυφον
1288 232 1322 251 in
1340 222 1521 257 abiiciendo.
1543 225 1685 256 Intellexi
1699 236 1736 257 ex
1748 227 1932 260 tuislitteris,
1944 235 1972 256 te
1982 236 2021 255 ex
2032 229 2100 257 Tu-

1143 272 1249 302 rannio
1258 269 1400 305 audisses}
1410 282 1458 302 me
1470 273 1754 315 provinciamfrarri
1767 275 2025 306 traditamadeon’
2041 286 2098 316 ego

1143 330 1205 350 non
1216 321 1420 361 perspexeram
1432 322 1620 361 prudentiam
1631 323 1792 355 litterarum
1806 327 1944 355 tuarum?
1963 323 1977 345 ⁶
1986 318 2101 364 ἐπέχων

1143 371 1170 392 te
1189 363 1342 393 scribebas.
1364 365 1437 404 quid
1449 373 1508 394 erat
1518 363 1705 395 dubitatione
1715 366 1840 406 dignum
1865 370 1875 396 ?
1898 365 1918 396 si
1932 365 2103 407 esl'etquid-

1142 414 1255 445 quam3
1276 415 1328 434 cur
1336 405 1463 444 placeret
1472 405 1594 435 fratrem
1607 425 1616 439 ‚
1638 406 1670 436 &
1688 408 1777 437 talem
1795 408 1913 438 fratrem
1929 429 1938 442 ‚
1959 409 2104 449 relinqui?

1145 448 1285 482 [ifle-mm
1302 453 1355 484 ista
1366 456 1443 484 mihi
1455 463 1520 488 tua,
1543 464 1605 484 non
1619 449 1722 491 ’ἔποχῆ
1773 456 1940 487 videbatur.
1959 457 2106 488 monebas

1144 495 1180 525 de
1205 498 1244 533 Q.
1268 497 1410 526 Cicerone
1429 506 1539 545 puero,
1567 505 1677 547 ut'eum
1691 497 1814 538 quidem
1827 501 2001 540 neutiquam
2013 499 2106 529 relin-

1145 553 1278 584 querem.
1323 550 1338 573 7
1349 539 1390 573 τέ
1403 542 1462 579 pty'v
1478 544 1585 577 πειρον
1601 552 1686 580 egaea.
1713 545 1815 576 eadem
1828 549 1944 580 omnia,
1955 546 2032 588 quasi
2043 548 2107 578 col-

1147 587 1239 616 locuti
1251 584 1377 617 essemus
1389 607 1397 621 ,
1418 587 1564 618 vidimus.
1589 596 1652 616 non
1662 586 1721 617 fuit
1730 587 1903 617 faciendum
1916 589 2018 624 aliter,
2040 600 2106 620 me-

1146 647 1204 677 que
1219 631 1388 678 fflaeemae
1402 630 1500 676 ἐπχῆ
1512 635 1912 667 tuadubitationcliberavit.
1935 638 1983 668 sed
1993 647 2067 679 puto
2079 649 2106 670 te

1147 675 1287 717 accepiffe
1306 677 1343 708 de
1363 679 1416 708 bac
1438 688 1469 708 re
1486 677 1643 718 epistolam
1663 698 1671 712 ,
1691 679 1826 719 scriptam
1845 678 2028 710 accuratiusj
2043 684 2105 722 Ego

1151 719 1317 750 tabellarios
1335 719 1452 759 postero
1472 719 1523 750 die
1539 720 1574 750 ad
1596 730 1650 749 vos
1675 730 1754 750 eram
1767 718 1925 754 missurus,
1946 731 2022 762 quos
2032 732 2105 762 puto

1148 771 1214 792 ante
1230 771 1372 791 venturos
1393 782 1401 796 ,
1422 762 1513 802 quam
1537 760 1674 792 nostrum
1693 761 1858 792 Saufeium.
1893 763 1943 792 sed
1960 774 2030 793 eum
2047 763 2107 795 fine

1151 806 1226 834 meis
1246 803 1351 833 litteris
1361 804 1396 833 ad
1409 805 1549 834 tevenire
1563 823 1572 837 ‚
1592 805 1645 833 vix
1665 803 1783 834 reeium
1802 812 1872 834 erar.
1897 807 1946 834 Tu
1957 806 2051 839 mihi,
2075 814 2108 837 ut

1150 846 1313 886 polliceris,
1341 845 1377 875 de
1387 846 1524 876 Tulliola
1535 855 1618 879 mea,
1640 845 1671 875 id
1683 845 1725 876 est
1739 846 1775 876 de
1787 846 1944 876 Dolabella
1955 866 1962 880 ‚
1984 847 2107 886 perscri-

1151 889 1222 920 bas;
1243 886 1280 916 de
1299 890 1374 927 Rep.
1399 888 1490 928 quam
1512 887 1665 928 praevideo
1685 890 1717 917 in
1740 888 1868 918 summis
1888 890 2049 928 periculis;
2068 889 2106 919 de

1151 928 1330 959 Censoribus
1341 950 1348 962 ,
1371 932 1564 970 maximeque
1574 928 1610 959 de
1621 927 1709 971 signis
1720 949 1728 964 ,
1741 930 1850 960 rabulis
1859 930 1931 972 quid
1942 929 2012 963 fiat?
2030 930 2106 961 refe-

1150 980 1277 1001 raturne.
1303 971 1405 1001 Idibus
1421 970 1528 1001 OOcob.
1552 972 1601 1001 bas
1613 971 1682 1001 dedi
1696 972 1805 1002 litteras
1818 972 1968 1013 :quodie‚
1993 973 2107 1003 urseri-

1152 1013 1197 1042 bis
1209 1033 1216 1046 ,
1241 1014 1332 1042 Caesar
1341 1014 1521 1043 Placentiam
1535 1013 1669 1053 legiones
1677 1023 1813 1054 quatuor.
1837 1014 1938 1055 quaeso
1948 1034 1955 1047 ‚
1966 1015 2038 1055 quid
2049 1025 2106 1044 no-

1151 1055 1197 1084 bis
1215 1053 1354 1084 futurum
1364 1053 1427 1084 est?
1449 1050 1510 1084 3111
1526 1064 1590 1084 arce
1609 1055 1736 1085 Athenis
1750 1055 1836 1086 statio
1857 1065 1924 1086 mea
1940 1066 2022 1086 nunc
2043 1057 2105 1097 pla-

1147 1104 1202 1126 cet.

1189 1200 1218 1223 7.
1244 1187 1290 1220 'rs'
1300 1187 1354 1227 μὸν
1368 1186 1574 1229 ὅνείεονέμὴί.]
1600 1191 1769 1227 Antiquioris
1781 1191 1817 1217 sui
1828 1193 1929 1219 auxilio
1939 1193 2007 1220 hunc
2018 1193 2106 1221 locunt

1144 1236 1259 1263 restituit
1278 1235 1416 1264 Viam-ius
1437 1243 1532 1264 :antea
1550 1236 1689 1272 legebatur
1709 1233 1781 1265 erim
1803 1234 1890 1271 μένον
1921 1235 2022 1277 {paimei
2046 1248 2104 1278 μιὶ

1146 1281 1226 1317 vulg:
1239 1277 1276 1309 τέ
1288 1291 1338 1319 μιν
1351 1277 1412 1320 ὄναρ
1432 1277 1502 1321 {goir
1514 1279 1596 1319 ἐμοί.

1182 1339 1209 1366 8.
1228 1342 1257 1365 In
1268 1348 1323 1365 arce
1332 1339 1505 1372 Atheniastasio
1514 1348 1565 1365 mea
1573 1340 1744 1374 nuncplacet.]
1769 1340 1882 1368 Etliunc
1900 1350 2006 1377 quoque
2017 1342 2105 1370 locutu

1145 1375 1318 1411 depravatum
1338 1375 1479 1402 meliorum
1499 1385 1549 1411 ope
1568 1375 1688 1403 codicum
1707 1396 1713 1407 ‚
1735 1377 1849 1403 restituit
1867 1377 2022 1409 vitiorium
2042 1380 2105 1406 cunt

1145 1413 1218 1448 prius
1237 1411 1391 1447 legeretur,
1411 1414 1504 1439 Mafle.
1516 1413 1743 1445 scribas-(Athenis.
1764 1413 1919 1440 Bess'arionis
1931 1414 1999 1440 liber
2009 1416 2107 1442 Manu-

1145 1448 1184 1475 tio
1193 1447 1327 1474 referente
1339 1467 1347 1479 ,
1359 1452 1444 1475 Marce
1451 1448 1549 1473 Athem‘e
1559 1458 1566 1472 :
1576 1447 1756 1479 Cavalcantis5
1768 1452 1795 1475 In
1805 1452 1866 1475 Arce
1874 1451 1983 1477 Athenis.
1997 1450 2105 1478 verbum

1146 1484 1252 1520 quidem
1264 1486 1380 1518 scribat,
1400 1484 1426 1509 in
1441 1491 1537 1510 neutro
1556 1493 1583 1510 re
1604 1484 1689 1510 critur
1700 1503 1708 1516 ,
1729 1494 1760 1511 ne
1771 1485 1797 1511 iu
1808 1484 1909 1512 duobus
1921 1486 2028 1521 quidem
2040 1496 2107 1522 quos

1133 1522 1135 1537 ³
1148 1520 1225 1547 habet
1234 1520 1311 1556 ipsius
1331 1518 1500 1546 amiciffimus
1510 1538 1519 1550 ‚
1540 1529 1573 1546 un
1595 1529 1609 1546 c
1620 1519 1761 1555 legendum
1773 1521 1880 1554 conjicit
1892 1541 1900 1551 ‚
1918 1528 1948 1547 ut
1959 1522 2107 1555 vigim-ius,

1148 1556 1254 1592 eiusque
1272 1555 1485 1582 emendationem
1501 1555 1547 1582 fibi
1564 1555 1696 1583 vindicat:
1719 1556 1752 1582 fic
1761 1557 1840 1583 etiam
1855 1557 1931 1593 plane
1943 1557 2066 1593 scriptum
2078 1559 2106 1587 iu

1148 1593 1198 1619 suis
1219 1591 1275 1618 mff.
1296 1591 1385 1619 asserit
1402 1591 1560 1618 Lambinus.
1588 1591 1632 1618 sed
1642 1592 1743 1627 Juuius
1763 1594 1855 1619 contris.
1876 1602 1884 1623 ς
1913 1602 1966 1619 uno
1983 1593 2106 1622 consensu

1148 1639 1191 1656 om
1197 1638 1240 1655 nes
1253 1627 1311 1654 mss'.
1323 1628 1409 1654 Palat.
1421 1627 1515 1654 habere
1525 1629 1562 1654 ait
1573 1647 1581 1659 ‚
1594 1629 1783 1661 Mane-scriba.
1801 1630 1975 1662 Athenisstatio
1983 1632 2107 1663 nuncpla..

1148 1673 1197 1691 cet:
1215 1664 1287 1700 quod
1297 1665 1324 1690 ὃς
1337 1664 1381 1700 ipfi
1391 1663 1528 1701 probatur.
1551 1664 1670 1690 Achilles
1682 1665 1782 1691 Statius
1792 1665 1900 1698 conjicit
1911 1684 1920 1696 ,
1938 1667 1964 1691 in
1974 1668 2025 1692 ac'le
2036 1685 2045 1698 ,
2064 1665 2108 1695 led

1149 1716 1199 1732 non
1212 1704 1339 1732 satisfacit
1349 1705 1498 1731 Gulielmio
1509 1723 1518 1736 ,
1536 1705 1579 1739 qui
1592 1700 1751 1741 ot’ugei'nvmv
1760 1704 1878 1742 intelligi
1887 1713 1997 1734 annotat
2008 1725 2018 1740 ,
2035 1706 2108 1745 cujus

1149 1748 1177 1773 δε
1189 1747 1291 1774 mentio
1301 1745 1369 1783 apud
1380 1746 1520 1774 Platonem
1531 1745 1599 1772 libro
1614 1753 1636 1772 1.
1646 1745 1680 1772 de
1690 1745 1819 1781 Legibus.

1156 1847 1782 1927 CICERONIS*

1192 1944 2111 2071 LARUM

1039 2121 1719 2188 SEPTIMUS,

1169 2222 1213 2266 D

1286 2315 1343 2374 C
1470 2317 1556 2379 >U
1715 2313 1803 2373 M.

1136 2441 1140 2466 ¹
1159 2451 1259 2474 autem
1271 2442 1418 2484 me‚quod
1429 2452 1486 2474 tuae
1496 2443 1602 2474 littcrae
1609 2443 1646 2474 de
1654 2443 1828 2485 legionibus
1838 2445 1957 2476 Caesaris
1965 2443 2115 2481 afferren&

1161 2492 1194 2522 &
1213 2491 1301 2533 egisse
1321 2501 1420 2522 tecum
1441 2513 1449 2526 ‚
1470 2493 1653 2527 invideres,
1675 2503 1714 2533 ne
1733 2493 1806 2534 quid
1832 2492 2016 2526 ΦιΛο-αιιὶαι
2039 2496 2116 2534 ejus,

1159 2544 1248 2575 quem
1261 2533 1340 2565 nosti
1351 2554 1361 2568 ,
1382 2534 1469 2564 nobis
1479 2544 1619 2569 nocerem
1641 2535 1678 2565 de
1692 2536 1821 2576 quojam
1834 2536 1950 2575 pridem
1961 2536 1995 2567 ad
2008 2545 2035 2567 te
2044 2537 2114 2567 scri-

1158 2575 1284 2616 pseram.
1325 2578 1500 2607 Turannius
1529 2586 1627 2607 autem
1650 2577 1730 2607 secus
1753 2577 1807 2608 tibi
1827 2576 1975 2611 Brundifii
1990 2578 2115 2613 dixeras

1159 2618 1239 2659 quod
1260 2628 1299 2649 ex
1310 2619 1347 2648 iis
1357 2619 1462 2649 litteris
1470 2621 1602 2659 cognovi
1612 2639 1620 2652 ‚
1638 2619 1732 2660 quasit
1743 2621 1874 2650 Xenone
1887 2639 1895 2653 ‚
1917 2621 2035 2659 optimo
2047 2621 2114 2649 viro

1159 2663 1267 2700 accepi.
1291 2662 1350 2691 Cur
1366 2660 1486 2691 tratrem
1500 2662 1663 2701 provinciae
1674 2671 1738 2691 non
1748 2660 1943 2701 praefecifl'em
1955 2681 1964 2694 ‚
1988 2661 2115 2700 exposui

1160 2702 1299 2732 breviter.
1323 2704 1384 2733 haec
1402 2702 1464 2733 fere
1474 2703 1542 2733 sunt
1552 2704 1646 2733 inilla
1654 2702 1786 2743 epistola.
1812 2706 1904 2733 Nunc
1911 2702 1980 2732 audi
1990 2703 2117 2743 reliqum

1161 2754 1212 2784 per
1224 2743 1370 2779 fortunas,
1382 2755 1507 2775 omnem
1521 2754 1609 2775 tuum
1619 2749 1766 2778 amorem,
1778 2755 1838 2785 quo
1850 2754 1899 2774 me
1907 2754 1938 2774 es
1946 2745 2115 2784 amplexus,

1161 2796 1348 2828 omnemque
1367 2797 1447 2818 tuam
1469 2786 1658 2827 prudentiam
1670 2806 1679 2820 ,
1700 2796 1790 2827 quam
1802 2786 1972 2817 mehercule
1984 2788 2016 2815 in
2027 2787 2117 2816 omni

1159 2838 1267 2869 genere
1289 2828 1394 2868 judico
1411 2827 1587 2869 singularem
1603 2847 1612 2862 ‚
1638 2831 1655 2847 ²
1674 2827 1778 2857 confer
1796 2828 1856 2866 jam
1877 2826 1987 2858 adeam
2001 2837 2117 2861 curam,

1163 2879 1202 2901 ut,
1214 2870 1250 2901 de
1269 2873 1356 2901 omni
1373 2870 1451 2902 statu
1466 2879 1536 2900 meo
1551 2871 1672 2910 cogites.
1694 2869 1796 2898 videre
1812 2871 1896 2900 enim
1917 2870 1994 2899 mihi
2014 2869 2118 2900 videor

1161 2921 1272 2942 tantam
1295 2912 1524 2945 dimicationem
1535 2931 1543 2944 ,
1567 2909 1621 2940 nisi
1635 2910 1717 2940 idem
1731 2912 1809 2938 Deus
1824 2931 1832 2943 ‚
1857 2914 1909 2951 qui
1920 2921 1977 2941 nos
1991 2910 2117 2945 melius,

1160 2964 1250 2995 quam
1261 2964 1360 2995 optare
1368 2953 1544 2984 auderemus
1554 2971 1563 2986 ‚
1575 2953 1709 2983 Parthico
1720 2952 1800 2982 bello
1811 2952 1968 2989 liberavit,
1978 2953 2118 2993 respexe-

2076 3003 2121 3026 rit.

158 3050 371 3110 j.C01701·ruiffl2
383 3064 460 3083 autem
472 3060 531 3093 me.]
555 3061 689 3089 l‘articula
699 3062 762 3094 baec,
772 3072 806 3088 me
817 3082 825 3093 ,
836 3063 905 3090 abest
915 3065 933 3089 it
944 3062 1016 3098 vulg.

172 3113 173 3116 ,
276 3102 305 3133 3..
325 3093 410 3121 Consbr
426 3094 509 3127 pam]
533 3095 576 3120 Sic
594 3097 746 3124 emend-isit
757 3099 902 3126 Lambinus
926 3118 935 3130 ‚
954 3098 1115 3134 approbante

155 3128 232 3156 Bosio
249 3138 322 3165 cujus
341 3137 432 3157 omnes
452 3129 510 3157 mss.
523 3130 621 3160 liabent
634 3152 643 3167 ,
661 3135 788 3168 confit-am.
809 3134 911 3173 Junius
931 3136 994 3166 vero
1014 3144 1048 3166 cx
1067 3135 1115 3166 ms·

1160 3064 1216 3091 Pal.
1228 3064 1253 3090 in
1265 3063 1363 3100 quoest
1374 3083 1382 3094 ,
1403 3065 1500 3097 conferte
1512 3082 1520 3093 ,
1539 3063 1654 3099 reposuit
1663 3065 1761 3098 conferto
1772 3083 1780 3098 ,
1789 3065 1960 3101 prioremque
1969 3052 2112 3094 leiffiofleril

1158 3099 1256 3135 rejicit.
1277 3101 1337 3127 Vox
1345 3098 1410 3133 illa,
1414 3101 1470 3134 jam
1481 3118 1491 3133 ‚
1500 3098 1570 3128 deest
1580 3099 1607 3128 in
1619 3099 1693 3137 vulg.

1857 3163 1874 3177 r

1975 3162 2118 3206 ’'nna-
