2337 3400
180 129 273 190 562.

144 1254 178 1277 11

584 126 651 171 Μ.
723 119 1085 167 Τυιιιι

183 210 294 242 Sullana
309 211 515 247 imperatorem
528 215 534 232 :
546 205 580 233 L.
590 202 832 243 veioScipionis.
843 204 894 242 qui
904 200 1020 232 bellum
1033 201 1064 230 in
1075 196 1140 230 Asia

187 250 286 292 gcffit,
301 249 544 286 Antiochumque
555 245 666 275 devicit
675 264 683 277 ,
704 254 768 274 non
779 245 880 275 solum
890 252 960 274 cum
969 241 1138 282 chlamyde,

192 292 239 323 scd
255 300 343 321 emm
359 298 428 318 cum
445 287 573 327 crepidis
586 289 619 316 in
629 286 779 326 Capitolio
789 285 912 316 statuam
924 284 1044 315 videtise
1066 293 1143 325 quo-

193 343 258 363 rum
270 337 423 372 impunitas
433 329 446 359 f
448 330 490 358 uit
501 339 563 358 non
575 328 669 358 modo
678 330 692 358 a
701 329 710 367 j
716 328 815 358 udicio
826 348 833 361 ‚
845 328 892 358 sed
903 328 994 357 etiam
1004 327 1020 357 ‘a
1028 326 1143 357 serino-

192 385 238 404 ne
257 372 383 403 Facilius
393 371 470 401 certe
483 371 669 401 P.Rutilium
682 368 799 400 Rufum
811 367 984 400 necessitatis
993 367 1145 399 excusatio

192 414 348 445 defendet:
369 415 420 453 qui
439 411 511 442 cum
523 412 537 441 >i
549 411 722 442 Mithridate
735 412 891 451 Mitylenis
901 409 1054 451 oppressus
1065 407 1145 442 ess'et,

193 456 400 487 crudelitatem
419 457 493 496 regis
514 456 546 484 in
569 462 684 494 togatos
701 452 826 484 vestitus
845 455 1012 483 mutatione
1031 453 1146 482 vitavit.

194 501 271 539 Ergo
283 498 334 528 ille
346 497 515 528 P.Rutilius
526 515 533 529 ‚
544 497 594 535 qui
606 496 825 525 documentum
835 494 893 525 fuit
903 494 1080 525 hominibus
1091 503 1149 523 no-

194 539 262 570 stris
281 541 399 569 virtutis
412 559 420 571 ‚
441 539 644 578 antiquitatis,
664 536 829 577 prudentia:
842 557 851 570 ,
873 536 1036 567 consularis
1055 536 1151 565 homo

196 582 298 611 soccos
315 581 417 610 habuit
430 599 438 611 ,
459 579 491 609 &
504 578 651 619 pallium?
671 589 726 609 nec
738 578 850 609 veroid
861 579 982 608 homini
994 587 1058 608 tum
1070 576 1152 618 quis-

193 633 282 664 quam
294 643 301 656 ‚
326 622 372 652 scd
391 623 506 663 tempori
521 620 714 661 affigriandum
722 622 854 661 putavit:
878 620 1023 651 Postumo
1034 621 1150 649 crimen

196 664 318 694 vestitus
328 663 427 694 afferet
439 673 462 692 is
474 682 482 695 ,
503 664 535 692 in
547 673 608 703 quo
619 663 681 703 spes
689 661 750 692 fuit
762 683 770 696 ,
786 661 865 702 posse
878 663 937 693 sese
946 660 1107 701 aliquando
1119 659 1153 690 ad

195 706 273 736 sortu
280 716 328 736 nas
340 706 401 736 suas
412 705 585 744 pervenire?
600 706 680 734 Nam
693 724 700 738 ‚
711 713 742 734 ut
752 714 879 734 ventum
891 703 933 734 est
942 702 1154 733 Alexandriam

195 749 230 778 ad
242 748 380 777 Auletem
393 767 400 780 ,
415 746 528 785 judices
540 765 547 779 ‚
570 746 631 776 haec
641 756 698 776 una
709 749 783 776 ratio
794 746 810 776 a
820 756 885 787 rege
896 743 1042 785 proposita
1052 743 1156 774 Postu—

197 800 250 820 mo
260 789 302 819 est
314 788 459 819 servandae
469 790 603 828 pecuniae
616 808 624 821 ‚
645 786 664 817 fi
675 789 859 818 curationem
872 807 880 820 ,
903 788 935 817 &
945 785 1023 827 quafi
1034 786 1156 826 dispen-

198 833 342 862 sationem
355 833 465 872 regiam
477 828 656 869 suscepisset.
681 830 711 859 id
724 839 823 859 autem
839 828 932 858 facere
948 838 1014 858 non
1032 836 1154 868 poterat,

196 872 251 904 nisi
261 873 402 903 dioecetes
412 884 416 900 :
428 873 485 901 hoc
494 873 577 901 enim
590 874 716 901 nomine
726 873 829 904 utitur,
841 872 891 911 qui
903 870 917 900 a
928 880 994 911 rege
1004 869 1156 900 ess‘etcon-

198 915 328 946 stitutus.
352 913 499 944 Odiosum
515 916 671 954 negotium
684 912 827 943 Postumo
842 912 1017 942 videbatur:
1039 911 1088 941 sed
1099 919 1157 940 erat

198 957 281 988 nulla
298 958 430 986 omnino
449 955 599 984 recusatio.
624 954 788 984 molestum
807 956 897 984 etiarn
917 963 1032 984 nomen
1048 953 1155 993 ipsum:

199 998 248 1029 sed
259 1008 304 1028 res
315 997 439 1027 habebat
448 1006 564 1026 nomen
575 996 633 1025 hoc
643 995 720 1036 apud
730 996 800 1025 illos
809 1016 817 1029 ‚
833 1006 894 1025 non
905 997 955 1025 hic
963 996 1155 1035 imposuerat.

199 1040 301 1071 oderat
314 1038 454 1069 vestitum
475 1040 563 1067 etiarn
583 1037 688 1067 illum:
712 1037 759 1068 sed
771 1036 831 1067 sine
841 1048 877 1067 eo
888 1047 944 1067 nec
955 1035 1156 1067 nomenillud

199 1090 329 1122 poterat,
351 1091 406 1110 nec
417 1089 527 1109 munus
538 1080 625 1108 tueri.
649 1081 727 1121 Ergo
738 1079 836 1110 aderat
848 1081 893 1109 vis
906 1079 951 1117 (ut
960 1080 1000 1109 ait
1009 1079 1095 1118 po'e‘ta
1106 1078 1156 1107 ille

200 1122 315 1162 noster)
333 1133 390 1164 qua
403 1121 530 1161 summas
541 1119 653 1161 frangit
665 1140 673 1154 ‚
693 1120 875 1162 infirmatque
884 1129 952 1163 opes.
976 1122 1156 1151 Moreretur.

199 1167 328 1205 inquies.
352 1173 421 1193 nam
442 1163 473 1192 id
491 1162 634 1203 sequitur.
656 1161 780 1193 Fecifl'et
792 1163 869 1193 certe
882 1183 890 1196 ,
911 1161 931 1191 fi
945 1160 1005 1191 fine
1020 1162 1158 1191 maximo

199 1206 343 1237 dedecore
358 1225 365 1238 ,
389 1213 490 1234 tamen
508 1204 662 1244 impeditis
680 1204 740 1235 suis
758 1205 847 1234 rebus
859 1224 867 1237 ,
887 1202 1028 1244 potuiss'et
1046 1203 1156 1233 emori.

200 1249 403 1288 Noliteigitur
413 1246 567 1276 fortunam
580 1255 756 1276 convertere
769 1248 800 1276 in
816 1246 935 1286 culpam
948 1255 953 1273 t
975 1254 1073 1285 neque
1084 1245 1159 1285 regis

200 1291 343 1328 injuriam
355 1309 362 1322 ‚
385 1289 474 1328 hujus
488 1289 605 1317 crimen
615 1296 732 1328 putare:
753 1297 808 1317 nec
817 1286 978 1317 consilium
990 1296 1028 1316 ex
1038 1284 1160 1316 necelsi-

200 1341 275 1365 tate,
297 1341 351 1361 nec
361 1331 550 1360 voluntatem
559 1339 598 1359 ex
614 1330 856 1369 viinterpretari:
875 1327 931 1358 nisi
950 1327 1028 1358 forte
1046 1337 1099 1357 eos
1117 1336 1160 1357 et·

201 1375 261 1403 iam
273 1393 281 1405 ‚
302 1374 352 1413 qui
365 1375 396 1403 in
407 1371 516 1402 hosteis
528 1391 535 1404 ‚
554 1381 604 1401 aut
621 1373 654 1401 in
670 1372 824 1411 praedones
839 1370 1022 1403 inciderint,
1043 1368 1063 1399 fi
1076 1370 1161 1399 aliter
1180 1379 1182 1381 ’

200 1417 355 1456 quippiam
366 1413 463 1444 coa&i
473 1412 581 1443 faciant
593 1433 601 1446 .
623 1413 713 1454 quam
725 1412 826 1447 libere,
842 1411 1055 1452 vituperandos
1063 1420 1160 1452 putesi

201 1459 306 1486 Nemo
317 1455 452 1486 nostrum
465 1457 580 1496 ignorat
592 1474 600 1488 ,
619 1456 710 1485 etiam
722 1453 742 1484 si
752 1455 866 1495 experti
879 1465 942 1484 non
954 1455 1056 1484 sumus
1066 1473 1075 1487 ‚
1087 1463 1161 1483 con-

203 1498 393 1529 suetudinem
420 1499 542 1538 regiam.
571 1498 691 1536 Regum
716 1506 816 1527 autem
845 1497 907 1526 haec
931 1497 949 1527 s
946 1505 1000 1525 unt
1024 1496 1160 1535 imperia,

207 1543 217 1560 ¹
229 1540 424 1569 animadverte
432 1559 440 1572 ,
451 1540 483 1568 &
493 1537 567 1568 (ἰιὲἶο
581 1546 656 1580 pare.
681 1538 714 1569 &
729 1546 822 1579 praeter
832 1539 989 1578 rogitatum
999 1537 1028 1579 fi
1035 1546 1162 1579 querare:

203 1581 238 1612 δε
248 1582 307 1612 illae
316 1583 408 1611 minae
418 1600 426 1614 ‚
452 1600 472 1614 ,‚
482 1580 514 1610 Si
526 1580 672 1620 referundo
681 1580 786 1609 lumine
794 1578 838 1610 hic
848 1580 979 1621 offendero
989 1599 998 1613 ‚
1017 1580 1161 1609 Moriere.

204 1634 269 1665 quae
283 1633 346 1653 non
365 1632 397 1653 ut
413 1620 600 1652 <reieciemus
617 1621 716 1652 solum
729 1642 736 1655 ‚
756 1622 852 1664 legere
863 1642 871 1656 ,
892 1622 924 1652 &
935 1620 1062 1662 spekhre
1072 1620 1163 1651 debe-

204 1675 274 1695 mus
286 1685 294 1699 ‚
309 1665 357 1696 sed
369 1674 400 1694 ut
408 1674 509 1694 cavere
520 1665 609 1693 etiam
620 1683 629 1697 ,
643 1663 674 1693 &
686 1662 815 1705 effugere
826 1664 980 1694 discamus.
1004 1667 1044 1693 At
1056 1673 1093 1692 ex
1105 1663 1161 1692 hoc

203 1707 269 1747 ipso
288 1709 404 1737 crimen
420 1706 566 1736 exoritur.
589 1707 629 1735 ait
642 1707 745 1740 enim,
763 1705 838 1736 dum
849 1705 982 1736 Gabinio
1000 1706 1160 1745 pecuniam
1183 1713 1185 1717 ’

205 1748 364 1780 Postumus
373 1756 492 1789 cogeret
501 1767 510 1780 ‚
527 1749 542 1766 2
551 1757 588 1776 ex
599 1747 737 1777 decumis
746 1749 959 1788 imperatorum
971 1767 980 1781 ‚
1002 1748 1160 1787 pecuniam

203 1789 259 1820 fibi
270 1788 403 1832 coegisse.
428 1791 502 1819 Non
514 1788 651 1830 intelligo
663 1810 672 1823 ‚
682 1791 741 1819 hoc
749 1791 835 1830 quale
845 1788 893 1819 fit:
914 1789 1014 1819 utrum
1026 1786 1162 1818 acceffio—

206 1842 278 1863 nem
288 1831 435 1864 decumae,
444 1839 476 1860 ut
485 1829 577 1860 nostri
588 1830 683 1860 facere
693 1832 845 1861 coactores
856 1831 970 1864 solent,
983 1828 1162 1860 centefimae:

205 1883 242 1905 an
257 1872 458 1904 decessionem
476 1871 513 1901 de
527 1872 644 1902 summa
656 1871 768 1902 fecerit.
799 1871 818 1902 si
832 1871 1028 1902 accessionem
1042 1882 1048 1900 t
1068 1870 1164 1900 unde—

205 1917 268 1946 cim
291 1915 386 1945 miilia
404 1912 553 1944 talentum
572 1914 606 1943 ad
621 1914 788 1944 Gabinium
806 1923 1015 1953 pervenerunt.
1040 1915 1080 1943 At
1098 1922 1163 1942 non

207 1956 304 1988 modo
321 1957 370 1986 abs
389 1964 417 1986 te
436 1955 540 1985 decem
559 1956 656 1985 millia
672 1955 790 1995 obje&a
804 1956 889 1989 sunt,
911 1956 959 1986 sed
969 1957 1060 1985 etiam
1070 1954 1164 1984 abhis

205 1998 358 2029 aestimata.
383 1997 470 2028 Addo
489 1997 566 2027 illud
585 1999 675 2027 etiam
690 2008 695 2026 :
720 1996 772 2038 qui
790 1997 909 2028 tandem
931 1999 1074 2027 convenit
1087 2015 1095 2028 .
1116 2004 1167 2025 aut

205 2050 266 2071 tam
276 2041 355 2082 gravi
366 2049 457 2070 onere
467 2039 650 2069 tributorum
659 2039 694 2069 ad
705 2048 817 2069 tantim
827 2041 987 2079 pecuniam
998 2038 1162 2080 cogendam

205 2083 294 2113 mille
303 2080 449 2112 talentsim
461 2079 653 2110 acceffionem
668 2080 724 2110 effe
734 2080 844 2112 faciam
857 2092 862 2110 ;
881 2089 932 2111 aut
946 2083 979 2110 in
994 2090 1071 2112 tanta
1084 2090 1165 2109 mer-

206 2125 279 2154 cede
289 2125 425 2153 hominis
436 2143 443 2155 ‚
456 2132 486 2152 ut
498 2124 542 2152 vis
553 2143 562 2156 ,
573 2121 734 2152 avariffimi
746 2143 754 2156 ,
765 2123 851 2152 mille
864 2121 1011 2153 talentum
1022 2120 1165 2153 decessio-

210 2175 280 2195 nem
292 2164 350 2195 effe
360 2163 526 2195 concess‘am
539 2170 548 2195 ἓ
568 2175 665 2205 neque
678 2166 762 2194 enim
784 2164 841 2194 fuit
851 2165 973 2195 Gabinii
985 2184 992 2198 ,
1013 2166 1166 2194 remittere

208 2216 325 2237 tantum
337 2207 373 2236 de
385 2207 436 2237 suo
449 2217 454 2234 2
474 2216 528 2236 nec
538 2208 612 2246 regis
624 2227 632 2239 ,
646 2209 802 2246 imponere
812 2215 928 2236 tantum
939 2209 999 2246 pati
1011 2207 1080 2236 suis.
1104 2204 1167 2235 Ad-

209 2258 299 2279 erunt
310 2248 396 2278 testes
408 2268 416 2280 ,
438 2248 523 2288 legati
535 2248 741 2278 Alexandrini.
766 2249 796 2277 hi
811 2249 889 2278 nihil
900 2249 932 2278 in
944 2249 1109 2278 Gabinium
1121 2247 1167 2276 di-

209 2299 328 2321 xerunt.
348 2289 414 2319 imo
427 2290 458 2318 hi
469 2289 634 2319 Gabinium
645 2290 848 2320 laudaverunt.
874 2290 935 2320 Ubi
945 2300 1014 2331 ergo
1024 2290 1075 2318 ille
1087 2291 1169 2319 mos?

210 2333 260 2363 u'm'
274 2331 460 2362 consuetudo
470 2331 652 2367 judiciorum
663 2336 672 2359 ἐ
683 2330 733 2360 ubi
743 2332 901 2370 exempla?
914 2332 1026 2361 soietne
1035 2332 1062 2359 is
1071 2330 1168 2360 dicere

210 2377 243 2405 in
253 2383 323 2404 eum
334 2393 342 2406 ‚
353 2375 405 2415 qui
415 2375 573 2413 pecuniam
585 2372 696 2412 redegit
706 2392 713 2405 ‚
725 2374 776 2412 qui
787 2373 931 2405 millum,
943 2372 1028 2411 cujus
1038 2372 1167 2400 nomine

211 2426 243 2447 ea
253 2418 381 2456 pecunia
391 2414 572 2454 redigeretur
583 2433 590 2447 ,
611 2424 675 2443 non
689 2413 821 2444 dixerit?
844 2417 905 2453 Age
919 2433 926 2445 ‚
946 2412 965 2441 si
978 2422 1017 2445 is,
1040 2413 1166 2452 quinon

209 2458 288 2488 dixit
299 2477 307 2490 ‚
321 2457 393 2487 solet
403 2467 408 2485 z
418 2458 549 2486 etiamne
561 2457 586 2485 is
597 2455 687 2488 solet,
698 2456 749 2495 qui
762 2455 904 2488 laudavit,
916 2454 1021 2484 iisdem
1033 2452 1166 2486 testibus,

214 2501 245 2530 ἃ
257 2499 379 2540 quidem
392 2508 456 2528 non
467 2496 632 2538 produffis,
645 2497 693 2527 sed
703 2496 792 2527 dietis
802 2496 923 2526 testium
933 2497 1078 2528 recitatis,
1091 2493 1168 2535 quasi
1189 2498 1190 2507 ¹

180 2557 192 2568 ψ
215 2540 400 2581 praejudicata
418 2549 463 2569 res
475 2560 483 2573 ‚
504 2539 539 2569 ad
558 2540 609 2569 has
622 2540 720 2569 causas
731 2538 839 2569 deferri
850 2539 935 2568 solet.

981 2540 1068 2568 Etait
1078 2538 1167 2566 etiam

216 2593 301 2611 meus
318 2582 474 2612 familiaris
483 2601 492 2615 ‚
514 2583 546 2612 δε
557 2578 734 2610 necessarius
747 2601 755 2614 ,
776 2580 902 2610 eandem
912 2579 1027 2611 causam
1038 2580 1168 2609 Alexan-

214 2623 308 2654 drinis
326 2623 412 2654 suiss'e
424 2644 431 2655 ,
452 2633 503 2653 cur
519 2622 671 2652 laudarent
681 2623 846 2652 Gabinium
860 2642 868 2656 ‚
888 2632 953 2663 qua:
973 2623 1049 2651 mihi
1066 2620 1167 2654 fuerit,

213 2666 403 2695 cui-cimam
415 2664 619 2695 defenderem.
644 2665 742 2698 Mihi,
757 2667 789 2695 C.
801 2666 954 2697 Memmi,
973 2663 1054 2693 causa
1062 2661 1170 2693 defen-

217 2707 307 2736 <lt-ndi
327 2707 448 2737 Gabinii
466 2706 523 2736 fuit
536 2707 739 2736 reconciliatio
752 2708 860 2747 gratiae.
892 2715 1006 2745 NEQE
1026 2714 1076 2734 ME
1095 2703 1169 2734 vero

215 2757 341 2787 poenitet
352 2749 500 2779 mort-aleis
512 2750 684 2779 inimicitias
694 2768 703 2781 ‚
722 2749 915 2787 sempiternas
925 2748 1071 2778 amicitias
1082 2746 1170 2776 habe-

216 2801 255 2818 ic.
270 2800 339 2820 nam
352 2790 370 2819 si
381 2801 430 2820 me
442 2792 571 2819 invitum
583 2800 677 2830 putas,
688 2800 726 2819 ne
737 2791 911 2829 CPompeii
921 2791 1059 2818 animum
1072 2787 1167 2818 offen-

215 2833 315 2862 dei‘eiii
329 2852 336 2866 ‚
355 2831 517 2863 defendisti·
537 2833 673 2867 causam5
694 2832 827 2862 &illum
839 2851 848 2865 ,
871 2832 903 2862 ὃ(
916 2841 964 2860 me
975 2831 1171 2861 vehementer

231 2924 247 2931 r

218 2972 268 3000 suis
279 2974 309 2999 ad
321 2977 358 3012 Q
374 2975 497 3001 [maium.

254 3019 281 3035 ι.
301 3011 599 3045 Decnmae.innumeris-L]
620 3010 648 3036 ld
659 3011 695 3037 est
707 3030 714 3042 ,
735 3011 850 3046 pecunia:
868 3010 1002 3045 imperate:
1014 3029 1022 3041 ,
1043 3016 1072 3036 ut
1083 3007 1172 3035 scribit

222 3046 360 3072 Tri-nebris
372 3046 398 3071 d.
411 3056 457 3081 cap
479 3054 525 3077 22.

256 3089 282 3117 3.
301 3086 356 3107 ‘Tum
366 3083 415 3107 ci'wz
425 3085 542 3115 vcstffima
554 3082 655 3115 fruma]
678 3081 841 3108 Gulielmitoe
853 3081 1119 3115 conjicitfiweriffi'ma.

258 2948 278 2963 ι.
295 2940 463 2964 Λ,»μιιιιιᾱτενιι
475 2959 482 2970 ,
500 2949 568 2974 01.)
587 2939 710 2975 prlicat
728 2938 813 2965 isthaee
825 2938 959 2965 Colum-‚ia
970 2937 1168 2964 commentariis»
1189 2944 1190 2961 l

1155 119 1699 168 Crexa-onis

1181 201 1309 242 ignoras.
1330 209 1426 241 neque
1436 202 1519 231 enim
1530 203 1690 243 Pompeius
1705 213 1754 234 me
1765 203 1813 234 sua
1822 202 1904 234 causa
1914 202 2077 245 quidquam
2100 203 2148 244 fa-¹

1184 253 1249 274 cere
1260 240 1400 272 voluisset
1413 244 1546 273 invitum
1558 255 1670 286 :neque
1680 256 1735 287 ego
1746 266 1754 280 ‚
1765 247 1814 275 cui
1824 247 1966 276 omnium
1977 248 2093 276 civium
2106 247 2147 277 li-
2165 244 2168 248 ”

1187 284 1283 315 bertas
1294 281 1436 314 cariffima
1449 282 1569 320 fuisset,
1589 297 1688 317 meam
1700 285 1900 328 projecissem.
1924 287 2079 328 Qamdiu
2090 289 2152 318 ini-

1191 325 1373 370 unicissimus
1383 326 1517 356 Gabinio
1526 326 1571 357 fui
1584 347 1592 361 ‚
1610 338 1676 358 non
1686 328 1883 359 amicissimus
1896 330 1972 359 mihi
1984 339 2047 358 non
2058 331 2152 361 Pom-

1191 370 1274 409 pejus
1284 370 1342 397 iuit
1355 377 1360 395 1
1373 377 1428 397 nec
1438 388 1446 401 ‚
1460 367 1561 408 postea
1572 369 1660 409 quam
1672 371 1753 401 illius
1764 370 1932 401 auctoritati
1943 381 2009 401 eam
2021 371 2090 401 dedi
2100 380 2152 401 ve-

1193 413 1274 440 niam
1288 430 1295 443 ‚
1308 419 1398 449 quam
1409 409 1500 439 debui
1513 430 1521 443 ‚
1533 411 1695 452 quidquam
1703 412 1841 452 simulavi
1856 423 1861 441 z
1881 423 1918 442 ne
1928 423 1998 443 cum
2010 423 2075 443 mea
2084 423 2152 453 per-

1195 450 1263 482 fidia
1276 452 1320 481 illi
1331 454 1421 481 etiam
1432 450 1486 491 ipsi
1496 450 1623 482 facerem
1638 473 1647 487 ,
1663 457 1711 484 cui
1723 453 1905 484 beneficium
1918 453 2062 485 dediss'em
2074 475 2081 487 ‚
2103 456 2154 484 in-

1193 495 1312 534 juriam.
1337 503 1406 523 narn
1419 503 1482 523 non
1493 493 1647 527 redeundo
1657 497 1689 525 in
1699 497 1820 537 gratiam
1831 505 1900 526 cum
1920 498 2048 527 inimico
2059 517 2067 529 ‚
2089 505 2154 527 non

1196 536 1345 565 violabam
1358 536 1548 575 Pompeium.
1572 534 1592 565 si
1607 545 1659 575 per
1675 547 1745 566 eum
1756 536 1896 567 reductus
1906 536 2050 568 insidiose
2062 538 2155 568 redis-

1198 578 1258 608 sem
1272 588 1276 606 :
1293 587 1342 606 me
1353 578 1463 607 scilicet
1472 578 1621 610 maxime,
1634 578 1680 608 sed
1691 579 1831 618 proxime
1842 579 1928 608 illum
1940 589 2058 620 quoque
2068 579 2154 609 fefel-

1198 618 1307 648 liss'em.
1331 621 1370 648 At
1380 618 1417 648 de
1427 629 1477 649 me
1487 620 1665 649 omittamus
1677 629 1682 647 :
1699 620 1733 649 ad
1745 620 1965 650 Alexandrinos
1976 620 2047 651 istos
2056 631 2155 651 rever-

1200 670 1306 691 tamur-
1320 660 1402 701 quod
1416 660 1525 690 habent
1535 670 1569 690 os
1580 667 1589 692 ?
1599 670 1690 701 quam
1700 661 1851 691 audaciam
1863 667 1873 692 ?
1883 661 1978 692 modo
1988 681 1996 696 ‚
2009 663 2096 693 vobis
2107 664 2156 693 in-

1201 702 1399 742 spefhnstbus
1409 722 1418 736 ,
1439 704 1471 732 in
1479 702 1595 742 judicio
1605 702 1729 733 Gabinii
1742 703 1828 732 tertio
1836 712 1954 743 quoque
1968 704 2061 734 verbo
2073 706 2158 734 exci-

1200 745 1342 774 tabantur.
1365 744 1510 785 negabant
1522 764 1530 777 ,
1540 746 1701 783 pecuniam
1713 744 1845 774 Gabinio
1857 744 1965 774 datam.
1983 745 2155 776 recitabatur

1202 786 1369 816 identidem
1380 787 1518 826 Pompeii
1536 785 1764 816 testimonium:
1784 795 1884 826 regem
1905 786 1939 816 ad
1955 786 1986 816 se
2007 785 2156 826 sci-ipfiffe‚

1202 828 1316 858 nullam
1327 830 1486 867 pecuniam
1498 828 1630 858 Gabinio
1643 848 1651 861 ,
1664 826 1719 857 nisi
1728 829 1760 857 in
1771 837 1833 857 rem
1845 828 2008 858 militarem
2019 847 2028 862 ,
2047 828 2158 859 datam.

1204 872 1279 900 Non
1297 869 1339 899 est
1359 889 1367 903 ,
1396 871 1493 910 inquit
1507 890 1515 902 ‚
1541 878 1605 900 tum
1624 869 1838 900 Alexandrinis
1857 868 1980 900 testibus
1997 869 2158 900 creditum.

1203 911 1306 953 Qid?
1325 910 1426 951 postea
1442 910 1613 942 creditum?
1633 921 1707 941 non.
1739 911 1964 951 quamobrem?
1988 913 2058 952 quia
2076 921 2160 942 nunc

1200 954 1286 993 ajunt
1297 973 1306 986 ‚
1323 953 1404 995 quod
1417 962 1488 983 tunc
1499 953 1654 994 negabant.
1678 954 1782 994 Qid?
1801 963 1871 994 ergo
1886 952 1941 983 ista
1957 953 2096 984 conditio
2114 951 2167 984 est

1200 994 1320 1025 testium
1332 1014 1341 1028 ,
1362 1003 1412 1029 ut,
1432 995 1543 1035 quibus
1554 995 1702 1025 creditum
1717 1005 1778 1024 non
1797 992 1830 1024 sit
1847 993 2031 1035 negantibus,
2050 994 2159 1025 iisdem

1198 1035 1332 1066 credatur
1349 1035 1527 1066 dicentibus?
1550 1040 1607 1071 At,
1627 1035 1647 1066 si
1658 1047 1764 1066 verum
1789 1039 1802 1064 3
1813 1045 1876 1066 tum
1893 1057 1902 1070 ,
1925 1036 1995 1067 cum
2011 1034 2160 1067 veriffima

1202 1076 1301 1107 fronte
1311 1077 1472 1108 dixerunt:
1492 1088 1574 1108 nunc
1584 1080 1785 1108 mentiuntur.
1809 1077 1830 1107 fi
1849 1087 1919 1109 tunc
1938 1080 2060 1108 mentiti
2080 1078 2157 1108 sunt:

1200 1118 1328 1149 doceant
1346 1128 1402 1148 nos
1421 1129 1538 1149 verum.
1562 1119 1641 1161 Qid
1657 1120 1769 1150 vultis?
1788 1119 1899 1150 sileant.
1919 1120 2042 1150 4dicere
2054 1119 2160 1150 audie-

1201 1160 1309 1190 bamus
1325 1160 1540 1190 Alexandriam
1557 1180 1566 1194 ‚
1595 1170 1677 1191 nunc
1693 1161 1913 1202 cognoscimus.
1946 1162 2032 1191 illinc
2049 1171 2159 1191 omnes

1201 1201 1372 1243 praestigiae:
1392 1202 1496 1236 illinc,
1513 1204 1635 1243 inquam
1648 1222 1657 1237 ,
1675 1212 1784 1232 omnes
1793 1202 1916 1233 fallaciae
1931 1213 1937 1231 :
1956 1203 2062 1232 omnia
2070 1201 2160 1232 deni-

1201 1253 1260 1285 que
1269 1243 1306 1273 ab
1317 1244 1365 1273 his
1379 1246 1392 1270 5
1401 1246 1572 1274 mimorum
1580 1253 1753 1285 argumenta
1762 1253 1829 1274 nata
1838 1244 1856 1273 s
1853 1252 1915 1274 unt.
1938 1254 1993 1275 nec
2002 1244 2080 1273 mihi
2090 1243 2160 1274 lon-

1200 1288 1266 1327 gius
1284 1285 1448 1326 quidquam
1467 1284 1528 1320 est,
1545 1285 1681 1325 judices,
1701 1285 1794 1326 quam
1803 1285 1904 1315 videre
1913 1286 2077 1317 hominum
2086 1285 2157 1316 vul-

1201 1337 1258 1357 tus.
1281 1329 1434 1358 Dixerunt
1443 1326 1492 1358 hic
1500 1327 1596 1358 modo
1605 1328 1765 1358 nobiscum
1775 1327 1810 1357 ad
1820 1329 1883 1357 haec
1892 1327 2037 1361 subsellia,
2047 1327 2156 1368 quibus

1200 1370 1365 1408 superciliis
1382 1378 1542 1400 renuentes
1560 1370 1631 1400 huic
1647 1369 1752 1400 decem
1770 1369 1907 1399 millium
1924 1370 2047 1399 crimini
2066 1372 2076 1398 ?
2092 1369 2157 1409 jam

1203 1409 1297 1441 nostis
1315 1410 1505 1442 insulsitatem
1524 1414 1713 1442 Graecorum.
1736 1413 1870 1441 humeris
1890 1409 2007 1452 gestum
2024 1410 2158 1452 agebant.

1203 1461 1269 1483 tum
1281 1454 1424 1492 temporis,
1447 1454 1536 1484 credo
1548 1474 1557 1486 ,
1577 1454 1677 1484 causa:
1698 1463 1780 1483 nunc
1789 1453 2027 1492 scilicettempus
2037 1452 2160 1483 nullum

1203 1493 1256 1525 est.
1278 1497 1344 1525 Uar
1363 1505 1473 1531 samen
1488 1497 1556 1536 quis
1565 1496 1757 1536 pejeraverit,
1775 1493 2003 1534 eicredipostea
2013 1513 2021 1528 ,
2035 1495 2125 1524 etiam
2137 1492 2160 1524 fi

1203 1546 1255 1577 per
1271 1536 1383 1576 plureis
1401 1536 1473 1567 deos
1488 1539 1581 1574 juret,
1602 1547 1665 1568 non
1679 1545 1810 1577 oportet:
1832 1536 1995 1577 praesertim
2006 1556 2015 1570 ,
2032 1535 2161 1576 judices,

1204 1577 1276 1609 cum
1287 1580 1320 1608 in
1330 1579 1376 1608 his
1387 1578 1510 1617 judiciis
1520 1599 1528 1612 ‚
1544 1589 1582 1608 ne
1593 1580 1677 1608 locus
1686 1578 1810 1619 quidem
1821 1588 1904 1609 novo
1914 1577 1979 1608 testi
1989 1578 2082 1608 soleat
2090 1575 2159 1607 esse:

1203 1620 1244 1650 ob
1253 1630 1379 1661 eamque
1387 1621 1503 1651 causam
1516 1620 1611 1650 iidem
1627 1619 1743 1660 judices
1759 1623 1961 1653 retineantur,
1983 1621 2037 1660 qui
2045 1617 2162 1649 fuerint

1203 1662 1240 1692 de
1249 1672 1300 1692 reo
1312 1673 1317 1691 :
1339 1671 1372 1692 ut
1381 1663 1427 1692 his
1437 1671 1508 1692 nota
1527 1661 1582 1692 sint
1592 1662 1696 1692 omnia
1704 1681 1713 1695 ,
1733 1671 1830 1702 neque
1839 1661 1912 1702 quid
1924 1659 1995 1701 fingi
2005 1662 2079 1690 novi
2089 1659 2160 1699 pos-

1204 1702 1248 1734 sit.
1282 1706 1364 1734 Lites
1387 1725 1394 1737 ,
1419 1713 1487 1743 Qio
1506 1713 1549 1733 EA
1568 1713 1721 1734 pecuum
1741 1713 1957 1733 υεκνεκεκιτ
1977 1722 1986 1736 ,
2016 1711 2081 1732 non
2100 1701 2161 1731 suis

1184 1757 1185 1765 ¹
1203 1746 1471 1786 propriisjudici15‚
1483 1746 1529 1776 sed
1542 1748 1574 1775 in
1585 1755 1668 1775 reum
1680 1744 1766 1775 fietis
1775 1744 1972 1775 condemnari
1981 1744 2087 1774 solent.
2101 1745 2162 1773 Ita-

1204 1797 1260 1828 que
1272 1785 1291 1816 si
1301 1796 1350 1816 aut
1359 1787 1469 1827 praedes
1479 1785 1603 1817 dedisset
1613 1787 1761 1817 Gabinius
1774 1807 1782 1820 ‚
1797 1796 1845 1816 aut
1855 1795 1971 1816 tantum
1981 1795 2020 1816 ex
2029 1787 2095 1824 ejus
2105 1784 2163 1814 bo·

1206 1831 1253 1858 nis
1268 1848 1276 1862 ‚
1299 1827 1433 1869 6quanta
1449 1830 1566 1859 summa
1585 1829 1688 1859 litium
1706 1827 1825 1861 fuiss'et,
1848 1828 1976 1868 populus
1993 1824 2159 1867 recepisset:

1204 1872 1342 1912 quamvis
1359 1881 1466 1910 magna
1483 1870 1517 1900 ad
1537 1870 1713 1901 Postumum
1733 1870 1768 1899 ab
1784 1880 1820 1899 eo
1833 1871 1958 1909 pecunia
1971 1865 2160 1908 pervenisset,

1205 1922 1270 1942 non
1281 1912 1476 1953 redigeretur:
1493 1921 1525 1942 ut
1535 1914 1665 1952 intelligi
1674 1911 1762 1942 facile
1771 1910 1872 1951 poffir,
1892 1910 1974 1952 quod
1984 1919 2023 1940 ex
2032 1919 2065 1940 ea
2073 1919 2165 1950 pecu-

1206 1956 1256 1984 nia
1265 1954 1300 1983 ad
1310 1964 1400 1994 quem
1412 1964 1518 1984 eorum
1531 1974 1539 1987 ,
1559 1955 1611 1994 qui
1627 1954 1785 1984 damnatus
1801 1952 1845 1983 est
1856 1973 1864 1986 .
1885 1950 2051 1993 perveniffe
2062 1954 2094 1981 in
2105 1951 2161 1982 illo

1186 2029 1188 2032 v
1207 1998 1432 2035 primojudicio
1443 1996 1568 2035 planum
1578 1995 1692 2025 faustum
1705 1993 1738 2025 sit
1747 2015 1755 2028 ‚
1778 1995 1809 2025 id
1820 1996 1876 2024 'noc
1886 1993 2165 2036 generejudiciire-

1206 2038 1267 2078 digi
1286 2038 1390 2067 solere.
1415 2040 1508 2067 Nunc
1519 2037 1590 2068 velo
1602 2038 1674 2078 quid
1685 2040 1801 2077 agitur?
1820 2037 1872 2066 ubi
1889 2045 2031 2066 terrarum
2049 2035 2167 2065 sumus?

1206 2079 1279 2120 quid
1293 2088 1352 2109 tam
1367 2080 1519 2112 insolens,
1541 2088 1601 2109 tam
1620 2079 1792 2119 perversum
1804 2098 1812 2112 ‚
1832 2077 2083 2119 praeposterumve
2091 2076 2163 2110 dici.

1212 2130 1262 2151 aut
1271 2123 1432 2162 excogitari
1444 2120 1539 2160 potest
1551 2124 1562 2150 ἒ
1582 2121 1740 2150 Accusatur
1751 2123 1786 2154 is,
1796 2130 1848 2161 qui
1859 2130 1923 2150 non
1932 2118 2051 2150 abstulit
2059 2117 2075 2148 a
2083 2127 2163 2158 rege.

1210 2161 1281 2192 sicut
1291 2164 1441 2193 Gabinius
1458 2163 1607 2202 judicatus
1624 2161 1684 2192 est:
1704 2162 1753 2192 sed
1767 2165 1819 2202 qui
1829 2162 1995 2192 maximam
2005 2161 2065 2200 regi
2073 2168 2165 2199 pecu-

1209 2206 1290 2235 niam
1301 2205 1436 2236 credidit·
1459 2208 1537 2245 Ergo
1550 2207 1573 2234 is
1585 2204 1717 2234 Gabinio
1725 2203 1825 2237 dedit,
1844 2205 1896 2243 qui
1907 2212 1971 2232 non
1983 2202 2055 2231 huic
2065 2200 2165 2231 reddi-

1208 2247 1264 2276 dit.
1286 2249 1353 2290 Jam
1365 2247 1450 2280 cedo,
1462 2246 1533 2277 cuni
1545 2249 1579 2280 is,
1591 2256 1641 2286 qui
1652 2247 1808 2284 pecuniam
1817 2243 1962 2274 Postumo
1972 2242 2085 2276 debuit,
2097 2251 2164 2272 non

1208 2289 1300 2322 huic,
1320 2289 1368 2319 sed
1388 2288 1518 2318 Gabinio
1536 2287 1651 2317 dederit
1669 2286 1872 2315 condemnato
1886 2284 2018 2314 Gabinio
2030 2304 2038 2317 ,
2059 2293 2163 2314 utrum

1208 2330 1254 2358 illi
1265 2340 1330 2360 eam
1340 2331 1500 2369 pecuniam
1510 2328 1642 2358 reddidit
1650 2347 1658 2361 ,
1674 2337 1711 2356 an
1721 2329 1811 2356 etiam
1822 2336 1903 2356 nunc
1912 2325 2020 2356 debet?
2064 2329 2103 2356 At
2111 2326 2163 2356 ha—

1210 2371 1259 2399 bet
1272 2389 1280 2403 ,
1303 2371 1427 2400 &celan
1454 2370 1522 2400 sunt
1538 2372 1620 2399 enim
1641 2370 1693 2409 qui
1713 2370 1753 2397 ita
1770 2369 1942 2408 loquantur.
1965 2367 2055 2405 Quod
2069 2377 2164 2408 genus

1188 2421 1190 2427 ’
1209 2411 1330 2442 tandem
1340 2410 1382 2441 est
1391 2410 1467 2441 istud
1478 2409 1660 2446 ostentationis
1671 2430 1679 2443 ‚
1699 2410 1730 2440 &
1744 2410 1843 2451 gloria:
1855 2413 1865 2439 ?
1890 2412 1918 2440 Si
1930 2410 2008 2439 nibil
2018 2407 2166 2440 habuisset

1212 2463 1356 2493 umquam
1367 2473 1375 2487 ‚
1394 2461 1494 2483 tamen
1507 2473 1514 2485 ‚
1536 2451 1555 2482 si
1566 2450 1709 2493 quaesiss'et
1719 2471 1727 2485 ‚
1745 2462 1796 2481 cur
1806 2453 1830 2481 is
1841 2450 2036 2481 dissimularet
2045 2451 2162 2486 habere,

1211 2497 1295 2525 causa
1304 2505 1368 2524 non
1379 2493 1457 2524 effer.
1480 2493 1615 2534 quivero
1625 2494 1687 2524 duo
1697 2494 1772 2523 lauta
1783 2513 1792 2527 ‚
1813 2494 1844 2523 &
1855 2493 1973 2533 copiosa
1982 2494 2164 2533 patrimonia

2178 1337 2217 1369 13

2183 2332 2227 2365 ¹4

1210 2535 1361 2576 accepisset
1373 2556 1381 2569 ,
1402 2546 1527 2576 remque
1536 2545 1672 2576 praeterea
1682 2535 1771 2565 bonis
1781 2555 1789 2568 ‚
1810 2535 1842 2565 &
1853 2533 1987 2564 honestis
1997 2534 2165 2565 rationibus
2188 2567 2194 2573 ,

1211 2577 1337 2608 auxill'et
1348 2589 1353 2607 z
1364 2578 1436 2618 quid
1447 2577 1517 2607 ess‘et
1527 2578 1647 2608 tandem
1657 2577 1748 2608 causae
1758 2597 1767 2610 ,
1778 2587 1830 2606 cur
1840 2576 2006 2607 existimari
2014 2577 2106 2607 vellet
2114 2578 2167 2606 ni-

1212 2621 1255 2650 hil
1269 2620 1396 2650 habere?
1419 2623 1467 2649 An
1479 2639 1486 2653 ,
1506 2619 1575 2649 cum
1586 2618 1721 2649 credebat
1730 2617 1872 2648 induistus
1885 2619 1979 2648 usuris
1990 2639 1998 2652 ,
2013 2617 2043 2648 id
2052 2617 2164 2659 agebat,

1212 2672 1243 2692 ut
1260 2662 1379 2692 haberet
1394 2671 1482 2702 quam
1499 2661 1684 2701 plurimum:
1703 2659 1892 2701 posteaquam
1903 2662 2003 2701 exegit
2011 2659 2092 2701 quod
2103 2668 2167 2689 cre·

1211 2704 1340 2734 diderat:
1359 2712 1391 2733 ut
1408 2702 1631 2733 existimaretur
1645 2712 1747 2742 egere,
1767 2712 1872 2731 navum
1884 2711 1972 2743 genus
1989 2703 2047 2731 hoc
2063 2701 2167 2742 gloriae

1211 2745 1414 2785 concupiscit?
1439 2746 1624 2776 Dominatus
1642 2744 1685 2774 est
1701 2745 1784 2774 enirn
1798 2763 1806 2778 ‚
1826 2746 1944 2784 inquit,
1964 2742 2166 2773 Alexandriae,

1213 2787 1317 2817 Immo
1336 2785 1408 2816 vero
1427 2788 1460 2816 in
1479 2783 1685 2826 superbissimo
1704 2785 1860 2815 dominatu
1879 2785 1950 2814 suit:
1973 2783 2166 2824 pertulitipse

1212 2828 1383 2860 custodiam
1392 2839 1398 2858 ς
1408 2828 1485 2858 vidit
1494 2830 1526 2858 in
1536 2828 1664 2858 vinculis
1674 2827 1848 2858 familiareis
1858 2826 1925 2856 suos
1938 2836 2036 2856 :mors
2045 2826 2086 2856 ob
2093 2835 2171 2856 ocu-

2122 2867 2171 2897 los

1249 2945 1262 2969 5
1272 2956 1278 2961 .
1291 2940 1411 2962 Mmorum
1421 2934 1583 2967 argumenta]
1595 2934 1635 2959 lta
1647 2932 1672 2958 ὃ(
1686 2931 1774 2973 scripti
1785 2931 1924 2962 nostrimffi
1936 2932 2006 2968 quod
2017 2932 2085 2959 alter
2095 2936 2171 2959 mino-

1191 2997 1192 3007 ἵ
1212 2978 1381 3006 rum.recepta
1392 2969 1472 2996 leffio
1482 2977 1715 3003 numeror-umquam
1728 2977 1842 3002 primum
1853 2966 1990 2994 damnavit
1999 2969 2152 2995 Turnebus.

1247 3008 1276 3033 6.
1296 3007 1493 3040 Qantasicmma
1502 3007 1580 3030 litium
1591 3006 1674 3037 fuiffer
1684 3023 1692 3034 ‚
1702 3006 1798 3036 populea
1810 3005 1949 3038 recepistin]
1971 3005 2098 3038 Cujacius
2108 3004 2137 3030 d.
2148 3004 2168 3031 l,

1212 3043 1354 3077 legendnm
1365 3041 1437 3068 ducit
1442 3041 1524 3074 fuisti!
1536 3060 1544 3071 ‚
1551 3043 1653 3073 pecunia
1662 3041 1785 3072 redigisset.
1804 3040 1831 3065 δε
1844 3049 1905 3066 mox
1918 3039 1961 3066 ubi
1972 3039 2095 3067 habemus
2107 3050 2116 3072 5
2125 3048 2169 3074 pe·-

1215 3082 1286 3104 cum'a
1296 3079 1328 3104 ad
1335 3087 1400 3111 quem
1410 3086 1484 3102 eorum
1494 3079 1535 3110 qui
1553 3077 1681 3102 damnatus
1690 3077 1725 3100 esi*
1739 3076 1866 3109 pei-ceniffc
1878 3095 1886 3107 ‚
1904 3085 1954 3106 oc
1974 3075 2094 3102 rescribit
2111 3078 2133 3111 ej
2139 3084 2170 3102 us

253 3125 281 3150 4.
301 3121 380 3145 Dicere
390 3120 542 3145 audiebamus
555 3119 728 3146 ‚i'leaeaudae-iam
740 3137 748 3151 ‚
762 3119 829 3152 (ly-c.)
852 3117 975 3154 Explicat
995 3116 1134 3145 'sui-„ebus
1145 3115 1171 3143 d.
1191 3106 1193 3120 ⁴
1217 3114 1287 3145 loco,
1294 3117 1418 3146 pecuniam
1427 3120 1499 3146 qrmm
1509 3116 1593 3144 ceperit
1601 3113 1621 3138 is
1634 3115 1675 3144 qui
1684 3112 1815 3139 damnana-
1825 3130 1834 3145 ,
1843 3112 1895 3144 dvc.
1914 3110 1958 3139 sed
1968 3111 2026 3141 mss.
2035 3112 2116 3140 nostri
2127 3121 2170 3139 m-

218 3162 273 3189 Odp.
284 3162 316 3189 ’ΣΞ
325 3174 330 3180 .

1217 3150 1255 3178 hil
1266 3148 1393 3179 recedunt
1403 3148 1435 3177 de
1445 3147 1572 3185 scriptura
1585 3148 1702 3184 vulgata.
2120 3185 2139 3209 ι

2067 3208 2070 3209 ⁷
2087 3188 2113 3210 1-
2137 3184 2176 3213 ἰαμ
