2360 3400
463 153 669 202 EptsT.
706 166 782 198 AD
818 149 1226 208 METELLUM,
1271 171 1350 203 ΕΤ
1385 158 1713 218 CETEROS,
1753 163 1881 210 [ΑΒ.
1908 163 1966 211 V.

235 244 381 278 umquam
399 235 476 271 suit,
494 235 599 267 liberis
607 232 738 268 amiffis,
760 242 821 265 tam
837 233 992 265 imbecillo
1003 233 1188 264 mulierani-

236 288 308 313 mo,
327 289 393 320 quae
415 288 478 309 non
494 277 656 318 aliquando
677 277 799 317 lugendi
817 276 945 307 modum
967 275 1088 306 fecerit:
1108 276 1188 306 certe

237 330 295 351 nos
306 339 314 354 ‚
325 320 405 360 quod
415 319 458 350 est
466 319 530 349 dies
539 319 671 352 allatura,
682 320 712 348 id
724 316 849 348 confilio
858 320 926 349 ante
935 317 1012 348 ferre
1022 316 1166 346 debemus
1177 326 1184 346 ;

235 371 333 403 neque
342 353 509 402 exspee'hre
518 363 663 400 temporis
673 359 868 393 medicinam,
878 369 969 401 quarn
979 358 1184 398 repraesentare

232 406 349 434 ratione
365 401 521 443 poffimus.
561 404 619 432 His
637 412 692 443 ego
712 403 817 432 litteris
837 400 858 431 fi
879 401 954 442 quid
971 397 1160 440 profecissem
1172 419 1181 433 ,

231 443 442 475 existimabam
460 443 626 485 optandum
645 443 788 485 quiddam
808 453 857 473 me
867 441 1093 473 efl'eassecutum
1108 451 1113 469 :
1136 439 1179 470 fin

238 485 343 516 minus
361 485 439 516 forte
458 484 634 520 valuissent,
659 484 784 516 ¹0fficio
803 494 905 516 tamen
928 482 985 514 esse
1001 481 1179 528 fun6turum

231 525 504 558 benivolentissimi
521 536 608 569 atque
617 526 806 559 amiciss'imi:
828 536 920 567 quem
930 535 980 556 me
989 524 1044 554 tibi
1055 522 1183 555 &fuisse

231 569 349 609 semper
356 568 512 599 existimes
521 571 627 604 velim,
646 570 679 600 &
692 568 828 599 futurum
839 567 896 598 esse
906 565 1052 598 confidas.

429 613 654 642 M.C.s.1).1³.
678 612 887 644 SEXTIO,
912 611 986 640 RF.

342 654 369 682 Ο
380 662 400 682 N
412 652 571 683 oblivione
579 654 720 683 amicitiae
730 652 837 682 nosttae
847 671 856 686 ‚
874 660 973 691 neque
986 646 1182 695 intermissio-

333 703 370 724 ne
388 695 617 726 consuetudinis
628 705 700 725 meae
711 714 720 728 ,
742 693 942 734 superioribus
952 690 1137 736 temporibus
1147 689 1182 737 ad

228 743 257 765 te
276 736 375 766 nullas
394 737 503 767 litteras
521 735 607 771 mifi,
628 736 678 767 sed
696 734 777 777 quod
787 737 884 775 priora
894 741 1070 780 tempoi‘axin
1081 740 1178 778 ruinis

229 778 303 816 reiF’·
317 776 483 819 nostrisque
489 780 661 817 jacuerunt:
684 777 846 817 posteriora
854 783 953 805 autem
965 783 1015 802 me
1023 783 1040 802 a
1050 771 1181 817 scriben-

225 817 267 848 do
279 838 288 852 2
312 822 371 850 tuis
380 819 582 860 injustissimis
590 829 677 860 atque
685 815 878 849 acerbissimis
889 812 1114 861 incommodis,
1135 823 1181 844 re-

228 860 388 891 tardarunt.
428 864 507 892 Cum
535 860 608 891 vero
626 861 659 891 δι
679 859 870 889 intervallum
888 866 947 896 jam
967 857 1033 886 satis
1050 856 1177 896 longum

170 616 213 652 17

222 900 344 936 fuisset,
366 903 400 933 δε
419 912 500 933 tuam
519 904 662 932 virtutem
682 902 837 941 animique
856 897 1097 941 magnitudinem
1107 897 1178 927 dili-
1196 925 1198 941 ἱ

223 943 344 984 gentius
356 943 448 974 effem
458 953 579 974 mecum
591 942 758 973 recordatus
770 952 776 971 z
787 951 851 972 non
860 942 961 981 putavi
973 937 1031 969 effe
1041 938 1175 986 alienum

222 984 368 1015 institutis
386 986 462 1015 meis
474 1004 482 1018 ,
504 986 573 1015 haec*
583 983 618 1014 ad
639 994 666 1014 te
677 983 814 1015 scribere.
830 986 894 1024 Ego
904 991 952 1016 te,
977 984 1006 1012 P.
1021 983 1103 1011 Sexti
1114 999 1122 1014 ,
1142 981 1175 1011 δε

223 1028 331 1066 primis
344 1026 533 1066 temporibus
543 1026 604 1056 illis
616 1047 624 1059 ‚
634 1025 744 1066 quibus
753 1027 785 1055 in
795 1025 945 1055 invidiam
954 1022 1057 1053 absens
1068 1042 1076 1056 ‚
1098 1022 1129 1051 δε
1139 1024 1173 1052 in

219 1069 336 1097 crimen
355 1067 497 1098 vocabare
509 1088 517 1101 ,
537 1066 677 1098 defendi:
698 1067 750 1101 &,
770 1066 841 1097 cum
855 1069 887 1096 in
898 1061 1173 1096 tuifamiliarissimi
1192 1090 1194 1094 ,

215 1109 333 1149 judicio
344 1119 376 1138 ac
389 1110 523 1148 periculo
531 1113 545 1129 ²
558 1119 645 1140 tuum
656 1111 773 1140 crimen
782 1111 1013 1148 conjungeretur
1023 1126 1033 1140 ,
1047 1108 1172 1155 utpotui

217 1149 431 1181 accuratiflime
443 1160 469 1180 te
481 1161 620 1192 tuamque
631 1151 746 1182 causam
757 1159 868 1181 tutatus
878 1150 943 1180 sum
955 1159 960 1177 :
974 1148 1007 1178 &
1017 1151 1169 1188 proxime,

217 1193 331 1222 recenti
344 1191 473 1223 adventu
484 1202 555 1222 meo
565 1213 573 1226 ‚
593 1192 665 1223 cum
681 1202 745 1223 rem
755 1192 841 1222 aliter
850 1190 1018 1222 institutam
1027 1188 1171 1219 offendis-

217 1232 280 1264 sem
293 1254 301 1266 ,
311 1244 343 1264 ac
353 1234 431 1264 mihi
440 1233 592 1274 placuisset
603 1255 610 1268 ‚
624 1234 644 1264 sl
654 1232 820 1265 affuissem:
840 1242 941 1264 tamen
952 1232 1034 1262 nulla
1045 1241 1075 1262 re
1085 1231 1170 1277 saluti

216 1282 275 1305 tuae
284 1275 367 1305 defui
389 1287 394 1304 2
413 1285 542 1316 cumque
556 1286 592 1306 eo
606 1285 740 1316 tempore
750 1275 867 1306 invidia
884 1283 1013 1305 annonae
1022 1293 1031 1308 ‚
1051 1275 1170 1302 inimici

216 1326 282 1347 non
290 1316 389 1347 solum
401 1320 462 1351 tui,
474 1318 581 1348 verum
592 1320 682 1348 etiam
692 1320 860 1348 amicorum
872 1325 994 1347 tuorum
1005 1335 1014 1348 ‚
1029 1316 1170 1354 iniquitas

215 1360 310 1388 totius
319 1359 438 1397 judicii,
446 1361 599 1400 multaque
609 1360 663 1390 alia
674 1361 747 1399 reip.
757 1360 831 1389 vitia
841 1359 908 1399 plus
917 1358 1007 1398 quam
1017 1357 1100 1387 causa
1109 1356 1170 1395 ipsa

215 1401 381 1440 veritasque
390 1399 671 1432 valuiss'ent:Publio
681 1409 733 1430 tuo
743 1410 841 1441 neque
850 1409 1019 1440 operaffleqj.
1031 1396 1169 1431 consilio,

214 1451 312 1482 neque
321 1441 433 1476 labore,
443 1453 539 1483 neque
567 1444 748 1482 ratiameque
758 1442 933 1472 testimonio
943 1440 1035 1471 defui.
1053 1442 1168 1478 Quam·

214 1482 333 1516 obrem,
345 1484 491 1514 omnibus
500 1494 518 1514 0
555 1486 610 1514 ciis
619 1486 761 1514 amicitiae
771 1503 780 1517 ,
792 1484 950 1524 diligenter
961 1483 976 1513 a
989 1492 1039 1512 me
1053 1480 1168 1511 fauste-

213 1534 272 1565 que
290 1524 409 1555 servatis
420 1546 429 1559 ,
447 1535 487 1556 ne
499 1526 557 1556 hoc
566 1525 692 1567 quidem
702 1525 992 1566 praetermittendum
1003 1521 1061 1554 ess'e
1070 1522 1145 1553 duxi
1158 1542 1166 1557 ,

211 1572 241 1596 te
252 1573 282 1596 ut
291 1567 422 1597 hortarer
431 1587 440 1600 ,
463 1577 656 1609 rogaremque
667 1588 675 1602 ‚
697 1577 728 1598 ut
743 1567 776 1598 ὃς
787 1569 949 1598 hominem
960 1575 988 1596 te
1002 1586 1011 1600 ,
1023 1565 1056 1595 &
1065 1567 1166 1595 virum

211 1605 269 1640 effe
283 1607 468 1639 meminiss'es
479 1629 489 1643 ,
514 1609 544 1639 id
554 1609 596 1640 est
609 1629 617 1644 ‚
635 1617 666 1640 ut
677 1609 919 1640 &communem
929 1628 937 1642 ,
960 1610 1168 1647 incertumque

209 1649 310 1679 casum
323 1670 331 1684 ,
350 1660 442 1691 quem
463 1661 560 1692 neque
579 1654 670 1682 vitare
678 1652 835 1693 quisquam
846 1649 985 1682 nostrum
998 1670 1007 1684 ‚
1027 1659 1081 1679 nec
1090 1658 1166 1689 prae-

210 1689 284 1722 stare
302 1691 367 1721 ullo
375 1691 463 1732 pacto
471 1692 568 1733 potest
578 1713 587 1728 ‚
606 1694 753 1733 sapienter
760 1693 867 1724 ferres:
895 1693 927 1723 δε
941 1692 1040 1723 dolori
1050 1690 1167 1722 fortiter

207 1741 242 1763 ac
249 1731 379 1764 fortunae
389 1733 531 1765 resisteres
543 1736 758 1777 :cogitaresque
767 1755 776 1770 ,
791 1736 866 1766 &in
876 1734 974 1766 nostra
980 1735 1101 1765 civitate
1110 1752 1119 1767 ‚
1132 1733 1165 1763 ὃς

209 1775 243 1804 in
253 1783 356 1805 ceteris
371 1795 379 1808 ‚
391 1785 456 1816 quae
471 1787 571 1807 rerum
581 1779 682 1817 potitae
693 1778 774 1812 sunt,
785 1778 890 1808 multis
897 1774 1066 1807 fortiffimis
1073 1784 1160 1815 atque

209 1816 339 1855 optimis
348 1819 420 1847 viris
434 1837 443 1851 .
454 1817 573 1856 'injustis
584 1819 705 1858 judiciis
714 1839 723 1853 ‚
733 1819 816 1850 taleis
826 1820 906 1850 casus
916 1815 1062 1849 incidifl'e.
1085 1816 1166 1846 Illud
1185 1847 1187 1858 Ι

208 1859 326 1888 utinam
341 1868 380 1888 ne
388 1860 457 1889 vere
465 1859 625 1890 scriberem
636 1880 645 1894 ‚
663 1871 696 1891 ea
706 1870 733 1891 te
741 1871 804 1901 rep.
816 1870 913 1891 carere
922 1880 931 1894 ,
956 1861 990 1889 in
998 1868 1056 1899 qua
1065 1859 1165 1888 nemi-

210 1908 284 1929 nem
303 1902 315 1927 3
336 1899 514 1940 prudentem
529 1902 690 1933 hominem
700 1912 747 1935 res
758 1903 818 1933 ulla
827 1901 965 1933 delectet.
988 1903 1036 1933 De
1047 1909 1101 1930 tuo
1111 1909 1164 1929 au-

208 1948 272 1971 tem
282 1939 347 1971 filio
358 1961 368 1975 ‚
386 1951 506 1976 vereor,
516 1953 555 1973 ne
566 1963 574 1977 ‚
586 1941 606 1972 fi
617 1944 696 1973 nihil
707 1943 742 1974 ad
754 1953 782 1974 te
793 1943 959 1983 scripserim
969 1962 978 1977 ,
999 1945 1016 1969 4
1026 1941 1162 1972 debitum

206 1982 271 2022 ejus
290 1984 394 2013 virtuti
414 1983 514 2014 videar
533 1984 744 2015 testimonium
762 1995 828 2016 non
851 1984 960 2025 cepisse
977 1995 983 2014 :
1003 1982 1046 2014 sin
1064 1992 1164 2013 autem

207 2026 323 2058 omnia,
332 2035 398 2065 quae
409 2025 737 2067 sentio,perscripserim
750 2037 756 2056 :
768 2037 806 2057 ne
815 2026 954 2057 refricem
966 2028 1042 2056 meis
1052 2026 1159 2055 litteris

206 2063 383 2097 desiderium
396 2087 404 2100 ,
426 2078 458 2098 ac
483 2067 622 2098 dolorem
634 2077 731 2099 tuum·
753 2068 810 2100 Sed
823 2077 926 2099 tamen
934 2065 1162 2109 prudentissime

205 2105 296 2137 facies
306 2127 315 2141 ‚
333 2107 354 2137 fi
365 2109 447 2139 illius
454 2112 593 2150 pietatem
605 2129 613 2144 ‚
634 2112 777 2141 virtutem
787 2110 988 2145 ‚industriam
999 2130 1007 2144 .
1021 2109 1160 2140 ubicum-

203 2158 263 2189 que
273 2151 330 2179 cris
341 2169 349 2183 ,
361 2159 442 2181 tuam
452 2149 522 2184 effe,
531 2159 631 2182 tecum
642 2150 700 2182 esse
712 2171 720 2186 ‚
731 2152 831 2183 duces.
857 2162 877 2182 N
891 2163 909 2182 ε
921 2162 940 2182 e
959 2160 978 2181 a
989 2161 1011 2181 N
1024 2161 1035 2181 x
1048 2161 1076 2181 M
1093 2161 1120 2181 M
1132 2161 1161 2181 1—

205 2199 227 2220 Ν
239 2200 261 2220 U
273 2201 286 2220 s
312 2201 333 2221 Ν
345 2201 363 2221 o
376 2201 389 2221 s
399 2203 418 2222 τ
429 2203 451 2222 R
462 2202 484 2222 A
506 2193 574 2223 sunt
585 2213 594 2227 ‚
613 2203 678 2235 quae
691 2196 796 2225 animo
803 2193 1038 2235 compleffimur
1048 2213 1056 2227 ,
1069 2194 1160 2234 quarn

201 2241 268 2272 quae
279 2233 376 2262 oculis
385 2235 549 2265 intuemur.
573 2236 777 2276 Qmobrem
790 2236 914 2267 &illius
924 2239 1039 2266 eximia
1048 2237 1156 2269 virtus,

201 2274 396 2315 summusque
418 2277 451 2306 in
473 2285 501 2307 te
519 2287 606 2308 amor
614 2297 622 2311 ‚
642 2287 758 2319 magnae
776 2279 833 2309 tibi
850 2278 1053 2309 consolationi
1070 2276 1159 2307 debet

202 2314 261 2345 effe
274 2326 279 2344 :
292 2316 324 2347 δε
336 2326 402 2351 nOS,
416 2319 574 2360 ceterique,
586 2321 675 2359 quite
684 2329 749 2350 non
759 2329 797 2350 ex
807 2318 991 2354 fortuna,sed
1001 2329 1040 2349 ex
1049 2321 1160 2349 virtute

203 2364 252 2387 tua
264 2357 426 2397 pendimus
441 2379 450 2393 ,
462 2360 636 2401 semperque
645 2361 827 2401 pendemus:
849 2365 862 2388 5
873 2362 906 2392 &
915 2360 1052 2392 maxime
1061 2362 1158 2391 animi

201 2399 246 2429 tui
257 2400 441 2432 conscientia
450 2422 459 2436 ‚
480 2401 552 2433 cum
563 2403 620 2433 tibi
630 2403 709 2433 nihil
720 2402 832 2433 merito
841 2402 978 2434 accidiffe
988 2402 1136 2442 reputabis
1146 2422 1155 2436 ‚

200 2439 320 2471 &illud
330 2441 471 2484 adjunges
481 2464 490 2478 ‚
503 2452 525 2474 Η
536 2454 556 2474 o
565 2454 592 2474 M
606 2454 616 2474 1
629 2454 652 2474 N
661 2454 681 2474 E
691 2454 704 2474 s
714 2445 870 2485 sapienteis
879 2444 1077 2485 turpitudine,
1092 2453 1156 2474 non

197 2481 264 2512 casu
287 2492 292 2511 :
311 2483 344 2514 &
360 2483 473 2515 deliEto
491 2486 545 2516 suo
554 2506 563 2520 ,
585 2496 649 2516 non
670 2486 801 2517 aliorum
825 2488 936 2526 injuria
953 2488 1155 2518 commoveri.

199 2525 265 2564 Ego
274 2543 283 2557 ‚
298 2524 330 2554 &
339 2528 487 2557 memoria
496 2527 605 2558 nostrae
616 2529 724 2558 veteris
733 2531 873 2559 amicitiae
884 2549 894 2562 ,
906 2529 938 2559 ὃς
949 2530 1056 2559 virtute
1065 2537 1152 2569 atque

196 2565 383 2597 observantia
401 2566 456 2598 filii
475 2570 518 2599 tui
527 2572 665 2600 monitus
675 2590 684 2603 ,
705 2570 793 2600 nullo
803 2571 871 2601 loco
880 2571 971 2600 deero
982 2590 991 2604 ‚
1012 2570 1109 2611 neque
1117 2570 1154 2600 ad

193 2607 413 2638 consolandum
425 2628 434 2642 2
449 2620 546 2650 neque
559 2611 766 2642 adlevandum
778 2610 934 2642 fortunam
945 2621 1037 2641 tuam.
1060 2615 1122 2645 Tu,
1135 2609 1156 2641 si

193 2649 267 2721 qugd
277 2649 311 2679 ad
322 2659 372 2680 me
379 2649 457 2681 forte
468 2652 630 2694 scripseris,
651 2652 805 2693 perficiam
816 2663 854 2684 ne
864 2663 892 2684 te
899 2652 1008 2684 frustra
1015 2650 1154 2695 scripsisse

195 2699 226 2721 ar
246 2698 344 2722 iti'ere.

2087 164 2184 224 676

1391 253 1413 301 ⁶⁷
1428 257 1472 286 M.
1495 259 1684 289 CICERO
1704 261 1835 292 SiD.T.
1859 262 2027 291 FADIO.

1233 304 1304 380 E
1318 310 1348 338 T
1358 319 1371 339 s
1384 319 1395 339 1
1417 321 1557 353 egomet,
1579 314 1629 353 qui
1649 321 1676 344 te
1686 315 1834 345 consolari
1844 318 1935 355 cupio
1947 336 1955 350 ,
1980 314 2182 346 consolandus

1284 392 1286 394 Ι
1311 351 1369 396 ipse
1378 352 1444 382 sum
1459 354 1628 394 :propterea
1637 354 1721 395 quod
1731 357 1846 387 nullam
1859 368 1922 388 rem
1932 356 2053 398 gravii‘ts
2063 357 2178 393 iamdiu

1233 390 1300 422 tuh>
1311 398 1401 431 quam
1412 395 1648 425 incommodum
1658 406 1745 428 tuum
1759 408 1873 429 :tamen
1884 409 1912 429 te
1923 409 2103 442 magnopere
2113 409 2178 431 nen

1228 428 1332 461 hortor
1349 433 1447 465 solum
1459 455 1467 469 ‚
1487 437 1536 467 sed
1555 439 1645 467 etiam
1657 458 1666 473 ‚
1684 449 1739 480 pro
1756 450 1856 471 amore
1867 441 1987 475 nostro,
2008 451 2081 483 rego
2089 449 2176 483 atque

1227 479 1300 505 oro,
1321 481 1347 503 te
1357 476 1497 517 colligas,
1520 480 1680 519 virumque
1694 481 1840 520 praebea5‚
1861 483 1911 516 ἃ,
1932 493 1988 524 qua
1998 482 2177 514 conditione

1225 520 1334 543 omnes
1346 516 1486 547 homines
1496 538 1505 552 ‚
1520 520 1562 553 &2
1577 521 1686 560 quibus
1704 524 1890 563 temporibus
1901 527 1961 555 nati
1973 523 2062 554 simus
2074 545 2082 558 ‚
2094 526 2179 566 cogi-

1224 561 1280 583 teS.
1310 555 1379 586 Plus
1398 558 1453 587 tibi
1475 569 1570 590 virtus
1594 570 1641 592 tua
1660 562 1743 594 dedit
1762 586 1769 599 ,
1787 566 1879 606 quam
1899 565 2020 597 fortuna
2035 566 2175 597 abstulit:

1224 596 1378 644 Propterea
1388 599 1469 639 quod
1480 601 1602 640 adeptus
1613 613 1653 638 ες,
1664 606 1745 645 quod
1757 617 1818 636 non
1831 608 1920 638 multi
1930 610 2070 638 homines
2081 610 2156 638 novi
2170 618 2177 638 :

1224 636 1345 668 amisisti
1358 658 1366 673 2
1386 650 1451 680 qua:
1471 643 1595 680 plurimi
1616 646 1759 677 homines
1778 648 1964 680 no'ciliffimi.
1990 652 2030 680 Ea
2043 649 2172 691 deniqup

1224 677 1780 728 videturconditioimpenderelegum
1793 709 1800 723 ‚
1824 690 2007 728 judiciorum
2022 712 2031 726 ,
2055 701 2174 731 tempe*

1222 729 1311 767 rum,
1331 730 1364 752 ut
1382 724 1499 763 optime
1519 726 1619 757 actum
1644 738 1713 757 cum
1731 740 1768 759 eo
1777 731 1909 762 videatur
1922 732 1996 766 effe,
2020 734 2174 774 quiqi-{m

1223 760 1368 803 leviffima
1386 774 1474 804 poena
1493 766 1529 796 ab
1547 768 1601 799 hac
1618 779 1678 809 rep.
1698 769 1869 802 discesserit.
1893 776 1944 804 Tu
1962 774 2033 805 vero
2046 795 2053 809 ,
2074 776 2127 815 qui
2140 775 2171 805 3<

1220 805 1357 849 fortunas
1371 825 1379 839 ‚
1401 806 1434 837 <Sc
1453 807 1564 838 libere-s
1583 810 1689 841 habeas
1703 831 1711 845 ‚
1733 812 1829 842 &nos
1840 816 2007 855 ceterosque
2018 815 2171 847 neceffitw

1221 843 1312 879 dine,
1336 847 1369 877 δέ
1389 847 1596 882 benivolentia
1613 862 1713 883 tecum
1730 854 1989 894 conjunetiffimos
2002 869 2005 872 ⁴
2017 868 2172 899 quumque

1222 895 1360 933 magnam
1369 888 1539 922 facultatem
1554 892 1588 924 szs
1598 895 1749 925 habiturus
1762 916 1770 929 ‚
1787 896 1945 927 nobiscum
1958 918 1966 930 ‚
1977 899 2009 927 δε
2020 910 2089 930 cum
2102 910 2171 929 om»

1219 928 1310 959 nibus
1328 932 1387 960 tuis
1408 933 1550 963 vivendi:
1572 934 1685 966 &cum
1703 947 1799 968 unum
1818 936 1852 968 fit
1865 939 2016 978 judicium
2029 961 2036 973 ,
2059 950 2167 971 eit-tani

1218 971 1341 1005 multis,
1360 974 1441 1013 quod
1464 976 1712 1015 reprehendatur,
1733 980 1858 1020 utquod
1875 980 2104 1015 unasententia‚
2123 992 2170 1013 ea-

1215 1020 1273 1052 que
1289 1012 1379 1043 dubia
1392 1035 1400 1048 ,
1425 1019 1568 1056 potentiae
1586 1020 1712 1055 alicuius
1732 1021 1942 1052 condonatum
1961 1022 2150 1053 existimetu-

1216 1055 1360 1085 omnibus
1380 1058 1425 1087 his
1444 1058 1479 1088 de
1495 1059 1583 1090 caus}
1596 1061 1684 1092 debes
1698 1061 1781 1093 istam
1796 1063 1967 1094 molestiam
1978 1069 2068 1105 quam
2080 1065 2169 1094 lenz(-

1214 1092 1287 1126 fime
1306 1096 1390 1128 ferre.
1415 1101 1503 1129 Meus
1523 1104 1807 1139 animust-titium,
1829 1105 2075 1147 liberosquetuos
2090 1106 2169 1138 sem-

1211 1146 1272 1176 per,
1284 1148 1376 1180 quem
1388 1150 1417 1171 tu
1428 1140 1484 1172 effe
1495 1145 1549 1176 vis,
1564 1145 1595 1174 ὃς
1606 1147 1657 1186 qui
1669 1144 1724 1176 elle
1737 1146 1834 1177 debet.

1498 1211 1710 1247 CICERO,
1730 1214 1878 1244 RUFO.

1300 1273 1351 1301 Ts
1365 1281 1375 1300 r
1393 1273 1472 1302 mfhi
1496 1283 1665 1316 numquam
1686 1275 1813 1306 dubium
1824 1276 1901 1311 fuit,
1924 1278 2000 1318 quin
2011 1276 2166 1308 tibiess'em

1289 1312 1452 1344 cariffimes
1467 1325 1471 1343 r
1484 1324 1585 1346 tamen
1593 1317 1729 1357 quotidie
1739 1328 1834 1360 magis
1844 1318 1872 1349 id
1882 1320 2030 1359 perspicio
2041 1331 2046 1349 :
2057 1319 2168 1350 exstat-

1211 1363 1270 1393 que
1288 1353 1316 1384 id
1331 1374 1338 1387 ‚
1359 1356 1440 1396 quod
1461 1359 1538 1387 mihi
1549 1357 1718 1390 ostenderas
1728 1360 1905 1401 quibusdam
1916 1361 2021 1391 litteris
2032 1381 2040 1395 ,
2065 1362 2123 1391 hoc
2133 1371 2162 1391 te

1211 1394 1419 1441 liudiofioi·eni
1442 1399 1476 1428 in
1498 1409 1548 1429 me
1569 1400 1700 1431 colendo
1722 1400 1788 1431 fore
1807 1421 1815 1436 ,
1845 1402 1935 1443 quam
1954 1403 1988 1432 in
2008 1405 2166 1442 provinca

1209 1435 1311 1467 fuist-es
1322 1457 1330 1472 ,
1349 1437 1420 1477 (etfi
1433 1460 1441 1473 ,
1455 1450 1524 1471 meo
1533 1441 1658 1480 judit-,Q
1670 1443 1748 1473 nihil
1759 1443 1794 1474 ad
1807 1453 1893 1474 tuum
1903 1445 2087 1484 provinciale
2097 1443 2165 1474 offia

1209 1480 1291 1509 cium
1307 1480 1479 1520 addipotest
1492 1493 1499 1519 ,ι
1519 1484 1712 1523 quolibeiius
1723 1485 1874 1524 judicium
1887 1485 1945 1516 esst
1955 1484 2052 1525 posset
2065 1495 2160 1516 tuum.

1209 1521 1311 1561 Iraque
1329 1531 1379 1552 me
1397 1523 1430 1553 δε
1449 1523 1613 1564 superiores
1634 1526 1738 1557 litterae
1750 1535 1807 1558 ωε
1817 1527 1984 1558 admodum
1998 1526 2166 1558 deled‘tave<

1210 1570 1279 1593 tunt
1300 1583 1308 1596 ,
1342 1564 1452 1604 quibus
1479 1565 1513 1596 δε
1533 1566 1737 1606 exspectatum
1757 1578 1862 1598 meum
1882 1568 2044 1599 adventum
2066 1569 2118 1599 abs
2137 1579 2164 1599 te

1208 1613 1342 1635 amanter
1356 1606 1493 1637 videbam
1504 1627 1512 1640 >
1523 1607 1566 1642 ἃ,
1578 1607 1649 1640 cum
1660 1610 1744 1640 aliter
1757 1620 1801 1640 res
1809 1608 1959 1641 cecidisset
1972 1620 2002 1641 ac
2017 1610 2143 1652 putaffes
2153 1631 2162 1643 ‚

1209 1654 1237 1675 te
1254 1655 1324 1676 meo
1341 1646 1469 1678 consilio
1485 1659 1665 1691 magnopere
1674 1650 1733 1681 esse
1744 1652 1873 1683 laetatum
1889 1662 1894 1681 z
1913 1652 1946 1683 ὃ(
1957 1653 2004 1682 his
2013 1655 2165 1693 proximxs

1208 1687 1315 1718 litteris
1334 1699 1478 1731 magnum
1497 1693 1562 1732 cepi
1584 1691 1720 1723 frustum
1741 1694 1773 1724 &
1789 1693 1893 1731 judicii
1906 1713 1914 1728 ‚
1939 1694 1972 1725 δε
1992 1693 2087 1725 officii
2101 1696 2160 1725 tui:

1206 1729 1315 1768 judicii
1330 1751 1338 1765 ,
1359 1730 1441 1772 quod
1460 1734 1599 1775 intelligo
1609 1754 1618 1768 ‚
1639 1744 1667 1765 te
1677 1755 1685 1768 ,
1699 1734 1728 1765 id
1739 1735 1820 1776 quod
1831 1745 1938 1766 omnes
1948 1735 2039 1766 fortes
2050 1747 2081 1767 ac
2090 1736 2166 1767 boni

1209 1773 1267 1802 viri
1276 1771 1368 1803 facere
1380 1773 1508 1808 debent,
1519 1777 1596 1806 nihil
1606 1786 1707 1816 putare
1719 1778 1789 1807 utile
1801 1775 1869 1811 effe,
1882 1776 1935 1807 nisi
1945 1778 2027 1819 quod
2042 1777 2160 1809 restum

1208 1813 1428 1856 honestumque
1447 1815 1495 1846 fit:
1515 1815 1609 1848 officii
1622 1838 1630 1852 ,
1652 1818 1735 1859 quod
1746 1828 1773 1849 te
1787 1828 1928 1852 mecum,
1949 1819 2164 1861 quodcumque

1208 1855 1351 1896 cepiss'em
1362 1855 1487 1892 consilii,
1501 1860 1654 1899 polliceris
1664 1860 1728 1890 sore
1743 1871 1820 1901 :quo
1832 1871 1928 1901 neque
1942 1862 2018 1891 mihi
2029 1865 2139 1902 gratius
2151 1882 2162 1896 ,

1209 1907 1318 1938 neque,
1330 1907 1362 1927 ut
1371 1908 1427 1939 ego
1437 1900 1572 1934 arbitror,
1585 1901 1640 1931 tibi
1652 1901 1805 1932 honestius
1816 1900 1873 1932 ess'e
1883 1902 2046 1944 quidquam
2055 1903 2162 1943 potest.

1209 1939 1289 1968 Mihi
1299 1938 1459 1970 confilium
1469 1951 1587 1981 captum
1600 1942 1718 1982 jamdiu
1727 1941 1785 1972 est:
1798 1943 1834 1973 de
1844 1954 1905 1984 quo
1915 1943 1950 1974 ad
1962 1954 1988 1974 te
2000 1965 2008 1977 ‚
2025 1955 2088 1975 non
2099 1955 2162 1985 quo

1207 1980 1347 2011 celandus
1358 1979 1432 2011 effes
1444 2002 1453 2016 ,
1465 1985 1543 2013 nihil
1555 1983 1652 2024 scripsi
1662 1984 1746 2015 antea
1757 2004 1765 2018 ‚
1785 1985 1834 2015 sed
1845 1988 1914 2026 quia
1923 1988 2166 2017 communicatio

1207 2021 1346 2056 consilii,
1367 2024 1417 2053 tali
1436 2033 1588 2068 tempore>
1609 2024 1686 2066 quasi
1702 2026 1839 2066 quaedam
1858 2027 2030 2059 admonitio
2040 2028 2158 2058 videtur

1207 2063 1263 2094 effe
1273 2062 1368 2094 officii
1379 2085 1387 2097 ,
1409 2066 1457 2096 vel
1467 2069 1569 2106 potius
1584 2067 1755 2108 efflagitatio
1766 2068 1800 2098 ad
1812 2069 1980 2100 co‘e'undam
1991 2069 2165 2100 societatem

1206 2106 1253 2135 vel
1267 2107 1405 2146 periculi,
1417 2108 1465 2137 vel
1476 2108 1593 2139 laboris.
1618 2112 1693 2139 Cum
1705 2109 1777 2140 verb
1787 2121 1819 2140 ea
1828 2119 1876 2141 tua
1889 2109 1922 2141 sit
1932 2112 2070 2142 voluntas
2084 2131 2093 2145 ‚
2106 2112 2166 2142 hu-

1206 2150 1334 2178 manitas
1346 2168 1355 2181 ,
1375 2149 1581 2180 benivolentia
1589 2161 1654 2192 erga
1664 2161 1712 2181 me
1725 2172 1733 2184 ,
1753 2152 1882 2182 libenter
1894 2151 2061 2193 amplector
2071 2153 2161 2182 talem

1203 2191 1343 2220 animum
1356 2201 1362 2219 :
1374 2191 1422 2221 scd
1432 2191 1488 2231 ita(
1498 2202 1562 2222 non
1571 2196 1654 2223 enim
1666 2193 1820 2223 dimittam
1830 2194 1976 2234 pudorem
1987 2196 2018 2225 in
2029 2194 2163 2235 rogando

1204 2233 1332 2272 meum)
1352 2231 1370 2261 si
1389 2232 1494 2263 feceris
1515 2235 1546 2264 id
1567 2255 1576 2269 ,
1605 2235 1685 2275 quod
1699 2234 1832 2265 ostendis
1845 2256 1854 2270 ‚
1886 2246 2025 2278 magnam
2044 2236 2160 2266 habebo

1202 2276 1325 2315 gratiam
1339 2284 1345 2303 ι
1357 2272 1377 2304 fi
1387 2284 1451 2304 non
1461 2274 1565 2306 feceris
1576 2297 1584 2310 .
1605 2277 1754 2318 ignoscam
1767 2288 1772 2305 :
1794 2277 1827 2307 &
1837 2278 1962 2308 alterum
1974 2279 2095 2311 timori,
2117 2278 2162 2308 al-

1203 2325 1300 2346 terum
1320 2317 1398 2346 mihi
1422 2326 1449 2346 te
1468 2327 1574 2358 negare
1592 2328 1657 2348 non
1671 2316 1800 2359 potuiss'e
1817 2319 1990 2350 arbitrabor.
2013 2319 2064 2350 Est
2076 2322 2159 2349 enim

1201 2367 1248 2387 res
1264 2357 1403 2397 profecit>
1423 2362 1568 2390 maxima.
1579 2360 1652 2401 quid
1668 2360 1785 2390 rectum
1796 2359 1849 2395 fit,
1870 2370 1987 2401 apparet
1999 2362 2089 2402 :quid
2102 2370 2158 2391 ex-

1200 2399 1299 2439 pediat
1311 2419 1319 2433 ,
1330 2400 1492 2431 obscurum
1503 2400 1562 2432 est:
1578 2404 1617 2432 ita
1628 2411 1728 2432 tamen
1740 2423 1749 2436 ,
1770 2412 1813 2436 ut,
1828 2401 1848 2432 si
1861 2405 1948 2434 nosii
1962 2403 2064 2433 sumus
2075 2423 2084 2436 ,
2103 2404 2156 2443 qui

1202 2439 1260 2471 effe
1272 2440 1419 2472 debemus
1430 2462 1438 2476 ‚
1451 2443 1480 2473 id
1491 2442 1534 2473 est
1548 2463 1556 2477 ,
1569 2443 1667 2474 studio
1677 2444 1781 2487 digni,
1791 2445 1942 2474 &litteris
1956 2443 2066 2474 nostris
2079 2464 2088 2478 ,
2100 2445 2159 2473 du-

1200 2482 1294 2513 bitare
1310 2493 1373 2513 non
1392 2483 1536 2523 possimus
1553 2505 1561 2519 ‚
1581 2488 1657 2526 quin
1677 2496 1707 2516 ea
1729 2488 1862 2516 maxime
1881 2485 2069 2518 conducant,
2088 2495 2157 2526 quae

1201 2525 1269 2556 sunt
1286 2524 1453 2556 restiffima.
1478 2530 1574 2568 Qare
1585 2537 1615 2557 tu
1627 2548 1636 2560 ‚
1657 2525 1676 2556 si
1688 2526 1774 2557 simul
1787 2528 1913 2568 placebit
1929 2538 1935 2556 :
1953 2526 2049 2557 statim
2061 2527 2096 2558 ad
2107 2537 2157 2558 me

1200 2569 1318 2598 venies.
1328 2564 1370 2597 sm
1380 2567 1459 2598 idem
1471 2569 1615 2608 placebit,
1637 2568 1839 2609 atqtietbdem
1852 2589 1860 2602 ‚
1880 2579 1934 2599 nec
1943 2567 2091 2599 continuo
2100 2579 2158 2609 po-

1199 2611 1273 2639 teris
1284 2619 1289 2637 t
1302 2612 1407 2640 omnia
1417 2610 1471 2640 tibi
1484 2619 1515 2640 ut
1524 2619 1593 2639 nota
1603 2609 1657 2640 sint
1667 2630 1675 2643 ,
1689 2609 1811 2640 faciam.
1834 2610 1988 2651 Qndquid
2001 2610 2134 2641 statueris
2145 2630 2156 2645 ‚

1200 2659 1229 2681 te
1250 2651 1328 2680 mihi
1346 2653 1499 2682 amicum:
1519 2649 1563 2681 fin
1580 2651 1612 2682 id
1630 2651 1711 2692 quod
1722 2661 1794 2692 opto
1806 2672 1815 2686 ‚
1835 2660 1926 2683 etium
1935 2651 2150 2683 amiciffimum

1195 2692 1349 2734 judicabo.

1960 2742 1984 2770 C
1994 2742 2008 2770 1
2019 2742 2043 2770 C
2054 2742 2079 2771 E
2088 2742 2116 2771 R
2128 2742 2154 2770 O

233 2834 258 2852 ¹-
275 2829 347 2861 Officio
364 2834 443 2854 tamen
451 2829 492 2862 effi·
504 2829 671 2865 suumn-um]
693 2830 780 2857 Sicest
791 2831 817 2857 in
829 2830 897 2857 Pali.
917 2840 998 2868 prope
1016 2831 1152 2865 omnibus,
1172 2838 1174 2862 l
1197 2833 1321 2860 Lambini
1340 2853 1350 2866 ,
1368 2833 1408 2867 jus
1418 2842 1448 2860 ac
1460 2833 1619 2864 maiestatem
1631 2832 1753 2860 omnibns
1772 2834 1888 2870 antiquis
1899 2833 2031 2860 codicibus
2041 2835 2156 2870 eripere,

196 2860 276 2887 Grut.
286 2864 419 2890 stewech.
432 2864 515 2891 Peck.
525 2865 586 2893 alias
593 2868 704 2902 fimfium
714 2885 722 2898 ‚
734 2866 804 2902 quod
817 2868 873 2893 Pal.
883 2866 934 2893 stc.
947 2868 991 2894 iiio
1004 2868 1063 2894 loco
1073 2869 1151 2904 igno·
1171 2866 1173 2877 ⁴
1195 2869 1300 2905 illisque
1310 2870 1469 2906 proculcatis
1481 2869 1554 2896 suum
1565 2870 1646 2902 dediffe
1656 2879 1800 2906 reponere:
1823 2872 1957 2896 Tenemus
1968 2869 2082 2897 firmiter·
2094 2872 2154 2905 hoc,

195 2902 237 2921 rat
247 2898 332 2932 plane.
351 2903 473 2927 ceterum
484 2904 518 2932 τὸ
530 2921 538 2934 ,
549 2903 675 2936 optandum
687 2922 695 2935 ‚
714 2903 778 2930 ficut
789 2904 816 2929 δί
829 2903 864 2930 rb
877 2906 953 2938 ,jone
962 2906 1092 2938 ‘valtuffim
1102 2914 1152 2941 pro
1170 2914 1172 2934 ,v
1196 2914 1231 2932 ex
1242 2906 1359 2941 quinque
1371 2905 1436 2932 i’ail.
1448 2908 1530 2932 (xi-ut.
1540 2905 1642 2931 duobus
1655 2907 1809 2938 Guhelmii,
1818 2906 1981 2932 editionibus
1992 2907 2126 2934 omnibus.

192 2930 400 2965 gloss‘ematibus:
412 2936 574 2965 oboluerunt
584 2940 704 2966 Grutero
715 2939 815 2966 nostro.
1168 2935 1172 2965 i
1234 2951 1259 2975 5.
1282 2945 1315 2967 Et
1326 2943 1426 2967 maxim&
1435 2945 1511 2967 animi
1520 2945 1556 2968 tui
1566 2943 1727 2975 cctglrssmriae]
1752 2943 1795 2968 sic
1805 2942 1959 2968 emendavit
1968 2943 2068 2979 primus
2087 2944 2156 2970 hunc

230 2975 259 3007 ²..¹
275 2971 348 2995 Tuum
356 2975 444 3009 crimen
455 2976 629 3008 conjungeretur
638 2995 647 3007 ‚
667 2976 792 3010 utporui]
814 2976 857 3002 sic
875 2984 966 3003 omnes
987 2976 1042 3002 mss.
1062 2984 1092 3002 ac
1103 2976 1151 3002 vi·
1168 2968 1171 2992 ¹
1195 2976 1283 3003 locum
1297 2979 1372 3013 Bapt.
1383 2978 1523 3012 Egnatius,
1533 2987 1593 3003 cuni
1606 2978 1630 3003 in
1644 2978 1770 3004 Medic-‘xo
1782 2977 1926 3015 reperisset,
1937 2979 1965 3009 (ξ’
1976 2981 2074 3004 tuatim?
2085 2982 2157 3005 amici

190 3001 312 3045 {tortu-⁵3
328 3005 372 3032 alii
384 3013 469 3034 tamen
487 3017 554 3035 tuum
563 3021 643 3037 nomen
656 3013 715 3045 conj.
733 3011 886 3045 qmbnporni.
908 3014 1004 3039 verum
1014 3013 1044 3037 τὸ
1063 3015 1151 3038 crimen
1167 3020 1169 3038 ὲ
1193 3015 1230 3038 tui
1239 3014 1376 3046 conscientie
1388 3032 1395 3044 ,
1415 3013 1486 3049 qnod
1497 3015 1532 3040 est
1542 3014 1568 3039 in
1579 3015 1701 3041 omnibus
1712 3014 1806 3041 nostris
1818 3024 1826 3045 3
1847 3015 1945 3050 recepit
1964 3015 2050 3051 postea
2062 3015 2156 3041 Victo·

190 3046 354 3075 irreptitium
363 3049 438 3077 putat
449 3044 498 3070 esse
508 3046 669 3073 Gulielmius
684 3058 690 3074 2
713 3057 798 3083 neque
807 3057 859 3084 ego
868 3047 1002 3075 dissentio.
1193 3049 1248 3075 rins
1260 3068 1267 3080 ,
1281 3048 1366 3084 sicque
1378 3051 1461 3075 exstat
1473 3051 1499 3076 in
1511 3051 1569 3076 mss'.
1580 3050 1771 3086 Antveipienii
1782 3060 1812 3077 ac
1821 3051 1957 3078 Vaticano.
1981 3051 2076 3086 vulgo:
2095 3059 2156 3084 pen-

228 3083 241 3109 3
249 3095 260 3116 '.
273 3077 415 3102 Prudentem
424 3080 534 3106 bominem
543 3091 580 3107 res
597 3085 647 3108 ulla
658 3084 777 3118 deleiienj
798 3085 861 3111 Hoc
871 3084 952 3111 modo
972 3084 1150 3111 emendarunt
1200 3085 1292 3109 demur:
1314 3086 1414 3110 maxime
1423 3087 1513 3119 etiamst
1520 3093 1563 3111 rue
1574 3086 1720 3119 eonfticnriae.

188 3108 274 3142 doeh,
289 3120 348 3138 cum
360 3112 457 3152 eisetin
469 3115 646 3151 Med.deftfict
659 3138 667 3151 ,
678 3119 789 3156 talisque
798 3122 911 3148 error&
924 3122 1023 3150 nostros
1034 3121 1151 3156 contigit
1229 3122 1257 3146 6.
1278 3125 1304 3146 τ.
1324 3122 1442 3155 ΡΑΒ10,]
1464 3122 1507 3147 Sic
1525 3122 1560 3149 cst
1573 3123 1596 3148 in
1611 3122 1667 3148 Pal.
1686 3123 1774 3157 quint.
1794 3123 1932 3149 Vaticano.
1954 3122 2039 3158 sicque
2050 3122 2158 3149 edidere

188 3144 247 3172 mss.
258 3147 530 3183 d‘f‘frnfl'gefemes·
1168 3183 1169 3189 ἵ
1193 3156 1329 3182 Victorius
1341 3159 1366 3182 ὅ(
1380 3157 1537 3184 Lambinus.
1558 3157 1639 3193 vulgo
1650 3163 1675 3185 T.
1687 3162 1768 3185 Fabio.
1781 3159 1862 3185 male.
1883 3158 1955 3185 Fabii
1967 3159 2039 3184 enim
2050 3157 2158 3185 nobilis-

220 3190 249 3215 4.
267 3185 376 3210 Debitum
385 3193 434 3218 ψει
450 3187 541 3213 virtuti
549 3189 637 3216 videar
652 3191 802 3224 testimonium
820 3201 865 3220 mn
886 3193 992 3230 upiffe]
1013 3194 1078 3222 Non
1089 3200 1147 3220 etat
1167 3192 1170 3218 l
1192 3193 1260 3221 fimi.
1281 3193 1324 3220 hic
1333 3200 1423 3222 autem
1435 3192 1578 3225 fuithomo
1588 3203 1685 3228 novus,
1697 3194 1887 3232 utinnuitipse
1898 3195 2004 3223 eie-tro.
2140 3230 2165 3254 s.

218 3236 222 3239 ·
2098 3237 2121 3256 l.
2157 3238 2166 3255 Ι

2205 272 2244 305 ι3

2191 1240 2230 1265 19
