2301 3395
246 111 329 150 ιο
696 87 778 148 Μ.
855 89 1183 148 Tuttir

255 180 416 220 oratione
429 206 439 222 ‚
462 190 539 232 quae
553 194 617 230 pro
629 181 704 230 lege
717 183 859 220 Manilia
870 182 978 220 exstat
990 206 1000 220 ‚
1014 194 1081 231 qua
1091 182 1223 220 bellum

257 231 536 268 Mithridaticum
547 235 582 269 &
592 244 718 279 genere
728 231 1000 270 neeeffarium&
1009 231 1223 279 magnitudi-

259 292 303 316 ne
315 281 545 328 periculosum
560 281 627 316 Cn.
654 280 820 328 Pompejo
832 306 841 320 ‚
864 280 900 314 in
913 292 984 332 quo
998 279 1131 316 summa
1143 280 1222 316 esset

258 328 398 365 scientia
409 330 457 365 rei
468 329 623 365 militaris
636 353 645 367 ‚
669 329 778 365 virtus
791 354 799 368 ‚
822 338 985 363 autoritas
998 351 1006 366 ι
1022 330 1056 364 δί
1068 328 1221 369 felicitas,

259 377 562 414 transmittendum
603 378 668 413 effe
702 375 870 423 persuasit.
907 376 1042 412 Eodem
1066 390 1158 413 anno
1181 380 1219 414 A.

258 425 444 462 Cluentius
456 430 580 462 Avitus
592 425 750 462 veneficii
762 427 780 460 Ξι
791 424 919 461 T.Atio
930 425 1114 466 accusatus,
1126 427 1145 462 a
1158 427 1220 462 Ci-

256 486 386 511 cerone
394 486 541 524 praetore
550 474 641 522 apud
650 473 898 515 Q-Voconium
908 473 1062 510 defensus
1073 474 1221 511 fuit.Ve-

256 535 352 559 neno
365 523 531 560 sustulisse
543 535 624 557 cum
636 522 719 558 alios
731 522 922 558 nonnullos
933 549 942 562 ‚
956 533 1035 559 tum
1048 524 1219 571 Oppiani-

257 583 342 608 cum
366 572 531 608 vitricum
553 574 652 606 {uum
674 570 891 619 arguebatur·
918 571 974 607 sed
989 573 1114 608 Cicero
1126 583 1220 609 ante-

257 633 364 668 quam
376 621 417 657 ad
431 622 499 656 hoc
512 619 645 655 crimen
658 619 774 655 veniat
786 643 796 658 ‚
822 620 1028 656 Cluentium
1041 621 1147 669 longa
1158 621 1219 658 de-

255 668 413 705 senfione
425 669 578 715 primum
591 667 634 703 de
645 668 721 705 falla
737 668 877 705 infamia
884 669 1115 716 purgat.Ci1m
1125 670 1219 707 enirn

255 717 471 765 Oppianicus
491 727 571 752 ante
581 730 689 752 annos
702 718 784 754 0610
799 717 947 754 Lucullo
960 720 995 754 ὅ(
1008 718 1113 755 Cotta
1124 730 1219 756 coss.

256 777 297 800 ut
320 766 419 813 supra
429 764 742 802 demonstravimus
755 791 766 807 ‚
790 765 810 801 a
820 766 984 802 Cluentio
997 765 1170 804 accusatus
1183 770 1218 804 &

251 813 506 850 condemnatus
517 813 610 852 esset,
619 815 777 851 defensor
787 814 815 860 ej
821 827 860 851 us
873 815 1084 863 L.Qintius
1096 829 1169 852 rem
1181 817 1218 852 in

251 862 424 899 invidiam
435 862 579 899 adduxit
590 863 673 899 cum
682 863 811 900 diceret
821 887 830 902 ‚
842 876 1028 912 pecuniam
1037 865 1073 900 in
1080 864 1216 913 judicio

251 910 353 947 fuisse
367 912 531 948 versatam
546 925 553 947 :
570 914 604 948 ὅτ
615 925 696 949 cum
710 913 885 949 incertum
898 912 978 948 effet
989 926 1032 949 ex
1045 926 1113 961 qua
1125 925 1218 962 parte

251 959 334 996 esset
346 960 668 1009 profe&a‚popu1us
679 964 860 997 Rom-non
872 961 1018 997 credidit
1029 962 1070 998 ab
1085 964 1214 1011 Oppia-

248 1008 333 1044 nico
345 1008 472 1050 datam‚
483 1009 564 1058 quia
572 1009 753 1046 damnatus
764 1013 884 1049 erat‚&
893 1023 1009 1046 errore
1019 1011 1213 1048 multorum

247 1057 285 1095 in
299 1057 380 1093 falso
400 1057 546 1094 crimine
561 1058 744 1095 Cluentius
755 1058 823 1095 fuit
836 1085 846 1100 ‚
871 1070 910 1095 ut
920 1059 1034 1095 scribit
1047 1060 1214 1097 Asconius

241 1106 288 1141 *in
301 1108 402 1145 Verr.
417 1119 446 1142 z·
473 1109 554 1142 Hoc
568 1118 726 1155 tempore
739 1109 950 1144 Ciceronem
960 1108 1063 1144 etiam
1084 1122 1148 1157 pro
1163 1111 1213 1145 M.

247 1154 431 1191 Fundanio
447 1181 455 1196 ,
479 1157 513 1192 &
534 1157 705 1201 QGallio
725 1156 848 1193 dixilse
857 1181 867 1195 ,
890 1156 1036 1193 Carolus
1048 1157 1212 1204 Sigonius

245 1203 286 1240 in
300 1205 325 1239 F
326 1204 514 1251 ragmentis
526 1205 705 1241 Ciceronis
718 1205 917 1242 annotavit:
930 1205 985 1241 sed
997 1207 1040 1241 de
1052 1206 1211 1242 oratione

245 1264 312 1301 pro
333 1252 447 1289 Gallio
466 1252 638 1289 dissentio.
675 1256 725 1290 M.
736 1255 946 1290 Ciceronem
965 1254 1067 1290 etiam
1087 1281 1097 1295 ,
1126 1254 1209 1291 cum

247 1312 398 1349 praetura
410 1301 616 1349 fungeretur
628 1328 637 1343 ,
663 1302 814 1339 scholam
828 1306 878 1339 M.
889 1303 1035 1339 Antonii
1048 1303 1208 1352 Gnipho-

243 1350 298 1386 nis
311 1350 556 1399 stequentasse‚
577 1352 802 1400 Tranquillus
822 1351 865 1388 de
881 1351 1070 1388 illustribus
1081 1354 1208 1389 Gram-

242 1398 379 1435 maticis
390 1399 512 1435 auctor
524 1399 583 1435 est.
604 1400 699 1436 Cum
712 1401 919 1439 P.Vat1nius,
931 1412 1095 1449 patronus
1105 1401 1208 1447 asper,

244 1449 283 1484 δε
305 1447 570 1495 magistratuum
592 1459 816 1497 contemptor
832 1475 842 1490 ‚
869 1449 1007 1485 strumis
1028 1450 1207 1498 oppletum

241 1495 377 1532 collum
394 1496 534 1533 haberet
547 1523 557 1538 ‚
577 1509 615 1533 ac
637 1509 757 1534 coram
769 1498 788 1535 εἰ
802 1498 976 1534 Cicerone
989 1510 1134 1545 praetore
1146 1500 1206 1535 ali-

242 1544 330 1592 quid
343 1555 472 1593 peteret
483 1570 493 1584 ‚
505 1546 610 1594 idque
621 1546 678 1582 ille
688 1559 762 1583 non
776 1547 993 1584 concederet,
1006 1548 1060 1583 sed
1071 1547 1133 1583 diu
1147 1548 1206 1583 de-

243 1593 416 1635 liberaret,
429 1593 530 1637 dixit3
543 1607 582 1630 ea
593 1594 636 1630 de
647 1608 683 1631 re
695 1595 738 1637 se,
751 1595 776 1631 si
787 1607 913 1641 praetor
924 1596 1004 1632 effet
1016 1622 1026 1637 ,
1038 1596 1126 1632 nihil
1138 1596 1204 1633 du-

244 1642 451 1679 bitaturum.
477 1643 534 1679 cui
549 1643 686 1680 Cicero.
713 1647 759 1681 At
770 1657 835 1693 ego
848 1656 959 1681 tantas
968 1646 1119 1682 cervices
1130 1659 1203 1682 non

240 1690 366 1727 habeo.
393 1694 562 1728 Extremo
578 1694 694 1728 mense
706 1693 809 1741 hujus
822 1695 903 1730 anni
917 1719 926 1735 ‚
942 1707 1025 1730 cum
1040 1695 1203 1730 Ciceroni

237 1737 313 1785 jam
323 1739 474 1776 biduum
486 1752 544 1777 aut
552 1741 710 1777 triduum
724 1740 876 1790 praemi·ae
887 1742 1078 1789 superesset,
1090 1744 1203 1779 Mani-

237 1788 330 1824 lium
342 1789 484 1837 quidam
495 1789 578 1825 furti
591 1791 680 1838 apud
692 1791 803 1839 ipsum
815 1791 1011 1838 postulavit.
1040 1792 1203 1829 Studebat

238 1837 388 1873 Manilio
400 1838 656 1887 populus,quod
670 1850 807 1887 propter
816 1838 1034 1887 Pompejum‚
1044 1842 1101 1876 cui
1114 1842 1201 1877 ami-

241 1898 304 1922 cus
327 1897 398 1922 erat
411 1910 420 1924 ‚
442 1886 588 1922 accusari
616 1888 800 1924 videretur.
826 1888 908 1923 cum
924 1889 1031 1935 igitur
1044 1890 1204 1926 Manilius

238 1946 354 1970 unum
366 1935 459 1972 diem
473 1935 670 1983 petiissem-ac
680 1937 805 1972 Cicero
816 1948 952 1973 tantum
964 1937 1201 1987 insequentem

241 1982 382 2019 dedisset
394 2009 403 2024 ‚
424 1984 575 2031 populus
590 1985 734 2032 indigne
747 1985 828 2021 tulit
842 1999 850 2020 :
873 1985 968 2033 quod
984 1999 1060 2022 mos
1072 1987 1152 2023 esset
1165 1999 1203 2024 ut

240 2031 361 2067 decem
382 2032 570 2067 minimum
592 2032 663 2067 dies
681 2044 843 2080 praetores
860 2034 925 2068 reis
943 2033 1071 2070 darent.
1098 2048 1204 2084 quare

241 2080 432 2125 produftus
454 2080 488 2115 in
509 2081 718 2116 concionem
732 2081 750 2117 ὀ,
762 2081 999 2128 tribunispleb.
1011 2083 1128 2130 ibique
1144 2097 1200 2118 ac-

240 2130 373 2164 curatus
385 2152 395 2167 ,
409 2140 493 2164 cuin
502 2128 647 2175 rogasset
659 2153 668 2166 ‚
683 2140 722 2164 ut
734 2130 892 2165 audirent
903 2129 993 2165 dixit
1003 2154 1012 2170 ‚
1027 2132 1080 2167 Se,
1093 2130 1201 2178 quiin

240 2189 314 2213 reos
326 2178 458 2225 semper
469 2188 640 2225 quantum
653 2177 743 2225 leges
755 2178 995 2225 permitterent
1008 2202 1018 2218 ,
1042 2178 1153 2213 comis
1166 2180 1201 2214 ὃς

238 2229 413 2261 'numanus
428 2225 541 2261 fuiiset
554 2251 561 2265 ,
575 2226 695 2273 indign
702 2226 948 2274 umjudicaffe,
961 2238 1036 2261 non
1047 2226 1200 2262 eundem

238 2274 270 2310 se
286 2275 431 2310 Manilio
449 2274 604 2322 praestare
617 2301 625 2313 ,
653 2276 765 2323 itaque
781 2275 810 2310 ei
828 2275 922 2311 diem
934 2301 944 2316 ‚
968 2287 1075 2323 quem
1088 2287 1200 2311 unum

235 2334 365 2369 {praetor
378 2336 414 2358 in
426 2322 484 2358 sua
496 2323 658 2369 potestate
671 2325 809 2360 haberet
822 2348 831 2362 ‚
846 2324 960 2360 dedita
970 2336 1075 2372 opera
1087 2322 1198 2371 praefi-

237 2371 358 2407 iuvisse
372 2386 379 2407 ;
405 2376 486 2408 cum
499 2384 571 2407 non
586 2371 623 2408 fit
635 2371 710 2419 ejus
721 2396 731 2411 ‚
754 2373 814 2420 qui
828 2374 876 2408 rei
890 2372 1026 2408 causam
1036 2371 1198 2420 adjuvare

237 2419 321 2454 velit
330 2443 340 2458 ‚
352 2421 393 2455 ad
405 2421 510 2456 alium
522 2420 941 2469 magistratumjudicium
954 2419 1106 2468 rejicere.
1134 2422 1196 2457 hac

234 2468 394 2503 oratione
406 2470 512 2504 animi
526 2469 645 2517 populi
657 2470 703 2506 ita
714 2470 923 2505 commutati
936 2469 1014 2505 sunt
1026 2494 1034 2509 ‚
1045 2480 1084 2505 ut
1094 2469 1196 2505 Cice-

234 2528 359 2552 ronem
374 2517 456 2553 laetis
468 2517 768 2554 acclamationibus
781 2517 962 2566 prosecuti,
973 2528 1145 2565 rogarent,
1157 2529 1196 2554 ut

235 2565 369 2600 Manilii
384 2566 613 2612 patrocinium
627 2566 805 2613 susciperet
815 2591 825 2605 ‚
836 2566 931 2615 quod
943 2565 1000 2602 ille
1011 2565 1194 2614 praelertim

233 2613 281 2648 ob
294 2613 434 2661 Pompe]
441 2626 498 2649 um
513 2614 682 2651 absentem
695 2615 819 2663 cupide
832 2616 970 2663 recepit.
997 2627 1191 2664 magnaque

237 2663 270 2695 vi
301 2663 466 2697 orationis
498 2662 534 2697 in
564 2662 730 2699 studiosos
755 2664 919 2711 potentiae
945 2676 1135 2712 paucorum
1158 2667 1193 2701 &

235 2710 387 2758 Pompeii
402 2710 537 2746 invidos
549 2711 709 2747 invenus
722 2713 781 2751 est.
793 2714 970 2750 Haeremus
980 2712 1192 2749 Plutarchus.

232 2759 301 2793 Dio
313 2770 427 2795 autem
449 2760 491 2794 de
509 2759 627 2795 eadem
640 2760 726 2796 rein
744 2762 833 2797 hanc
851 2761 1052 2798 sententiam
1065 2761 1191 2797 scribit:

233 2807 327 2842 Cum
346 2808 506 2843 homines
520 2808 653 2843 nobiles
667 2810 813 2845 Manilio
824 2810 1078 2846 accusationem
1089 2823 1190 2847 com-

232 2856 407 2902 parassent.
429 2856 520 2903 isque
534 2856 569 2891 in
582 2857 650 2892 hoc
665 2856 892 2900 incumberet,
905 2871 944 2895 ut
953 2859 1024 2894 dies
1038 2857 1097 2894 fibi
1110 2871 1191 2906 pro-

230 2916 424 2949 rogaretur,
435 2904 562 2940 Cicem
574 2916 701 2953 praetor
712 2931 721 2946 ,
735 2907 974 2953 &quaestionis
981 2906 1093 2955 judex
1106 2919 1190 2954 prae-

229 2962 282 2987 rer
294 2952 367 2993 alia,
379 2966 455 2999 qnae
467 2964 589 2988 contra
603 2954 787 2990 Manilium
801 2955 954 2994 fecit‚vix
966 2956 1004 2991 in
1014 2955 1190 3003 posterum

228 3000 504 3048 diemjudicium
515 3001 647 3037 distulit
656 3003 737 3038 anni
748 3005 781 3039 &
791 3015 947 3050 praeturae
956 3007 1092 3041 exitum
1103 3017 1189 3053 prae-

227 3060 359 3101 texens,
370 3050 464 3097 quod
475 3063 557 3087 cum
567 3050 757 3087 multitudo
769 3051 912 3100 indigne
924 3053 1039 3094 ferret,
1051 3054 1088 3088 in
1101 3065 1188 3088 con-

1262 92 1771 160 thssnonzs

1272 185 1449 226 infenatus
1461 216 1471 231 ‚
1484 192 1618 229 Manilii
1630 191 1763 230 causam
1779 192 2000 233 defensurum
2013 196 2046 233 se
2057 199 2225 246 promisit.

1267 236 1331 288 Sed
1344 251 1414 286 quo
1428 240 1544 276 minus
1555 240 1808 290 hocjudicium
1821 243 1932 286 fieret,
1948 246 2016 281 Dio
2029 248 2225 287 tumultum

1265 296 1301 319 m
1319 287 1414 324 causa
1433 288 1529 325 fuiffe
1541 290 1596 326 ait.
1623 304 1728 339 quem
1741 291 1837 327 brevi
1851 294 2043 341 expediam.
2071 297 2227 335 Comitia

1264 334 1455 373 consularia
1486 339 1554 375 hoc
1581 352 1675 375 anno
1697 340 1843 377 habente
1868 344 1908 377 L.
1921 343 2079 379 Volcatio
2104 346 2226 385 Tullo,

1264 383 1419 420 consules
1431 386 1594 434 designati
1606 388 1750 424 fuerunt
1763 391 1991 426 P.Antronius
2003 393 2112 428 Paetus
2122 417 2133 430 ‚
2145 397 2179 430 ὃ(
2192 397 2227 432 Ρ.

1265 430 1450 470 Cornelius
1462 436 1563 472 Sulla.
1577 436 1771 484 designatos
1773 437 1849 486 jam
1863 440 2013 475 L.Cotta
2022 464 2032 478 ‚
2041 443 2076 477 ὃς
2087 443 2227 479 L·Tor-

1264 491 1387 526 quatus
1401 483 1476 531 lege
1489 485 1676 532 Calpurnia
1687 486 1729 521 de
1741 487 1873 522 ambitu
1888 511 1898 525 ‚
1919 488 1962 523 de
1974 500 2041 535 qua
2059 489 2226 536 diximus5,

1264 530 1464 568 accusarunt
1475 535 1510 569 ὃς
1522 533 1731 570 damnarunt
1744 558 1754 572 ‚
1777 547 1879 584 atque
1890 536 1931 572 ad
1944 537 1975 572 se
1987 537 2223 585 magistratum

1263 579 1523 619 transtulerunt,
1533 592 1571 617 ut
1585 583 1660 618 Cic.
1670 583 1706 618 in
1718 594 1801 620 orat.
1817 585 1851 619 in
1865 595 1946 631 toga
1959 586 2223 626 candida,Asco-

1264 626 1343 680 nius
1357 655 1366 669 ‚
1387 629 1561 666 Sallustius
1586 633 1621 667 ὃς.
1640 631 1708 666 Dio
1729 631 1905 668 testantur.
1934 635 2061 670 Cicero
2083 649 2225 686 quoque

1264 674 1318 729 hb.
1332 689 1360 712 2.
1373 677 1415 713 de
1428 679 1537 714 Finib.
1551 679 1598 715 ait
1608 706 1617 720 ‚
1638 683 1678 718 L.
1694 682 1916 729 Torquatum
1926 681 2221 723 adolescentulum

1261 726 1418 773 eripuiss'e
1431 728 1570 764 P.Sullae
1582 729 1849 767 consulatum&
1857 729 1898 764 ad
1910 741 2045 777 patrem
2054 732 2153 770 suum
2166 747 2221 770 re-

1259 773 1382 810 tuliffe.
1405 775 1539 812 Eodem
1552 788 1707 824 tempore
1718 778 1867 813 Catilina
1877 803 1886 818 ‚
1897 791 1980 813 cum
1989 779 2032 814 de
2042 783 2223 827 provincia

1260 821 1377 859 Africa
1388 824 1571 860 deceffisset
1584 826 1753 870 petiturus
1762 826 2221 875 consulatum,pecuniarum

1261 873 1532 919 repetundarum
1548 886 1626 910 reus
1644 874 1753 910 faetus
1767 899 1777 915 ,
1792 874 1988 923 prohibitus
2007 876 2075 913 fuit
2093 889 2219 927 petere,

1259 921 1401 957 aurstore
1424 922 1584 958 Sallustio
1608 924 1642 959 δε
1657 923 1817 960 Asconio.
1846 925 1942 961 Tum
1959 936 2081 963 contra
2095 930 2218 976 Remp.

1259 968 1533 1016 conjuraverunt
1544 971 1695 1017 pauci‚in
1708 972 1833 1021 quibus
1844 971 1863 1007 a
1876 973 2035 1009 Sallustio
2050 977 2219 1014 P.Autro-

1258 1017 1336 1053 nius
1353 1042 1362 1056 ‚
1384 1021 1424 1056 L.
1437 1020 1589 1056 Catilina
1611 1022 1645 1056 &
1659 1021 1726 1056 Cn.
1738 1020 1811 1056 Piso
1834 1034 2077 1060 numerantur.
2099 1026 2169 1061 Dio
2183 1027 2218 1064 ὃς

1258 1068 1442 1104 Suetonius
1454 1068 1520 1104 illis
1532 1068 1663 1104 addunt
1673 1069 1919 1108 P.Sullam‚nec
1931 1071 2085 1109 dissentit
2096 1074 2218 1111 Livius

1257 1113 1312 1149 lib·
1332 1127 1372 1150 10
1383 1129 1408 1153 i.
1428 1130 1498 1166 quo
1511 1117 1656 1153 nomine
1669 1117 1763 1154 Sulla
1774 1118 1848 1166 post
1858 1132 1966 1156 annos
1978 1133 2128 1169 quatuor
2140 1123 2159 1159 a
2172 1126 2214 1160 L.

1257 1165 1437 1212 Torquato
1451 1166 1624 1202 accusatus
1636 1190 1646 1205 ‚
1671 1167 1712 1203 ab
1725 1167 1911 1203 Hortensio
1924 1172 1958 1205 ὃς
1970 1170 2142 1208 Cicerone
2154 1172 2215 1208 de-

1254 1211 1308 1247 fen
1314 1213 1366 1249 sus
1378 1214 1501 1250 fuitHi
1515 1215 1654 1251 circiter
1665 1217 1775 1252 nonas
1786 1217 1947 1253 Decemb-
1957 1218 2102 1255 confilio
2113 1233 2215 1257 com-

1253 1263 1432 1299 municato
1445 1287 1454 1302 ‚
1475 1264 1636 1312 parabant
1653 1264 1690 1300 in
1705 1265 1878 1312 Capitolio
1890 1267 2101 1316 KalenJan.
2123 1270 2212 1306 Cot-

1252 1320 1322 1346 tam
1337 1314 1370 1348 &
1384 1314 1607 1361 Torquatum
1621 1325 1716 1349 coss.
1731 1313 1935 1351 interficere.
1961 1328 1999 1351 ea
2013 1330 2048 1352 re
2061 1320 2214 1366 cognita,

1251 1358 1288 1394 in
1300 1373 1408 1397 nonas
1422 1362 1769 1399 Februar.confilium
1781 1363 1884 1399 caedis
1896 1364 2213 1404 transtulerunt.sed

1251 1420 1364 1458 neque
1383 1421 1461 1446 tum
1483 1411 1592 1446 caedes
1610 1409 1700 1447 facta
1718 1411 1784 1453 est,
1804 1412 1901 1460 quod
1910 1413 2061 1450 Catilina
2073 1414 2212 1462 signum

1251 1457 1440 1506 conjuratis
1453 1459 1544 1506 prius
1557 1484 1567 1498 ,
1588 1459 1694 1508 quam
1705 1460 1814 1510 parati
1826 1461 1931 1499 essent
1943 1488 1954 1503 ,
1970 1462 2103 1500 dederit
2114 1490 2124 1506 ‚
2137 1465 2210 1501 Sal-

1253 1505 1329 1543 lust.
1341 1510 1376 1545 &
1387 1508 1565 1545 Asconius.

1300 1609 1393 1642 Anno
1413 1606 1500 1644 urbis
1515 1619 1761 1704 ncnxxvam.
1782 1611 1938 1648 Ciceronis
1950 1621 2044 1647 an.
2066 1623 2162 1648 coss.

1677 1669 1801 1700 uerunt,

1274 1720 1314 1756 L.
1339 1721 1660 1757 AURELIUS
1690 1722 1906 1757 coT‘rA
1931 1745 1941 1760 ‚
1967 1724 2008 1758 L.
2034 1722 2186 1758 MAN-

1447 1771 1587 1806 Lius
1618 1771 2006 1816 TORQATUS

1249 1841 1464 1922 HORUM
1487 1837 1672 1875 consulum
1687 1837 1851 1875 meminit
1864 1838 1992 1874 Cicero
2003 1838 2147 1886 Agraria
2158 1839 2208 1875 se·

1345 1888 1459 1924 cunda
1471 1912 1480 1926 ‚
1494 1888 1573 1924 &in
1585 1888 1687 1924 Catil.
1706 1900 1732 1932 3.
1754 1887 1807 1922 his
1820 1886 1934 1922 verbis
1948 1887 2143 1923 :Memoria
2153 1899 2208 1924 te-

1247 1938 1333 1973 netis
1344 1962 1354 1976 ,
1378 1937 1485 1972 Cotta
1495 1939 1530 1972 8<
1543 1939 1725 1984 Torquato
1740 1948 1832 1972 coss.
1843 1936 2041 1983 complures
2053 1936 2090 1971 in
2103 1936 2207 1984 Capi-

1245 1987 1330 2022 tolio
1343 1996 1454 2022 turres
1466 1985 1509 2020 de
1520 1986 1613 2021 coelo
1626 1985 1691 2021 effe
1705 1984 1971 2031 percuffas‚cum
1984 1986 2018 2020 &
2028 1983 2208 2022 fimulacra

1246 2037 1402 2071 Deorum
1415 2034 1668 2070 immortalium
1680 2033 1818 2079 depulla
1828 2033 1906 2067 sunt
1915 2057 1925 2071 ‚
1935 2034 1969 2066 ὃς
1980 2031 2096 2067 statua:
2109 2042 2205 2067 vete-

1244 2096 1323 2116 rum
1333 2083 1522 2116 hominum
1533 2082 1585 2125 de)
1591 2081 1673 2115 eftae
1683 2102 1693 2116 ‚
1703 2082 1738 2115 &
1747 2080 1863 2124 legum
1875 2091 1939 2113 aera
1949 2078 2140 2126 liquefatfta.
2153 2090 2205 2115 ta-

1244 2129 1318 2164 &us
1330 2128 1377 2163 est
1386 2128 1488 2163 etiam
1499 2127 1566 2165 illc,
1578 2141 1637 2175 qui
1649 2128 1738 2162 hanc
1750 2127 1872 2162 urbem
1883 2127 2052 2167 condidit,
2064 2130 2205 2164 Romu-

1245 2176 1307 2217 lus,
1318 2178 1382 2213 δῖε.
1410 2175 1540 2212 Eadem
1549 2175 1707 2223 prodigia
1718 2176 1845 2211 Cicero
1857 2175 2053 2211 insecundo
2063 2176 2106 2212 de
2115 2189 2204 2213 con-

1243 2224 1351 2261 sulam
1374 2226 1541 2260 Uraniam
1562 2224 1698 2260 Musam
1726 2235 1922 2260 narrantem
1946 2223 2027 2260 fecit
2049 2224 2204 2262 versibus

1242 2272 1509 2321 elegantiffimis‚
1524 2272 1583 2320 qui
1598 2272 1731 2309 exstant
1744 2272 1764 2308 l.
1774 2285 1798 2308 i.
1811 2273 1853 2307 de
1865 2272 2018 2309 Divinat.
2029 2272 2072 2308 de
2084 2273 2205 2311 iisdem

1244 2322 1494 2370 Obsequens,&
1502 2322 1571 2356 Dio
1581 2322 1602 2359 l.
1612 2334 1625 2365 3
1637 2321 1859 2365 7.M.Tullius
1869 2334 1910 2358 ex
1921 2332 2068 2369 praetura
2076 2322 2111 2357 in
2120 2335 2204 2369 pro-

1242 2370 1394 2407 vinciam
1406 2370 1455 2406 ire
1468 2370 1593 2410 noluit,
1604 2381 1643 2406 ut
1659 2371 1723 2418 ipse
1736 2383 1797 2416 pro
1811 2373 1960 2407 Murena
1970 2370 2112 2407 testatur
2126 2386 2132 2406 :
2147 2370 2204 2408 sed

1240 2432 1323 2455 cum
1346 2432 1438 2455 anno
1460 2419 1622 2467 sequente
1644 2417 1861 2455 consulatum
1884 2430 1999 2465 petere
2020 2420 2202 2467 cogitaret,

1240 2469 1307 2503 hoc
1322 2478 1478 2515 tempore
1489 2468 1672 2514 prensabat.
1697 2481 1764 2516 qua
1777 2467 1820 2502 de
1832 2480 1867 2503 re
1880 2468 1926 2504 ait
1939 2469 1975 2503 in
1988 2480 2075 2516 ep.1.
2089 2469 2145 2504 1.1.
2159 2469 2202 2504 ad

1241 2520 1309 2553 Att.
1324 2529 1429 2552 ‹iuam
1442 2517 1510 2551 hoc
1523 2529 1616 2552 anno
1628 2528 1705 2552 ante
1719 2516 1863 2552 comitia
1879 2517 2070 2553 consularia
2082 2516 2201 2553 Attico

1236 2553 1375 2613 scripsit.
1409 2566 1474 2601 His
1504 2565 1702 2601 consulibus
1727 2565 1853 2601 Cicero
1872 2565 1913 2600 C·
1926 2566 2134 2602 Cornelium
2157 2564 2202 2602 de

1238 2612 1410 2662 majestate
1421 2613 1509 2661 apud
1521 2614 1728 2659 QgJ‘affium
1741 2625 1925 2662 praetorem
1936 2614 2122 2663 quatriduo
2137 2613 2199 2649 de-

1238 2662 1347 2699 fendit
1359 2688 1368 2703 ,
1381 2676 1464 2711 quas
1477 2663 1628 2698 actiones
1638 2663 1674 2699 in
1686 2663 1769 2698 duas
1785 2662 1959 2698 orationes
1970 2663 2110 2699 collatas
2123 2662 2200 2698 edi-

1236 2711 1287 2747 dit
1297 2737 1308 2753 ,
1331 2712 1471 2747 auctore
1487 2711 1633 2746 Asconio
1646 2738 1656 2751 ‚
1678 2711 1767 2758 apud
1780 2724 1886 2760 quem
1901 2711 2053 2760 reliquiae
2066 2711 2199 2747 oratio-

1235 2773 1324 2796 num
1335 2760 1476 2796 exstant·
1504 2760 1638 2795 Eodem
1656 2773 1749 2796 anno
1762 2786 1772 2801 ,
1795 2771 1834 2796 ut
1848 2760 1914 2796 Dio
1927 2760 1987 2796 lib.
2004 2772 2055 2805 37.
2069 2759 2198 2802 scribit,

1237 2809 1278 2845 C.
1290 2809 1411 2858 Papius
1430 2807 1804 2857 tribunuspleb.legen1
1823 2808 1991 2849 tulit‚'ne
2007 2808 2082 2857 quis
2101 2820 2198 2854 pere-

1233 2857 1354 2904 grinus
1367 2857 1404 2892 in
1417 2857 1503 2893 urbe
1514 2856 1604 2892 esset.
1631 2858 1723 2893 Hinc
1738 2858 1866 2893 Cicero
1878 2857 1938 2893 lib.
1952 2869 1980 2900 3.
1993 2857 2036 2892 de
2049 2855 2196 2893 Officiis:

1237 2906 1326 2942 Male
1336 2906 1439 2942 etiam
1453 2905 1512 2954 qui
1525 2907 1727 2952 peregrinos
1740 2905 1882 2942 urbibus
1896 2905 2081 2953 prohibent
2093 2928 2102 2942 ,
2122 2904 2196 2940 eos-

1235 2967 1302 3002 que
1321 2955 1552 2991 exterminant
1565 2977 1575 2992 ‚
1594 2966 1632 2990 ut
1647 2957 1783 2990 Pennus
1803 2954 1892 3002 apud
1914 2964 2023 3002 patres
2045 2952 2195 2995 nostros,

1234 3004 1354 3051 Papius
1376 3016 1497 3051 nuper.
1522 3003 1612 3037 hanc
1636 3003 1746 3049 legem
1761 3004 1895 3051 Papiam
1919 3002 2079 3049 nominat
2101 3000 2196 3037 idem

1232 3064 1295 3100 pro
1317 3052 1451 3088 Archia.
1480 3050 1625 3086 candem
1652 3051 1813 3099 intelligit
1836 3054 1872 3087 in
1897 3051 2038 3098 Agraria
2059 3050 2172 3099 prima
2182 3073 2194 3090 a

225 3110 365 3137 cionem
381 3110 485 3137 venit.
512 3100 653 3138 coaetus
672 3102 690 3138 ἐι
706 3100 951 3149 tribunispleb.
962 3104 1188 3152 senatumque
1203 3111 1208 3137 Ι
1232 3113 1316 3140 cum
1327 3101 1443 3151 inquit
1457 3114 1465 3137 ;
1479 3099 1664 3138 Simillime
1677 3112 1779 3150 atque
1793 3100 1832 3137 in
1843 3100 1902 3138 illa
1913 3099 1988 3149 lege
1999 3125 2010 3143 ›
2021 3111 2090 3149 qua
2100 3109 2198 3149 Fere,-

2099 3158 2195 3196 grlssl

1692 3210 1804 3267 (ξφ
