2316 3395
180 693 224 726 30
239 685 352 716 derant.

175 2201 212 2234 31

249 143 338 191 160
678 142 1178 191 M.Tur.t.11

239 224 448 257 sensionibus?
467 236 533 268 quae
541 226 680 267 exempla
691 225 855 267 selegiffem
869 246 877 259 ,
891 224 947 255 nisi
956 224 1005 255 vel
1015 231 1087 254 nota
1096 221 1154 254 esse
1163 232 1208 253 ar-

240 268 363 299 bitrarer
373 288 382 303 ‚
402 270 451 299 vel
468 268 550 310 posse
569 270 677 310 eligere
695 270 747 308 qui
763 277 941 309 quaererent.
965 266 1061 297 Nulla
1069 265 1112 296 est
1121 267 1206 296 enim

240 311 308 340 ullo
328 313 361 340 in
380 321 486 352 genere
506 312 567 342 laus
585 311 710 340 oratoris
721 329 729 342 ‚
747 311 832 350 cujus
851 311 884 339 in
895 308 1007 339 nostris
1018 307 1206 339 orationibus

241 362 307 382 non
316 352 349 383 sit
357 354 464 393 aliqua,
477 352 498 382 si
508 363 572 382 non
581 350 728 392 perseditio
738 372 746 386 ‚
765 360 793 382 at
802 359 917 381 conatus
925 360 1028 382 tamen
1039 371 1047 384 ‚
1058 359 1144 391 atque
1154 349 1206 380 ad—

241 394 405 424 umbratio.
426 405 489 424 non
499 393 698 435 ass'equimur:
718 402 763 427 at,
775 393 848 435 quid
860 393 972 427 deceat,
980 393 1130 423 videmus.
1150 402 1206 422 nec

240 437 325 466 enim
337 447 418 466 nunc
429 436 465 466 de
477 437 565 466 nobis
576 456 585 469 ,
597 435 645 466 sed
656 435 693 465 de
701 446 732 466 re
743 435 893 466 dicimus:
913 438 947 465 in
956 446 1016 476 quo
1027 443 1143 465 tantum
1154 434 1206 464 ab-

239 476 284 507 est
293 498 301 511 ,
313 486 345 507 ut
355 478 453 508 nostra
465 480 610 508 miremur
620 497 628 510 ,
639 478 771 518 utusque
782 476 820 507 eo
831 476 969 508 difficiles
980 497 989 511 ,
1007 488 1040 508 ac
1048 475 1159 507 morosi
1169 475 1205 505 s1-

242 528 322 552 mus,
335 528 367 549 ut
378 520 465 550 nobis
476 530 540 550 non
546 520 709 560 statisfaciat
718 521 780 560 ipse
791 519 1027 550 Demosthenes:
1036 523 1088 560 qui
1097 528 1204 559 quam-

239 570 331 601 quam
353 571 431 591 unus
449 563 564 592 eminet
583 564 663 591 inter
679 564 802 592 omneis
814 564 848 592 in
857 563 1060 603 omnigenere
1070 560 1203 593 dicendi,

233 610 341 633 vtamen
352 612 415 633 non
427 604 542 643 semper
550 604 658 644 implet
665 606 760 634 aureis
770 614 860 634 meas.
893 607 932 634 ita
953 604 1021 634 sunt
1038 603 1131 633 avidae
1143 623 1150 636 ‚
1170 603 1204 632 86

239 653 373 684 capaces:
395 646 428 675 &
440 646 555 686 semper
564 645 676 687 aliquid
687 647 874 676 immensum
887 666 895 679 ‚
906 644 1120 686 infinitumque
1130 643 1203 674 desl-

396 687 452 718 Sed
463 696 564 718 tamen
576 708 584 721 ‚
604 690 750 729 quoniam
771 688 804 718 86
823 689 905 718 1111116
923 696 955 718 tu
972 696 1121 717 oratorem
1132 696 1203 716 cum

239 728 303 765 ejus
314 727 525 759 studiosissimo
534 732 700 760 Pammene
710 750 719 764 ,
729 729 803 760 cum
815 729 888 760 esses
898 730 1036 763 Athenis,
1047 738 1146 759 totum
1158 728 1204 758 di-

238 769 434 810 ligentiffime
443 771 613 813 cognovisti
623 783 627 800 :
640 782 736 812 neque
750 782 822 802 eum
833 771 963 802 dimittis
974 771 990 802 ὲ
1001 771 1157 801 manibus:
1171 771 1203 800 &

238 821 341 842 tamen
361 811 460 843 nostra
478 816 570 844 etiam
589 812 701 844 lectitas
713 825 718 842 2
736 814 821 844 vides
830 812 969 853 professio
980 833 989 846 ,
1008 813 1098 842 illum
1109 812 1205 842 multa

237 852 390 893 perficere,
402 865 458 885 nos
469 855 565 885 multa
574 857 691 886 conari:
711 856 802 885 illum
813 853 894 895 posse
907 875 915 887 ‚
940 865 996 884 nos
1006 854 1084 884 velle
1098 875 1106 887 ‚
1126 864 1203 895 quo-

238 905 370 936 cumque
382 897 477 927 modo
487 898 569 928 causa
577 897 718 938 postulet,
731 897 837 927 dicere.
854 896 911 926 Sed
923 896 974 926 ille
985 906 1118 936 magnus.
1131 906 1201 925 nam

239 937 275 966 ὃ(
285 937 416 969 successit
426 940 487 979 ipse
497 942 614 980 magnis
624 961 632 971 ,
647 939 679 969 &c
690 941 843 969 maximos
854 947 982 968 oratores
993 938 1097 967 habuit
1107 948 1203 978 aequa-

236 978 303 1009 leis.
323 990 380 1010 nos
390 991 535 1022 magnum
543 980 713 1011 fecissemus
725 1001 735 1015 ‚
747 980 767 1011 si
778 980 901 1022 quidem
913 977 1111 1020 potuissemus
1121 1000 1129 1013 ‚
1139 978 1201 1020 quo

224 1022 462 1057 contendimus,
474 1025 639 1063 pervenire,
649 1025 682 1053 in
692 1034 724 1054 ea
733 1023 816 1056 urbe,
828 1024 861 1052 in
871 1032 927 1063 qua
938 1021 981 1061 (ut
991 1030 1030 1052 ait
1038 1022 1202 1061 Antonius)

237 1062 356 1093 auditus
367 1065 510 1105 eloquens
522 1075 615 1095 nemo
623 1073 691 1095 erat.
715 1067 807 1106 Atqui
818 1085 826 1098 ,
837 1063 856 1094 s1
865 1065 1003 1094 Antonio
1015 1061 1127 1094 Crassus
1137 1063 1201 1093 elo-

237 1114 333 1145 quens
352 1107 433 1137 visus
452 1117 517 1136 non
534 1106 576 1137 est
587 1127 596 1140 ,
619 1116 669 1137 aut
678 1106 732 1137 fibi
741 1107 802 1147 ipse
813 1126 821 1140 ,
845 1116 1014 1146 numquam
1026 1106 1202 1136 Cottavii'us

238 1145 310 1176 ess‘et
319 1168 327 1180 ,
346 1158 514 1189 numquam
528 1149 678 1189 Sulpicius
687 1169 695 1182 ,
721 1158 890 1190 numquam
908 1146 1094 1178 Hortensius.
1124 1147 1202 1177 nihil

236 1191 322 1219 enim
334 1191 434 1230 ample
445 1193 530 1221 Cotta
541 1211 549 1224 ,
562 1191 641 1221 nihil
652 1191 760 1221 leniter
768 1192 916 1230 Sulpicius
929 1210 938 1223 ‚
957 1200 1021 1220 non
1033 1189 1128 1220 multa
1138 1199 1203 1231 gra-

235 1232 312 1260 viter
332 1231 516 1263 Hortensius.
549 1235 722 1274 Superiores
739 1236 833 1275 magis
851 1232 886 1263 ad
904 1242 997 1262 omne
1016 1241 1111 1273 genus
1128 1233 1200 1271 apti,

237 1271 372 1304 Craffum
382 1274 462 1308 dico,
475 1274 508 1305 δε
518 1277 700 1306 Antonium.
717 1277 839 1318 Jeffiiias
851 1277 941 1315 igitur
950 1275 1041 1314 hujus
1053 1273 1203 1314 multipli-

232 1316 292 1346 cis,
305 1315 338 1345 &
348 1316 534 1356 aequabiliter
543 1319 576 1348 in
588 1319 693 1348 omnia
703 1328 809 1359 genera
816 1317 888 1348 fusae
898 1318 1042 1347 orationis
1053 1318 1147 1346 aureis
1157 1317 1201 1345 ci-

237 1358 339 1386 vitatis
349 1360 519 1398 accepimus
533 1370 538 1389 :
564 1361 667 1401 easque
677 1370 734 1390 nos
743 1362 835 1401 primi
846 1381 854 1394 ‚
876 1361 1059 1400 quicumque
1068 1367 1196 1391 eramus,

239 1398 274 1428 δε
283 1400 594 1442 quantulumcumque
605 1403 828 1437 dicebamus,ad
840 1403 931 1442 hujus
940 1403 1057 1444 generis
1067 1400 1198 1434 dicendi,

237 1440 381 1471 audiendi
392 1442 582 1474 incredibilia
590 1444 687 1475 studia
694 1447 913 1476 convertimus.
945 1445 1071 1484 Qntis
1081 1443 1133 1473 illa
1140 1443 1200 1473 cla-

237 1482 378 1513 moribus
405 1484 619 1516 adolescentuli
644 1486 779 1517 diximus
799 1490 807 1506 ¹
821 1487 858 1517 de
877 1487 1022 1526 supplicio
1042 1485 1200 1525 parricida-

237 1534 307 1554 rum
320 1527 330 1554 ?
346 1535 413 1566 quae
431 1536 618 1568 nequaquam
629 1529 696 1558 satis
706 1527 886 1559 deferbuisse
894 1527 960 1568 post
970 1528 1122 1568 aliquanto
1133 1528 1200 1557 sen—

235 1568 292 1596 tire
311 1569 471 1607 coepimus.
504 1575 526 1589 “
537 1572 629 1611 an
649 1580 740 1601 ENIM
757 1580 817 1601 tam
834 1581 903 1601 com
909 1581 1000 1600 mune
1010 1591 1018 1603 ,
1038 1569 1129 1610 quam
1142 1570 1200 1609 spi-

233 1610 311 1638 ritus
320 1611 409 1644 vivis,
422 1618 496 1641 terra
506 1614 634 1642 mortuis
645 1633 654 1646 ,
676 1623 756 1643 mare
764 1612 981 1643 fluetuantibus
992 1613 1062 1642 litus
1073 1613 1098 1651 ej
1102 1611 1174 1641 66115
1189 1614 1200 1641 ?

236 1652 282 1680 Ita
301 1652 428 1685 vivunt,
450 1652 524 1683 dum
544 1652 665 1694 poss'unt
675 1675 682 1689 ,
703 1664 735 1685 ut
745 1655 851 1685 ducere
861 1656 995 1685 animam
1005 1654 1041 1684 de
1052 1654 1125 1684 caelo
1136 1664 1201 1684 non

235 1701 364 1733 queant:
387 1695 427 1724 ita
444 1697 617 1726 moriuntur
627 1716 635 1730 ‚
657 1705 690 1727 ut
707 1707 814 1727 eorum
834 1700 849 1717 ²
859 1696 920 1727 offa
930 1705 1002 1727 terra
1011 1707 1075 1726 non
1086 1704 1182 1736 tangat
1196 1707 1201 1725 :

235 1735 278 1765 ita
289 1733 434 1771 ia&antur
445 1736 590 1768 flufitibus
601 1758 610 1772 ,
630 1748 663 1769 ut
674 1749 840 1780 numquam
851 1739 1018 1770 alluantui·:
1038 1741 1078 1769 ita
1087 1738 1201 1779 postre-

237 1775 293 1806 mo
304 1778 467 1816 ejiciuntur
477 1799 485 1812 ,
502 1788 535 1809 ut
544 1790 583 1810 ne
596 1780 630 1811 ad
641 1782 708 1811 saxa
718 1781 843 1822 quidem
855 1783 967 1811 mortui
977 1782 1198 1822 conquiescant,

237 1818 272 1848 &
281 1828 345 1859 quae
357 1820 528 1860 sequuntur.
547 1825 622 1852 Sunt
633 1825 715 1853 enim
727 1822 918 1858 omnia,sicut
926 1823 1201 1855 adolescentis‚n0n

236 1869 298 1891 tarn
309 1871 338 1890 re
349 1881 357 1894 ‚
372 1861 404 1891 &
416 1865 584 1893 maturitate
594 1884 602 1898 ,
615 1864 706 1905 quarn
717 1866 766 1905 spe
775 1886 782 1899 ,
796 1866 829 1895 δε
839 1864 1068 1905 exspe&atione,
1080 1865 1199 1894 laudati.

237 1902 286 1932 Ab
296 1903 349 1932 hac
359 1903 461 1934 indole
473 1905 532 1941 jam
543 1906 595 1936 1113
604 1914 726 1937 matura.
748 1914 755 1926 ‘
763 1914 770 1926 ‘
782 1910 864 1936 Uxor
867 1907 964 1947 generi
973 1927 981 1940 ‚
993 1917 1121 1937 noverca
1134 1905 1199 1940 filii,

237 1942 310 1974 filiae
319 1945 429 1984 pellex.
454 1948 487 1975 N
489 1956 521 1976 ec
531 1947 603 1978 vero
614 1949 663 1978 hic
673 1958 751 1978 unus
762 1958 821 1979 erat
829 1949 916 1979 ardor
925 1951 958 1979 in
969 1949 1057 1978 nobis
1069 1969 1078 1981 ,
1098 1957 1131 1978 ut
1141 1949 1200 1978 1106

236 1985 333 2016 modo
343 1989 448 2017 omnia
457 1988 634 2020 diceremus.
658 1991 720 2030 ipsa
730 1992 815 2020 enim
825 1991 877 2021 illa
886 2001 939 2031 pro
950 1991 1062 2020 Roscio
1077 1991 1201 2030 juveni-

234 2028 274 2057 lis
284 2027 491 2063 redundantia,
504 2032 600 2066 multa
610 2031 698 2062 habet
707 2033 1004 2074 attenuata‚quaedam
1014 2034 1106 2062 etiam
1115 2032 1201 2072 paul-

234 2069 266 2099 lo
277 2070 425 2101 hilariora.
458 2074 498 2102 At
508 2082 562 2112 pro
574 2074 687 2104 Habito
697 2094 706 2108 ‚
725 2084 779 2114 pro
791 2076 933 2105 Cornelio
945 2095 953 2107 ,
972 2075 1201 2115 compluresque

233 2112 308 2142 aliae.
331 2122 427 2143 nemo
446 2116 531 2143 enim
550 2124 648 2145 orator
666 2124 726 2145 tam
738 2117 832 2146 multa
841 2137 849 2150 ‚
870 2127 906 2146 ne
917 2118 951 2146 in
962 2119 1066 2146 Graeco
1076 2116 1200 2157 quidem

235 2155 301 2183 otio
311 2173 320 2187 ‚
343 2153 455 2194 scripsit
468 2175 476 2188 ,
499 2155 591 2196 quam
603 2157 698 2187 multa
708 2158 775 2187 sunt
784 2157 900 2188 nostra:
921 2168 1011 2198 eaque
1021 2159 1097 2187 hanc
1106 2158 1200 2197 ipsam

236 2194 366 2229 habent,
386 2206 476 2236 quam
486 2198 592 2237 probo,
604 2200 786 2228 varietatem.
832 2202 881 2229 An
892 2209 946 2240 ego
958 2202 1097 2228 Homero
1109 2219 1117 2232 ,
1139 2201 1201 2229 En-

237 2239 302 2270 nio,
317 2237 440 2278 reliquis
448 2240 546 2278 po'e‘tis
558 2261 566 2273 ‚
580 2240 613 2270 &
623 2239 758 2270 maxime
769 2242 885 2282 tragicis
895 2240 1092 2270 concederem
1102 2260 1111 2274 ,
1121 2249 1154 2270 ut
1163 2250 1201 2269 ne

237 2289 289 2309 om
296 2278 384 2308 nibus
404 2280 478 2309 locis
499 2281 602 2311 eadem
621 2284 817 2312 contentione
837 2290 992 2312 uterentur
1002 2301 1010 2315 ‚
1038 2281 1201 2322 crebroque

237 2330 406 2354 mutarent,
427 2332 660 2364 nonnumquam
670 2325 759 2354 etiam
771 2323 805 2353 ad
816 2323 1027 2365 quotidianum
1036 2333 1130 2364 genus
1141 2324 1200 2353 ser-

238 2365 344 2392 monis
364 2363 536 2394 accederent
548 2375 553 2393 :
575 2366 637 2404 ipse
649 2375 817 2406 numquam
828 2365 864 2395 31)
876 2365 928 2396 1113
937 2375 1074 2394 acerrima
1091 2372 1201 2394 conten-

234 2412 309 2433 tione
328 2404 511 2435 discederem
523 2408 534 2435 ?
555 2406 611 2436 Sed
631 2407 703 2447 quid
721 2409 822 2447 po'e'tas
841 2407 948 2437 divino
968 2408 1091 2447 ingenio
1101 2405 1201 2446 profe-

237 2456 270 2475 ro
284 2449 293 2475 ?
318 2445 487 2476 Histriones
513 2458 565 2478 eos
584 2448 719 2478 vidimus
728 2469 735 2483 ‚
759 2449 868 2490 quibus
886 2449 964 2478 nihil
980 2446 1076 2488 poss'et
1096 2451 1128 2477 in
1147 2448 1200 2478 suo

235 2497 343 2528 genere
361 2488 420 2518 ell'e
440 2488 624 2528 praestantius
634 2511 644 2524 ‚
668 2492 720 2531 qui
739 2501 804 2521 non
820 2491 920 2521 solum
939 2492 972 2520 in
992 2488 1200 2520 dissimillimis

235 2530 371 2570 personis
390 2530 608 2562 satisfaciebant
618 2553 626 2565 ,
650 2534 721 2562 cum
744 2542 846 2563 tamen
865 2534 899 2562 in
914 2533 977 2565 suis
996 2532 1179 2562 versarentur
1189 2552 1198 2564 ,

237 2570 286 2601 scd
307 2571 340 2601 δ(
358 2572 535 2603 comoedum
556 2576 589 2604 in
605 2575 772 2615 tragoediis,
796 2575 830 2604 &
847 2573 1015 2615 tragoedum
1032 2575 1065 2603 in
1082 2583 1199 2603 6011106-

237 2611 297 2642 diis
314 2612 481 2643 admodum
492 2615 606 2654 placere
615 2615 760 2647 vidimus.
783 2626 838 2658 ego
847 2626 912 2646 non
922 2615 1074 2646 elaborem
1086 2618 1097 2644 ?
1119 2614 1199 2645 Cum

238 2654 307 2684 dico
318 2665 367 2684 me
381 2666 386 2683 :
410 2664 437 2684 te
449 2675 456 2688 ,
474 2658 561 2686 Brute
571 2677 580 2691 ,
600 2658 678 2688 dico.
701 2660 817 2688 namin
827 2668 877 2687 me
887 2656 1198 2698 quidemjampridem

236 2694 381 2726 effe&um
399 2696 440 2726 est
453 2717 461 2731 ‚
481 2698 563 2738 quod
580 2698 718 2730 futurum
737 2699 805 2729 fuit.
838 2702 888 2730 Tu
898 2707 999 2729 autem
1010 2698 1119 2729 eodem
1131 2709 1199 2728 mo-

237 2738 278 2767 do
299 2740 419 2768 omneis
435 2740 530 2770 causis
547 2744 633 2782 ages?
649 2750 699 2771 aut
715 2741 837 2782 aliquod
847 2742 999 2772 causarum
1009 2751 1102 2781 genus
1112 2750 1200 2780 repu-

236 2779 354 2810 diabis?
370 2791 418 2811 aut
430 2783 461 2811 in
472 2782 580 2812 iisdem
592 2782 680 2813 causis
698 2792 874 2824 perpetuum
886 2803 894 2816 ,
921 2783 954 2813 &
966 2783 1097 2813 eundem
1114 2783 1200 2822 spiri-

238 2830 303 2851 tum
313 2820 373 2852 sine
383 2823 442 2852 ulla
450 2827 691 2855 commutatione
702 2825 875 2856 obtinebis?
892 2824 1116 2856 Demosthenes
1131 2825 1199 2865 qui-

237 2864 308 2893 dem
320 2884 328 2897 ,
348 2865 432 2904 cujus
443 2875 537 2905 nuper
546 2868 622 2896 inter
632 2870 777 2909 imagines
789 2877 853 2898 tuas
865 2888 873 2901 ‚
891 2876 1053 2897 actuosum
1064 2887 1072 2900 ,
1097 2865 1197 2906 (quod

237 2915 307 2935 eum
319 2925 327 2938 ‚
348 2906 434 2936 credo
444 2927 454 2941 ‚
466 2908 591 2947 amares)
603 2908 674 2940 cum
685 2910 717 2939 ad
731 2919 757 2939 te
768 2912 801 2939 in
811 2910 1018 2942 Tusculanum
1028 2907 1175 2939 venissem
1188 2928 1196 2941 ,

236 2948 404 2987 imaginem
416 2958 453 2977 cx
464 2959 518 2978 aere
528 2951 611 2982 vidi,
631 2951 707 2980 nihil
719 2950 812 2991 Lysiae
822 2951 983 2983 subtilitate
1000 2951 1098 2985 cedit,
1118 2949 1197 2979 nihil

235 2991 373 3059 arputiiS.
392 2990 423 3019 &
434 2992 573 3020 acumine
584 2992 747 3031 Hyperidi,
767 2994 845 3022 1111111
855 2993 977 3023 lenitate
988 2993 1124 3023 AEschim‘
1135 3011 1143 3025 ι
1164 2991 1197 3021 δε

235 3030 268 3070 sp
282 3030 392 3061 endor-c
402 3031 575 3063 verborum.
609 3034 715 3065 Multae
726 3035 793 3065 sunt
803 3036 866 3075 ejus
880 3044 950 3066 totae
960 3036 1111 3067 orationes
1127 3033 1196 3064 sub—

274 3152 297 3170 1.
319 3135 352 3170 De
361 3144 474 3176 fiaepplicio
486 3145 696 3179 parricidarum]
718 3146 818 3172 Exulat
839 3146 904 3173 istud
919 3154 1005 3173 totum
1025 3151 1039 3174 ὸ
1051 3148 1158 3185 Ρα1,Ρ1·.
1169 3149 1196 3174 8(

235 3178 287 3208 sec,
299 3189 385 3216 neque
395 3188 529 3216 comparet
539 3181 567 3209 in
578 3181 720 3211 Pithoeaiio
730 3192 739 3215 3
750 3184 777 3208 ἃ
788 3190 894 3219 poterat
905 3183 1080 3220 subintelligi.

1256 140 1787 189 Cxcssri'ours

1250 224 1317 254 tiles
1327 243 1335 258 ,
1348 231 1494 254 utcontra
1502 224 1666 263 Leptinem
1677 233 1683 251 :
1695 223 1799 253 multae
1811 229 1879 253 totae
1889 230 1991 264 graves
2000 243 2009 259 ‚
2025 230 2060 256 ut
2068 227 2206 267 quaedam·

1249 266 1422 306 Philippicae
1435 277 1440 295 :
1453 266 1557 296 multae
1563 267 1651 295 variae
1661 285 1669 298 ‚
1684 274 1717 294 ut
1727 273 1832 295 contra
1841 266 2029 300 AEschinem,
2039 266 2118 299 fali‘ae
2129 270 2209 312 lega-

1247 310 1341 338 tionis
1352 328 1360 341 ,
1374 317 1519 338 utcontra
1529 307 1660 337 eundem
1671 317 1725 347 pro
1735 306 1819 337 causa
1827 305 2036 347 Ctesiphontis.
2050 310 2118 350 Jam
2128 312 2207 343 illud

1248 350 1371 380 medium
1381 352 1499 391 quoties
1508 350 1593 382 vult,
1606 351 1708 389 arripit
1716 368 1723 382 a
1738 349 1771 379 &
1779 349 1795 379 a
1804 348 1975 389 graviffimo
1986 350 2140 383 discedens
2151 374 2159 388 ‚
2169 353 2209 384 6ὸ

1246 390 1435 433 potiffimum
1446 392 1599 422 delabitur.
1617 391 1770 422 Clamores
1779 400 1880 421 tamen
1890 400 1956 422 tum
1966 403 2086 428 movet,
2098 395 2132 425 &
2140 405 2209 426 tum

1247 437 1279 465 in
1297 434 1427 464 dicendo
1443 432 1613 474 plurimum
1632 431 1725 463 efficit
1736 453 1744 466 ‚
1761 431 1834 463 cum
1850 436 2001 474 gravitatis
2012 435 2088 466 locis
2104 439 2208 468 utitur.

1246 477 1302 507 Sed
1310 476 1346 506 ab
1356 476 1415 505 hoc
1423 485 1582 516 parumper
1596 474 1737 504 abeamus
1755 474 1766 514 (
1777 475 2024 517 quandoquidem
2034 478 2070 508 de
2079 488 2189 521 genere
2199 498 2211 513 ,

1247 528 1311 549 non
1326 517 1363 548 de
1374 519 1501 547 homine
1510 518 1672 558 quaerimus
1684 517 1694 556 )
1711 517 1754 546 rei
1765 519 1865 556 potius
1877 538 1886 551 ,
1903 518 1934 548 id
1945 517 1988 548 est
1997 539 2005 553 ,
2026 520 2210 561 eloquentia:

1245 562 1310 590 vim
1321 580 1329 593 ‚
1342 559 1375 590 &
1385 569 1521 590 naturam
1533 559 1729 599 explicemus.
1751 559 1832 589 Illud
1843 568 1943 590 tamen
1954 581 1962 593 ,
1975 561 2057 601 quod
2064 563 2129 602 jam
2137 562 2211 594 ante

1246 602 1383 632 diximus
1392 622 1400 636 ‚
1415 603 1648 631 meminerimus
1658 620 1666 634 ,
1677 600 1722 630 nil
1732 610 1788 631 nos
1798 602 1992 642 praecipiendi
2000 604 2085 634 causa
2094 603 2151 635 effe
2160 605 2208 635 di-

1247 644 1364 675 &urosz
1387 652 1474 684 atque
1492 645 1533 674 ita
1550 642 1652 683 potius
1664 641 1782 672 acturos
1793 663 1802 676 ,
1817 651 1851 673 ut
1869 643 2090 676 existimatores
2107 646 2236 678 videa-2

1247 696 1317 716 mur
1325 686 1411 727 loqui
1423 707 1432 719 ,
1452 696 1517 716 non
1527 683 1669 725 magistri.
1698 686 1733 714 in
1741 695 1803 725 quo
1813 693 1913 716 tamen
1924 687 2046 729 longius
2054 688 2210 730 progredi-

1247 738 1317 759 mur
1325 748 1333 762 ,
1354 727 1436 769 quod
1448 727 1587 758 videmus
1599 736 1663 756 non
1672 734 1701 756 te
1712 727 1775 757 haec
1786 727 1886 757 solum
1898 726 1956 758 esse
1966 728 2117 760 recturum
2128 750 2136 764 ,
2154 732 2209 772 qui

1245 780 1277 801 ea
1288 770 1387 800 multo
1397 790 1405 804 ‚
1422 769 1513 811 quam
1524 779 1580 799 nos
1592 789 1600 801 ,
1617 770 1671 810 qui
1687 766 1766 809 quasi
1784 768 1891 799 docere
1907 769 2065 802 videamur
2073 792 2082 807 ‚
2100 772 2211 803 habeas

1245 814 1365 842 notiora
1377 823 1382 841 z
1402 812 1452 842 sed
1469 813 1550 841 hunc
1568 811 1681 840 librum
1691 812 1781 840 etiam
1796 809 1816 840 si
1824 813 1929 842 minus
1937 812 2037 843 nostra
2045 823 2208 845 commen-

1244 854 1364 884 datione
1374 875 1382 886 ,
1399 863 1453 884 tuo
1463 862 1565 883 tamen
1574 855 1703 882 nomine
1712 852 1859 895 divulgari
1868 853 1982 884 necesse
1993 855 2045 885 est.
2069 854 2136 886 Esse
2149 858 2208 898 igi-

1245 904 1292 925 tur
1298 894 1416 937 perfidie?
1425 896 1572 936 eloquentis
1579 903 1663 935 puto,
1678 904 1742 924 non
1751 904 1817 925 eam
1827 896 1927 926 solum
1935 895 2105 928 facultatem
2115 898 2206 929 habe-

1244 948 1273 967 re
1284 958 1292 971 ‚
1313 948 1379 978 quae
1389 936 1422 967 sit
1430 939 1494 978 ejus
1502 939 1621 976 propria
1629 957 1639 969 ,
1660 934 1727 966 fuse
1737 957 1746 970 ‚
1766 937 1882 978 lateque
1891 938 2030 973 dicendi,
2052 939 2101 970 sed
2112 942 2203 973 etiam

1243 981 1375 1009 vicinam
1386 976 1460 1020 ejus,
1473 989 1558 1020 atque
1569 976 1745 1012 finitimam,
1758 978 1986 1011 diale&icorum
1996 981 2151 1012 scientiam
2161 983 2207 1013 as-

1244 1021 1369 1052 sumere.
1392 1031 1574 1063 quamquam
1584 1020 1665 1050 aliud
1673 1020 1793 1051 videtur
1803 1023 1900 1052 oratio
1910 1021 1969 1053 effe
1977 1043 1986 1057 ‚
2005 1023 2085 1054 aliud
2103 1024 2208 1065 dispu-

1242 1066 1331 1093 tatio:
1342 1074 1398 1093 ncc
1408 1064 1490 1094 idem
1501 1064 1586 1103 loqui
1596 1060 1654 1092 esse
1664 1082 1672 1096 ‚
1684 1063 1767 1103 quod
1776 1063 1874 1093 dicere
1885 1075 1890 1092 r
1901 1073 2030 1095 attamen
2040 1074 2208 1107 utrumque

1243 1107 1277 1135 in
1285 1104 1454 1135 disserendo
1465 1103 1516 1135 est.
1541 1105 1711 1144 disputandi
1726 1107 1801 1135 ratio
1812 1125 1819 1139 ‚
1840 1105 2027 1146 &loquendi
2037 1127 2046 1141 ‚
2067 1107 2206 1138 dialecti-

1243 1157 1349 1177 corum
1358 1146 1406 1178 sit:
1431 1156 1587 1178 oratorum
1603 1154 1705 1176 autem
1716 1167 1725 1180 ,
1744 1146 1884 1180 dicendi,
1904 1148 1938 1177 &
1948 1149 2085 1179 ornandi.
2117 1149 2207 1183 Zeno

1242 1189 1368 1229 quidem
1379 1189 1432 1219 ille
1441 1209 1448 1223 ‚
1461 1188 1477 1219 ὲ
1487 1198 1547 1229 quo
1558 1187 1717 1228 disciplina
1725 1190 1897 1219 Stoicorum
1907 1188 1960 1223 est,
1972 1200 2065 1221 manu
2073 1190 2204 1223 demon—

1244 1231 1330 1262 strare
1349 1231 1461 1261 solebat
1471 1251 1480 1263 ,
1497 1228 1572 1271 quid
1587 1231 1667 1259 inter
1682 1230 1734 1260 has
1752 1233 1837 1260 arteis
1853 1230 2014 1262 interesset.
2041 1243 2113 1264 nam
2129 1233 2204 1266 cum

1238 1271 1452 1312 compresserat
1460 1272 1570 1313 digitos
1579 1291 1588 1305 ‚
1608 1281 1806 1313 pugnumque
1814 1271 1922 1303 fecerat
1932 1284 1938 1303 ς
1954 1273 2134 1305 ιίἱαίεῐέὶοανιι
2142 1277 2203 1317 aje-

1242 1315 1290 1346 bat
1301 1314 1452 1355 ejusmodi
1460 1314 1527 1345 esse.
1551 1313 1624 1344 cum
1633 1322 1734 1344 autem
1742 1314 1908 1349 diduxerat,
1918 1316 1952 1346 ἐξ
1960 1326 2086 1348 manum
2092 1318 2205 1350 dilata-

1242 1365 1337 1389 verat:
1354 1357 1461 1398 palmae
1478 1357 1562 1387 illius
1572 1354 1703 1386 similem
1715 1357 1920 1398 eloquentiam
1931 1357 1988 1388 esse
1997 1358 2119 1390 dicebat
2146 1363 2202 1392 At-

1242 1411 1301 1442 que
1318 1402 1409 1430 etiam
1427 1408 1495 1431 ante
1512 1399 1594 1429 hunc
1604 1397 1777 1429 Aristoteles
1793 1401 1944 1440 principio
1961 1403 2029 1431 artis
2046 1402 2206 1434 rhetoricae

1243 1444 1316 1474 dicit
1324 1463 1333 1477 ‚
1355 1442 1440 1473 illam
1449 1450 1544 1473 artem
1552 1440 1630 1482 quasi
1641 1451 1679 1471 ex
1687 1441 1776 1471 altera
1785 1450 1864 1481 parte
1873 1443 2050 1482 respondere
2064 1443 2204 1474 dialecti-

1242 1496 1283 1515 cae
1297 1495 1302 1514 ;
1322 1493 1355 1516 ut
1364 1485 1423 1515 hoc
1432 1484 1574 1515 videlicet
1583 1482 1721 1514 differant
1730 1484 1810 1514 inter
1820 1483 1866 1517 se,
1885 1483 1968 1525 quod
1986 1486 2049 1516 haec
2064 1488 2141 1516 ratio
2156 1485 2205 1517 di-

1243 1526 1332 1558 cendi
1341 1528 1429 1557 latior
1439 1526 1474 1557 sit
1481 1546 1489 1561 ,
1502 1527 1555 1556 1113
1564 1525 1710 1567 loquendi
1725 1524 1915 1556 conrraEtior.
1939 1527 2020 1557 Volo
2032 1529 2122 1569 igitur
2130 1529 2205 1559 huic

1242 1570 1364 1600 summo
1374 1590 1382 1603 ‚
1395 1578 1523 1600 omnem
1536 1589 1545 1602 ‚
1556 1578 1622 1609 quae
1632 1567 1667 1598 ad
1678 1567 1843 1597 dicendum
1854 1569 1930 1598 trahi
1939 1567 2026 1608 poffit
2035 1589 2044 1603 ,
2055 1570 2204 1611 loquendi

1242 1614 1392 1642 rationem
1401 1632 1411 1645 ‚
1422 1609 1481 1641 effe
1490 1619 1596 1640 notam
1608 1621 1614 1639 ;
1629 1620 1695 1651 quae
1703 1609 1829 1650 quidem
1838 1620 1884 1639 res
1895 1610 1988 1651 (quod
1997 1619 2025 1641 te
2034 1612 2081 1642 his
2092 1612 2205 1643 artibus

1242 1653 1395 1684 eruditum
1414 1651 1547 1683 minime
1566 1651 1664 1693 fallit)
1690 1652 1843 1692 duplicem
1858 1652 1946 1683 habet
1961 1652 2092 1684 docendi
2108 1656 2204 1687 viam.

1243 1699 1323 1726 Nam
1334 1696 1367 1726 &
1377 1695 1438 1736 ipse
1446 1694 1620 1725 Aristoteles
1629 1694 1750 1724 tradidit
1758 1703 1901 1734 praecepta
1916 1695 2047 1735 plurima
2060 1694 2206 1727 differem*

1241 1738 1291 1771 di,
1305 1738 1338 1768 δε
1347 1737 1447 1778 postea
1457 1757 1465 1771 ‚
1484 1739 1537 1778 qui
1547 1736 1697 1767 (1131661161
1707 1735 1848 1766 dicuntur
1859 1756 1868 1771 ‚
1881 1736 2030 1777 spinosiora
2040 1738 2136 1770 multa
2149 1748 2204 1779 pe-

1241 1788 1391 1820 pererunt.
1414 1782 1493 1820 Ergo
1503 1789 1575 1809 eum
1584 1779 1704 1812 censeo,
1714 1780 1767 1819 qui
1778 1778 1960 1819 eloquentiae
1970 1779 2057 1809 laude
2066 1779 2202 1814 ducatur,

1242 1832 1308 1852 non
1318 1821 1375 1852 esse
1384 1831 1486 1851 earum
1496 1831 1597 1851 rerum
1607 1822 1739 1850 omnino
1749 1819 1856 1849 rudem
1867 1830 1872 1848 :
1890 1820 1940 1851 sed
1950 1821 1999 1850 vel
2008 1821 2059 1851 illa
2070 1823 2203 1863 antiqua,

1242 1865 1291 1893 vel
1311 1865 1366 1894 hac
1382 1862 1534 1904 Chrysippi
1552 1862 1708 1902 disciplina
1718 1861 1902 1892 institutum.
1924 1864 2047 1893 noverit
2062 1863 2202 1903 primum

1242 1908 1308 1936 vim
1322 1926 1330 1939 ,
1342 1914 1477 1936 naturam
1486 1925 1494 1939 ‚
1505 1915 1612 1947 genera
1620 1905 1783 1934 verborum
1794 1924 1802 1937 ‚
1815 1904 1848 1934 &
1858 1903 2052 1944 simplicium,
2064 1906 2098 1936 &
2107 1916 2203 1947 copu-

1242 1948 1373 1978 latorum
1385 1958 1390 1977 :
1410 1947 1518 1977 deinde
1526 1956 1601 1988 quot
1615 1946 1717 1976 modis
1726 1945 1859 1987 quidque
1869 1946 1998 1977 dicatur:
2016 1957 2074 1988 qua
2088 1949 2205 1978 ratione

1242 1999 1349 2020 verum
1357 2010 1366 2024 ‚
1387 1989 1537 2020 falsumne
1546 1987 1580 2020 fit
1590 2009 1599 2023 ‚
1613 1988 1765 2028 judicetur
1776 1998 1782 2017 2
1799 1988 1872 2029 quid
1882 1987 2026 2019 efficiatur
2035 1990 2052 2019 e
2062 1999 2183 2031 quoque
2195 2000 2204 2020 ε

1242 2032 1324 2073 quod
1342 2033 1391 2062 cui
1408 2032 1593 2072 consequens
1611 2029 1664 2065 sit,
1686 2030 1825 2072 quodque
1841 2032 2026 2062 contrarium
2044 2041 2050 2060 :
2072 2041 2205 2073 cumque

1243 2073 1384 2116 ambigue
1395 2074 1491 2104 multa
1498 2074 1636 2104 dicantur
1645 2093 1654 2107 ‚
1664 2072 1824 2113 quomodo
1833 2073 1966 2113 quidque
1974 2083 2080 2102 eorum
2092 2073 2203 2107 dividi,

1242 2116 1453 2156 explanarique
1474 2124 1619 2155 oporteat.
1653 2117 1727 2144 Haec
1749 2114 1876 2143 tenenda
1894 2114 1913 2143 s
1910 2122 1963 2143 unt
1983 2116 2101 2144 oratori.
2126 2115 2202 2155 saepe

1245 2160 1329 2186 enim
1340 2167 1510 2187 occurrunt.
1533 2157 1584 2186 sed
1601 2157 1672 2196 quia
1680 2156 1728 2185 sua
1738 2155 1842 2195 sponte
1853 2155 2031 2196 squalidiora
2040 2156 2128 2190 sunt,
2149 2156 2202 2187 ad-

1241 2198 1393 2228 hibendus
1403 2200 1458 2227 erit
1474 2200 1508 2227 in
1516 2198 1564 2227 his
1575 2197 1760 2237 explicandis
1769 2196 1892 2237 quidam
1902 2199 2047 2228 orationis
2056 2198 2140 2228 nitor.
2163 2201 2202 2232 Et

1242 2241 1388 2280 quoniam
1399 2241 1433 2268 in
1442 2239 1588 2269 omnibus
1599 2258 1608 2272 ,
1627 2248 1693 2279 quae
1706 2240 1820 2268 ratione
1837 2238 1984 2269 docentur
1994 2260 2004 2274 ‚
2023 2241 2056 2270 &
2064 2242 2112 2270 via
2121 2260 2130 2275 ‚
2140 2242 2203 2281 pri-

1243 2279 1333 2310 mum
1345 2280 1592 2311 constituendum
1603 2280 1646 2310 est
1655 2300 1663 2314 ‚
1684 2280 1756 2321 quid
1766 2280 1955 2322 quidquefit:
1972 2280 2047 2321 (nisi
2059 2284 2144 2312 enim
2153 2284 2204 2314 in-

1244 2331 1286 2352 ter
1304 2332 1376 2355 eos,
1395 2325 1447 2363 qui
1458 2322 1641 2362 disceptent,
1661 2324 1823 2356 convenit,
1844 2323 1917 2363 quid
1927 2321 1959 2353 sit
1975 2323 2071 2358 illud,
2093 2324 2130 2354 de
2139 2334 2203 2365 quo

1241 2364 1404 2405 ambigitur
1421 2384 1430 2398 ,
1459 2374 1515 2394 nec
1532 2363 1611 2394 reete
1633 2363 1731 2394 disseri
1752 2385 1759 2397 ‚
1789 2374 1845 2394 nec
1865 2374 2009 2405 umquam
2025 2365 2062 2396 ad
2085 2360 2202 2398 Exitum

1242 2407 1389 2446 pei-veniri
1398 2405 1514 2446 potest)
1529 2406 1705 2446 explicanda
1726 2404 1769 2436 est
1787 2406 1862 2446 saepe
1881 2406 1980 2437 verbis
2000 2417 2086 2438 mens
2103 2407 2205 2440 nostra

1243 2447 1279 2477 de
1298 2458 1415 2488 quaque
1433 2458 1463 2477 re
1474 2469 1483 2481 ‚
1505 2457 1590 2488 atque
1608 2448 1755 2478 involutae
1774 2450 1816 2478 rei
1829 2450 1938 2479 notitia
1947 2448 2122 2482 definiendo
2132 2459 2204 2490 ape-

1242 2489 1345 2519 rienda
1354 2488 1397 2519 est
1409 2510 1418 2524 ,
1441 2488 1462 2520 fi
1478 2490 1601 2531 quidem
1618 2488 1763 2528 definitio,
1781 2489 1823 2520 est
1839 2492 1954 2524 oratio,
1975 2501 2060 2532 qua-2,
2080 2492 2153 2532 quid
2171 2490 2207 2525 sit

1245 2531 1275 2561 id
1289 2552 1298 2564 ,
1322 2531 1359 2561 de
1379 2542 1440 2572 quo
1458 2534 1553 2573 agitur
1571 2552 1579 2565 ,
1603 2531 1734 2562 ostendit
1749 2530 1841 2572 quam
1863 2531 2044 2563 brevissime.
2069 2536 2152 2564 'rum
2172 2542 2207 2565 ut

1247 2573 1302 2603 scis
1314 2594 1321 2606 ‚
1342 2574 1491 2613 explicato
1507 2583 1614 2614 genere
1633 2574 1777 2644 cujusgue
1794 2574 1855 2607 rei,
1875 2573 2042 2605 videndum
2061 2574 2122 2609 est,
2139 2585 2206 2616 quae

1243 2613 1298 2644 sint
1309 2615 1371 2654 ejus
1381 2617 1497 2656 generis
1507 2613 1565 2646 sive
1574 2615 1681 2645 formae
1692 2635 1701 2648 ,
1736 2625 1772 2645 ve
1782 2624 1876 2655 partes
1888 2635 1896 2649 ‚
1917 2618 1993 2646 utin
2003 2626 2049 2646 eas
2060 2616 2206 2648 tribuatur

1243 2658 1346 2686 omnis
1357 2659 1463 2687 oratio.
1489 2659 1553 2687 Erit
1568 2659 1660 2698 igitur
1677 2658 1741 2687 haec
1754 2656 1874 2687 facultas
1885 2659 1919 2687 in
1938 2668 1974 2688 eo
1986 2678 1995 2691 ,
2004 2663 2107 2699 ‘quem
2117 2659 2208 2690 volu-

1244 2709 1312 2728 mus
1323 2697 1379 2728 esse
1399 2699 1593 2740 eloquentem
1605 2719 1613 2733 ‚
1633 2697 1798 2729 utdefinire
1807 2709 1870 2729 rem
1888 2698 1996 2740 poffit,
2015 2711 2053 2730 ne
2075 2710 2112 2730 ue
2122 2699 2208 2732 idfa-

2227 870 2275 904 320⁷-

2223 2203 2265 2239 33

1243 2742 1298 2770 ciat
1308 2749 1367 2770 tam
1378 2741 1475 2780 presse
1491 2762 1498 2775 ‚
1518 2741 1550 2771 &
1561 2740 1683 2782 anguste
1695 2761 1704 2773 ,
1715 2740 1805 2782 quam
1816 2741 1919 2771 inillis
1929 2741 2050 2772 eruditis
2074 2744 2133 2773 mis
2143 2742 2206 2774 dis·
2248 2767 2254 2769 >
2274 2747 2277 2749 '

1242 2782 1449 2822 putationibus
1467 2781 1532 2812 fieri
1549 2783 1642 2812 solet:
1660 2782 1791 2812 sedcum
1802 2781 2010 2823 explanatius,
2028 2792 2094 2813 tum
2111 2786 2204 2814 etiam
2249 2803 2251 2806 <

1244 2822 1365 2854 uberius
1376 2844 1385 2858 ‚
1409 2825 1442 2854 &
1452 2825 1487 2854 ad
1498 2823 1826 2864 communejudicium
1839 2845 1847 2859 ‚
1867 2825 2102 2866 popularemque
2112 2826 2204 2856 intel-

1242 2866 1396 2907 ligentiam
1414 2864 1682 2896 accommodatius.
1706 2865 1850 2907 Idemque
1868 2869 1960 2897 etiam
1972 2887 1980 2901 ‚
2002 2877 2073 2897 cum
2091 2877 2136 2898 res
2146 2877 2204 2908 po-

1243 2906 1363 2938 stulabit
1372 2928 1380 2941 ‚
1390 2918 1484 2950 genus
1494 2908 1668 2938 universum
1679 2909 1712 2936 in
1722 2907 1831 2947 species
1841 2917 1930 2938 certas
1939 2929 1948 2942 ,
1970 2917 2004 2939 ut
2012 2910 2096 2939 nulla
2105 2918 2204 2951 neque

1242 2952 1501 2990 praetermittatur,
1524 2959 1621 2990 neque
1639 2948 1786 2979 redundet
1803 2968 1812 2982 ‚
1835 2951 1998 2988 partietur,
2021 2961 2054 2980 ac
2072 2951 2198 2985 dividet.

1246 2991 1366 3032 quando
1376 3001 1475 3024 eutem
1488 3013 1496 3025 ,
1517 3001 1566 3021 aur
1584 2990 1741 3032 quomodo
1750 2990 1783 3019 id
1792 2989 1881 3020 faciat
1891 3012 1900 3024 ,
1921 2992 1999 3020 nihil
2008 2992 2043 3022 ad
2054 2993 2111 3023 hoc
2122 3001 2202 3022 tem-

1241 3043 1315 3073 pus:
1336 3036 1484 3074 quoniam
1503 3032 1642 3073 (utsupra
1652 3032 1728 3074 dixi)
1743 3031 1870 3072 judicem
1879 3043 1929 3063 me
1939 3031 2015 3068 effe,
2036 3033 2205 3064 1101111οᾶ11-

2146 3085 2204 3105 rem

1281 3157 1310 3174 2.
1329 3148 1382 3181 offa
1389 3154 1458 3175 terra
1467 3157 1511 3173 non
1521 3147 1631 3181 tangat]
1645 3147 1743 3174 Eadem
1755 3148 1818 3175 trias
1830 3147 1960 3176 librorum
1973 3167 1982 3183 ‚
1992 3155 2082 3175 terram
2090 3158 2135 3175 non
2143 3155 2202 3174 tan-

1243 3192 1303 3219 gant
1314 3203 1322 3218 ,
1334 3185 1361 3210 δ(
1373 3193 1437 3211 mox
1449 3184 1581 3212 abluamur
1589 3193 1638 3220 pro
1649 3185 1782 3213 alluantur.

2107 3204 2213 3255 'LQ
