2339 3379
561 122 767 168 EprsT.
797 133 870 165 An
907 122 1160 167 APPIUM
1197 119 1584 177 PULCHRUM,
1612 122 1888 172 LrnJIL‘·

228 206 272 240 fin
283 202 383 240 autem
393 205 443 238 alii
451 213 550 238 tecum
561 205 623 235 haec
637 203 819 245 loquuntur:
844 212 892 234 tua
902 212 1002 234 tamen
1013 223 1023 236 ‚
1040 201 1120 243 quod
1132 213 1184 233 au-

229 249 276 282 dis
291 271 300 284 ,
318 251 403 290 culpa
420 248 569 278 nonnulla
580 245 631 276 est.
659 247 729 276 Mea
738 247 811 275 ratio
822 247 855 275 in
867 252 927 275 tota
944 246 1073 275 amicitia
1085 243 1183 274 nostra

226 291 380 324 constans,
390 291 424 320 &
431 290 528 330 gravis
537 289 710 327 reperietur.
744 291 754 307 ¹
768 287 857 329 Qiod
868 285 942 328 fiqui
952 297 1001 316 me
1010 285 1180 316 astutiorem

226 333 315 376 fingit
327 344 333 362 ;
370 332 422 362 uid
430 329 528 371 potest
544 329 603 360 effe
611 329 749 360 callidius
759 349 767 363 ‚
785 339 875 369 quam
887 349 895 362 ‚
911 339 982 358 cum
993 336 1020 358 te
1029 327 1180 357 absentem

225 343 540 416 semper‘defenderim
550 391 559 406 ,
579 381 649 402 cum
659 371 823 410 praesertim
835 372 912 401 mihi
922 370 1010 400 usum
1018 376 1181 399 venturum

225 415 470 449 nonarbitrarer,
489 422 585 454 utego
594 423 714 454 quoque
729 412 832 443 absens
849 411 865 443 ὲ
876 421 905 442 te
914 409 1120 442 defendendus
1137 409 1181 439 es-

225 459 290 490 sem
302 468 308 487 ε
328 466 410 487 nunc
419 457 645 487 committerem
656 474 665 488 ,
683 463 717 484 ut
726 463 757 485 tu
764 455 830 494 jure
839 455 958 495 optimo
967 462 1017 483 me
1027 451 1180 482 absentem

224 500 360 531 deserere
377 496 494 538 posses?
511 500 618 528 Unum
636 506 732 539 genus
749 497 870 536 excipio
887 496 1054 527 sermonis.
1073 495 1107 522 in
1121 502 1182 533 quo

247 541 353 580 ersaepe
364 539 478 580 aliquid
490 539 598 571 dicitur
608 559 617 572 ,
637 538 718 580 quod
730 547 758 568 te
768 547 871 578 putem
889 537 972 567 nolle
981 536 1041 566 dici
1053 545 1060 564 ε
1072 537 1092 582 '²
1104 532 1123 563 s1
1133 543 1181 564 aut

238 591 392 624 egatorum
402 590 524 612 tuorum
534 581 680 620 cuipiam,
691 589 740 611 aut
750 578 972 620 praefeekorum.
983 585 1033 607 aut
1043 575 1181 606 tribuno-

224 633 294 656 rum
305 624 441 654 militurn
461 622 540 653 male
558 622 683 653 dicitur:
707 621 787 662 quod
809 630 909 651 tamen
923 620 1020 665 ipsum
1040 627 1102 665 non
1115 626 1182 647 me·

224 666 344 696 hercule
355 665 451 696 adhuc
458 664 564 696 accidit
576 674 625 694 me
635 663 787 696 audiente,
797 671 830 692 ut
838 671 888 692 aut
895 670 1012 702 gravius
1023 659 1181 692 diceretur,

224 709 316 739 autin
326 708 420 748 pluris
431 727 438 741 ‚
457 706 549 748 quam
563 715 684 736 mecum
702 708 835 744 Corcyrae
854 702 977 733 Clodius
988 700 1181 748 est'locutus:

223 748 297 781 curn
307 759 339 780 in
358 759 394 780 eo
403 758 511 791 genere
521 747 658 778 maxime
669 755 841 787 quereretur
851 754 878 774 te
887 744 1015 773 aliorum
1033 741 1181 790 improbi—

223 800 282 822 tate
303 792 406 821 minus
427 789 550 820 felicem
565 788 663 819 fuisse·
698 790 765 817 Hos
783 796 839 827 ego
858 785 1010 815 sermones
1021 803 1029 817 ,
1047 782 1130 830 quod
1147 783 1180 813 &

224 829 398 864 multisunt
409 853 417 866 ‚
431 832 464 862 &
474 841 554 862 tuam
567 829 826 861 existimationem
837 846 846 861 ,
866 835 900 856 ut
915 836 971 867 ego
983 825 1080 855 sentio
1090 845 1098 857 ,
1115 834 1180 870 non

223 873 396 908 offendunt,
410 872 538 905 lacessivi
549 880 717 911 numquam
733 889 742 903 ‚
763 868 812 899 sed
824 878 889 899 non
901 867 987 898 valde
997 864 1125 907 repreffi.
1139 869 1179 913 *Si

223 919 291 958 quis
310 915 368 950 est,
385 917 438 956 qui
453 915 610 944 neminem
629 913 708 941 bona
720 910 777 941 fide
796 912 829 940 in
846 911 970 952 gratiam
986 917 1074 956 putet⁴
1083 908 1178 955 redire

223 956 305 998 posse
316 968 322 988 :
347 967 410 987 non
430 955 563 985 nostram
586 956 612 983 is
629 951 786 993 perfidiam
803 953 936 993 coarguit
953 971 962 985 ,
991 950 1040 981 sed
1058 950 1179 997 *indicat

224 997 485 1038 suam:s1mu1que
495 1006 558 1027 non
569 995 605 1026 de
616 1006 666 1025 me
675 997 701 1025 is
709 995 794 1035 pejus
803 1014 812 1028 ,
831 1004 921 1035 quarn
932 993 1006 1023 dete
1015 991 1176 1022 existimat.

222 1043 278 1072 Sin
286 1049 385 1071 autern
397 1049 489 1080 quem
500 1048 567 1068 mea
581 1036 715 1068 instituta
724 1039 755 1067 in
772 1037 930 1077 provincia
938 1044 1002 1065 non
1011 1032 1177 1064 delefiiant:

220 1081 393 1124 &quadam
403 1079 646 1111 dissimilitudine
655 1078 864 1108 institutorum
876 1086 1015 1107 meorum
1024 1095 1032 1109 2
1058 1085 1091 1123 ac
1110 1085 1179 1105 tuo-

214 1134 292 1155 ·rum
301 1123 370 1153 laedi
380 1123 407 1153 se
417 1131 518 1162 putat,
528 1121 599 1152 curn
613 1130 736 1161 uterque
747 1119 883 1150 nostrum
893 1118 972 1161 ree‘ie
982 1117 1106 1150 fecerit,
1128 1116 1175 1147 sed

220 1175 286 1197 non
301 1165 382 1195 idem
402 1174 525 1204 uterque
546 1164 663 1194 secutus
681 1161 714 1192 sit
726 1173 731 1191 :
754 1163 835 1191 hunc
849 1171 906 1202 ego
915 1163 1048 1191 amicum
1069 1159 1176 1189 habere

219 1217 285 1238 non
295 1217 376 1237 curo.
401 1205 576 1236 Liberalitas
586 1214 643 1237 tua,
657 1213 687 1234 ut
699 1205 834 1233 hominis
843 1201 1035 1235 nobiliflimi,
1047 1202 1133 1232 latius
1145 1203 1176 1230 in

218 1250 377 1290 provincia
389 1249 493 1288 patuit.
518 1250 531 1275 3
543 1245 652 1277 Nostra
671 1244 691 1275 si
700 1244 851 1287 angustior
860 1243 923 1284 (etsi
941 1244 977 1275 de
988 1253 1036 1274 tua
1046 1244 1174 1283 prolixa,

219 1288 414 1331 beneficaque
424 1297 526 1319 natura
536 1289 656 1318 limavit
664 1287 777 1329 aliquid
787 1286 932 1327 posterior
939 1296 1050 1320 annm,
1057 1293 1176 1333 propter

217 1331 368 1373 quandam
383 1330 531 1362 tristitiam
547 1331 734 1370 temporum)
752 1339 816 1360 non
825 1329 936 1359 debent
950 1330 1051 1359 mirari
1070 1329 1173 1357 homi-

217 1383 283 1408 nes,
294 1372 366 1403 cum
376 1373 408 1403 δε
419 1381 521 1403 natura
531 1372 649 1412 semper
660 1371 697 1402 ad
707 1371 893 1412 largiendum
903 1380 942 1401 ex
950 1371 1050 1401 alieno
1059 1368 1170 1400 fuerim

215 1414 379 1447 restrifflor
390 1433 399 1448 ,
420 1414 453 1443 ὃς
464 1415 650 1452 temporibus
660 1433 668 1447 ‚
685 1413 795 1454 quibus
810 1413 862 1443 alii
878 1422 1051 1446 moventur,
1063 1412 1168 1442 iisdem

215 1467 272 1499 ego
281 1465 422 1486 movear:
444 1465 486 1484 me
499 1455 547 1493 effi
555 1454 684 1484 acerbum
690 1453 756 1496 fibi,
768 1454 861 1496 utfim
869 1455 955 1484 dulcu
962 1455 1042 1483 mihi.
1065 1456 1113 1483 De
1124 1463 1170 1483 re-

214 1498 272 1529 bus
282 1497 401 1528 urbanis
411 1496 493 1538 quod
508 1507 557 1527 me
574 1499 731 1528 certiorem
750 1496 846 1527 fecisti
860 1517 868 1530 ,
888 1507 957 1528 cum
975 1506 1027 1537 per
1046 1496 1075 1526 se
1090 1496 1168 1525 mihi

212 1540 331 1582 gratum
344 1538 402 1569 fuit
411 1558 419 1572 ,
441 1538 508 1569 tum
519 1539 600 1580 quod
611 1538 778 1581 significasti
789 1558 797 1572 ‚
818 1539 874 1569 tibi
884 1540 989 1569 omnia
1002 1548 1070 1568 mea
1081 1547 1168 1567 man-

211 1581 278 1613 data
285 1591 361 1612 curae
370 1579 446 1611 fore.
469 1584 505 1610 In
514 1581 624 1622 quibus
637 1590 732 1610 unum
742 1580 818 1611 illud
829 1590 856 1611 te
868 1580 1014 1620 praecipue
1026 1590 1098 1620 rogo
1110 1599 1119 1614 ,
1135 1588 1168 1609 ut

208 1632 296 1655 cures
307 1642 316 1656 ‚
333 1633 373 1653 ne
382 1622 456 1664 quid
471 1624 549 1653 mihi
559 1623 594 1653 ad
603 1624 662 1653 hoc
672 1623 787 1665 negotii
799 1631 849 1653 aut
860 1624 962 1653 oneris
971 1621 1103 1656 accedat,
1118 1630 1168 1652 aut

207 1667 372 1705 temporis:
395 1663 665 1706 Hortensiumque,
678 1663 814 1695 nostrum
824 1665 982 1707 collegam,
995 1663 1168 1695 &familia-

208 1716 287 1741 rem,
298 1716 393 1748 roges,
407 1714 439 1737 ut
449 1727 458 1741 ‚
474 1705 494 1737 fi
504 1716 653 1748 umquam
663 1717 728 1737 mea
739 1707 822 1737 causa
833 1707 998 1748 quidquam
1009 1715 1058 1736 aut
1066 1704 1164 1740 senfit,

207 1757 261 1779 aut
269 1748 342 1779 fecit
351 1768 360 1782 ,
371 1748 408 1778 de
417 1749 470 1779 hac
478 1759 597 1790 quoque
609 1749 751 1779 sententia
760 1749 843 1779 bima
852 1749 991 1779 decedat:
1007 1758 1065 1789 qua
1083 1749 1161 1778 mihi

205 1790 313 1820 ⁴nihil
322 1788 420 1830 potest
428 1789 485 1820 effe
495 1792 685 1821 inimicitius.
713 1793 762 1820 De
775 1790 884 1821 nostris
895 1790 981 1820 rebus
997 1789 1079 1830 quod
1091 1790 1162 1820 scire

204 1832 269 1862 vis:
295 1832 390 1862 Tarso
399 1850 408 1864 ‚
431 1834 522 1862 nonis
539 1831 662 1862 Ostobr.
673 1835 828 1863 Amanum
847 1832 950 1862 versus
967 1830 1096 1871 profefifi
1114 1832 1162 1862 su-

204 1882 288 1904 mus.
311 1874 384 1903 Haec
392 1873 489 1913 scripsi
499 1873 642 1913 postridie
661 1875 724 1914 ejus
735 1874 814 1907 diei,
834 1872 1008 1903 cumcastra
1018 1872 1157 1904 haberem

205 1918 220 1942 5
230 1916 263 1945 in
278 1924 347 1956 agro
369 1914 551 1945 Moshestiae.
578 1917 607 1945 Si
621 1915 695 1955 quid
705 1924 792 1956 egero
804 1934 819 1948 ,.
833 1915 959 1945 scribam
969 1914 1004 1944 ad
1013 1922 1058 1944 te:
1083 1913 1098 1934 6
1108 1925 1162 1945 ne-

201 1965 262 1997 que
272 1956 401 1987 domum
420 1966 565 1997 umquam
575 1955 611 1987 ad
631 1966 680 1986 me
694 1957 802 1987 litteras
811 1958 931 1986 mittam
944 1976 952 1990 ,
972 1958 1046 1997 quin
1054 1955 1099 1996 adj
1104 1966 1160 1986 un-

225 2007 274 2028 arn
283 2008 348 2031 eas,
369 2008 440 2039 quas
451 1999 506 2029 tibi
516 1998 599 2028 reddi
618 1998 722 2028 velim.
746 2000 793 2027 De
803 1999 916 2029 Parthis
932 1997 1014 2039 quod
1035 2000 1155 2039 quaeris,

217 2038 289 2070 uiste
302 2040 406 2071 nullos
414 2049 500 2082 puto.
522 2039 633 2071 Arabes
651 2041 704 2081 qui
719 2038 862 2074 fuerunt,
883 2039 1013 2071 admisto
1024 2041 1159 2071 Parthico

201 2088 308 2112 ornatu
317 2101 326 2115 ‚
346 2081 488 2114 dicuntur
502 2091 612 2112 omncs
632 2080 790 2112 revertisse.
815 2081 944 2112 Hostem
961 2081 1019 2112 este
1032 2083 1064 2112 in
1074 2085 1157 2123 Syria

199 2131 312 2164 negant
322 2123 429 2156 ullum.
453 2128 503 2155 Tu
516 2123 611 2155 velim
620 2123 655 2154 ad
666 2134 717 2154 me
725 2123 816 2165 quam
827 2123 996 2164 saepiffime,
1008 2124 1041 2155 &
1050 2124 1086 2154 de
1097 2126 1156 2155 tuis

198 2164 288 2195 rebus
297 2165 404 2196 scribas
415 2187 422 2200 ,
435 2167 468 2198 δε
478 2166 514 2197 de
524 2167 601 2196 meis
611 2185 620 2199 ‚
637 2165 670 2196 &
680 2165 716 2196 de
727 2169 814 2196 omni
824 2166 997 2206 reipublicae
1010 2165 1094 2196 statu.
1117 2166 1157 2197 de

197 2215 261 2246 quo
274 2206 340 2237 sum
350 2207 496 2239 sollicitus
505 2218 542 2237 eo
558 2209 652 2249 magis
662 2227 670 2241 ,
689 2206 772 2248 quod
783 2217 820 2238 ex
831 2210 889 2238 tuis
897 2208 1004 2238 litteris
1013 2211 1155 2249 cognovi,

197 2249 379 2289 Pompejum
391 2249 527 2282 nostrum
538 2252 572 2280 in
584 2249 761 2289 Hispaniam
773 2251 896 2281 iturum.
920 2250 1003 2280 Vale.

2105 129 2198 177 661

1371 205 1414 234 M.
1427 207 1464 235 T.
1478 209 1509 236 C>
1535 207 1687 237 APPIO
1706 209 1963 244 PULCHRO‚
1978 210 2060 240 S.D.

1237 253 1369 330 le
1388 256 1509 287 tandem
1523 257 1579 299 legi
1592 258 1703 289 litteras
1713 258 1817 299 dignas
1827 263 1926 301 Appio
1936 261 2048 292 Clodio
2057 282 2072 297 ,.
2086 262 2190 302 plenas

1330 298 1527 329 humanitatis
1538 320 1546 334 ,
1557 299 1665 334 officii,
1677 301 1852 341 diligentiae.
1875 303 2040 343 Adspestus
2050 304 2191 335 videlicet

1233 336 1315 366 urbis
1338 338 1393 368 tibi
1413 349 1494 370 tuam
1513 341 1669 381 pristinam
1700 344 1899 375 urbanitatem
1923 345 2062 376 reddidit.
2093 347 2188 381 Nam,

1231 386 1302 418 quas
1312 387 1349 409 ex
1362 381 1466 411 itinere
1477 382 1556 416 ante,
1568 383 1658 424 quam
1669 394 1707 414 ex
1718 384 1784 415 Afia
1798 385 1924 427 egi-effus
1935 396 1965 416 es
1973 407 1982 419 ,
1995 388 2029 418 ad
2043 398 2091 417 me
2106 388 2188 418 litte-

1230 428 1274 448 ras
1285 420 1388 450 misisti
1400 441 1408 455 ‚
1422 433 1494 453 unas
1504 424 1540 454 de
1551 425 1650 466 legatis
1661 427 1677 455 a
1691 436 1741 456 me
1750 428 1912 467 prohibitis
1925 427 2092 469 proficisci,
2114 430 2190 460 altc-

1231 469 1276 489 ras
1293 460 1330 490 dc
1340 464 1547 502 Appianorum
1562 466 1759 499 aedificatione
1772 470 1929 510 impedita,
1941 471 1997 511 legi
2009 473 2187 512 perinvitus.

1231 503 1333 542 Itaque
1352 505 1536 537 conscientia
1547 518 1620 538 meae
1639 509 1802 540 constantis
1818 522 1882 553 erga
1892 521 1919 542 te
1933 514 2099 544 voluntatis
2110 534 2118 548 ,
2139 524 2186 543 re—

1233 542 1330 582 scripsi
1340 545 1395 574 tibi
1412 546 1568 579 subiratus.
1591 552 1633 579 Iis
1651 550 1935 584 verblitterisleffis
1946 574 1954 587 ‚
1974 563 2045 595 quas
2056 556 2187 586 Philoti-

1233 593 1296 618 mo,
1308 585 1416 616 liberto
1427 597 1498 618 tneo
1509 609 1518 621 ‚
1538 590 1656 624 dedisti,
1670 596 1798 633 cognovi
1811 613 1820 628 ‚
1837 596 2034 637 intellexique
2044 617 2051 631 ,
2073 600 2104 627 in
2116 607 2186 638 pro·

1236 627 1336 672 vincia
1346 628 1459 658 multos
1469 629 1567 663 fuisse.
1582 634 1712 671 quinos,
1726 645 1787 675 quo
1797 638 1901 667 animo
1912 639 2055 669 internos
2071 639 2184 673 sumus,

1232 666 1289 696 este
1309 669 1444 700 nollent:
1463 672 1499 701 ad
1520 672 1624 702 urbem
1641 674 1710 704 vero
1730 686 1761 706 ut
1773 677 1922 708 accesseris
1936 699 1944 712 ,
1966 681 2015 710 vel
2031 681 2134 721 potius
2152 690 2186 711 ut

1232 709 1367 748 primum
1378 720 1446 741 tuos
1455 712 1583 747 videris,
1606 714 1750 756 cognoffe
1762 727 1788 747 te
1802 728 1839 748 ex
1855 722 1890 751 iis
1901 741 1909 754 ‚
1926 723 2026 762 quain
2043 732 2070 752 ee
2081 722 2186 753 absen-

1230 759 1293 780 tem
1306 749 1364 781 fide
1374 771 1382 785 ,
1394 755 1492 792 quain
1504 755 1649 785 omnibus
1661 755 1771 788 officiis
1781 762 1900 791 tuendis
1907 772 1972 804 erga
1983 772 2011 793 te
2025 765 2187 795 observans

1229 795 1279 825 tia,
1293 792 1498 826 &constantia
1510 795 1640 827 fuissem.
1665 800 1765 839 Itaque
1774 811 1877 840 quanti
1889 804 1964 834 illud
1976 815 2025 835 me
2038 806 2183 837 ¹izstimare

1232 842 1334 874 putas,
1353 836 1433 876 quod
1444 836 1487 867 est
1500 840 1533 867 in
1544 841 1602 868 tuis
1617 839 1724 870 litteris
1734 841 1874 881 scriptum
1887 855 1892 872 2
1917 844 2017 886 fiquid
2033 848 2184 881 inciderit.

1230 875 1312 915 quod
1326 877 1361 907 ad
1375 887 1473 908 meam
1494 879 1671 921 dignitatem
1684 885 1846 922 pertineat,
1865 884 1915 915 etsi
1932 897 1984 916 vix
2004 887 2064 919 fieri
2085 888 2181 929 poffit,

1227 922 1241 945 7
1253 926 1354 949 tamen
1364 927 1390 949 te
1401 929 1502 960 parem
1514 922 1592 952 mihi
1602 926 1725 964 gratiam
1741 926 1927 957 relaturum?
1949 931 1998 959 Tu
2009 929 2080 960 vero
2089 931 2182 962 facile

1226 957 1328 989 facies.
1353 970 1456 992 uiuit.
1467 972 1521 992 εετ
1533 965 1712 1006 enim,quod
1724 965 1831 1001 studio,
1846 968 1878 998 δε
1890 969 2094 1003 benivolentia
2104 993 2112 1006 ,
2133 974 2183 1004 vel

1226 1011 1331 1032 amore
1339 1002 1453 1042 potius,
1462 1003 1541 1035 effici
1551 1015 1615 1036 non
1627 1006 1725 1047 poss'it.
1749 1011 1813 1051 Ego
1824 1029 1832 1043 ‚
1845 1008 1895 1040 etsi
1905 1011 1938 1042 &
1952 1013 2010 1052 ipse
2023 1015 2059 1043 ita
2067 1014 2182 1054 judica-

1227 1042 1296 1073 bam
1308 1063 1317 1077 ,
1336 1046 1369 1074 ὃς
1380 1044 1487 1076 fiebam
1497 1047 1600 1078 crebro
1617 1061 1632 1080 zi
1643 1052 1720 1079 meis
1739 1060 1792 1091 per
1809 1052 1918 1083 litteras
1933 1056 2059 1084 certior:
2080 1065 2181 1087 tamen

1229 1087 1395 1116 maximam
1409 1087 1542 1118 laetitiam
1559 1092 1624 1130 cepi
1639 1101 1676 1121 ex
1690 1100 1749 1122 tuis
1759 1093 1864 1123 litteris
1874 1094 1912 1125 de
1922 1095 1971 1135 spe
1983 1098 2115 1127 minime
2125 1099 2182 1128 du-

1224 1126 1271 1157 bia
1282 1147 1291 1160 ,
1309 1128 1343 1158 8<
1353 1129 1441 1168 plane
1460 1131 1610 1170 explorata
1620 1134 1765 1174 triumphi
1775 1136 1834 1165 tui:
1852 1145 1951 1178 neque
1960 1137 2032 1167 vero
2051 1139 2091 1169 ob
2100 1150 2179 1175 eam,

1226 1169 1363 1204 causam,
1381 1181 1442 1211 quo
1458 1173 1520 1212 ipse
1533 1172 1650 1204 facilius
1671 1176 1883 1217 consequerer:
1909 1178 1992 1217 (nam
2003 1179 2034 1210 id
2054 1181 2179 1222 quidem

1225 1212 1374 1253 ξῆηκιέμ-εον
1383 1213 1436 1255 est)
1459 1215 1528 1249 sed,
1548 1218 1718 1248 mehercule
1730 1240 1739 1253 ‚
1756 1219 1839 1260 quod
1859 1230 1908 1252 tua
1925 1222 2072 1264 dignitas,
2092 1235 2181 1266 atquc

1222 1256 1390 1296 amplitudo
1399 1258 1477 1287 mihi
1487 1257 1530 1288 est
1538 1259 1599 1299 ipsa
1607 1269 1669 1290 cara
1678 1270 1730 1300 per
1740 1262 1778 1292 se.
1802 1264 1898 1304 Qare
1907 1268 2052 1305 quoniam
2064 1267 2177 1306 plureis

1222 1307 1254 1328 tu
1264 1298 1354 1330 habes
1363 1319 1372 1334 ‚
1389 1299 1479 1341 quam
1493 1303 1582 1331 ceteri
1593 1322 1603 1336 ‚
1616 1312 1691 1342 quos
1701 1303 1772 1334 scias
1783 1306 1815 1334 in
1825 1306 1901 1336 hanc
1910 1309 2097 1346 provinciam
2107 1319 2179 1349 pro-

1223 1339 1312 1372 ficisci
1325 1361 1334 1376 ,
1355 1342 1436 1383 quod
1447 1351 1473 1372 te
1482 1342 1662 1374 adeuntfere
1674 1355 1802 1380 omneS,
1823 1345 1924 1388 siquid
1938 1349 2029 1379 velis:
2052 1349 2178 1391 gratiffi-
2214 1378 2216 1380 .

1220 1393 1309 1413 mum
1324 1385 1401 1414 mihi
1412 1383 1526 1419 feceris,
1538 1383 1558 1415 si
1567 1385 1603 1415 ad
1613 1396 1677 1420 me,
1689 1385 1865 1429 simulatque
1873 1389 1997 1430 adeptus
2006 1392 2063 1421 eris
2075 1412 2084 1425 ,
2094 1392 2177 1433 quod

1220 1425 1297 1456 &tu
1309 1424 1457 1460 confidis,
1477 1427 1576 1468 &ego
1592 1437 1684 1467 opto,
1705 1429 1815 1461 litteras
1834 1431 1961 1462 miseris.
1985 1434 2084 1474 Longi
2103 1434 2173 1464 sub·-

1219 1467 1296 1496 sellii
1307 1468 1351 1506 (ut
1363 1467 1462 1498 noster
1472 1470 1633 1509 Pompejus
1642 1471 1779 1511 appellat)
1794 1472 1939 1512 judicatio
1950 1493 1958 1506 ‚
1979 1474 2015 1504 &5
2026 1484 2111 1505 mora
2123 1494 2131 1508 ,
2153 1474 2175 1505 fi

1216 1518 1309 1549 quem
1319 1509 1374 1540 tibi
1392 1511 1467 1540 item
1487 1519 1582 1541 unum
1595 1530 1603 1544 ,
1622 1511 1787 1543 alterumve
1805 1513 1887 1543 diem
1901 1513 2070 1550 abstulerit,
2089 1515 2175 1557 (quid

1216 1552 1300 1580 enim
1309 1550 1544 1591 potestatnplius
1556 1553 1583 1593 ?)
1595 1561 1643 1583 tua
1653 1562 1754 1583 tamen
1764 1554 1892 1594 dignitas
1902 1556 1989 1586 suum
2002 1557 2173 1588 locum2ob-

1215 1592 1333 1623 tinebit.
1356 1593 1423 1627 Sed,
1439 1592 1459 1622 fi
1470 1603 1519 1623 me
1529 1593 1629 1636 diligis
1639 1614 1648 1628 ,
1664 1594 1685 1624 s1
1695 1596 1711 1626 a
1721 1605 1770 1625 me
1780 1597 1864 1637 diligi
1876 1598 1921 1626 vis
1933 1617 1941 1631 ‚
1953 1597 1988 1628 ad
2000 1608 2050 1628 me
2061 1599 2173 1634 literas,

1214 1634 1347 1675 utquam
1358 1637 1493 1674 primum
1512 1635 1613 1666 laetitia
1622 1634 1752 1671 afficiar,
1777 1639 1903 1668 mittito.
1925 1641 2086 1675 Etvelim‚
2104 1642 2176 1672 reli-

1211 1685 1306 1716 quum
1318 1677 1400 1718 quod
1411 1677 1452 1708 est
1463 1676 1599 1717 promiffi
1611 1698 1620 1711 ,
1638 1688 1670 1708 ac
1691 1682 1826 1709 muneris
1845 1682 1906 1714 tui,
1926 1683 2004 1712 mihi
2013 1684 2172 1722 persolvas.

1211 1720 1289 1748 Cum
1301 1719 1393 1759 ipsam
1403 1721 1612 1761 cognitionem
1620 1720 1696 1760 juris
1706 1723 1821 1762 augurii
1831 1723 1974 1764 consequi
1983 1727 2073 1765 cupio
2083 1745 2091 1759 ,
2104 1735 2170 1757 tum

1210 1761 1380 1791 mehercule
1396 1764 1455 1792 tuis
1465 1762 1681 1792 incredibiliter
1698 1761 1803 1793 studiis
1812 1773 1878 1805 erga
1888 1774 1954 1798 me,
1978 1767 2171 1798 muneribus-

1208 1811 1267 1842 que
1286 1802 1430 1833 dele&or.
1454 1803 1546 1845 Qod
1565 1804 1691 1834 autema
1711 1814 1761 1834 me
1776 1805 1834 1834 tale
1849 1806 1993 1845 quiddam
2013 1806 2168 1843 defitiens,

1209 1844 1277 1873 sane
1289 1846 1367 1874 mihi
1376 1843 1623 1875 considerandum
1637 1845 1691 1878 est,
1704 1856 1837 1886 quonam
1849 1855 1875 1876 te
1891 1857 2066 1880 remunerer
2075 1851 2170 1890 potis-

1208 1882 1316 1915 fimum
1328 1895 1451 1926 genere:
1474 1897 1544 1917 nam
1556 1886 1691 1926 profeEib
1703 1897 1766 1917 non
1786 1886 1829 1917 est
1839 1898 1942 1920 meum
1960 1909 1968 1923 ‚
1988 1893 2040 1931 qui
2051 1893 2083 1922 in
2097 1893 2168 1922 scri·—

1207 1925 1307 1956 bendo
1323 1929 1368 1966 (ut
1378 1928 1454 1957 soles
1465 1928 1616 1969 admirari)
1636 1937 1750 1958 tantum
1761 1929 1912 1961 industriae
1930 1941 2040 1971 ponam
2052 1953 2060 1966 ,
2082 1943 2170 1964 com—

1206 1969 1345 2002 mittere,
1367 1971 1561 2010 utnegligens
1582 1970 1738 2000 scribendo
1758 1969 1849 2000 fuiffe
1866 1972 1982 2003 videar:
2004 1975 2169 2014 praesertim

1206 2019 1276 2040 cum
1287 2010 1317 2040 id
1328 2019 1391 2040 non
1401 2010 1494 2041 modo
1506 2011 1702 2061 negligentis,
1723 2011 1771 2042 sed
1783 2014 1875 2043 ctiam
1887 2016 1994 2056 ingrati
2005 2018 2100 2046 animi
2109 2020 2169 2048 cri—

1208 2061 1278 2082 men
1297 2050 1432 2082 futurum
1459 2051 1501 2083 fit.
1525 2055 1640 2083 Verum
1663 2054 1726 2084 haec
1746 2054 1929 2086 videbimus.
1961 2057 2041 2088 Illud
2054 2078 2063 2092 ,
2083 2059 2165 2099 quod

1204 2094 1356 2133 polliceris
1366 2115 1374 2128 ,
1394 2096 1486 2126 velim
1499 2104 1553 2135 pro
1565 2103 1612 2125 tua
1622 2094 1690 2130 fide,
1703 2096 1918 2139 diligentiaque
1930 2119 1938 2132 ‚
1952 2098 1985 2130 ὅ(
1997 2109 2052 2140 pro
2066 2100 2166 2131 nostra

1207 2146 1272 2166 non
1280 2135 1415 2167 instituta
1425 2157 1434 2171 ,
1459 2137 1509 2167 sed
1519 2137 1579 2176 jam
1590 2138 1751 2169 inveterata
1761 2141 1890 2170 amicitia
1901 2160 1910 2174 ,
1925 2151 2010 2171 cures
2019 2161 2028 2175 ,
2039 2143 2163 2176 enitare,

1204 2178 1420 2219 utsupplicatio
1430 2179 1519 2209 nobis
1537 2178 1628 2220 quim
1649 2179 1970 2217 honorificentissime,
1990 2183 2082 2224 quam
2104 2188 2165 2225 pri-

1204 2230 1351 2261 mumque
1369 2221 1553 2251 decernatur.
1578 2223 1716 2252 Omnino
1728 2222 1818 2252 serius
1837 2223 1904 2254 misi
1920 2225 2051 2259 litte-ms,
2068 2231 2162 2266 quam

1203 2262 1314 2292 vellem
1326 2273 1332 2292 :
1354 2264 1388 2294 in
1411 2273 1473 2304 quo
1497 2262 1569 2293 cum
1592 2262 1940 2308 difficultas‘navigandi
1966 2266 2026 2298 fuit
2047 2269 2160 2301 odiosa,

2069 2313 2078 2328 ¹
2094 2319 2160 2340 tum

210 2343 2152 2362 Ἣ

237 2369 262 2387 1.
281 2363 428 2398 φρικὶ-[ἱραί
437 2374 471 2389 me
488 2365 620 2397 astutiorem
632 2366 717 2398 fingrt:
739 2364 798 2403 qnid
809 2367 884 2397 potefi
902 2366 942 2399 effe
960 2365 1094 2398 caladiam]
1117 2367 1160 2392 Sic
1176 2376 1178 2380 ’

195 2403 259 2422 ante
270 2397 392 2425 Lambin.
409 2400 496 2435 prima
505 2399 588 2426 editio
608 2408 638 2426 ac
647 2398 761 2426 ViStorii
773 2411 779 2426 ς
800 2403 841 2434 qui
870 2409 899 2426 ro
909 2401 961 2434 quis
972 2408 1000 2426 ut
1011 2401 1100 2436 {nullo
1115 2400 1157 2428 su-

196 2441 243 2471 pra
254 2441 263 2463 ς
277 2434 301 2467 fi
307 2435 585 2469 qtcifitosummfunffm
594 2436 646 2468 effer
655 2437 722 2469 offitio
733 2455 741 2467 ,
755 2445 788 2462 ex
803 2409 871 2462 pall).
881 2436 931 2462 sec.
943 2438 1025 2463 Grut.
1037 2437 1157 2464 Vatimn.

193 2475 249 2500 jam
260 2469 369 2495 callidius
377 2470 412 2496 est
422 2471 447 2497 iri
458 2471 555 2506 primo,
565 2479 654 2506 quart.
667 2472 754 2506 quint.
767 2473 792 2498 in
804 2472 887 2498 Peck.
899 2473 980 2498 Grut.
993 2473 1018 2499 in
1029 2471 1079 2498 sec.
1091 2480 1156 2500 tert.

194 2504 299 2529 calidius·
308 2512 372 2540 puto
382 2507 488 2542 antiqua
507 2506 634 2542 scriptura
644 2517 695 2534 non
706 2508 858 2543 geminante
873 2507 985 2543 liquidas
996 2509 1039 2535 has
1056 2508 1155 2545 saepius.

196 2539 280 2575 vulgo
291 2542 427 2567 incalIiAius
445 2543 523 2570 nimis
536 2542 675 2570 frivolum.
695 2546 824 2570 Cetei-um
836 2544 924 2580 paullo
935 2544 990 2579 post
1000 2545 1035 2571 est
1047 2545 1072 2572 in
1085 2545 1153 2571 l'all.

193 2575 246 2602 sec.
265 2585 316 2601 cum
322 2577 448 2611 prsfiru'm
457 2580 519 2604 rm'hi.
531 2581 596 2612 ustam
614 2586 745 2604 venturum
763 2589 807 2605 non
817 2582 964 2606 arbitrarer.
984 2583 1056 2616 quod
1081 2580 1158 2608 valde

192 2611 294 2647 probo:
308 2613 350 2638 Sic
361 2612 449 2639 l'laut.
460 2614 592 2649 Cistell.st
598 2616 649 2649 quia
659 2625 723 2640 unus
731 2619 835 2641 venerit.
857 2617 926 2642 Item
939 2616 1033 2642 Bacch.
1043 2618 1160 2650 Aufugcro

197 2648 273 2673 hercle
285 2649 320 2682 ,fi
329 2649 400 2682 mergit
409 2650 466 2683 usus
473 2653 575 2676 venerit.
588 2651 804 2677 'serenent-aut.
817 2655 868 2677 Non
879 2652 934 2685 usus
942 2654 1103 2685 ’veninspern
1112 2661 1158 2680 aut

194 2681 214 2709 fi
225 2683 292 2710 nolis
304 2683 337 2710 fic
346 2685 475 2721 accipere,
486 2686 571 2722 accipe
582 2693 611 2712 ut
620 2686 691 2712 idem
702 2687 769 2712 Aser
782 2686 890 2713 Phorm.
911 2690 959 2712 Nec
969 2696 1019 2712 cum
1029 2689 1159 2721 hujusmodi

193 2726 300 2753 unquam
309 2720 367 2754 usuc
375 2725 443 2747 venit
454 2741 462 2754 ,
474 2729 500 2746 ut
510 2724 657 2756 conflit‘lares
668 2723 737 2748 malo.
748 2722 817 2749 Pau.
828 2730 892 2749 tert.
902 2723 954 2756 ufiu'
964 2730 1101 2750 venturum.

229 2771 258 2788 2.
276 2767 303 2789 Si
311 2771 355 2789 aut
365 2765 491 2798 legatorum
500 2772 594 2791 tuomaem
605 2769 704 2799 cuipiam
715 2775 740 2792 a.
747 2767 816 2801 praef.
837 2776 863 2793 a.
874 2773 908 2792 tr.
919 2768 959 2792 ml.
977 2767 1154 2801 maledicitur]

196 2795 265 2824 ueic
273 2800 360 2834 potius
377 2801 439 2827 aliis
458 2800 557 2827 credidi
579 2811 658 2838 quam
678 2802 763 2833 mihi3
783 2810 847 2838 puta
858 2801 980 2829 ViStorio
992 2822 1000 2835 ,
1020 2804 1155 2836 Manutio,

195 2830 323 2870 {Ambino
333 2835 397 2863 hanc
407 2835 550 2864 leEiionem
561 2838 748 2864 exhibentibus
761 2858 769 2871 ‚
789 2838 930 2865 accedente
948 2839 1076 2866 Vaticano
1093 2839 1152 2866 cod.

196 2874 286 2907 1n0quo
303 2870 363 2897 talis
373 2871 501 2909 scriptura
520 2873 609 2900 restat.
629 2881 747 2900 ceterum
764 2875 852 2901 nullus
874 2874 1023 2901 nostrorum
1042 2875 1103 2901 huic
1113 2875 1153 2901 le-

195 2899 280 2930 {honi
299 2904 385 2934 favet:
406 2917 521 2943 quorum
532 2916 596 2936 tert.
607 2911 635 2937 δε
646 2912 759 2937 Gruter.
777 2913 900 2944 quippiam
909 2911 1027 2944 autpraef.
1039 2918 1083 2936 am
1093 2913 1151 2937 mh.

196 2939 296 2965 rnilitum
305 2943 362 2966 mall
379 2942 454 2970 dieit:
471 2944 542 2980 quod
553 2955 604 2981 ego
622 2956 674 2973 non
686 2945 808 2982 spei-uere
827 2946 973 2973 rationibus
992 2947 1057 2973 mihi
1078 2947 1151 2973 domi

196 2973 334 3001 conduelis
344 2977 452 3012 poffiim.
462 2981 562 3015 primus
573 2983 637 3009 vero
648 2982 750 3009 accedit
760 2982 791 3009 ad
803 2982 983 3009 Vi&orianam
995 2982 1058 3009 leet.
1072 2983 1150 3019 quip-

195 3016 228 3043 pe
238 3012 343 3050 quipiam
352 3012 380 3037 δε
390 3016 490 3047 cuipiam
502 3035 510 3048 ,
527 3017 583 3050 jain
593 3019 656 3045 vero
668 3026 695 3044 κε
707 3038 715 3050 ,
734 3019 798 3055 saepe
808 3028 841 3045 ex
853 3018 990 3045 brevitatis
1002 3019 1152 3054 ignorantia

195 3053 346 3080 praeteritur
357 3056 365 3077 ς
376 3055 406 3075 ut
418 3050 502 3077 modo
512 3051 597 3088 supra.
616 3054 688 3080 lllud
701 3064 763 3081 vero
775 3054 847 3081 τεᾶς
860 3055 896 3081 est
907 3064 939 3080 ex
952 3055 1036 3082 Palat.
1048 3065 1088 3090 pr.
1099 3054 1150 3081 sec·
1171 3063 1173 3089 L

195 3080 278 3107 Grut.
291 3081 387 3109 Medic.
398 3085 483 3112 Vatic.
494 3087 662 3116 emendatum
673 3109 682 3121 ,
693 3098 737 3116 tut
746 3093 771 3117 in
778 3091 866 3123 pluris.
892 3091 975 3127 vulgo
988 3092 1078 3131 inepte
1089 3111 1096 3123 ,
1109 3098 1152 3116 mn
1171 3108 1172 3117 i

190 3124 313 3181 §¹133th
317 3136 329 3182 t,
347 3118 420 3154 quod
429 3128 516 3151 tamen
526 3124 602 3154 velut
609 3124 763 3163 legitimum
771 3126 913 3156 nonnullos
933 3127 1036 3156 codices
1056 3127 1150 3157 invasit

1237 2375 1250 2402 3
1259 2387 1264 2393 .
1286 2369 1397 2401 Nostrafi
1407 2370 1523 2401 angustior
1535 2388 1542 2399 ,
1551 2369 1631 2402 &fij
1654 2368 1740 2404 Vulgo
1754 2373 1869 2402 angustiat·
1878 2375 1932 2397 erit.
1953 2371 1995 2398 sed
2007 2372 2074 2398 istud
2088 2372 2159 2398 rerbi

1200 2412 1285 2438 neque
1295 2403 1322 2430 in
1334 2403 1489 2430 melioribus
1500 2403 1660 2431 editionibus
1673 2424 1682 2436 ,
1700 2415 1784 2441 neque
1795 2406 1821 2432 in
1832 2406 1893 2433 ullis
1912 2407 1970 2433 mss.
1991 2407 2160 2443 conspicitur.

1199 2442 1338 2470 amandavi
1355 2445 1420 2480 ergo
1442 2441 1480 2474 εἰς
1500 2439 1643 2482 μέρμιθι
1666 2454 1783 2473 ceterum
1794 2449 1821 2474 in
1832 2447 1953 2474 omnibus
1965 2449 2059 2476 nostris
2071 2468 2079 2480 ‚
2091 2457 2121 2475 ut
2131 2450 2160 2474 ὃς

1202 2482 1287 2509 tribus
1307 2483 1411 2511 Guliel.
1431 2484 1467 2511 est
1477 2486 1590 2511 limitabit
1609 2495 1659 2511 non
1670 2488 1775 2512 liniant.
1797 2487 1923 2522 Egnatius
1944 2489 2005 2523 quia
2023 2488 2163 2515 invenerat

1200 2518 1228 2544 in
1239 2518 1367 2545 Medicaeo
1377 2522 1526 2547 lima—vitam
1535 2520 1600 2556 legit
1611 2524 1717 2547 elima-vit
1729 2542 1736 2553 ,
1747 2522 1818 2557 quod
1830 2523 1937 2549 verbum
1948 2524 1983 2551 cst
1996 2525 2120 2550 Latia-,im
2132 2526 2161 2550 8.-

1200 2556 1334 2590 proprium
1347 2556 1423 2590 hujus
1434 2556 1518 2583 sensus
1534 2576 1541 2588 ‚
1560 2556 1669 2583 due'ium
1683 2560 1697 2583 a
1717 2558 1779 2583 liinu
1799 2567 1856 2618 quse
1875 2560 1968 2586 atterit
1987 2560 2057 2595 quod
2072 2559 2162 2596 super—

1199 2591 1272 2617 fluit.
1292 2591 1360 2617 Mihi
1372 2592 1397 2617 in
1409 2593 1457 2618 illo
1467 2594 1595 2617 Limiralut
1610 2593 1705 2619 stibeffe
1715 2594 1796 2629 aliqui
1827 2593 1935 2630 suspicio
1954 2595 2007 2622 cst:
2028 2595 2160 2631 altiuique

1200 2633 1241 2653 tot
1252 2626 1373 2654 codicum
1385 2627 1449 2654 fides
1459 2628 1528 2663 apud
1540 2637 1581 2654 me
1596 2628 1706 2655 fundata
1715 2629 1750 2656 cst
1764 2648 1772 2661 ,
1791 2639 1870 2665 quain
1888 2631 1928 2656 vel
1940 2631 2160 2669 momentasaga-

1198 2662 1303 2689 ciffimae
1313 2663 1471 2696 conjeehirae
1482 2663 1523 2690 seu
1534 2665 1673 2691 acuminis.
2138 2676 2141 2682 ·

1237 2706 1265 2729 4.
1286 2700 1356 2725 Nihil
1365 2702 1441 2732 putes?
1457 2699 1496 2732 effe
1514 2701 1680 2734 inimicitius]
1703 2701 1735 2726 Et
1747 2701 1795 2727 hoc
1813 2709 1928 2737 quatuor
1948 2703 2015 2730 Pan.
2036 2704 2155 2740 priorum

1200 2734 1326 2769 scriptura
1336 2735 1390 2761 est:
1413 2744 1442 2762 ac
1451 2736 1617 2762 Grutcriani.
1641 2738 1720 2772 vulgo
1739 2741 1870 2764 mimici-us.
1892 2738 1952 2766 vide
1962 2739 2095 2776 supr-ahoe
2111 2750 2158 2767 eo-

1198 2769 1259 2796 dem
1271 2769 1352 2796 libro.

1235 2815 1261 2839 5.
1283 2808 1312 2832 Ι»
1329 2816 1384 2840 agro
1400 2808 1555 2842 Moshestia]
1577 2809 1619 2834 Ita
1632 2808 1766 2835 vieiorius
1780 2828 1788 2841 ‚
1807 2809 1881 2836 Med.
1903 2810 1960 2837 Pal.
1978 2821 2019 2846 pr.
2032 2811 2158 2838 secundus

1199 2842 1261 2867 vei-‹¹›
1273 2842 1302 2867 8(
1318 2842 1398 2868 l‘cck.
1410 2845 1546 2876 Mql'chcriae.
1559 2851 1623 2870 tert.
1644 2846 1752 2878 mosestis.
1764 2853 1850 2880 quart.
1862 2847 1951 2882 quint.
1962 2849 2091 2881 Mvſjrestiae.
2112 2849 2157 2874 alii

1197 2877 1342 2904 utvfflor.
1362 2879 1389 2904 δε
1411 2878 1506 2905 Lamb.
1526 2882 1698 2914 Mogy‘uL-estiae5
1717 2881 1781 2908 sicut
1798 2880 1900 2909 dudum
1919 2891 1979 2910 ante
1997 2884 2061 2911 illos
2081 2892 2156 2912 natos.

1197 2913 1352 2940 emendarat
1363 2915 1502 2949 Egnatius.

1231 2949 1259 2975 6.
1279 2954 1367 2985 Qque
1379 2950 1468 2976 domum
1478 2960 1588 2985 umquam
1607 2951 1640 2976 ad
1657 2961 1690 2977 me
1708 2954 1803 2979 litteras
1812 2954 1932 2989 mitram]
1956 2955 2156 2991 Elegantiss‘zm'e

1197 2984 1224 3010 St
1237 2984 1393 3012 omnimodo
1403 2986 1546 3013 Tulliam—2
1569 2996 1601 3014 cx
1613 2987 1735 3015 Υἰᾶὶοῖίο
1745 2999 1774 3015 :ic
1782 2991 1910 3017 Vaticano
1923 3010 1930 3023 ,
1940 2991 1968 3017 in
1979 2992 2073 3027 quibus
2086 2993 2153 3018 Pan.

1194 3028 1250 3046 erat
1262 3021 1366 3046 admeas
1376 3023 1413 3047 lit.
1432 3023 1477 3057 qui
1489 3023 1565 3056 hujus
1578 3024 1718 3051 venustatis
1728 3025 1783 3052 vim
1802 3035 1854 3053 non
1865 3036 1992 3063 ceperunt
2003 3047 2011 3059 ,
2031 3028 2157 3063 legerunt

1194 3056 1228 3081 ad
1244 3065 1302 3082 meos
1313 3059 1406 3082 litteras
1417 3062 1519 3084 mirram.

1230 3100 1257 3125 7.
1279 3094 1365 3119 ‘tamen
1384 3101 1405 3118 te
1419 3103 1502 3127 parem
1518 3097 1575 3121 mihi
1589 3099 1697 3129 gratnm
1718 3099 1883 3133 relaturum]
1906 3099 1970 3126 Non
1990 3099 2099 3136 illepida
2119 3099 2155 3126 est

1195 3127 1280 3164 prima
1298 3127 1394 3159 codicis
1414 3131 1569 3161 Grutcriaui
1592 3131 1738 3168 scriptura:
1767 3136 1887 3163 Periuria-,³
1908 3138 1966 3165 mihi
1987 3137 2156 3170 gravare-'‘a-

1193 3171 1286 3193 turum.

1589 3205 1730 3243 00003
2064 3209 2158 3234 istrum
