2302 3353
67 984 111 1017 30

62 2478 100 2523 31

622 158 651 193 D
686 164 714 194 E

128 229 163 262 da
173 230 228 262 sint
236 231 268 261 in
277 227 364 260 causis
376 248 384 263 ‚
396 226 577 267 reperiantur
596 228 608 254 .>
629 236 693 267 quae
705 235 888 267 quamquam
898 227 949 257 abs
959 237 987 257 te
999 238 1083 258 novo

126 274 257 314 quodam
267 271 360 302 modo
371 291 379 303 ‚
391 269 583 309 praeclareque
594 268 752 300 dicuntur,
766 269 833 298 sunt
842 276 943 298 tamen
956 269 989 298 &
999 279 1029 298 re
1039 269 1083 299 fa-

126 315 228 345 ciliora
239 334 247 348 ,
268 313 459 352 &praeceptis
469 318 620 351 pervagata
631 320 636 337 2
655 309 706 339 illa
715 309 859 349 deprome
870 310 960 339 nobis
972 329 979 342 ‚
1002 309 1082 339 unde

127 354 226 386 afferas
235 364 299 395 quae
310 352 463 393 saepiffime
473 351 588 385 metas,
601 352 771 391 semperque
782 351 940 381 divinitus.
963 353 1083 390 Depro-

128 406 210 426 mam
227 394 368 436 equidem
379 414 387 428 ‚
406 395 506 435 inquit
525 395 676 423 Antonius
685 413 693 426 ,
716 394 748 422 &
758 403 819 433 quo
837 391 954 434 facilius
974 393 1004 422 id
1024 392 1039 422 a
1059 400 1088 422 te

125 436 339 478 exigam,quod
349 435 509 476 peto,nihil
520 435 574 465 tibi
589 435 604 464 a
616 445 665 464 me
674 433 835 475 postulanti
845 434 992 465 recusabo.
1009 436 1086 463 Meae

126 481 219 510 totius
230 480 384 511 orationis,
398 477 430 507 &
441 476 524 507 istius
534 475 622 517 ipsius
640 478 672 506 in
683 476 812 506 dicendo
822 476 980 510 facultatis,
993 485 1083 516 quam

128 519 222 550 modo
234 517 348 550 Crass‘us
367 522 399 549 in
409 519 522 549 coelum
532 518 632 548 verbis
642 518 769 551 extulit,
790 527 847 548 tres
858 519 925 548 sunt
943 520 1084 550 rationes,

128 571 162 592 ut
176 561 244 592 ante
264 561 330 591 dixi
355 572 360 590 :
383 571 441 591 una
452 559 717 590 conciliandorum
731 561 894 590 hominum
906 580 913 593 ,
934 559 1087 589 311613110-

128 603 293 635 cendorum
305 623 313 636 ,
326 605 410 633 tertia
418 602 676 632 concitandorum.
718 603 834 631 Harum
855 603 946 631 trium
956 602 1085 640 partium
1108 631 1109 636 ¹

126 647 224 686 prima
233 644 378 673 lenitatem
388 646 531 674 orationis
542 665 549 677 ,
562 643 688 674 secunda
697 653 813 672 acumen
825 663 833 676 ‚
847 645 931 672 tertia
942 643 1003 670 vim
1013 641 1087 671 desi-

128 687 217 717 derat.
240 696 312 716 nam
324 687 382 716 hoc
392 684 505 716 necefl'e
517 685 560 715 est
570 705 579 718 ,
602 693 634 714 ut
648 687 673 714 is
685 705 693 717 ‚
714 686 766 725 qui
777 684 865 714 nobis
874 684 991 714 causam
1001 683 1086 724 adju-

127 728 276 758 dicaturus
288 728 333 761 sit,
345 737 394 758 aut
404 728 597 757 inclinatione
607 727 771 756 voluntatis
782 726 964 766 propendeat
974 728 1007 754 in
1017 735 1085 758 nos,

127 778 177 800 aut
186 769 367 800 defensionis
377 770 558 811 argumentis
568 767 736 801 adducatur,
749 777 799 797 aut
807 769 903 797 animi
918 768 1087 807 permotio-

127 821 167 841 ne
176 820 306 852 cogatur.
329 811 387 842 Sed
407 812 551 851 quoniam
562 808 613 838 illa
624 819 687 848 pars
696 829 704 842 ,
729 811 762 838 in
772 819 829 850 qua
847 819 946 839 rerum
958 809 1087 848 ipsanim

129 853 304 892 explicatio,
317 863 348 883 ac
358 850 489 882 defenfio
498 849 589 890 posita
597 850 640 880 est
651 871 659 883 ,
670 851 790 881 videtur
800 861 927 881 ornnem
937 851 1026 890 hujus
1038 860 1088 891 ge-

129 897 210 926 neris
219 893 297 935 quasi
306 893 474 923 1106111113111
484 894 638 922 continere
648 913 656 926 ‚
678 892 713 923 de
725 902 756 922 ea
764 892 901 932 primum
912 893 1085 934 loquemur,

131 937 164 966 &
173 946 264 976 pauca
274 936 416 965 dicemus.
439 937 530 964 Pauca
542 935 625 963 enim
636 934 721 968 sunt,
742 945 808 975 quae
819 936 871 964 usu
880 936 943 974 jam
956 933 1084 967 metata,

132 978 165 1008 &
173 979 276 1007 animo
285 975 363 1017 quafi
381 975 487 1006 habere
505 984 604 1006 notata
613 976 778 1006 videamur.
802 979 846 1007 Ac
866 977 920 1006 tibi
941 977 1085 1016 sapienter

129 1019 286 1051 monenti,
309 1020 344 1047 L.
356 1015 450 1047 Crasse
462 1037 470 1051 ,
492 1017 620 1047 libenter
630 1015 824 1048 ass'entiemur
833 1039 841 1052 ,
865 1027 898 1048 ut
907 1017 1087 1059 singularum

126 1060 277 1091 causarum
287 1057 476 1089 defensiones
486 1079 494 1092 ,
515 1069 586 1099 quas
597 1059 693 1090 solent
702 1059 834 1100 magistri
851 1062 952 1100 pueris
963 1059 1086 1093 tradere,

128 1102 332 1142 relinquamus
352 1111 357 1129 :
376 1102 542 1141 aperiamus
560 1110 659 1131 autem
671 1112 704 1132 ea
719 1104 814 1141 capita
824 1122 832 1135 ,
850 1102 929 1132 unde
940 1103 1042 1132 omnis
1052 1101 1087 1131 ad

129 1152 256 1174 ornnem
266 1143 298 1173 &
308 1142 424 1172 causam
437 1163 445 1176 ‚
467 1143 499 1172 &
511 1145 678 1173 orationem
698 1143 858 1183 disputatio
869 1143 996 1173 ducitur.
1021 1145 1089 1172 NE-

130 1194 199 1223 Qiz
208 1186 291 1214 enim
303 1203 311 1217 ,
332 1186 450 1225 quoties
460 1184 587 1214 verbum
597 1185 718 1226 aliquod
728 1185 770 1215 est
779 1185 973 1216 scribendum
985 1184 1086 1217 nobis,

128 1228 215 1257 toties
228 1226 291 1266 ejus
300 1226 384 1255 verbi
395 1226 499 1256 litterae
510 1227 578 1257 sunt
587 1228 767 1268 cogitatione
779 1227 994 1268 conquirendae
1006 1237 1011 1256 t
1032 1236 1088 1256 nec

126 1269 242 1310 quoties
262 1268 343 1298 causa
352 1267 476 1298 dicenda
486 1267 529 1298 est
537 1289 545 1302 ,
566 1271 654 1298 toties
666 1268 700 1298 ad
726 1269 750 1308 ej
756 1279 788 1299 us
799 1270 891 1300 causae
911 1267 1034 1309 seposita
1042 1278 1087 1298 ai·—

126 1318 270 1351 gumenta
279 1309 395 1340 revolvi
405 1319 461 1339 nos
471 1318 589 1349 oportet
599 1321 604 1338 t
618 1310 666 1340 sed
676 1310 783 1340 habere
793 1320 888 1341 certos
899 1311 982 1341 locos
993 1331 1000 1344 ‚
1019 1312 1084 1351 qui,

128 1360 162 1381 ut
172 1351 275 1381 litterae
285 1350 320 1381 ad
329 1350 455 1381 verbum
466 1351 656 1381 scribendum
671 1372 679 1385 ‚
701 1350 738 1382 sic
746 1353 793 1382 illi
805 1352 840 1382 ad
853 1353 970 1383 causam
991 1351 1087 1392 expli-

126 1392 251 1424 candam
261 1413 269 1426 ,
291 1392 387 1422 statim
399 1402 565 1423 occurrant.
591 1394 647 1424 Sed
665 1395 697 1423 hi
716 1394 775 1424 loci
792 1396 819 1424 ei
830 1395 957 1424 demum
977 1395 1086 1424 oratori

126 1432 259 1475 prodess'e
268 1432 388 1474 poisunt
398 1454 406 1468 ,
417 1437 469 1474 qui
481 1433 523 1464 est
533 1436 663 1465 versatus
672 1437 706 1466 in
717 1436 804 1466 rebus
815 1456 823 1470 ‚
844 1437 892 1466 vel
908 1437 960 1476 ufic
972 1457 980 1470 ,
994 1445 1085 1476 quem

126 1485 194 1507 aetas
210 1475 340 1516 denique
358 1474 443 1506 affert
463 1487 468 1504 z
490 1477 539 1506 vel
558 1477 711 1508 auditione
723 1498 731 1511 ,
754 1478 788 1508 &
797 1480 977 1519 cogitatione
989 1498 997 1511 ,
1018 1487 1084 1518 quae

125 1516 224 1548 studio
234 1517 267 1547 &
276 1518 430 1558 diligentia
437 1520 588 1557 praecurrit
597 1526 715 1548 atatem.
728 1522 809 1550 Nam
820 1519 840 1549 fi
851 1529 880 1550 tu
890 1521 968 1549 mihi
980 1530 1086 1560 quam-

123 1561 171 1590 vis
180 1558 330 1589 eruditum
350 1560 510 1589 hominem
520 1560 680 1591 adduxeris
691 1582 699 1595 ,
720 1561 857 1602 qua'rnvis
867 1571 965 1592 acrem
977 1562 1009 1591 ὃ(
1017 1572 1086 1591 3611-

125 1609 192 1632 turn
201 1602 234 1630 in
244 1601 414 1642 cogitando,
432 1603 569 1642 quamvis
577 1603 611 1633 ad
622 1603 881 1643 pronuntiandum
892 1602 1080 1644 expeditum,

125 1641 147 1672 fi
157 1644 212 1672 erit
220 1642 302 1673 idem
321 1645 354 1673 in
364 1644 579 1674 consuetudine
594 1647 720 1675 civitatis
732 1666 741 1678 ‚
761 1647 794 1675 in
806 1647 954 1686 exemplis
964 1665 972 1679 ‚
994 1647 1027 1675 in
1037 1645 1086 1675 in-

126 1683 247 1718 stitutis,
257 1686 290 1714 in
300 1685 435 1715 moribus
445 1696 477 1716 ac
484 1686 690 1717 voluntatibus
702 1688 818 1717 civium
831 1688 952 1727 suorum
965 1687 1080 1727 hospes,

124 1735 190 1756 non
207 1725 340 1756 multum
354 1729 382 1758 ei
401 1727 460 1758 loci
470 1727 635 1768 proderunt
644 1729 690 1758 illi
701 1749 709 1762 ,
731 1739 770 1759 ex
788 1729 898 1770 quibus
910 1737 1086 1771 argumenta

124 1776 313 1808 promuntur.
336 1768 457 1800 subatro
478 1770 557 1800 mihi
575 1772 700 1812 ingenio
720 1780 795 1811 opus
815 1770 858 1801 est
871 1792 878 1805 ,
900 1780 932 1801 ut
942 1781 1009 1811 agro
1022 1780 1086 1801 non

126 1810 216 1839 semel
226 1818 314 1844 arato,
326 1811 374 1841 sed
387 1821 506 1846 novato,
520 1812 553 1842 &
563 1813 678 1847 iterato,
691 1823 751 1854 quo
762 1813 901 1843 meliores
916 1813 1006 1844 foetus
1018 1814 1087 1854 pos-

123 1849 167 1885 fit,
180 1851 213 1881 &
222 1852 394 1892 grandiores
405 1853 502 1884 edere.
526 1854 667 1885 SubaEtio
684 1865 795 1888 aurem,
806 1854 849 1885 est
859 1855 927 1885 usus
938 1876 945 1889 ‚
959 1856 1084 1888 auditio,
1105 1890 1106 1893 Ἰ

1105 1895 1107 1902 “
1126 1893 1169 1922 1111
1180 1893 1215 1923 ad
1226 1904 1286 1923 me.
1309 1894 1390 1924 Illud
1400 1895 1434 1925 ad
1448 1905 1508 1928 me,
1520 1905 1551 1924 ac
1563 1895 1658 1924 multa
1668 1897 1758 1925 etiam
1771 1897 1864 1936 magis
1877 1894 1913 1925 ad
1924 1903 1989 1927 vos,
2002 1895 2088 1923 Cotta

123 1892 235 1927 leffio,
255 1894 369 1924 litterae.
393 1897 437 1925 Ac
457 1893 594 1935 primum
612 1906 748 1927 naturam
768 1898 860 1927 causae
878 1898 997 1930 videat,
1019 1907 1084 1938 quae

116 1944 280 1975 *nunquam
290 1936 361 1965 latet
374 1946 380 1964 :
400 1935 555 1967 factumne
566 1936 601 1968 fit
611 1958 619 1971 ,
631 1947 776 1979 quaeratur
787 1959 795 1972 ,
806 1949 843 1968 an
854 1959 861 1972 ,
873 1939 958 1979 quale
970 1938 1003 1969 sit
1014 1959 1022 1972 ,
1036 1949 1084 1973 an,

123 1977 205 2017 quod
214 1979 329 2005 no‘men
339 1977 441 2007 habeat
455 1988 460 2006 t
481 1988 541 2019 quo
551 1979 704 2019 perspesto
712 2000 720 2012 ,
746 1979 848 2009 statim
859 1982 987 2010 occurrit
998 1989 1086 2010 natu-

125 2017 314 2058 raliquadam
325 2017 500 2057 prudentia,
521 2029 584 2050 non
594 2021 640 2050 his
661 2020 911 2051 subduenonibus
924 2041 932 2055 ,
953 2031 1023 2062 quas
1034 2020 1082 2051 isti

124 2059 253 2092 docent,
265 2060 336 2099 quid
346 2059 432 2090 faciat
441 2061 567 2095 causam,
580 2061 610 2091 id
621 2061 673 2094 est,
692 2072 753 2102 quo
763 2062 877 2093 sublato
887 2062 1084 2092 controversia

125 2099 197 2130 stare
208 2110 272 2130 non
280 2099 367 2140 possit
384 2111 389 2129 :
415 2101 524 2132 deinde
535 2122 542 2136 ,
567 2103 640 2143 quid
650 2106 751 2133 veniat
761 2105 794 2133 in
810 2104 960 2142 judicium
974 2124 982 2138 ,
1002 2104 1083 2145 quod
1104 2115 1105 2120 ¹

124 2141 172 2172 isti
183 2140 335 2181 ficjubent
345 2152 473 2183 quaerere
486 2154 491 2172 z
504 2143 658 2174 interfecit
669 2147 807 2184 Opimius
820 2147 999 2175 Gracchum.
1010 2146 1082 2186 quid
1104 2141 1105 2160 ³

1103 2195 1105 2204 ¹
1124 2183 1251 2214 debeant
1264 2195 1270 2212 :
1288 2184 1344 2214 nifi
1354 2184 1432 2215 forte
1443 2185 1620 2215 existimatis
1632 2205 1640 2218 ,
1660 2184 1676 2215 a
1688 2188 1793 2216 Manio
1805 2188 1897 2215 Curio
1909 2185 2025 2215 causam
2038 2184 2086 2214 di-

123 2182 194 2214 facit
204 2184 318 2214 causam
331 2184 432 2225 ?qu0d
443 2184 593 2226 reipublicae
607 2186 702 2225 causa,
713 2196 785 2216 cum
796 2196 833 2215 ex
845 2187 966 2216 senatus
963 2187 1083 2217 consul-

122 2233 155 2256 to
164 2225 198 2255 ad
208 2235 288 2256 arma
297 2224 426 2256 vocaffet
439 2238 444 2254 :
456 2228 514 2257 hoc
525 2227 596 2257 tolle
606 2247 614 2261 ,
634 2229 718 2258 causa
728 2238 792 2258 non
801 2230 866 2258 erit.
892 2231 931 2258 At
944 2228 973 2258 id
984 2229 1082 2269 ipsum

121 2275 207 2308 negat
224 2276 324 2298 contra
341 2267 420 2310 leges
434 2267 548 2299 licuisse
556 2271 680 2299 Decius.
703 2272 814 2300 Veniet
838 2271 931 2310 igitur
948 2272 980 2300 in
997 2270 1082 2310 judi-

121 2310 216 2341 cium,
226 2309 373 2339 licueritne
382 2320 419 2340 ex
428 2310 693 2344 senatusconsulto,
700 2311 848 2341 servanda:
859 2312 973 2352 reipub.
988 2313 1079 2342 causa.

120 2350 274 2390 Perspicua
283 2351 352 2381 sunt
360 2352 423 2382 haec
431 2352 568 2392 quidem,
579 2353 611 2383 &
622 2354 654 2383 in
664 2353 777 2395 vulgari
788 2353 944 2393 prudentia
952 2353 1014 2388 sita,
1031 2353 1079 2384 sed

120 2392 174 2422 illa
180 2392 335 2433 quaerenda
343 2413 352 2427 ‚
372 2403 437 2434 quae
449 2394 484 2423 ab
503 2395 668 2425 accusatore
688 2395 720 2425 &
732 2394 887 2425 defensore
908 2404 1081 2437 argumenta

122 2433 158 2464 ad
168 2434 198 2464 id
211 2454 219 2468 ,
230 2433 311 2474 quod
321 2436 354 2464 in
360 2435 512 2474 judicium
524 2437 627 2470 venit,
640 2436 800 2476 specstantia
814 2457 821 2470 ,
835 2436 962 2467 debeant
971 2436 1076 2467 afferri.

125 2478 221 2516 Atque
238 2474 288 2506 hic
304 2476 381 2507 illud
392 2477 561 2507 videndum
581 2477 624 2508 est
635 2499 643 2511 ‚
663 2481 695 2508 in
715 2488 776 2519 quo
787 2479 926 2509 summus
948 2478 990 2509 est
1001 2489 1082 2509 error

123 2516 250 2547 istorum
260 2516 470 2559 magistrorum
481 2539 489 2553 ,
508 2519 543 2550 ad
563 2530 638 2560 quos
658 2520 768 2550 liberos
784 2519 900 2550 nostros
916 2523 1079 2555 mittimus,

123 2560 188 2589 non
207 2557 267 2600 quo
285 2560 344 2589 1106
360 2560 485 2601 quidem
505 2561 540 2591 ad
562 2562 726 2592 dicendum
737 2572 916 2603 magnopere
925 2565 1079 2603 pertineat,

124 2600 173 2631 sed
183 2609 282 2631 tamen
295 2610 328 2631 ut
335 2602 458 2632 videatis
469 2623 477 2636 ,
496 2602 586 2643 quam
598 2602 734 2644 sitgenus
744 2605 801 2634 hoc
812 2614 917 2634 eorum
931 2625 940 2638 ,
959 2607 1010 2645 qui
1024 2604 1080 2645 fibi

123 2641 232 2672 eruditi
248 2642 389 2673 videntur
401 2664 410 2676 ‚
429 2644 520 2674 hebes
531 2664 539 2678 ,
561 2654 647 2686 atque
666 2646 859 2685 impolitum.
886 2646 1081 2676 Constituunt

123 2685 207 2714 enim
215 2685 247 2713 in
254 2685 413 2724 partiendis
423 2687 597 2716 orationum
608 2687 708 2717 modis
719 2688 780 2717 duo
790 2697 901 2729 genera·
914 2688 1075 2718 causarum.

124 2734 219 2756 unum
229 2726 386 2766 appellant,
401 2729 433 2757 in
444 2737 504 2768 quo
514 2726 574 2758 fine
584 2729 717 2768 personis
730 2749 737 2763 ‚
750 2738 835 2770 atque
847 2730 1032 2769 temporibus
1042 2730 1078 2759 de

122 2768 261 2797 universo
270 2778 376 2809 genere
386 2778 530 2810 quaeratur
542 2782 550 2804 ,
562 2771 701 2804 alterum,
717 2775 727 2790 ¹
739 2771 821 2812 quod
831 2772 965 2811 personis
977 2774 1075 2805 certis,

122 2808 156 2838 &
175 2810 359 2880 temsporibus
379 2810 552 2842 definiatur:
575 2814 668 2854 ignari
689 2815 809 2842 omneis
820 2812 1031 2843 controversias
1042 2814 1077 2843 ad

122 2852 228 2880 univer
240 2854 372 2892 igeneris
383 2854 447 2883 vim
459 2854 492 2883 &
510 2863 645 2884 naturam
663 2854 775 2884 referri.
814 2857 895 2885 Nam
916 2857 948 2884 in
966 2865 998 2885 ea
1018 2856 1077 2895 ipsa

122 2892 214 2926 causa,
226 2892 261 2922 de
270 2903 327 2934 qua
335 2893 402 2924 ante
413 2894 488 2929 dixi,
502 2896 580 2925 nihil
589 2899 717 2936 pertinet
726 2896 762 2926 ad
774 2899 898 2926 oratoris
908 2898 992 2926 locos
1004 2899 1077 2937 Opi-

122 2935 178 2963 mii
185 2935 319 2974 persona,
334 2937 414 2966 nihil
429 2939 531 2968 Decii.
554 2940 602 2968 De
621 2939 685 2978 ipso
706 2940 790 2968 enim
809 2939 951 2969 universo
970 2949 1076 2979 genere

794 149 1231 195 ORAToRE

1313 148 1355 193 L
1389 164 1406 194 1
1441 163 1482 193 Β.
1532 147 1598 193 Il·
2032 165 2093 212 95

1130 224 1248 256 infinita
1256 225 1381 266 quaestio
1393 225 1436 257 est
1447 246 1454 259 ‚
1471 235 1548 257 NUM
1568 234 1675 256 Pomm
1694 225 1828 256 videatur
1836 224 1894 255 effi·
1904 225 2094 261 afficiendus,

1127 269 1178 306 qui
1197 269 1296 297 civem
1309 278 1347 298 ex
1358 268 1611 298 senatusconsulto
1622 270 1720 308 patriae
1731 267 1941 299 conservandae
1952 270 2034 298 causa
2046 280 2093 299 in—

1127 311 1280 338 teremerit
1293 329 1300 342 ,
1314 311 1385 339 cum
1397 310 1426 339 id
1438 319 1489 349 per
1500 310 1578 350 leges
1589 320 1653 340 non
1665 310 1775 340 liceret.
1806 310 1899 340 Nulla
1910 310 2042 351 denique
2055 311 2097 341 est

1128 350 1220 381 causa,
1233 352 1265 378 in
1275 351 1384 389 quaid,
1404 352 1486 391 quod
1497 354 1529 381 in
1536 351 1687 391 judicium
1699 354 1783 382 venit
1793 373 1801 385 ,
1814 362 1853 382 ex
1862 361 1982 381 reorum
1992 353 2096 391 perso-

1129 390 1189 421 nis,
1203 400 1266 419 non
1276 401 1419 430 generum
1434 394 1567 431 ipsorum
1580 394 1717 424 universa
1727 393 1925 433 disputatione
1937 403 2067 434 quaei‘atu
2074 405 2094 424 1,

1131 432 1306 469 Qinetiam
1319 434 1350 460 in
1362 434 1398 461 iis
1412 433 1489 472 ipsis,
1504 435 1555 464 ubi
1566 435 1602 464 de
1612 434 1692 465 facio
1704 435 1865 476 ambigitur
1877 456 1884 468 ‚
1897 438 2094 465 CEPERITNE

1127 480 1235 501 contra
1253 472 1333 512 leges
1343 477 1481 511 pecunias
1494 478 1522 505 P.
1537 478 1649 506 Decius
1661 497 1668 509 ,
1688 486 1860 517 argumenta
1871 477 1903 507 &
1914 479 2092 511 criminum,

1132 512 1164 542 δε
1175 512 1357 542 defensionis
1368 525 1543 545 revocentur
1554 527 1671 556 oportet
1681 519 1715 548 ad
1726 529 1820 560 genus
1831 540 1838 552 ,
1864 519 1896 548 &
1906 519 1941 549 ad
1952 527 2088 549 naturam

1130 555 1300 584 universam
1314 565 1319 583 :
1341 554 1421 595 quod
1434 557 1606 587 sumtuosus
1618 579 1625 591 ,
1646 559 1682 589 (16
1694 561 1831 591 luxuria:
1852 559 1935 601 quod
1945 561 2097 601 3116111311-

1129 605 1244 635 petens,
1259 596 1295 626 de
1306 599 1426 626 avaritia
1440 608 1444 626 :
1462 597 1542 637 quod
1556 600 1723 634 seditiosus,
1736 602 1772 632 de
1784 602 1974 636 turbulentis,
1987 602 2019 632 &
2028 612 2098 633 ma-

1129 638 1165 666 lis
1175 638 1309 667 civibus:
1343 637 1425 678 quod
1447 638 1462 668 Ξ1
1482 640 1587 669 multis
1606 645 1755 682 arguitur,
1775 644 1811 674 de
1829 654 1936 685 genere
1954 643 2075 674 testium
2089 654 2096 674 :

1130 688 1303 720 contraque,
1315 690 1381 720 quae
1390 690 1445 720 pro
1455 691 1505 710 reo
1520 681 1658 712 dicentur
1669 704 1676 716 ‚
1699 688 1803 715 omnia
1813 684 1976 716 necessario
1989 685 2004 715 a
2015 695 2095 715 tem-

1129 730 1201 760 pore
1212 741 1220 754 ,
1242 730 1328 762 atque
1350 723 1476 752 homine
1496 722 1532 752 ad
1552 729 1744 755 communeis
1763 737 1863 756 rerum
1875 747 1882 760 ,
1904 727 1936 757 &
1946 737 2093 767 generum

1129 764 1260 793 summas
1282 764 1487 794 revolventur.
1524 767 1621 805 Atque
1641 766 1703 796 haec
1721 766 1841 798 forsitan
1861 760 1981 798 homini
1995 789 2002 801 ‚
2028 778 2091 798 non

1128 806 1244 837 omnia,
1257 815 1322 845 quae
1334 805 1445 835 suntin
1456 814 1557 836 natura
1568 816 1681 841 rerum,
1695 808 1829 838 celeriter
1839 813 1943 840 animo
1956 820 2095 849 compre-

1128 846 1274 876 hendenti
1288 867 1296 879 ‚
1317 848 1466 886 permulta
1483 848 1639 878 videantur
1648 869 1656 882 ,
1680 859 1745 890 quae
1764 853 1887 880 veniant
1899 853 1930 880 in
1942 852 2093 887 judicium

1131 896 1206 921 tum,
1218 887 1290 917 cum
1301 889 1337 918 de
1347 888 1428 918 fadi-o
1438 899 1585 930 quaeratur
1597 901 1602 919 :
1613 890 1661 921 sed
1674 899 1775 921 tamen
1784 889 1948 922 criminum
1959 892 2002 922 est
2011 891 2094 922 mul-

1129 930 1239 963 titudo,
1250 940 1315 960 non
1325 929 1545 965 defensionum,
1558 941 1608 962 aut
1617 932 1757 962 locorum
1770 931 1898 963 infinita.
1933 937 2020 974 QiAE
2040 944 2092 964 ve-

1128 970 1172 1004 ro,
1185 970 1256 1001 cum
1268 971 1304 1002 de
1313 971 1394 1002 fao‘to
1403 983 1467 1002 non
1478 973 1652 1014 ambigitur,
1665 983 1857 1015 quaeruntur,
1869 975 1966 1015 qualia
1976 973 2031 1004 sint
2043 987 2047 1004 z
2060 986 2092 1005 en

1128 1011 1147 1042 fi
1159 1023 1197 1042 ex
1208 1015 1265 1042 reis
1277 1024 1428 1048 numeres,
1441 1014 1716 1047 &innumerabilia
1727 1017 1805 1050 sunt,
1818 1017 1850 1046 &
1860 1017 1984 1046 obscura
1996 1027 2001 1045 1
2022 1015 2041 1045 si
2053 1028 2090 1047 ex

1129 1055 1226 1088 rebus,
1237 1055 1323 1085 valde
1335 1056 1368 1086 &
1381 1056 1547 1090 modica‚&
1558 1057 1690 1088 illustria.
1713 1061 1793 1088 Nam
1804 1057 1824 1087 fi
1836 1059 1968 1087 Mancini
1980 1069 2029 1086 aue
2046 1069 2092 1087 am

1128 1098 1160 1126 in
1172 1106 1234 1127 uno
1245 1099 1391 1128 Mancino
1400 1100 1557 1139 ponimus,
1568 1101 1818 1141 quotiescumque
1829 1102 1854 1130 is
1866 1120 1874 1133 ‚
1895 1110 1987 1140 quem
1996 1110 2091 1139 pater-

1127 1147 1255 1178 patratus
1268 1138 1418 1170 dediderit
1428 1161 1436 1175 ,
1451 1150 1583 1181 receptus
1595 1151 1659 1171 nori
1671 1144 1727 1172 erit
1738 1162 1745 1176 ‚
1758 1144 1845 1172 toties
1855 1143 1939 1172 causa
1950 1151 2029 1172 nova
2040 1152 2091 1172 na-

1129 1180 1231 1210 scetur.
1263 1182 1316 1211 Sin
1336 1182 1386 1212 illa
1404 1181 1604 1213 controversia
1621 1184 1737 1214 causam
1757 1183 1847 1217 facit,
1866 1183 2040 1214 videaturne
2052 1186 2091 1217 ei,

1127 1232 1216 1262 quem
1227 1231 1436 1262 paterpatratus
1446 1224 1593 1255 dediderit
1604 1244 1612 1258 ‚
1631 1224 1651 1255 si
1663 1227 1686 1255 is
1697 1235 1760 1255 non
1771 1224 1804 1255 sit
1815 1234 1947 1266 receptus
1960 1246 1967 1259 ,
1986 1224 2093 1265 postli-

1128 1265 1263 1308 minium
1284 1263 1341 1295 effe
1354 1276 1360 1294 :
1381 1267 1459 1295 nihil
1478 1267 1513 1296 ad
1533 1276 1625 1297 artem
1647 1267 1787 1301 dicendi,
1809 1278 1864 1297 nec
1874 1267 1908 1297 ad
1919 1277 2093 1308 argumenta

1128 1304 1312 1336 detensionis
1323 1327 1331 1341 ,
1352 1309 1488 1337 Mancini
1499 1319 1615 1338 nornen
1624 1310 1761 1349 pertinet.
1785 1312 1799 1328 2
1810 1313 1854 1339 Ac
1865 1331 1872 1343 ,
1894 1308 1913 1338 si
1922 1309 1995 1349 quid
2007 1308 2091 1339 affert

1126 1356 1262 1387 praeterea
1272 1349 1409 1379 hominis
1419 1358 1469 1380 aut
1478 1350 1605 1392 dignitas
1618 1370 1626 1383 ,
1646 1359 1696 1380 aut
1705 1351 1864 1392 indignitas
1876 1372 1883 1384 ,
1905 1360 1987 1381 extra
2006 1361 2088 1391 qute-

1128 1389 1259 1420 stionem
1271 1389 1313 1420 est
1324 1412 1332 1424 ‚
1349 1391 1381 1421 86
1390 1402 1423 1421 63
1433 1401 1534 1422 13111611
1544 1392 1603 1432 ipsa
1612 1394 1708 1423 oratio
1719 1393 1753 1423 ad
1767 1391 1894 1423 universi
1904 1394 2020 1434 generis
2029 1392 2090 1422 dis-

1126 1433 1313 1471 putationem
1323 1432 1463 1463 referatur
1473 1433 1588 1464 necess'e
1598 1433 1650 1464 est.
1692 1437 1765 1465 Haec
1775 1445 1830 1476 ego
1840 1445 1904 1465 non
1916 1444 1952 1464 co
1963 1432 2089 1463 consilio

1128 1473 1246 1513 disputo
1258 1494 1266 1507 ,
1289 1475 1472 1505 uthomines
1484 1476 1615 1506 eruditos
1625 1476 1797 1522 redarguam
1808 1498 1817 1510 ‚
1840 1486 2022 1518 quamquam
2042 1486 2089 1505 re-

1125 1516 1332 1554 prehendendi
1343 1517 1411 1547 sunt
1421 1537 1429 1551 ,
1442 1520 1494 1558 qui
1505 1519 1537 1547 in
1548 1528 1654 1559 genere
1665 1518 1841 1548 deliniendo
1851 1518 1918 1548 istas
1928 1518 2023 1548 causas
2035 1517 2088 1547 de—

1126 1557 1259 1588 scribunt
1277 1560 1310 1588 in
1330 1559 1464 1599 personis
1476 1580 1484 1593 ,
1507 1559 1583 1589 &in
1593 1560 1779 1600 temporibus
1789 1559 1895 1601 positas
1904 1558 1972 1590 effe.
2004 1562 2088 1589 Nam

1129 1597 1179 1628 etsi
1188 1601 1344 1630 incurrunt
1355 1609 1490 1641 tempora
1501 1621 1509 1635 ,
1533 1601 1565 1631 &
1575 1602 1708 1642 personae
1722 1623 1730 1635 ,
1742 1611 1843 1632 tamen
1853 1600 2088 1642 intelligendum

1127 1640 1171 1670 est
1181 1661 1189 1675 ‚
1211 1651 1276 1672 non
1296 1652 1334 1672 ex
1353 1644 1390 1673 iis
1402 1663 1410 1676 ‚
1431 1642 1479 1673 sed
1490 1653 1528 1673 ex
1538 1653 1645 1684 genere
1655 1643 1828 1684 quaestionis
1838 1644 1965 1684 pendere
1976 1643 2086 1673 causas.

1125 1682 1181 1713 Sed
1201 1683 1259 1713 hoc
1276 1685 1355 1714 nihil
1374 1685 1409 1715 ad
1428 1695 1488 1714 me.
1518 1686 1650 1715 Nullum
1660 1687 1745 1715 enim
1756 1686 1846 1716 nobis
1855 1694 2007 1716 certamen
2016 1694 2089 1714 cuin

1126 1724 1189 1755 istis
1198 1723 1256 1755 effe
1266 1725 1362 1756 debet.
1375 1735 1492 1756 tantum
1503 1727 1568 1757 satis
1579 1726 1621 1757 est
1632 1728 1771 1768 intelligi,
1784 1738 1823 1758 ne
1834 1728 1892 1758 hoc
1900 1726 2025 1768 quidem
2037 1736 2090 1756 eos

1126 1767 1313 1801 consecutos,
1327 1769 1409 1808 quod
1419 1771 1452 1798 in
1463 1778 1546 1799 tanto
1558 1771 1634 1803 otio,
1646 1770 1737 1799 etiam
1747 1768 1807 1800 fine
1819 1770 1872 1800 hac
1882 1766 1992 1799 forensi
2003 1777 2090 1798 exer-

1124 1810 1266 1839 citatione
1284 1809 1401 1840 efficere
1419 1819 1583 1850 potuerunt
1592 1831 1599 1844 ,
1625 1821 1657 1841 ut
1660 1821 1762 1852 genera
1773 1822 1865 1841 rerum
1874 1810 2087 1843 discernerent,

1126 1861 1216 1892 eaque
1226 1852 1328 1891 paullo
1340 1852 1477 1883 subtilius
1488 1853 1679 1893 explicarent.
1700 1853 1816 1883 Verum
1828 1855 1885 1883 hoc
1896 1852 1941 1892 (ut
1950 1852 2026 1891 dixi)
2038 1854 2087 1881 ni-

1126 1934 1236 1968 noster,
1248 1935 1281 1965 &
1290 1937 1412 1975 Sulpici.
1465 1937 1602 1966 uomodo
1612 1946 1692 1966 nunc
1704 1937 1730 1966 sc
1742 1936 1868 1966 istorum
1879 1945 1952 1966 artes
1964 1935 2086 1968 habent,

1124 1977 1361 2016 pertimescenda
1371 1977 1413 2007 est
1424 1978 1589 2008 multitudo
1603 1978 1765 2007 causarum.
1793 1977 1836 2008 est
1853 1979 1938 2007 enim
1957 1974 2086 2006 infinita.

1124 2020 1153 2047 Si
1166 2019 1198 2047 in
1207 2019 1341 2057 personis
1351 2021 1475 2058 ponitur
1486 2030 1490 2047 :
1510 2028 1584 2060 quot
1594 2020 1746 2052 homines,
1758 2028 1803 2049 tot
1811 2020 1909 2049 caufie.
1935 2016 1979 2048 sln
1988 2017 2023 2048 ad
2035 2028 2088 2059 ge-

1126 2069 1232 2089 nerum
1253 2060 1403 2090 universas
1424 2060 1602 2101 quaestiones
1622 2060 1789 2091 referuntur
1801 2071 1806 2090 ;
1838 2063 1877 2091 113
1902 2059 2030 2089 modicae
2054 2059 2087 2089 &

1126 2111 1223 2141 paucae
1234 2101 1302 2131 sunt
1313 2122 1321 2136 ‚
1336 2111 1368 2131 ut
1377 2105 1498 2132 omneis
1508 2112 1553 2132 eas
1566 2122 1573 2134 ‚
1584 2102 1741 2143 diligentes
1753 2122 1761 2136 ,
1776 2103 1808 2132 δε
1818 2111 1981 2135 memores,
1994 2101 2025 2130 δε
2038 2101 2087 2132 so-

1126 2143 1182 2171 brii
1194 2151 1324 2172 oratores
1332 2144 1482 2182 percursas
1491 2154 1615 2176 animo,
1637 2146 1669 2173 δε
1688 2143 1780 2184 prope
1799 2144 1960 2173 decantatas
1979 2142 2087 2173 habere

1125 2224 1227 2255 diciffe
1237 2228 1275 2255 L.
1288 2225 1444 2260 Crassum,
1465 2227 1498 2257 &
1518 2237 1549 2257 ea
1567 2237 1597 2257 16
1616 2227 1711 2257 multa
1719 2226 1847 2258 attulisse
1860 2248 1869 2260 ‚
1887 2226 2086 2268 quamobrem

1122 2267 1264 2307 postumo
1285 2278 1351 2298 non
1366 2278 1436 2298 nato
1457 2271 1582 2298 Curium
1603 2278 1705 2298 tamen
1723 2269 1865 2300 heredem
1885 2267 2087 2308 Coponiieffe

1124 2318 1284 2349 oporteret.
1305 2311 1394 2340 Nihil
1405 2310 1439 2340 ad
1452 2313 1569 2350 copiam
1579 2320 1937 2352 argumentommmeque
1948 2309 1982 2340 ad
1993 2310 2086 2340 causae

1123 2355 1187 2381 vim
1201 2372 1209 2385 ‚
1221 2361 1253 2382 ac
1263 2361 1397 2382 naturam
1408 2363 1525 2382 nomen
1536 2354 1668 2392 Coponii
1679 2372 1687 2386 ‚
1707 2363 1739 2383 ac
1750 2354 1832 2383 Cuiii
1846 2373 1853 2386 ,
1872 2353 2028 2393 pertinuit.
2051 2353 2085 2381 in

1122 2404 1227 2436 genere
1238 2403 1299 2423 erat
1308 2394 1448 2424 universo
1459 2396 1499 2423 rei
1514 2415 1522 2427 ,
1543 2397 1717 2435 negotiique
1729 2415 1736 2428 ‚
1759 2405 1823 2424 non
1836 2396 1868 2423 in
1879 2403 2013 2433 tempore
2024 2413 2033 2425 ‚
2054 2403 2088 2423 ac

1122 2435 1303 2466 nominibus
1313 2438 1417 2466 omnis
1427 2435 1553 2477 quaestio
1565 2457 1573 2469 ,
1584 2435 1656 2466 curn
1669 2436 1810 2476 scriptum
1822 2437 1859 2466 ‘ita
1870 2434 1902 2465 sit
1913 2455 1921 2468 ‚
1943 2438 1976 2465 Si
1998 2444 2084 2464 Mim

1122 2487 1239 2507 rimus
1259 2487 1408 2508 Gi-:Nirtis
1427 2498 1435 2511 ,
1466 2487 1567 2517 isQr.
1586 2487 1685 2507 PRIUS
1707 2487 1888 2511 monii-uit,
1919 2476 1952 2507 &
1969 2484 2083 2510 cetera,

1123 2529 1198 2549 TUM
1218 2529 1259 2548 ur
1279 2529 1364 2548 imin
1386 2529 1466 2549 iiim:
1486 2530 1537 2549 sir
1556 2529 1678 2548 HERES:
1701 2521 1732 2549 Si
1751 2528 1835 2549 natus
1856 2517 1936 2548 filius
1956 2528 2021 2548 non
2037 2516 2084 2551 sit,

1123 2561 1296 2591 videaturne
1307 2562 1351 2594 is,
1373 2563 1425 2602 qui
1445 2559 1511 2591 filio
1529 2570 1651 2590 mortuo
1671 2560 1823 2590 institutus
1834 2562 1918 2590 heres
1928 2558 1979 2594 sit,
1999 2560 2084 2589 heres

2114 944 2126 977 Kb,

2139 944 2157 968 1⁴⁴

1123 2602 1189 2633 esse.
1235 2605 1370 2642 Perpetui
1388 2604 1463 2642 juris
1475 2623 1483 2636 ,
1509 2603 1542 2633 &
1553 2600 1680 2632 universi
1691 2604 1807 2643 generis
1815 2601 1940 2643 quaestio
1951 2611 2015 2631 non
2026 2603 2083 2631 ho-
2105 2614 2117 2647 3
2131 2614 2145 2647 3

1123 2647 1246 2674 minum
1257 2646 1383 2674 nomina
1396 2664 1404 2678 ‚
1417 2644 1465 2674 sed
1477 2646 1623 2674 rationem
1634 2643 1753 2674 dicendi
1768 2664 1776 2678 ,
1788 2644 1820 2674 ὅ(
1833 2653 2081 2686 argumentorum

1122 2687 1232 2716 fonteis
1243 2685 1392 2716 desiderat.
1422 2688 1459 2715 In
1468 2696 1528 2726 quo
1538 2689 1629 2715 etiam
1640 2685 1688 2715 isti
1699 2686 1970 2726 iiosjurisconsulti
1982 2688 2080 2725 impe-

1121 2729 1220 2761 diunt,
1232 2728 1247 2758 3
1257 2727 1458 2768 discendoque
1468 2729 1626 2757 deterrent.
1650 2727 1749 2758 Video
1758 2730 1843 2758 enim
1855 2730 1887 2758 in
1897 2729 2018 2758 Catonis
2029 2747 2037 2760 ,
2050 2727 2084 2756 86

1122 2773 1205 2801 Bruti
1215 2770 1298 2799 libris
1310 2771 1497 2799 nominatim
1505 2768 1567 2799 fere
1580 2768 1700 2803 referri,
1713 2770 1786 2810 quid
1796 2770 1886 2799 alicui
1897 2769 1932 2800 de
1943 2771 2005 2807 jure
2016 2770 2083 2798 viro

1121 2822 1170 2843 aut
1180 2813 1301 2842 mulieri
1310 2811 1519 2851 responderint
1531 2822 1536 2840 :
1551 2811 1650 2845 credo,
1664 2820 1695 2841 ut
1707 2821 1888 2851 putaremUS,
1901 2813 1933 2841 in
1943 2812 2083 2840 homini-

1124 2855 1189 2888 bus,
1202 2864 1266 2884 non
1277 2856 1309 2883 in
1320 2863 1362 2887 re,
1373 2853 1602 2883 consultationis
1613 2872 1622 2887 ,
1634 2862 1684 2883 aut
1693 2854 1891 2883 dubitationis
1903 2853 2016 2892 caufizm
2027 2852 2082 2881 ali—

1122 2907 1211 2937 quam
1223 2894 1309 2926 fuiss'e
1321 2908 1330 2929 3
1348 2905 1397 2929 ut,
1411 2894 1493 2935 quod
1505 2896 1646 2925 homines
1656 2893 1993 2925 effentinnumei·abiles
2003 2914 2011 2927 ,
2030 2893 2085 2923 de-

1126 2940 1233 2970 bilitati
1251 2938 1268 2968 a
1285 2940 1352 2978 jure
1370 2937 1600 2977 cognoscendo,
1629 2938 1818 2968 voluntatem
1841 2936 1974 2967 discendi
1993 2934 2082 2965 simul

2007 2987 2079 3007 cum

160 3067 171 3084 1
179 3078 185 3085 -
203 3060 372 3095 Qodpezlbniae
379 3063 526 3098 cerii5,&c.]
537 3066 606 3101 Qae
616 3063 673 3090 heic
683 3074 726 3090 mu
732 3072 771 3091 tat
779 3063 905 3100 additque
915 3064 1074 3096 Lambinus,

124 3103 176 3133 11011
186 3104 335 3132 comparent
345 3098 371 3125 'in
384 3099 450 3125 Pali.
461 3099 554 3126 nostris
565 3111 571 3128 ι
585 3110 670 3136 neque
680 3100 745 3128 :ideo
756 3101 782 3127 'in
793 3100 866 3127 Pith.
876 3107 922 3129 aut
934 3101 1075 3128 Memmia-

123 3137 164 3156 nis
176 3149 183 3161 ,
195 3140 258 3166 quos
269 3134 379 3160 excuffit
389 3134 561 3162 Gulielmius.

158 3173 175 3191 2
182 3185 188 3192 .
205 3169 280 3203 οἴομ’
288 3170 346 3203 quid
352 3171 430 3206 adfert
437 3178 548 3205 praetcrea
556 3173 654 3202 hominis
662 3180 705 3201 aut
715 3173 817 3208 dlgnitas
826 3179 869 3201 aut
877 3173 1019 3207 indignitas,
1035 3183 1077 3199 ex-

1118 3072 1160 3090 rra
1171 3083 1178 3094 ,
1190 3064 1258 3098 ὡς]
1279 3063 1400 3089 Memmii
1413 3063 1524 3089 membr.
1546 3063 1611 3089 item
1624 3064 1679 3090 Pal.
1691 3073 1730 3100 pr.
1742 3062 1791 3089 sec.
1807 3069 1921 3095 puerei-ca
1931 3068 1973 3086 aut
1984 3059 2080 3086 hominis

1119 3104 1188 3131 evita,
1199 3107 1241 3125 aut
1251 3100 1364 3132 dtjgnitas,
1375 3101 1508 3131 (λαγωός-6.
1525 3100 1620 3126 tei-tius
1628 3108 1740 3133 praeterea
1751 3099 1863 3125 mutavit
1874 3099 1889 3124 a
1900 3106 1976 3122 11131111
1989 3095 2043 3121 secu
2049 3104 2080 3134 11.υ

1121 3136 1153 3162 da
1164 3137 1188 3162 in
1196 3136 1295 3169 perfinia
1304 3147 1313 3167 ‚-
1323 3135 1370 3161 hac
1381 3135 1445 3161 facie
1458 3155 1466 3168 ,
1477 3137 1555 3169 adfert
1561 3137 1660 3171 per-fimf
1669 3136 1765 3164 hominis
1775 3141 1818 3162 aut
1827 3135 1929 3170 dignitas
1938 3132 2079 3165 indignitas-

1121 3182 1161 3200 π.
1181 3178 1262 3200 ceteri
1275 3179 1361 3201 tamen
1373 3171 1440 3202 stant
1451 3173 1467 3204 a
1479 3172 1598 3208 vulgato.
2020 3209 2029 3228 ι
2054 3202 2084 3227 In
