2275 3400
216 127 278 164 n
652 102 1142 164 bAE.TuLL11

213 197 356 237 vixisse,
379 198 414 237 δε
435 208 527 235 certe
552 196 574 233 si
599 197 724 234 Roscio
747 195 885 232 defenso
896 195 1008 230 statim
1020 194 1056 229 in
1071 195 1170 230 Grae-

212 248 304 284 ciarn
316 248 492 296 profectus
506 246 585 283 essct
599 271 607 284 ,
631 246 726 295 quod
739 246 939 281 Plutarchus
951 256 1092 292 quoque
1106 255 1172 291 pu-

210 306 309 336 tavit,
330 297 522 334 triennium
553 297 596 333 ibi
623 295 855 342 vixisset.Jam
871 294 967 332 vero,
981 304 1063 328 cuni
1079 293 1173 329 secus

210 346 279 395 ipse
302 347 337 382 in
353 348 459 382 Bruto
482 345 625 385 scribat,
650 357 711 380 nos
735 354 838 378 etiam
863 342 936 379 liaec
960 341 1172 390 tempon‘bus

211 395 309 431 aliter
325 395 532 430 dividemus.

263 443 450 492 Mitylenas
468 444 534 477 hoc
554 440 753 489 temporein
774 438 849 474 Asia
858 449 1067 488 expugnatas
1077 438 1174 475 fuisse

210 491 247 528 in
263 493 408 528 Liviana
419 493 567 539 epitoma
580 491 635 526 lib.
648 494 700 532 89.
713 489 876 537 scripturn
889 487 946 524 est.
959 488 1174 536 expugnavit

211 552 265 576 eas
279 543 519 576 M.Thermus:
535 539 567 573 iii
579 551 646 586 qua
657 537 1037 586 expugnationeJulius
1051 537 1171 576 Caelar,

208 590 352 625 auftore
362 589 541 627 Suetonio,
555 599 686 622 corona
696 586 807 622 civica
818 585 966 623 donatus
978 585 1034 623 est.
1060 588 1172 634 Atque

210 639 258 673 ita
269 639 360 676 urbs,
373 641 539 674 &natura
551 659 560 673 ‚
574 638 609 672 &
621 635 682 671 fitu
694 659 703 673 ‚
719 637 753 671 &
765 634 994 681 descriptione
1007 632 1172 669 aedificio-

210 700 290 723 rum
311 689 343 722 &
369 684 627 733 pulchritudine
646 684 680 719 in
703 683 821 731 primis
834 683 959 718 nobilis
972 707 981 720 ‚
1004 683 1083 718 belli
1099 683 1173 730 lege

207 748 245 771 ac
270 735 422 770 vicstoriae
436 733 518 782 jure
540 732 659 780 populi
674 732 827 769 Romani
847 732 933 768 fasta
947 732 994 768 est
1011 756 1021 770 ‚
1045 732 1170 767 Cicero

212 786 309 819 Orat.
327 796 355 819 2.
367 793 490 818 contra
511 782 670 817 Rullum.

265 885 360 918 Anno
379 880 466 918 urbis
487 891 665 978 DeLxxijy.
687 881 842 917 ciceronis
864 890 979 916 xxxix.
1004 879 1110 914 Coss.

642 940 765 967 uerunt»

205 1006 241 1041 P.
268 1005 582 1040 SERVILIUS
619 1003 802 1037 VATIA
841 999 1170 1036 [SAURICUS‚

319 1054 395 1089 ΑΡ.
427 1052 724 1089 CLAUDIUS
767 1050 1057 1086 PULCHER.

206 1127 357 1209 HOs
372 1123 539 1161 Consules
561 1124 596 1160 in
611 1125 707 1160 hunc
725 1135 857 1159 annum
870 1122 961 1158 Sulla
972 1131 1094 1157 contra
1106 1133 1169 1156 vo-

307 1174 473 1210 luntatem
486 1172 677 1221 populi‚qui
690 1172 803 1219 ipsum
817 1170 1170 1211 creabat,renuiitian-

202 1222 267 1259 dos
290 1223 427 1259 curavit
439 1246 448 1260 ‚
471 1224 506 1258 &
535 1223 712 1258 Distatura
734 1221 765 1256 se
777 1220 949 1256 abdicavit
964 1245 973 1259 ,
999 1219 1170 1266 Appianus

205 1272 265 1309 lib.
286 1285 309 1308 ι.
328 1270 472 1308 Orosius
498 1270 554 1306 lib.
567 1282 638 1312 5.c-
656 1283 709 1306 22.
735 1273 794 1317 Ap.
810 1267 976 1304 Claudius
1004 1268 1039 1303 P.
1052 1267 1169 1302 Clodii

202 1320 338 1356 inimici
353 1320 533 1355 Ciceronis
547 1317 871 1367 pate1·fuit,undein
883 1315 1024 1353 Orat.de
1037 1315 1169 1363 harusp.

202 1369 336 1417 respon.
364 1371 399 1407 P.
412 1368 579 1404 Servilius
602 1368 733 1415 collega
755 1369 857 1414 patris
870 1364 942 1413 ejus
956 1364 1167 1400 nominatur.

200 1420 284 1455 Hoc
303 1429 460 1466 tempore
473 1418 598 1452 Cicero
626 1428 810 1465 antequam
823 1415 858 1451 in
870 1414 1039 1450 Graeciam
1052 1413 1168 1461 profe-

201 1467 279 1503 &us
290 1466 356 1502 suit
366 1492 374 1507 ‚
390 1465 558 1502 Arretinae
570 1465 724 1501 mulieris
740 1465 930 1500 libertatem
943 1473 1065 1499 contra
1078 1463 1166 1498 Cot-

200 1525 272 1552 tam
285 1515 468 1551 hominem
480 1513 736 1550 diiertiffimum
749 1512 903 1549 defendit
914 1539 923 1553 ‚
951 1511 1045 1549 Sulla
1057 1511 1168 1548 adhuc

202 1562 286 1603 viro
301 1589 311 1603 ‚
339 1575 378 1600 ut
390 1564 436 1599 ait
447 1577 509 1611 pro
524 1563 672 1600 Caecina.
695 1567 776 1599 Erat
789 1576 830 1599 eo
841 1561 998 1611 ternpore
1016 1562 1053 1597 in
1066 1560 1167 1596 Cice-

199 1626 288 1652 rone
300 1613 433 1649 sumina
441 1613 610 1661 gracilitas
624 1639 631 1653 ,
667 1614 703 1649 &
716 1611 896 1648 infirmitas
908 1610 1073 1660 corporis,
1083 1623 1166 1659 pro-

200 1675 323 1700 cerum
340 1664 374 1699 ἃ.
385 1674 490 1698 tenue
501 1662 633 1698 collum
649 1675 656 1697 :
677 1662 736 1710 qui
749 1661 883 1697 habitus
897 1686 905 1701 ‚
923 1662 958 1697 ἃ
970 1673 1046 1708 quae
1056 1658 1167 1707 figura

200 1724 277 1746 non
290 1711 410 1758 procul
423 1710 531 1746 abesse
544 1721 682 1757 putatur
693 1711 712 1746 a
726 1711 804 1746 vitae
819 1709 984 1758 periculo,
996 1708 1020 1744 fi
1031 1708 1165 1744 accedit

200 1759 309 1807 labor,
322 1760 511 1796 &laterum
524 1772 649 1807 magna
661 1759 853 1795 contentio,
866 1770 979 1807 eoque
991 1757 1113 1805 magis,
1125 1768 1164 1794 ut

197 1808 267 1857 ipse
289 1809 326 1844 in
339 1810 446 1844 Bruto
468 1808 582 1844 scribit
593 1833 603 1847 ‚
627 1809 694 1844 hoc
717 1821 775 1843 eos
789 1834 798 1846 ,
824 1807 950 1857 quibus
971 1817 1042 1842 erat
1055 1819 1164 1848 carus,

201 1858 451 1893 commovebat
465 1881 475 1895 ,
485 1857 580 1906 quod
593 1857 712 1893 omnia
724 1856 795 1892 sinc
805 1855 1014 1894 remissione,
1023 1854 1093 1891 fine
1105 1868 1164 1891 va-

197 1906 317 1955 rietate
330 1932 338 1946 ‚
352 1906 386 1942 vi
398 1907 532 1942 summa
548 1907 641 1942 vocis
652 1931 661 1944 ‚
685 1908 720 1943 8<
730 1906 837 1941 totius
849 1905 1004 1953 corporis
1015 1915 1164 1940 conten-

196 1956 296 1992 tione
317 1955 460 1991 dit-ebat.
483 1955 599 2003 itaque
625 1968 708 1990 curn
731 1967 811 1993 eum
835 1956 869 1990 &
880 1954 979 1990 amici
993 1955 1027 1990 δε
1038 1953 1163 1989 medici

197 2004 422 2039 hortarentur
432 2027 442 2040 ‚
465 2014 503 2038 ut
515 2005 626 2039 causas
635 2016 734 2050 agere
745 2001 916 2038 desisteret
928 2027 937 2043 ‚
963 2002 1031 2049 ipse
1045 2013 1161 2037 autem

196 2053 346 2101 quodvis
370 2051 565 2098 periculum
586 2051 679 2087 adire
692 2075 701 2087 ,
731 2052 836 2098 quam
848 2050 867 2087 ὲ
890 2052 1016 2095 sperata
1025 2051 1161 2086 dicendi

197 2101 310 2148 gloria
320 2100 492 2135 discedere
504 2123 514 2137 ,
524 2100 641 2135 mallet
656 2113 662 2133 :
675 2099 825 2134 censeret
835 2109 951 2133 tamen
964 2098 1162 2132 remissione

197 2152 234 2186 δι’
246 2149 485 2184 moderatione
498 2150 595 2183 vocis
608 2149 641 2183 ὃς
652 2156 870 2182 commutato
883 2157 1009 2193 genere
1019 2144 1156 2180 dicendi

195 2197 230 2233 ie
255 2200 289 2234 ἃ
301 2197 492 2244 periculum
506 2196 612 2232 vitare
625 2195 716 2244 posse
729 2222 738 2235 ,
757 2193 1020 2242 &temperatius
1035 2192 1161 2231 dicere,

196 2256 237 2281 ut
258 2243 545 2281 consuetudinem
568 2244 704 2280 dicendi
721 2254 869 2280 mutaret
881 2269 890 2283 ‚
921 2255 996 2278 eam
1008 2241 1067 2277 fibi
1081 2254 1162 2277 cau-

195 2296 265 2331 sam
284 2295 321 2331 in
338 2294 507 2330 Graeciam
529 2293 765 2341 proficiscendi
787 2291 887 2328 fuisse
911 2291 957 2327 ait
981 2290 1016 2326 in
1042 2292 1160 2327 Bruto.

195 2344 311 2392 itaque
322 2356 405 2379 cum
420 2343 499 2379 esset
511 2342 696 2378 biennium
711 2341 857 2377 versatus
867 2341 902 2377 in
915 2339 1032 2379 causis,
1047 2341 1162 2375 Roma

197 2392 246 2428 est
269 2392 444 2440 prosefilus
463 2391 572 2439 hujus
586 2391 667 2427 anni
682 2389 792 2426 aestate
805 2416 814 2430 ,
838 2401 876 2426 ut
889 2402 931 2426 ex
944 2388 1162 2437 sequentibus

198 2442 440 2487 cognoscetur.
469 2440 565 2477 Cum
586 2439 729 2476 venisset
755 2440 904 2475 Athenas
920 2462 928 2475 ‚
951 2438 1007 2474 sex
1019 2437 1161 2473 menseis

196 2503 280 2525 cum
287 2489 460 2525 Antiocho
472 2488 597 2525 veteris
611 2488 803 2524 Academiae
814 2486 1023 2523 nobilissimo
1034 2488 1069 2522 ὃς
1078 2498 1160 2534 pru-

196 2537 395 2574 dentiffimo
415 2538 623 2586 philosopho
649 2537 715 2573 suit
730 2551 737 2572 ;
764 2536 986 2584 studiumque
1008 2534 1160 2583 philoso-

195 2587 285 2635 phiae
308 2599 488 2634 nunquam
499 2586 729 2622 intermissum
742 2585 759 2621 a
773 2585 954 2633 primaque
965 2583 1161 2620 adolescen-

191 2636 241 2672 tia
253 2635 389 2674 cultum
402 2659 410 2673 ‚
435 2636 609 2682 &semper
622 2636 764 2671 auctum
778 2659 787 2673 ‚
811 2635 880 2669 hoc
892 2633 1011 2670 rursus
1024 2633 1160 2668 summo

196 2685 338 2720 auctore
351 2686 386 2720 8<
395 2684 540 2720 dostore
553 2684 734 2720 renovavit
746 2707 756 2722 ‚
766 2694 804 2719 ut
815 2683 883 2730 ipse
895 2683 932 2718 in
944 2683 1050 2718 Bruto
1060 2681 1159 2717 testa-

195 2743 264 2769 tur.
288 2733 437 2779 ideoque
460 2734 515 2768 hb.
543 2746 568 2768 1·
592 2733 635 2768 de
659 2735 793 2768 Natura
815 2735 919 2768 Deor.
944 2731 1159 2768 Antiochum

193 2781 286 2817 inter
310 2794 368 2817 eos
383 2781 603 2830 philosophos
616 2792 775 2817 numerat
786 2805 794 2818 ‚
819 2781 838 2817 a
850 2780 974 2829 quibus
987 2779 1160 2815 institutus

193 2830 270 2866 fuit·
289 2830 332 2866 de
345 2829 467 2866 eodem
489 2830 547 2867 lib.
568 2830 648 2865 1.de
672 2830 825 2877 legibus:
852 2829 916 2864 Vir
927 2829 987 2864 iste
1001 2828 1066 2864 fuit
1079 2841 1161 2874 pru-

193 2879 278 2914 dens
293 2903 302 2917 ,
316 2882 349 2916 8<
362 2890 494 2916 acutus,
506 2881 540 2915 S:
552 2879 588 2914 in
598 2877 661 2914 suo
673 2890 800 2926 genere
811 2878 994 2927 pei-festus,
1008 2877 1164 2925 mihique

194 2939 233 2964 lit
247 2927 306 2963 scis
322 2950 331 2965 ‚
356 2924 540 2963 familiaris.
568 2928 773 2963 Plutarchus
786 2939 926 2976 quoque
939 2926 975 2962 iri
988 2926 1162 2961 Cicerone

193 2976 214 3012 a
228 2976 326 3012 nobis
337 2976 506 3013 converso
518 3002 527 3017 ‚
548 2976 594 3012 ita
606 2975 719 3012 scribit
730 3003 741 3020 ,
764 2977 859 3011 Cum
873 2977 962 3012 Athe
975 2987 1034 3011 nas
1049 2973 1162 3011 venis-

192 3024 240 3061 set
251 3049 261 3063 ‚
285 3025 460 3061 Antiocho
487 3024 687 3061 Ascalonitae
708 3037 847 3073 operam
869 3024 962 3060 dedit
978 3038 986 3060 z
1025 3022 1163 3073 ejusque

191 3073 291 3122 copia
314 3073 454 3122 quidem
482 3076 516 3111 ὃς
539 3074 654 3122 lepore
680 3073 818 3109 dicendi
831 3073 1084 3110 delectabatur:
1108 3071 1163 3108 sed

190 3135 268 3172 quae
280 3122 322 3160 ab
332 3122 402 3172 ipio
414 3123 451 3160 in
464 3122 679 3173 philolbphia
701 3122 922 3162 novabantur
934 3148 943 3166 ‚
966 3135 1004 3160 ea
1017 3121 1164 3161 minime

1222 103 1728 168 thnnoN1s

1221 197 1395 245 probabat.
1421 199 1497 248 jam
1519 202 1614 239 enim
1638 199 1833 237 Ant³0chus
1857 198 1874 236 εὶ
1896 212 1989 240 nova
2003 202 2185 245 Academia

1222 245 1392 287 defecerat
1406 266 1414 291 3
1438 252 1472 287 ὃς
1484 250 1601 287 relicta
1613 249 1800 286 Carneadis
1816 249 1903 286 seua
1915 276 1924 291 ‚
1949 264 2185 290 commutato<-

1221 308 1288 344 que
1301 296 1459 334 instituto
1474 323 1483 336 ‚
1507 299 1746 334 velevidentia
1758 297 1951 336 &sensibus
1964 301 2077 337 vietus
2091 328 2099 342 ,
2116 303 2185 342 vel,

1222 355 1260 379 iit
1277 346 1445 397 'nonnulli
1469 346 1566 394 ajunt
1578 373 1586 388 ‚
1611 348 1804 384 ambitione
1815 350 1848 383 8<
1859 349 2088 386 contentione
2100 363 2185 387 cum

1222 393 1376 429 Philonis
1395 398 1429 431 ὃ(
1442 396 1653 432 Clitomachi
1667 395 1842 443 discipulis
1854 396 2032 435 adductus,
2046 400 2185 434 Stoico-

1222 454 1301 477 rum
1322 443 1456 480 decreta
1477 445 1547 480 fere
1559 444 1774 480 defendebat·
1807 445 2000 481 Antiochus
2013 446 2131 494 igitur,
2143 459 2186 484 ut

1227 492 1353 527 Cicero
1375 492 1411 526 in
1438 493 1588 529 Lucullo
1610 493 1751 529 testatur
1762 519 1771 534 ‚
1793 494 2024 542 appellabatur
2044 495 2190 545 quidem

1223 540 1451 592 academicus,
1462 542 1516 577 sed
1525 553 1607 582 erat,
1618 541 1640 577 fi
1652 554 1819 590 perpauca
1830 543 2038 581 mutavisset,
2047 557 2187 591 germa-

1223 588 1378 625 nissimus
1394 591 1539 626 Stoicus.
1553 591 1728 626 Didicerat
1743 591 1833 639 apud
1846 593 2028 628 Philonem
2039 593 2185 636 tamdiu,

1224 648 1262 672 ut
1282 639 1450 674 constaret
1463 639 1593 675 diutius
1606 640 1761 675 didicisse
1774 639 1949 677 neminem
1965 655 1971 676 :
1996 643 2031 678 &
2046 642 2185 691 scripse—

1223 696 1272 721 rat
1295 687 1338 722 de
1362 688 1566 724 Academica
1586 688 1672 725 set-sla
1691 689 1882 724 acutissime
1901 715 1911 730 ,
1938 702 2082 738 eamque
2107 704 2181 726 non

1221 736 1333 771 acrius
1346 737 1517 774 accusavit
1527 737 1563 772 in
1578 737 1762 775 senectute,
1775 738 1881 786 quam
1892 749 1990 774 antea
2001 739 2183 775 defensita-

1223 794 1327 820 verat.
1346 785 1447 821 Plura
1462 786 1496 821 in
1509 787 1658 821 Lucullo
1671 787 1852 822 Ciceronis
1864 813 1872 827 ,
1886 789 1919 823 8<
1933 788 2116 824 Plutarchi.
2136 792 2183 823 A·-

1221 833 1333 869 thenis
1349 834 1476 869 Cicero
1491 836 1679 882 Epicureos
1691 848 1834 884 quoque
1848 861 1856 874 ‚
1870 836 2053 871 Phaedrum
2066 840 2099 873 &
2112 837 2184 873 Ze-

1222 894 1351 917 nonem
1366 882 1565 932 frequenter
1576 897 1658 919 cum
1675 884 1791 919 Attico
1807 884 1954 922 audivit,
1965 896 2003 920 ut
2015 885 2134 924 aitjib.
2150 899 2183 921 z.

1220 930 1262 965 de
1274 930 1540 973 finib-Meminit
1551 933 1712 977 Tuscul.3
1732 936 1766 969 ὃς
1777 933 1989 969 Acad.1.Hic
2002 947 2113 970 annus
2124 948 2183 971 xx.

1219 979 1267 1014 est
1279 980 1352 1027 post
1365 983 1412 1016 M.
1426 981 1571 1017 Antonii
1585 983 1619 1018 &
1631 983 1671 1020 A,
1684 982 1874 1017 Posthumii
1887 983 2105 1019 consulatum
2120 998 2126 1018 z
2141 984 2183 1019 ad

1219 1041 1324 1112 poem
1338 1029 1572 1066 Lucullorum
1584 1030 1725 1066 aedilitas
1737 1036 1753 1065 a
1766 1031 1879 1066 Plinio
1893 1031 1984 1066 lib.8.
1996 1044 2068 1079 cap.
2080 1046 2108 1075 7.
2126 1046 2181 1067 re·

1232 1088 1338 1113 ertur.
1350 1090 1426 1115 eam
1440 1080 1523 1114 vero
1536 1078 1908 1126 magnificentissimam
1921 1079 2019 1115 fuiss'e
2030 1079 2105 1119 Cic.
2119 1082 2182 1117 1.2.

1217 1126 1259 1161 de
1275 1125 1410 1163 Officiis
1425 1126 1553 1163 scribit.
1579 1130 1653 1164 Hac
1669 1141 1735 1175 ego
1753 1127 1954 1176 conjeStum
1970 1129 2098 1165 duetus
2112 1154 2122 1168 ‚
2138 1132 2179 1166 L.

1219 1175 1358 1226 Luculli
1370 1176 1584 1222 magistratus
1596 1200 1605 1214 ,
1614 1189 1701 1224 quos
1713 1177 1787 1212 Cic.
1799 1177 1900 1211 initio
1912 1177 2051 1212 Luculli
2061 1191 2182 1216 recen-

1218 1228 1264 1259 let
1274 1247 1284 1262 ‚
1298 1224 1342 1260 ita
1355 1224 1531 1260 constituo
1542 1248 1551 1262 ‚
1562 1235 1601 1260 ut
1614 1227 1681 1259 hoc
1691 1237 1784 1260 anno
1798 1224 1907 1260 aedilis
1918 1251 1926 1266 ,
1940 1227 2048 1261 Bruto
2060 1230 2093 1262 δε
2107 1230 2182 1265 Ma-

1218 1285 1337 1308 merco
1351 1274 1450 1308 Coss.
1463 1284 1588 1320 praetor
1601 1272 1705 1309 fuerit
1717 1299 1726 1314 ‚
1750 1274 1904 1322 sequenti
1920 1274 2071 1310 Africam
2083 1276 2180 1311 obti-

1217 1322 1334 1357 nuerit
1345 1345 1354 1359 ‚
1377 1333 1480 1370 atque
1500 1321 1581 1356 inde
1595 1322 1749 1358 Oc'tavio
1761 1325 1796 1359 ὃς
1808 1324 1914 1359 Cotta
1927 1323 2026 1359 Coss.
2039 1323 2079 1360 ad
2093 1337 2181 1360 con—

1216 1370 1344 1407 sulatus
1358 1371 1568 1419 petitionem
1581 1370 1732 1407 redierit·

1269 1472 1387 1507 eAnno
1408 1469 1496 1507 urbis
1517 1480 1690 1507 Dchxv.
1711 1471 1869 1507 Ciceronis
1889 1480 1988 1506 xitix.
2012 1469 2121 1508 Coss.

1617 1527 1768 1577 fiterunt,

1270 1611 1603 1648 M.AEM1L1US
1632 1611 1914 1650 LEPIDUS‚
1948 1610 2117 1656 QLU·

1421 1668 1644 1704 TATIUS
1677 1667 2005 1713 CATULUS„

1314 1759 1353 1793 18
1365 1756 1564 1793 consulibus
1575 1755 1670 1793 Sulla
1682 1756 1718 1792 in
1730 1768 1813 1804 agro
1827 1757 1989 1792 Cumano
2001 1765 2178 1796 mortuus,

1312 1820 1349 1842 ac
1374 1808 1528 1842 Romam
1554 1806 1704 1854 perlatus
1727 1818 1811 1840 curn
1834 1817 1960 1851 magna
1987 1817 2114 1852 pompa
2139 1805 2179 1840 in

1213 1856 1346 1903 Campo
1360 1855 1489 1891 Martio
1501 1855 1652 1903 sepultus
1661 1853 1819 1903 estquod
1830 1864 1952 1901 praeter
1963 1863 2097 1889 ceteros
2108 1855 2179 1901 Ap-

1213 1904 1333 1952 pianus
1347 1904 1441 1940 lib.i.
1453 1902 1594 1952 copiose
1608 1913 1733 1939 narrat.
1760 1901 1895 1939 Primus
1909 1911 2025 1938 autem
2036 1902 2056 1936 ἐ
2070 1901 2177 1949 patri-

1212 1952 1274 1988 ciis
1287 1953 1461 1989 Corneliis
1475 1952 1568 1988 Sulla
1582 1953 1653 2000 igni
1667 1951 1780 1987 voluit
1792 1949 1947 1990 cremari,
1961 1950 2021 1985 lib.
2030 1963 2059 1985 2.
2071 1950 2114 1986 de
2125 1950 2177 1985 le-

1211 2001 1324 2049 gibus.
1352 2000 1430 2037 Post
1442 2002 1546 2037 Sullae
1566 2011 1716 2036 mortem
1735 1998 1893 2034 diffenfio
1916 1999 2006 2034 inter
2018 1999 2178 2033 consules

1211 2061 1287 2085 orta
1298 2049 1346 2084 est
1358 2076 1368 2089 ,
1390 2049 1474 2083 ciim
1490 2049 1641 2093 Lepidus
1654 2048 1757 2081 Sullae
1770 2048 1844 2082 mita
1861 2046 2052 2081 rescindere
2063 2056 2175 2081 tenta-

1213 2107 1264 2131 ret
1276 2121 1285 2136 ,
1298 2098 1332 2131 δε
1342 2096 1490 2130 Catulus
1502 2096 1533 2130 ei
1546 2093 1719 2129 resisteret.
1743 2093 1823 2129 vide
1834 2093 2001 2129 Orofium
2014 2095 2175 2132 nostrum

1211 2143 1232 2179 l.
1242 2155 1273 2185 5.
1286 2156 1315 2178 c·
1328 2155 1383 2179 22.
1400 2142 1496 2179 Hinc
1507 2142 1634 2178 Cicero
1646 2142 1683 2177 in
1698 2142 1834 2186 Catil.3.
1850 2141 2009 2177 Diffenfit
2023 2143 2178 2190 M-Lepi-

1209 2192 1274 2227 dus
1286 2191 1305 2227 a
1317 2191 1501 2228 clariffimo
1514 2193 1548 2227 8<
1558 2190 1741 2228 fortiffimo
1755 2191 1832 2226 viro
1842 2192 2038 2236 QCatulo.
2059 2192 2178 2228 attulit

1211 2254 1283 2276 non
1296 2252 1367 2277 tam
1383 2239 1486 2289 ipsius
1499 2240 1658 2276 interitus
1672 2241 1755 2286 reip.
1765 2240 1911 2280 luctum,
1922 2253 2027 2288 quam
2038 2252 2179 2285 cetero-¹

1210 2303 1300 2325 rum.
1312 2289 1381 2324 Ubi
1394 2290 1478 2325 vero
1490 2288 1664 2326 M.Tullio
1674 2289 1717 2324 de
1727 2289 1829 2325 Sullae
1840 2300 1953 2324 morte
1965 2290 2115 2325 Athenas
2124 2290 2176 2326 al-

1213 2339 1322 2374 latum
1334 2338 1432 2377 est‚ut
1445 2338 1647 2374 Plutarchus
1659 2338 1872 2379 scribit,cum
1878 2336 1954 2386 jam
1965 2351 2090 2386 corpus
2101 2341 2175 2387 ejus

1210 2387 1518 2424 exercitationibus
1538 2386 1784 2423 confirmatum
1803 2387 1949 2423 meliore
1968 2387 2090 2424 habitu
2109 2387 2176 2424 effe

1212 2435 1376 2485 coepisset,
1388 2438 1421 2472 ὃς
1433 2449 1503 2473 vox
1515 2436 1561 2471 ita
1572 2435 1790 2472 conformata
1802 2435 1894 2477 esset,
1906 2447 1945 2472 ut
1954 2449 2039 2472 cum
2052 2435 2176 2477 auditu

1211 2485 1320 2522 suavis
1330 2497 1367 2520 ac
1377 2485 1568 2533 plena‚tum
1578 2484 1620 2520 ad
1630 2485 1786 2534 corporis
1796 2484 2087 2521 constitutionem
2097 2497 2176 2521 mo-

1210 2533 1324 2570 derate
1336 2533 1599 2570 accommodata
1610 2533 1690 2570 esset
1702 2558 1712 2573 ‚
1732 2545 1850 2570 motus
1862 2536 1897 2571 &
1908 2535 2066 2582 precibus
2079 2533 2172 2570 litte-

1210 2582 1321 2631 risque
1333 2584 1534 2619 amicorum
1545 2607 1556 2620 ‚
1579 2595 1655 2631 quae
1669 2584 1784 2619 Roma
1795 2583 1992 2632 frequentes
2005 2583 2048 2620 ad
2060 2581 2174 2632 ipsum

1209 2630 1452 2672 afferebantur,
1463 2633 1497 2668 ὃς
1507 2631 1749 2668 cohortatione
1761 2632 1939 2670 Antiochi,
1950 2642 1990 2668 ut
2001 2631 2174 2680 rempubl.

1211 2680 1542 2727 capess'eret,dicendi
1554 2681 1626 2717 vim
1634 2694 1696 2717 ceu
1710 2681 1980 2718 instrumentum
1992 2681 2105 2717 rursus
2114 2693 2177 2717 ex-

1209 2730 1337 2771 coluit,
1351 2730 1561 2779 civilemque
1572 2730 1769 2768 facultatem
1780 2730 1956 2767 excitavit.
1970 2732 2090 2779 Itaque
2101 2729 2175 2778 pri-

1210 2791 1309 2814 mum
1320 2804 1327 2818 ,
1343 2789 1380 2814 ut
1392 2779 1460 2826 ipse
1474 2780 1509 2814 in
1522 2780 1630 2815 Bruto
1646 2779 1775 2819 scribit,
1784 2779 1928 2816 Athenis
1941 2778 2032 2827 apud
2043 2781 2174 2814 Deme-

1209 2828 1318 2863 trium
1331 2830 1461 2876 Syrum
1475 2853 1484 2869 ,
1509 2838 1660 2864 veterem
1676 2831 1711 2866 ὃς
1731 2842 1805 2865 non
1826 2827 2020 2876 ignobilem
2031 2826 2175 2862 dicendi

1210 2875 1414 2924 magistrum
1426 2875 1573 2912 studiose
1584 2878 1820 2914 exercebatur.
1846 2876 1921 2925 post
1932 2886 2044 2912 totam
2057 2874 2174 2911 Asiam

1212 2926 1404 2973 peragravit
1426 2938 1445 2960 c
1453 2939 1512 2962 um
1533 2925 1676 2962 summis
1699 2925 1896 2963 oratoribus
1920 2950 1929 2965 ‚
1963 2924 2174 2974 quibuscum

1212 2975 1435 3011 exercebatur
1449 2974 1522 3022 ipsis
1535 2974 1735 3012 lubentibus
1748 2989 1755 3012 :
1769 2987 1924 3024 quorum
1932 2984 2003 3010 erat
2015 2973 2176 3021 princeps

1214 3023 1398 3072 Menippus
1418 3023 1681 3060 Stratonicensis
1697 3037 1803 3073 quern
1816 3023 2019 3060 Plutarchus
2032 3023 2068 3057 M
2073 3022 2172 3068 enip-

1212 3085 1297 3120 pum
1310 3074 1437 3108 Carem
1450 3074 1609 3108 nominat
1626 3097 1634 3111 ‚
1647 3074 1724 3110 Cic.
1736 3086 1817 3109 eum
1829 3083 1905 3108 tota
1914 3071 1990 3107 Afia
2003 3070 2069 3107 illis
2081 3080 2171 3106 tem-

1211 3121 1353 3170 poribus
1372 3120 1632 3160 dilertissimum
1652 3122 1751 3160 fuisse
1766 3121 1913 3172 judicat.
1939 3119 2032 3159 unde
2048 3118 2173 3156 Strabo

2049 3167 2127 3204 lib-i
2137 3178 2172 3211 4.

1656 3199 1779 3259 χω
