2337 3400
193 129 292 181 974
613 107 1115 158 M.Tut,L11

194 197 335 226 valerent.
363 193 422 227 Iam
437 189 530 222 v'irtus
542 210 551 224 ,
580 192 674 220 animi
686 189 775 220 bonis
788 188 960 227 &corporis
973 185 1104 216 cernitur
1114 184 1145 213 in

195 229 375 278 quibusdam
387 254 395 265 ‚
406 243 469 273 quae
483 241 616 261 nontam
628 241 747 263 narniae,
762 232 852 270 quam
866 230 955 259 beaiae
965 230 1033 257 vitae
1041 226 1146 264 adjun-

198 280 242 306 cta
256 277 330 305 sunt.
353 277 523 304 Hominem
535 272 592 302 ess‘e
603 272 762 302 censebant
771 291 780 305 ,
801 271 879 312 quali
888 278 996 312 partem
1005 267 1148 310 quandam

196 325 322 346 rivi-ratu
335 336 342 348 ‚
355 316 386 345 ὃς
401 312 528 343 universi
538 316 653 354 generis
663 315 798 346 humani,
813 321 942 353 eumque
951 310 1006 341 ess'e
1017 310 1149 347 conjun-

197 359 280 388 ctum
302 366 372 387 cum
394 356 573 385 hominibus
595 357 724 385 bumana
745 355 872 395 quadam
895 355 1038 384 societate.
1062 355 1104 381 Ac
1115 350 1150 380 de

199 401 320 429 summo
330 398 451 438 quidem
465 417 473 429 .
496 406 581 438 atque
596 398 720 427 naturali
731 397 815 426 bono
826 395 863 426 sic
873 404 974 437 agunt.
995 403 1089 425 cetera
1098 402 1150 423 au-

198 450 257 470 tem
270 449 417 479 pertinere
426 438 459 468 ad
472 439 499 468 id
513 448 615 479 putant
629 458 636 472 ,
653 439 747 468 autad
757 438 926 478 augendum
939 457 946 470 ‚
957 446 1006 467 aut
1018 435 1054 466 ad
1065 445 1151 465 tuen-

197 482 283 514 dum,
296 481 464 514 utdivitias‚
476 490 507 510 ut
518 491 602 521 opes,
615 490 647 511 ut
655 481 793 521 gloriam,
805 489 838 511 ut
845 481 980 519 gratiam.
1003 478 1153 516 itatripat-

161 519 179 548 (⁷
200 532 250 553 tira
274 523 310 552 ab
333 525 369 553 iis
389 522 542 552 inducitur
564 532 638 553 ratio
656 523 823 559 bonorum,
843 526 942 562 Atque
953 522 1014 551 haec
1024 520 1075 549 illa
1086 520 1152 548 sunt

195 567 250 594 tria
267 574 372 605 genera
385 584 394 597 ‚
411 574 477 605 qut-o
500 574 603 605 putant
621 565 755 605 plerique
779 565 986 604 Peripateticos
996 562 1109 592 dicere:
1124 560 1151 590 id

195 608 319 647 quidem
332 616 395 635 rion
404 606 496 636 falso.
510 607 551 636 cst
562 608 644 636 enim
656 608 717 636 haec
726 607 845 646 partitio
857 606 979 635 illorum
991 615 996 634 ;
1006 603 1081 634 illud
1094 605 1152 632 im-

198 648 371 688 prudenter,
388 647 406 677 si
417 648 490 677 alios
501 647 556 678 ess'c
569 648 775 681 Academicos,
787 649 915 688 quitum
927 646 1152 686 appellarentur,

194 691 273 720 alios
292 691 500 729 Peripateticos
518 690 704 720 arbitrantur.
728 690 911 720 Communis
934 689 994 718 haec
1006 689 1080 717 ratio
1093 707 1100 719 ‚
1122 686 1153 715 &
1172 701 1175 718 i

196 732 331 771 utrisque
346 733 392 761 hic
406 735 414 750 ¹
432 731 583 762 bonorum
596 731 665 762 finis
676 731 841 764 videbatur,
852 731 972 770 adipisci
986 739 1050 770 quae
1062 728 1155 758 ess'ent

198 775 294 813 prima
305 775 336 802 iri
348 782 457 806 natum,
468 783 594 814 quaeque
604 774 663 814 ipsa
674 783 722 814 per
732 774 789 804 sese
799 772 1028 813 expetenda‚atit
1037 772 1152 802 omnia,⁷

197 824 247 844 aut
266 815 410 845 maxima.
429 824 463 845 ea
478 816 654 846 suntatitem
666 817 802 846 maxima
815 835 823 848 ‚
843 824 908 855 quae
918 816 948 843 in
960 814 1024 853 ipso
1035 815 1151 845 animo,

196 865 284 896 atque
307 859 337 886 in
355 857 415 896 ipsa
435 858 544 887 virtute
565 858 724 887 versantur.
748 856 1025 897 Itaqueomnisilla
1035 856 1154 893 antiqua

195 898 390 939 philosophia
411 898 496 929 senlit
517 909 553 928 m
571 907 644 929 mm
664 908 818 929 vrato-ra
836 907 908 927 asse
918 904 1153 927 POSITAMBEA-

198 949 273 969 TAM
285 949 396 970 νιτΛΜ
411 950 483 970 :nec
494 950 594 971 tani-:n
606 938 870 972 beatiffimammisi
882 940 1112 979 adjungerentur
1122 938 1154 967 ὃς

198 984 335 1022 corporis
348 1003 356 1015 ,
370 983 400 1012 &
412 992 506 1012 cetera
518 1002 525 1015 ,
537 992 601 1022 qua:
613 982 694 1022 supra
705 981 784 1012 dicia
797 983 863 1012 sunt
873 1001 881 1015 ‚
893 980 928 1011 ad
939 982 1057 1011 virtutis
1067 980 1152 1009 usum

198 1023 317 1053 idonea.
337 1034 375 1053 ex
386 1025 438 1053 hac
447 1024 656 1063 descriptione,
668 1023 773 1065 agendi
783 1033 903 1064 quoque
913 1022 1025 1063 aliquid
1039 1025 1070 1051 in
1082 1023 1152 1054 vita,

200 1065 235 1095 &
253 1063 348 1095 officii
372 1064 460 1105 ipsius
471 1067 592 1095 initium
604 1065 818 1105 reperiebatur:
833 1065 913 1106 quod
924 1074 983 1094 erat
993 1066 1024 1093 in
1034 1063 1155 1093 conser-

194 1109 316 1137 vatione
327 1116 428 1136 earum
440 1116 626 1148 t‘erun12quas
638 1116 738 1137 natura
748 1107 958 1146 praescriberet.
970 1107 1041 1135 hinc
1049 1105 1154 1145 gigne-

196 1148 284 1178 batur
294 1148 483 1189 fi1gatlefid1'ae
497 1169 504 1183 ,
527 1156 763 1190 voiuptatumque
772 1155 918 1178 contemtio
928 1159 939 1175 .·
950 1157 987 1177 cx
1000 1148 1061 1187 qflo
1071 1146 1153 1175 labo-

196 1199 264 1220 rum
280 1209 288 1223 ‚
309 1190 512 1231 dolorumque
521 1191 664 1231 susceptio
674 1192 841 1221 multorum
855 1211 863 1224 ,
880 1198 1070 1229 magnorum,
1081 1186 1153 1216 recti

197 1231 378 1272 honestique
387 1232 470 1262 causa
483 1244 492 1267 3
513 1233 545 1263 Sc
555 1242 655 1263 earum
670 1242 768 1262 rerum
784 1251 792 1264 ‚
817 1242 882 1272 quae
894 1240 976 1261 erant
986 1239 1155 1271 congruen-

196 1281 241 1303 tes
254 1283 323 1304 cum
339 1274 537 1314 descriptione
548 1284 667 1305 naturae.
690 1274 771 1304 unde
783 1275 916 1304 amicitia
927 1271 1081 1302 exsistebat
1093 1290 1101 1304 ,
1123 1270 1155 1300 &

195 1314 308 1355 justitia
324 1335 332 1349 ‚
353 1325 440 1356 atque
454 1317 589 1357 aequitas.
610 1318 714 1356 baeque
725 1316 757 1346 δε
769 1315 971 1355 voluptatibus
986 1334 994 1347 ,
1006 1314 1038 1343 &
1051 1312 1156 1342 multis

194 1359 265 1387 vitae
283 1357 455 1387 commodis
475 1358 741 1398 anteponebantur.
766 1359 838 1387 Haec
855 1356 980 1398 quidem
1000 1355 1058 1385 fuit
1078 1353 1155 1394 apud

197 1408 251 1428 eos
272 1408 393 1429 morum
405 1399 573 1434 institutio,
595 1400 702 1435 &eius
711 1400 781 1429 artis
791 1419 799 1432 ,
819 1408 908 1439 quam
918 1400 1045 1438 primam
1059 1396 1156 1436 posui,

197 1439 299 1471 forma
318 1450 404 1482 atque
416 1441 584 1482 descriptio.
608 1445 655 1472 De
666 1450 767 1472 natura
775 1449 875 1471 autem
896 1441 906 1479 (
919 1439 948 1470 id
958 1441 1042 1469 enim
1054 1439 1157 1478 seque-

198 1483 303 1523 batur)
325 1485 366 1513 ita
383 1483 542 1518 dicebant,
568 1493 600 1514 ut
618 1493 683 1514 eam
703 1483 874 1513 dividerent
894 1484 926 1512 in
946 1491 990 1511 res
1009 1480 1081 1510 duas
1100 1490 1105 1508 :
1125 1487 1157 1509 ut

199 1524 290 1554 altera
308 1518 530 1558 effetffefficiens
544 1545 553 1558 ‚
571 1526 660 1556 altera
668 1533 767 1555 autem
778 1522 856 1565 quasi
867 1524 938 1553 huic
947 1527 962 1542 2
973 1523 1000 1553 se
1010 1521 1155 1562 praebens,

200 1575 252 1598 ea,
277 1574 334 1606 qua
352 1564 518 1596 efficeretur
543 1567 666 1607 aliquid.
690 1569 726 1596 In
742 1575 778 1595 eo
792 1586 801 1599 ,
820 1565 901 1605 quod
921 1563 1069 1597 efficeret,
1089 1565 1154 1593 vim

200 1605 261 1636 esse
277 1607 454 1637 censebant:
473 1610 505 1639 in
517 1618 554 1638 eo
564 1617 662 1638 autem
675 1628 684 1641 ‚
702 1607 785 1649 quod
794 1606 978 1639 efficeretur,
999 1606 1154 1635 materiam

197 1649 365 1690 quandam:
381 1658 413 1678 in
431 1658 557 1691 utroque
575 1659 674 1680 tamen
694 1658 866 1690 utrumque.
890 1650 1079 1689 nequeenim
1092 1656 1156 1676 ma·

201 1692 306 1720 teriam
326 1690 418 1730 ipsam
437 1692 585 1722 cohaerere
602 1689 748 1732 potuisse,
767 1689 788 1720 si
803 1691 885 1720 nulla
895 1691 1153 1721 vicontineretur,

199 1741 298 1772 neque
317 1735 381 1761 vim
400 1730 460 1762 sine
482 1734 580 1774 aliqua
602 1735 733 1763 materia.
758 1742 865 1762 NIHIL
885 1741 939 1761 nsi-
950 1734 1032 1761 enim
1046 1750 1054 1764 ,
1073 1730 1154 1771 quod

201 1783 265 1804 nori
276 1773 385 1803 alicubi
396 1772 454 1803 effe
462 1784 594 1816 cogatur.
616 1775 664 1805 sed
675 1774 755 1815 quod
766 1783 804 1803 ex
815 1783 940 1814 utroque
952 1793 961 1806 ,
976 1773 1006 1803 id
1015 1774 1075 1812 jam
1086 1781 1155 1802 cor-

199 1825 275 1857 pus,
299 1815 332 1845 &
354 1813 433 1856 quasi
450 1818 623 1857 qualitatem
637 1815 786 1857 quandam
806 1814 1016 1845 nominabant.
1049 1813 1156 1843 dabitis

200 1861 284 1887 enim
298 1856 452 1897 prtite&o‚
479 1867 512 1888 ut
522 1860 553 1888 in
567 1858 654 1888 rebus
667 1856 812 1888 inusitatis
823 1877 831 1891 ‚
852 1856 932 1897 quod
944 1857 1039 1885 Graeci
1051 1853 1104 1894 ipsi
1113 1853 1157 1884 fa-

199 1901 286 1929 ciunt
297 1919 305 1932 ,
325 1899 460 1940 aquibus
472 1900 604 1939 haecjam
615 1899 667 1929 diu
678 1898 839 1930 uastantur
849 1918 858 1932 2
871 1907 990 1928 utamur
1000 1897 1098 1926 verbis
1107 1898 1155 1926 in-

200 1941 317 1971 terdum
338 1941 492 1971 inauditis.
525 1944 592 1972 Nos
611 1941 682 1972 vero
701 1942 800 1981 inquit
817 1942 945 1970 Atticus.
972 1940 1045 1980 quin
1065 1940 1154 1968 etiam

201 1985 313 2020 Graecis
325 1983 427 2013 licebit
437 1992 528 2017 utare,
541 1983 612 2014 cum
623 1983 720 2017 voles,
733 1982 752 2012 fi
765 1992 790 2012 te
801 1984 906 2013 Latina
917 1981 995 2011 forte
1005 1979 1156 2011 deficient.

201 2026 282 2054 Bene
292 2025 359 2055 sane
371 2024 441 2055 facis
453 2036 457 2054 z
469 2026 517 2056 sed
529 2028 625 2056 enitar
635 2044 643 2059 ‚
659 2034 690 2056 ut
701 2024 808 2055 Latine
817 2025 930 2065 loquar,
943 2021 997 2053 m‘fi
1012 2025 1044 2052 in
1054 2022 1156 2062 hujus·

199 2067 323 2096 cemodi
336 2067 434 2096 verbis
447 2087 455 2101 ‚
469 2076 500 2097 ut
510 2067 731 2107 philosophiam
745 2086 754 2101 ,
766 2075 814 2097 aut
823 2067 1014 2098 rhetoricam,
1025 2073 1073 2095 aut
1083 2065 1156 2104 phy—

199 2106 288 2138 ficam
301 2128 310 2141 .
331 2108 573 2139 antdialefficam
586 2110 734 2149 appellem
747 2128 755 2143 ,
770 2109 880 2150 quibus
895 2128 902 2141 ‚
923 2108 1031 2137 utaliis
1041 2107 1157 2140 multis,

198 2150 387 2180 consuetudo
406 2151 466 2188 jam
486 2153 579 2181 utitur
597 2161 651 2191 pro
670 2153 798 2181 Latinis.
820 2150 978 2192 qualitates
998 2149 1087 2189 igitur
1107 2157 1158 2188 ap-

199 2192 330 2232 pellavi,
353 2201 423 2232 quas
441 2196 569 2223 ποιότητοις
591 2195 688 2223 Graeci
708 2201 815 2222 vocant
835 2203 840 2222 :
861 2191 942 2233 quod
964 2192 1061 2231 ipsum
1081 2189 1157 2229 apud

199 2236 322 2263 Graecos
331 2243 395 2263 non
407 2232 448 2263 est
459 2235 540 2274 vulgi
554 2235 678 2264 verbum
694 2256 702 2268 ,
721 2234 768 2265 sed
781 2234 1029 2273 philosophorum
1043 2253 1052 2265 .
1071 2241 1158 2272 atque

203 2275 235 2305 id
256 2278 287 2305 in
300 2275 413 2305 multis.
435 2275 661 2306 dialecticorum
672 2273 744 2306 vero
755 2276 843 2306 verba
853 2276 935 2305 nulla
946 2275 1011 2305 sunt
1021 2274 1157 2314 publica:

200 2318 260 2348 suis
279 2326 410 2347 utuntur.
435 2317 507 2347 &id
519 2317 642 2358 quidem
653 2327 818 2348 commune
832 2319 974 2347 omnium
985 2316 1048 2346 fere
1059 2315 1102 2345 est
1114 2324 1159 2344 ar-

199 2360 289 2390 tium.
306 2368 356 2389 aut
369 2360 453 2389 enim
474 2369 552 2389 nova
564 2360 629 2390 sunt
639 2369 737 2389 rerum
749 2369 895 2388 novarum
908 2357 1042 2388 facienda
1055 2358 1158 2387 nomi-

204 2410 243 2431 na
253 2420 262 2434 ,
274 2410 323 2431 aut
337 2411 376 2431 ex
385 2402 450 2431 aliis
462 2400 672 2431 transferenda.
696 2400 777 2441 quod
789 2399 808 2430 si
820 2402 916 2430 Graeci
926 2399 1052 2432 faciunt,
1063 2400 1115 2439 qui
1127 2400 1160 2427 in

201 2444 239 2472 iis
259 2442 346 2472 rebus
369 2443 478 2482 totjam
492 2443 594 2473 saecula
605 2442 757 2472 versantur
768 2462 777 2476 ,
797 2451 910 2483 quanto
925 2441 955 2471 id
967 2444 1059 2481 magis
1071 2440 1161 2469 nobis

200 2484 430 2515 concedendum
450 2484 513 2519 est,
534 2485 659 2526 quihaec
680 2494 761 2514 nunc
778 2482 916 2523 primum
939 2481 1059 2512 traam-e
1068 2490 1161 2512 cona-

202 2535 271 2556 mur
281 2528 291 2554 ?
303 2529 355 2557 Tu
364 2525 446 2560 vero,
457 2529 594 2568 inquam,
605 2529 708 2560 Varro,
720 2526 795 2556 bene
807 2528 897 2556 etiam
908 2526 1070 2554 meriturus
1081 2523 1160 2553 mihi

165 1952 182 1984 x,

243 2648 265 2665 1.
286 2640 464 2674 Bonorumfim'r
474 2639 630 2672 videbatur]
653 2637 863 2670 1³:211.videasur5
879 2634 951 2672 quod
961 2636 989 2661 ὅτ
999 2636 1027 2662 in
1037 2634 1117 2662 editis
1128 2634 1160 2661 ab

203 2674 275 2701 Altlo
286 2675 397 2701 seniore.
417 2674 486 2701 ferre
497 2674 593 2710 possein
606 2681 688 2700 totam
700 2672 795 2700 abesse.

240 2719 266 2736 2.
286 2712 424 2744 Sepmhens
435 2730 443 2742 ‚
463 2720 535 2744 eaque
552 2711 679 2743 efficeretur
696 2709 814 2744 aliquid]
837 2707 978 2735 Turnebus
998 2706 1112 2734 malebat
1130 2716 1159 2733 ex

205 2755 251 2778 qua
261 2748 394 2777 efficeretur.
415 2747 566 2782 indicatque
585 2746 650 2772 alios
663 2745 790 2775 voluiss'e,
809 2754 838 2771 ea
848 2753 916 2779 qua;
937 2743 1008 2778 quod
1031 2743 1157 2770 visiturin

205 2816 333 2851 restatque
344 2818 369 2844 iii
382 2819 448 2845 Pali.
461 2825 591 2845 recentius
602 2818 653 2844 cusi
665 2817 817 2854 praetulere,
827 2825 855 2843 ea
863 2826 922 2851 qua.

242 2859 269 2886 3.
287 2856 311 2878 εἰ
321 2855 401 2885 necesse
409 2854 480 2888 erin]
502 2854 576 2881 Facit
586 2853 651 2881 istud
663 2854 746 2894 inagis
758 2853 807 2879 huc
819 2872 828 2885 ‚
848 2855 928 2888 quani
942 2851 1077 2888 vulgatum
1091 2870 1099 2884 ,
1118 2861 1161 2878 ne-

207 2888 263 2921 ceffe
271 2890 320 2919 etig—
342 2890 490 2926 reperitque
501 2891 526 2916 iii
538 2892 572 2916 Τ.
584 2890 759 2920 Gulielmius,
770 2898 819 2925 ego
841 2898 872 2915 ue
884 2889 910 2915 in
923 2888 979 2915 Pal.
991 2895 1097 2923 quarte».
1136 2899 1138 2901 ·

245 2929 273 2955 4.
293 2925 589 2960 Menrefiqucfingulares]
611 2927 672 2952 Duo
682 2925 761 2952 iidem
773 2925 821 2951 cod
845 2945 850 2950 .
863 2926 983 2958 singulare
994 2944 1002 2957 ,
1021 2924 1090 2959 quod
1103 2924 1161 2950 heic

208 2966 240 2985 an
252 2959 339 2985 locum
351 2961 455 2994 proprii.-
467 2961 569 2992 habeat.
583 2961 708 2988 videbunt
717 2962 775 2993 alii,
787 2971 837 2997 ego
848 2968 912 2997 puto
921 2960 1000 2996 posse:
1015 2968 1090 2986 tanto
1101 2961 1162 2996 qui-

204 2995 268 3021 dem
282 2995 377 3027 magis,
387 2996 456 3030 quod
469 3004 577 3031 uterquc
590 2998 735 3029 Palatinus,
749 3007 811 3024 mox
823 2997 957 3033 agnoscat,
967 3005 1099 3032 eorumque,
1110 3006 1162 3033 qua

204 3031 329 3058 enclitiea
340 3031 461 3065 vulgares
472 3040 573 3063 carent,
587 3042 697 3069 excepta
707 3033 869 3060 Visun-iana.

1182 102 1728 155 Crcnltoisrrs

1192 183 1301 215 videris
1312 184 1350 216 de
1360 186 1418 216 tuis
1427 185 1545 216 civibus
1556 206 1565 220 ‚
1575 185 1595 218 si
1605 197 1657 219 eos
1665 198 1728 221 non
1740 188 1837 221 'modo
1846 189 1931 231 copia
1940 197 2039 221 rerum
2049 198 2141 222 auxe-

1191 228 1241 260 ris,
1255 235 1287 256 ut
1296 225 1431 260 effecisti,
1442 227 1490 257 sed
1499 230 1589 258 etiam
1600 230 1774 262 verborum.
1794 233 1982 263 Audebimus
1991 242 2060 273 ergo
2071 253 2080 266 ,
2092 235 2144 262 in-

1190 270 1265 309 quit,
1279 270 1366 298 novis
1378 268 1475 299 verbis
1486 271 1528 299 uti
1544 289 1553 302 ‚
1573 279 1601 300 te
1609 270 1728 304 austere
1739 291 1747 306 ‚
1765 277 1779 302 ³
1790 272 1809 303 si
1823 273 1936 305 necess'e
1944 277 2008 304 erit.
2030 278 2141 305 Earum

1191 313 1279 351 igitur
1289 311 1465 350 qualitatum
1477 311 1544 340 sunt
1554 311 1618 341 aliae
1628 314 1852 354 principesffiliae
1863 326 1900 346 ex
1911 318 1949 346 iis
1956 326 2039 347 ortae.
2060 318 2145 356 prin-

1191 362 1270 393 cipes
1283 353 1348 382 sunt
1360 352 1585 386 uniusmodi‚&
1597 351 1754 393 simplices.
1767 366 1803 386 ex
1815 359 1851 386 iis
1860 367 1959 388 autern
1971 360 2146 391 ortae‚variae

1193 394 1307 426 sunu&
1317 393 1395 434 quasi
1408 393 1622 424 multiformes.
1633 397 1730 436 itaque
1739 397 1785 427 a'ei·
1794 407 1913 438 quoque
1922 400 2010 437 (urim
2017 410 2050 430 ur
2059 402 2144 430 enim

1194 445 1247 476 pro
1260 437 1382 474 Latino)
1394 436 1519 477 ignis‚&
1529 436 1648 477 aqua,&
1659 447 1743 472 terra,
1754 441 1851 478 prima
1862 440 1936 470 sunt.
1946 451 1985 471 ex
1998 443 2034 471 iis
2044 450 2143 472 autent

1195 486 1265 508 orta:
1276 479 1477 508 animantium
1488 477 1594 508 formae
1606 489 1766 520 earumque
1776 490 1874 510 rerum
1885 500 1894 514 ,
1905 491 1970 522 quae
1981 484 2144 524 gignuntur

1195 520 1212 549 ὲ
1225 529 1306 549 terra.
1329 529 1398 560 ergo
1410 521 1459 550 illa
1470 521 1565 553 initia,
1576 520 1619 554 ὃς,
1631 530 1663 551 ut
1673 523 1689 551 e
1704 524 1810 552 Graeco
1820 530 1945 557 vertam,
1956 524 2087 554 elementa
2099 525 2145 555 di-

1194 570 1301 591 cuntur
1314 571 1318 590 :
1330 561 1345 591 ὲ
1356 562 1464 602 quibus
1473 562 1529 595 a'e'r‚
1542 562 1573 592 &
1584 564 1672 603 ignis,
1685 563 1830 593 movendi
1840 564 1904 594 vim
1915 564 2071 600 habent,&
2081 565 2150 596 effl-

1195 603 1293 633 ciendi
1307 614 1311 631 2
1325 604 1446 644 reliquae
1455 613 1560 643 partes,
1571 605 1785 645 accipiendi‚&
1794 604 1872 645 quasi
1883 607 2013 645 patiendi
2026 617 2147 649 :aquarn

1197 645 1314 678 diem&
1327 654 1444 675 terram.
1455 645 1623 687 QinGtum
1635 648 1761 687 genus,e
1774 646 2023 688 quoefl'entastra,
2032 652 2050 676 4
2060 659 2147 681 men-

1196 688 1296 727 tesque
1306 685 1474 728 singulareS,
1485 697 1591 717 eorum
1601 697 1749 729 quattuor,
1759 698 1824 729 quae
1834 689 1918 729 supra
1926 689 2150 724 dixi,diffimile

1198 728 1370 759 Aristotcles
1389 729 1532 770 quiddam
1551 727 1608 760 effe
1628 731 1754 760 rebatur.
1776 734 1789 757 5
1809 731 1857 760 sed
1873 730 2035 769 subjeaam
2046 741 2150 772 putant

1196 771 1340 801 omnibus
1351 769 1410 800 fine
1422 771 1481 801 ulla
1489 771 1682 813 specie,atque
1690 781 1840 802 carentem
1852 775 1940 802 omui
1949 773 2000 803 illa
2009 774 2150 814 qualitate

1197 812 1354 852 (faciamus
1367 823 1451 842 enim
1465 811 1610 843 rrastando
1621 813 1755 855 usitatius
1765 815 1820 844 hoc
1829 815 1953 844 verbum
1967 833 1975 849 ,
1995 815 2028 845 δε
2040 817 2150 857 tritius)

1197 857 1350 885 materiam
1362 850 1509 895 quan'dam
1522 874 1530 889 ,
1544 865 1581 884 ex
1592 866 1649 896 qua
1658 858 1762 886 omnia
1772 855 1913 896 expressa,
1924 854 1941 876 ⁶
1951 856 2151 898 atqueeffeaa

1197 896 1252 927 sint
1263 907 1268 925 :
1279 906 1345 937 quae
1359 906 1421 927 tota
1435 899 1540 926 omnia
1549 907 1679 938 aceipere
1688 897 1798 938 poffint
1809 919 1818 931 ‚
1837 898 2038 939 omnibusque
2048 899 2151 930 modis

1198 948 1311 968 mutare
1324 958 1332 971 ‚
1343 948 1429 978 atque
1439 949 1477 968 ex
1488 941 1575 968 omni
1587 948 1666 980 parte
1678 951 1683 969 z
1695 949 1790 981 eoque
1798 941 1889 969 etiam
1900 941 2032 974 interire,
2044 943 2150 971 nonin

1196 981 1325 1010 nihilum
1337 999 1345 1013 ,
1368 980 1458 1010 sedin
1468 981 1531 1010 suas
1542 983 1647 1020 parteis
1656 1001 1664 1015 ‚
1686 991 1752 1021 quae
1761 980 1881 1011 infinite
1892 982 2000 1016 secari,
2012 992 2045 1013 ac
2055 982 2153 1013 dividi

1194 1021 1303 1062 posfint
1315 1041 1323 1055 ,
1343 1022 1414 1051 curn
1436 1020 1468 1052 sit
1486 1022 1558 1050 nihil
1581 1024 1689 1052 omnino
1702 1033 1733 1052 in
1744 1032 1842 1053 rerum
1854 1033 1956 1053 natura
1968 1026 2149 1058 minimum,

1194 1063 1275 1104 quod
1289 1063 1386 1093 dividi
1399 1073 1525 1104 nequeat
1537 1074 1541 1091 z
1551 1073 1616 1104 quae
1627 1073 1726 1094 autem
1739 1073 1928 1099 moveantur,
1941 1068 2047 1096 omnia
2056 1075 2152 1096 inter·

1195 1105 1281 1135 vallis
1300 1107 1428 1134 moveri.
1456 1115 1522 1145 quae
1546 1106 1701 1136 intervalla
1721 1108 1795 1136 item
1817 1105 1937 1136 infinite
1956 1107 2053 1137 dividi
2075 1108 2146 1147 pos-

1196 1145 1260 1176 sint.
1282 1146 1315 1175 &
1333 1145 1404 1174 cum
1428 1148 1467 1176 ita
1487 1156 1642 1176 moveatur
1655 1147 1708 1177 illa
1717 1149 1763 1177 vis
1776 1167 1784 1181 ‚
1801 1157 1891 1187 quam
1901 1149 2075 1189 qualitatem
2087 1148 2147 1179 ess'e

1195 1188 1342 1221 diximus,
1355 1188 1385 1218 ὃς
1394 1187 1466 1218 cum
1479 1186 1517 1217 sic
1526 1192 1540 1216 7
1550 1187 1640 1221 ultro,
1651 1191 1784 1229 citroque
1793 1189 1939 1219 versetur:
1953 1190 1985 1219 &
1997 1194 2151 1221 materiam

1195 1230 1287 1270 ipsam
1298 1238 1389 1259 totam
1401 1231 1521 1269 penitus
1529 1233 1710 1260 commutari
1721 1239 1833 1270 putant,
1847 1230 1928 1262 &ita
1937 1230 2015 1261 effici
2025 1241 2090 1272 quae
2101 1241 2153 1272 ap-

1194 1272 1306 1312 pellant
1315 1271 1415 1312 qualia
1426 1291 1434 1305 ,
1448 1272 1464 1301 ὲ
1473 1271 1582 1312 quibus
1594 1274 1624 1301 in
1635 1274 1722 1302 omni
1734 1281 1837 1302 natura
1844 1273 2022 1307 cohaerente,
2035 1274 2067 1303 &
2076 1283 2152 1304 con-

1195 1316 1307 1344 tinuata
1316 1323 1386 1343 cum
1397 1315 1542 1343 omnibus
1554 1310 1611 1344 suis
1619 1314 1748 1353 partibus
1756 1312 1900 1344 effe&um
1913 1313 1971 1345 effe
1980 1315 2131 1346 mundum
2144 1325 2152 1345 ε

1195 1366 1277 1386 exrra
1286 1365 1378 1396 quern
1389 1356 1472 1385 nulla
1481 1365 1545 1396 pars
1556 1357 1684 1385 materiae
1696 1354 1727 1386 sit
1735 1376 1743 1389 ‚
1757 1356 1937 1397 nullumque
1947 1366 2055 1397 corpus
2067 1368 2072 1386 :
2082 1367 2151 1398 par-

1195 1400 1250 1428 teis
1260 1407 1360 1427 autem
1372 1396 1429 1427 effe
1438 1397 1559 1429 mundi,
1571 1399 1684 1431 omnia,
1695 1408 1761 1438 quae
1771 1396 1861 1428 infint
1870 1401 1901 1428 in
1913 1409 1962 1432 eo,
1972 1408 2039 1440 quae
2048 1403 2153 1430 natura

1196 1440 1341 1469 sentiente
1360 1447 1515 1469 teneantur
1529 1440 1576 1469 .in
1586 1449 1642 1480 qua
1651 1442 1725 1473 ratio
1738 1438 1868 1479 perfe&a
1878 1438 1946 1470 infit
1956 1460 1964 1474 ‚
1982 1451 2048 1481 quae
2058 1439 2091 1471 sit
2102 1450 2152 1472 ea-

1195 1481 1265 1511 dem
1279 1481 1466 1520 sempiterna.
1486 1481 1565 1511 nihil
1574 1483 1658 1510 enim
1670 1482 1818 1511 valentius
1829 1480 1886 1511 effe
1897 1502 1905 1515 ,
1917 1483 1932 1512 a
1942 1492 2004 1522 quo
2015 1484 2149 1512 intereat.

1196 1532 1284 1564 quam
1303 1523 1368 1552 vim
1387 1524 1525 1552 animum
1540 1520 1606 1552 esse
1623 1523 1728 1552 dicunt
1742 1523 1847 1552 mundi
1860 1543 1869 1557 ,
1895 1524 2083 1565 eandemque
2092 1522 2150 1554 effe

1197 1574 1333 1594 mentem
1345 1584 1354 1597 ,
1377 1565 1611 1605 sapientiamque
1630 1563 1790 1604 perfeciam
1804 1574 1911 1604 :quem
1933 1575 2029 1595 naum
2048 1566 2152 1605 appel-

1195 1607 1257 1636 iant
1269 1626 1277 1640 ,
1290 1608 1492 1646 omniumque
1502 1616 1599 1636 rerum
1611 1626 1619 1639 ‚
1632 1617 1697 1647 quae
1709 1606 1776 1637 sunt
1787 1608 1814 1635 ei
1824 1606 1962 1645 subjestae
1972 1626 1980 1640 ,
1990 1606 2069 1647 quasi
2079 1617 2152 1647 pru-

1193 1648 1324 1678 dentiam
1336 1647 1485 1688 quandam
1496 1667 1504 1681 ‚
1516 1657 1724 1687 procurantem
1734 1647 1865 1678 coelestia
1875 1651 2026 1683 maxime,
2041 1649 2152 1679 deinde

1194 1692 1227 1720 in
1250 1699 1333 1720 terris
1354 1700 1405 1723 ea,
1422 1700 1487 1730 quae
1506 1691 1657 1729 pertinent
1670 1690 1705 1720 ad
1721 1691 1863 1719 homines
1878 1700 1982 1730 :quam
1996 1691 2151 1721 interdum

1195 1740 1448 1761 NECESSITATEM
1466 1731 1615 1771 appellant
1630 1742 1638 1765 3
1657 1733 1727 1771 quia
1749 1732 1827 1760 nibil
1844 1732 1928 1761 aliter
1938 1730 2023 1770 poffit
2032 1752 2040 1764 ‚
2063 1741 2152 1772 atque

1195 1773 1231 1803 ab
1255 1783 1288 1803 ea
1305 1772 1502 1802 constitutum
1516 1768 1572 1802 fit8
1587 1775 1663 1802 inter
1674 1771 1752 1813 quasi
1763 1771 1882 1802 fatalem
1895 1792 1903 1806 ‚
1929 1774 1961 1803 δε
1973 1774 2152 1804 immutabi-

1196 1815 1256 1844 lem
1278 1816 1542 1844 continuationem
1560 1813 1678 1845 ordinis
1694 1814 1868 1854 sempiterni
1888 1825 1894 1844 :
1916 1824 2153 1855 nonnumquam

1196 1855 1319 1897 quidem
1338 1856 1464 1886 eandem
1484 1865 1672 1886 Fon-UNAM
1685 1876 1694 1890 ,
1716 1856 1799 1897 quod
1821 1854 1929 1887 efficiat
1951 1858 2046 1887 multa
2063 1860 2079 1883 9
2091 1858 2153 1887 irn-

1195 1899 1312 1938 provisa
1320 1898 1393 1932 haec,
1406 1907 1461 1927 nec
1470 1899 1590 1938 opinata
1598 1898 1688 1928 nobis
1697 1907 1816 1938 propter
1824 1898 2033 1929 obscuritatem
2043 1918 2052 1932 ‚
2065 1900 2154 1938 igno-

1195 1942 1405 1980 rationemque
1420 1940 1583 1970 causarum.
1607 1942 1710 1970 Tertia
1732 1940 1842 1971 deinde
1858 1941 2058 1980 philosophiae
2075 1949 2151 1980 pars,
2170 1941 2188 1981 8

1197 1992 1263 2023 quae
1271 1990 1331 2012 erat
1339 1984 1372 2011 in
1383 1984 1508 2016 ratione,
1520 1982 1552 2012 &
1565 1983 1595 2012 in
1605 1979 1830 2015 differendmfic
1838 1982 2012 2013 traaabatur
2019 1982 2056 2012 ab
2065 1982 2153 2013 urris-

1196 2034 1271 2065 que:
1294 2033 1479 2065 quamquam
1493 2025 1620 2054 oriretur
1629 2024 1644 2054 a
1655 2023 1785 2054 sensibus
1796 2043 1804 2057 ,
1823 2032 1922 2054 tamen
1932 2034 1995 2054 nori
2006 2022 2063 2054 effe
2073 2023 2154 2061 judi-

1196 2068 1278 2096 cium
1299 2067 1430 2096 veritatis
1448 2067 1479 2095 in
1499 2065 1639 2096 sensibus.
1659 2074 1780 2095 mentem
1795 2066 1936 2096 volebant
1946 2075 2039 2095 rerum
2048 2064 2154 2104 ffju-

1197 2107 1287 2137 dicem
1305 2118 1317 2135 .·
1338 2107 1430 2137 solam
1451 2107 1611 2137 censebant
1628 2107 1769 2138 idoneam
1790 2127 1798 2141 ‚
1821 2109 1870 2138 cui
1886 2108 2062 2138 crederetur.
2080 2108 2152 2147 quia

1197 2150 1259 2180 sola
1271 2146 1404 2180 cerneret
1417 2147 1447 2179 id
1457 2169 1466 2184 ‚
1477 2149 1558 2189 quod
1569 2149 1684 2190 stmper
1694 2148 1763 2180 ess'et
1772 2148 1911 2189 fimplex,
1923 2150 1955 2180 δε
1966 2147 2154 2182 uniusmodi,

1198 2191 1232 2222 &
1254 2191 1307 2221 tale
1320 2211 1329 2224 .
1359 2191 1445 2231 quale
1463 2190 1543 2221 effer.
1566 2192 1643 2222 hanc
1653 2192 1698 2221 illi
1712 2199 1747 2221 in
1758 2200 1830 2221 EAM
1842 2191 2046 2231 appellabant,
2064 2191 2126 2228 iam
2137 2189 2155 2221 ὲ

1195 2234 1319 2264 Platone
1330 2234 1368 2263 ita
1378 2234 1568 2263 nominatam
1582 2243 1588 2262 :
1600 2243 1656 2263 nos
1667 2233 1866 2272 reetespeciem
1876 2232 2030 2273 poffumus
2041 2231 2154 2262 dicere.

1198 2275 1306 2305 Sensus
1320 2283 1421 2304 autem
1432 2277 1571 2308 omneis,
1590 2275 1711 2305 hebetes
1722 2295 1731 2309 ‚
1758 2275 1790 2304 &
1800 2274 1897 2308 tardos
1905 2273 1963 2304 esse
1972 2273 2155 2305 arbitraban-

1201 2325 1259 2350 tur,
1270 2326 1326 2346 nec
1336 2316 1485 2356 percipere
1496 2317 1558 2346 ullo
1570 2317 1663 2346 modo
1673 2326 1719 2346 res
1730 2326 1786 2349 eas,
1797 2326 1862 2357 quae
1874 2315 2012 2353 subjcfiae
2022 2313 2154 2345 sensibus

1200 2357 1389 2388 viderentur:
1402 2361 1432 2377 ¹0
1441 2368 1506 2398 quae
1517 2356 1609 2388 essent
1622 2359 1719 2388 autita
1731 2367 1825 2397 parvae
1838 2378 1846 2392 ,
1867 2367 1899 2388 ut
1911 2357 1963 2387 sub
1979 2356 2095 2387 sensum
2106 2365 2156 2387 ca-

1201 2399 1269 2429 dere
1287 2409 1352 2429 non
1374 2398 1491 2439 poffent
1499 2411 1508 2433 3
1523 2401 1620 2429 aurita
1631 2399 1759 2429 mobiles
1771 2418 1780 2433 ‚
1799 2400 1832 2429 &
1841 2401 1996 2429 concitatae
2007 2418 2015 2432 ,
2034 2406 2066 2428 ut
2075 2397 2156 2428 nihil

1199 2450 1346 2481 umquam
1371 2450 1469 2470 unum
1487 2439 1558 2470 effet
1579 2440 1717 2471 constans
1731 2453 1740 2475 3
1761 2451 1799 2471 ne
1816 2441 1899 2471 idem
1920 2441 2043 2482 quidem
2056 2460 2065 2475 ,
2083 2441 2154 2481 quia

1199 2483 1392 2512 continenter
1410 2482 1579 2513 laberentur
1597 2502 1606 2516 ,
1633 2483 1665 2512 δε
1684 2482 1810 2513 fluerent
1827 2484 1941 2513 omnia.
1962 2485 2059 2523 itaque
2080 2483 2155 2512 hanc

1201 2533 1327 2554 omnem
1339 2532 1453 2564 partem
1464 2533 1563 2554 rerum
1577 2544 1587 2559 ‚
1606 2523 1775 2566 opinabilem
1783 2525 1980 2566 appellabant.
2000 2525 2154 2555 scientiam

2053 2571 2156 2596 autem

1197 2636 1284 2663 statim
1297 2637 1440 2663 Lambinus
1451 2649 1460 2669 ,-
1479 2636 1522 2663 sed
1534 2647 1586 2663 non
1597 2635 1779 2664 addicentibus
1790 2637 1847 2663 mss.
1857 2636 1975 2664 etiamid
1985 2641 2075 2663 tuetur
2085 2635 2157 2661 Pau-

1200 2673 1240 2699 lus
1252 2673 1388 2700 Manutius
1400 2683 1408 2704 3
1431 2673 1476 2709 qui
1487 2672 1649 2700 consulatur.

1234 2716 1262 2743 7.
1282 2711 1347 2735 Ultro
1357 2710 1485 2744 citroque]
1509 2711 1544 2735 T.
1554 2711 1580 2736 8<
1594 2709 1678 2736 Palat.
1690 2716 1777 2745 quart.
1786 2711 1904 2744 introque.
1922 2708 2022 2744 primus
2035 2725 2043 2739 ,
2052 2709 2078 2732 in
2087 2713 2157 2732 utro-

1179 2743 1180 2746 ’
1198 2754 1250 2779 que.
1271 2746 1370 2772 nonest
1382 2746 1434 2771 liaec
1443 2745 1578 2772 diversitas
1590 2745 1622 2771 de
1633 2746 1729 2772 nihilo.

203 2780 320 2808 editione
339 2782 404 2808 Aldi
416 2784 542 2819 Nepotis.
561 2783 648 2818 primo
666 2782 725 2808 loco
742 2780 824 2817 polita
842 2781 876 2807 est
897 2779 979 2806 lectio
997 2779 1159 2812 communis,
1180 2801 1181 2811 ,

1236 2780 1263 2807 8.
1284 2784 1350 2807 Inter
1359 2783 1531 2816 qnnfisatalem
1542 2801 1550 2814 ,
1569 2782 1636 2815 dra]
1657 2782 1700 2807 Sic
1709 2780 1771 2807 edd.
1781 2788 1848 2807 vett.
1868 2788 1915 2806 nec
1925 2777 2074 2840 discrepant
2084 2777 2155 2805 Pali.

1179 2817 1181 2844 ἶ
1199 2815 1285 2843 solum
1297 2818 1368 2844 estin
1379 2824 1495 2854 quart03
1514 2818 1577 2844 alias
1593 2817 1733 2852 legi-,item
1745 2817 1785 2843 vel
1795 2817 1930 2846 imerdiem,-
1945 2823 1997 2849 quo
2027 2814 2156 2840 ultimum

1180 2865 1181 2871 .
1198 2853 1225 2878 in
1238 2860 1342 2880 textum
1356 2853 1449 2880 retulit
1460 2853 1555 2879 Lamb.
1567 2853 1685 2888 mireque
1695 2852 1789 2888 probat
1801 2851 1883 2877 Mich.
1896 2852 2005 2881 Brutus,
2018 2851 2158 2877 P.Manut.

1180 2899 1181 2922 i
1201 2889 1293 2916 mallet
1305 2909 1313 2920 ‚
1327 2891 1384 2924 fieri
1392 2891 1469 2924 quast.
1491 2889 1610 2925 quamvis
1621 2897 1671 2914 non
1684 2895 1762 2923 neget
1773 2906 1781 2919 ,
1800 2886 1926 2913 invcnisse
1937 2887 1962 2912 iii
1976 2886 2046 2912 libro
2059 2886 2158 2917 veteri,

1197 2928 1246 2951 iter
1254 2927 1323 2960 quast
1323 2927 1414 2959 fatale.
1434 2925 1553 2952 Tiiriiebi
1565 2924 1649 2950 editio
1660 2922 1743 2949 refert
1755 2942 1763 2953 ,
1774 2925 1867 2948 evenire
1876 2924 1943 2957 quast
1953 2942 1961 2953 ‚
1971 2924 2022 2954 &ta
2044 2921 2060 2948 fi
2072 2925 2086 2948 *e
2098 2921 2157 2948 mss‘.

1202 2960 1355 2988 rettiffime.
1374 2962 1482 2988 interim
1494 2970 1545 2988 nori
1555 2959 1692 2995 displiceat
1702 2958 1765 2985 niilii
1779 2977 1787 2991 ,
1806 2961 1878 2992 irem,·
1899 2960 1991 2994 utique
2002 2958 2019 2986 fi
2032 2957 2157 2985 receden-

1180 3021 1181 3026 ,
1200 2996 1263 3023 duni
1275 2998 1311 3024 cst
1326 2999 1340 3024 ἐι
1353 2997 1472 3032 vulgato.

1236 3041 1265 3068 9.
1283 3034 1414 3066 Improvisa
1432 3034 1496 3062 hec,
1516 3033 1665 3064 necopinata
1675 3030 1765 3065 noma]
1787 3030 1830 3056 Sic
1841 3030 1907 3057 Pali.
1926 3032 1954 3057 δε
1976 3030 2035 3057 edd.
2057 3029 2157 3067 priscae.

244 3076 270 3101 5.
284 3067 585 3107 sedfiibjfffampuiamj
608 3069 690 3095 lidum
708 3070 819 3096 Palatini
834 3089 842 3100 ,
857 3076 939 3103 purat.
960 3078 1011 3095 non
1023 3069 1091 3095 mali:
1104 3067 1161 3096 for·
1201 3069 1265 3096 Aidi
1277 3070 1392 3103 Nepotis
1403 3068 1495 3101 rejecit
1507 3067 1569 3093 liaec.
1590 3066 1733 3093 Lambinus
1746 3067 1859 3093 mutavit
1871 3068 1896 3093 in
1907 3068 1947 3099 &-

205 3101 288 3131 tassie.
309 3110 464 3130 examinent
474 3102 561 3128 otioli.
583 3112 641 3129 iiam
656 3114 706 3139 ego
717 3106 794 3131 nimis
805 3115 929 3141 propero.

239 3139 269 3167 6.
287 3142 366 3177 Atque
374 3139 535 3174 effiaafint]
556 3140 697 3184 Turnebus
717 3141 873 3175 conjiciebat
891 3143 965 3175 effiHa
977 3159 985 3173 ‚
1004 3140 1162 3177 admifitque

1240 3113 1282 3131 ιο.
1300 3106 1355 3138 Qae
1372 3104 1441 3139 effen!
1457 3110 1501 3131 ant
1516 3106 1554 3130 ita
1571 3103 1694 3138 pamm]
1723 3102 1820 3132 fornii
1839 3102 1913 3137 fuit,
1931 3106 1990 3139 quii«
2006 3103 2086 3138 effmr.
2112 3107 2160 3129 aut

1180 3134 1181 3169 i
1201 3141 1272 3176 qnod.

2041 3183 2064 3201 ι.
2075 3177 2162 3200 Rerum
