<?xml version="1.0" encoding="UTF-8"?>
<!DOCTYPE html PUBLIC "-//W3C//DTD XHTML 1.0 Transitional//EN"
    "http://www.w3.org/TR/xhtml1/DTD/xhtml1-transitional.dtd">
<html xmlns="http://www.w3.org/1999/xhtml" xml:lang="en" lang="en">
 <head>
  <title>
</title>
<meta http-equiv="Content-Type" content="text/html;charset=utf-8" />
  <meta name='ocr-system' content='tesseract 3.04.00' />
  <meta name='ocr-capabilities' content='ocr_page ocr_carea ocr_par ocr_line ocrx_word'/>
</head>
<body>
  <div class='ocr_page' id='page_1' title='image "./mtuliiciceroniso00cice/mtuliiciceroniso00cice_0451.png"; bbox 0 0 2297 3389; ppageno 0'>
   <div class='ocr_carea' id='block_1_1' title="bbox 69 1072 365 1352">
    <p class='ocr_par' dir='ltr' id='par_1_1' title="bbox 69 1072 365 1352">
     <span class='ocr_line' id='line_1_1' title="bbox 69 1072 365 1352; baseline 0 2037"><span class='ocrx_word' id='word_1_1' title='bbox 69 1072 365 1352; x_wconf 95' lang='lat' dir='ltr'> </span> 
     </span>
    </p>
   </div>
   <div class='ocr_carea' id='block_1_2' title="bbox 62 2298 82 2322">
    <p class='ocr_par' dir='ltr' id='par_1_2' title="bbox 62 2298 82 2322">
     <span class='ocr_line' id='line_1_2' title="bbox 62 2298 82 2322; textangle 90"><span class='ocrx_word' id='word_1_2' title='bbox 62 2298 82 2322; x_wconf 61' lang='grc' dir='ltr'>Ρ)</span> 
     </span>
    </p>
   </div>
   <div class='ocr_carea' id='block_1_3' title="bbox 287 140 1872 206">
    <p class='ocr_par' dir='ltr' id='par_1_3' title="bbox 287 140 1872 206">
     <span class='ocr_line' id='line_1_3' title="bbox 287 140 1872 206; baseline 0.001 -11"><span class='ocrx_word' id='word_1_3' title='bbox 287 140 553 195; x_wconf 57' lang='lat' dir='ltr'>Gaiano*</span> <span class='ocrx_word' id='word_1_4' title='bbox 585 158 659 192; x_wconf 71' lang='lat' dir='ltr'>na</span> <span class='ocrx_word' id='word_1_5' title='bbox 694 144 864 193; x_wconf 71' lang='lat' dir='ltr'>LEGE</span> <span class='ocrx_word' id='word_1_6' title='bbox 901 141 1246 206; x_wconf 57' lang='lat' dir='ltr'>AGRKRM&#39;J</span> <span class='ocrx_word' id='word_1_7' title='bbox 1277 143 1540 198; x_wconf 61' lang='lat' dir='ltr'>comni</span> <span class='ocrx_word' id='word_1_8' title='bbox 1577 142 1872 199; x_wconf 68' lang='lat' dir='ltr'>RuLLvM.</span> 
     </span>
    </p>
   </div>
   <div class='ocr_carea' id='block_1_4' title="bbox 1997 166 2096 216">
    <p class='ocr_par' dir='ltr' id='par_1_4' title="bbox 1997 166 2096 216">
     <span class='ocr_line' id='line_1_4' title="bbox 1997 166 2096 216; baseline -0.04 0"><span class='ocrx_word' id='word_1_9' title='bbox 1997 166 2096 216; x_wconf 85' lang='lat'>377</span> 
     </span>
    </p>
   </div>
   <div class='ocr_carea' id='block_1_5' title="bbox 505 280 1705 351">
    <p class='ocr_par' dir='ltr' id='par_1_5' title="bbox 505 280 1705 351">
     <span class='ocr_line' id='line_1_5' title="bbox 505 280 1705 351; baseline 0.001 -2"><span class='ocrx_word' id='word_1_10' title='bbox 505 283 609 349; x_wconf 90' lang='lat' dir='ltr'>M.</span> <span class='ocrx_word' id='word_1_11' title='bbox 691 280 1201 348; x_wconf 70' lang='lat' dir='ltr'>TULLIUS</span> <span class='ocrx_word' id='word_1_12' title='bbox 1289 286 1705 351; x_wconf 81' lang='lat' dir='ltr'>C1·CERo</span> 
     </span>
    </p>
   </div>
   <div class='ocr_carea' id='block_1_6' title="bbox 116 385 2079 620">
    <p class='ocr_par' dir='ltr' id='par_1_6' title="bbox 116 385 2105 620">
     <span class='ocr_line' id='line_1_6' title="bbox 116 385 2079 620; baseline 0.004 -20"><span class='ocrx_word' id='word_1_13' title='bbox 116 483 671 600; x_wconf 80' lang='lat' dir='ltr'><strong>LEGE</strong></span> <span class='ocrx_word' id='word_1_14' title='bbox 883 385 2079 620; x_wconf 61' lang='grc' dir='ltr'><strong>ΑἯΒΑΒΙΑ,</strong></span> 
     </span>
    </p>
   </div>
   <div class='ocr_carea' id='block_1_7' title="bbox 840 631 1353 677">
    <p class='ocr_par' dir='ltr' id='par_1_7' title="bbox 840 631 1353 677">
     <span class='ocr_line' id='line_1_7' title="bbox 840 631 1353 677; baseline 0.004 -2"><span class='ocrx_word' id='word_1_15' title='bbox 840 631 1353 677; x_wconf 85' lang='lat' dir='ltr'>CONTRA</span> 
     </span>
    </p>
   </div>
   <div class='ocr_carea' id='block_1_8' title="bbox 181 713 2020 810">
    <p class='ocr_par' dir='ltr' id='par_1_8' title="bbox 181 713 2020 810">
     <span class='ocr_line' id='line_1_8' title="bbox 181 713 2020 810; baseline 0.005 -10"><span class='ocrx_word' id='word_1_16' title='bbox 181 716 281 804; x_wconf 88' lang='lat' dir='ltr'>P.</span> <span class='ocrx_word' id='word_1_17' title='bbox 381 713 1243 803; x_wconf 73' lang='lat' dir='ltr'>SERVILIUM</span> <span class='ocrx_word' id='word_1_18' title='bbox 1356 715 2020 810; x_wconf 81' lang='lat' dir='ltr'>RuLLuM‚</span> 
     </span>
    </p>
   </div>
   <div class='ocr_carea' id='block_1_9' title="bbox 284 840 1901 905">
    <p class='ocr_par' dir='ltr' id='par_1_9' title="bbox 284 840 1901 905">
     <span class='ocr_line' id='line_1_9' title="bbox 284 840 1901 905; baseline -0.003 0"><span class='ocrx_word' id='word_1_19' title='bbox 284 840 813 905; x_wconf 85' lang='lat' dir='ltr'>TRIBUNUM</span> <span class='ocrx_word' id='word_1_20' title='bbox 866 840 1214 905; x_wconf 87' lang='lat' dir='ltr'>PLEBIS‚</span> <span class='ocrx_word' id='word_1_21' title='bbox 1257 841 1382 897; x_wconf 89' lang='lat' dir='ltr'>AD</span> <span class='ocrx_word' id='word_1_22' title='bbox 1429 843 1901 900; x_wconf 84' lang='lat' dir='ltr'>POPULUM.</span> 
     </span>
    </p>
   </div>
   <div class='ocr_carea' id='block_1_10' title="bbox 425 957 842 1008">
    <p class='ocr_par' dir='ltr' id='par_1_10' title="bbox 425 957 842 1008">
     <span class='ocr_line' id='line_1_10' title="bbox 425 957 842 1008; baseline -0.01 0"><span class='ocrx_word' id='word_1_23' title='bbox 425 957 842 1008; x_wconf 84' lang='lat' dir='ltr'><strong>ORATIO</strong></span> 
     </span>
    </p>
   </div>
   <div class='ocr_carea' id='block_1_11' title="bbox 98 1278 1066 2327">
    <p class='ocr_par' dir='ltr' id='par_1_11' title="bbox 373 1278 1066 1321">
     <span class='ocr_line' id='line_1_11' title="bbox 373 1278 1066 1321; baseline -0.006 -10"><span class='ocrx_word' id='word_1_24' title='bbox 373 1282 576 1321; x_wconf 79' lang='lat' dir='ltr'>conjungant,</span> <span class='ocrx_word' id='word_1_25' title='bbox 594 1289 653 1319; x_wconf 83' lang='lat' dir='ltr'>qua</span> <span class='ocrx_word' id='word_1_26' title='bbox 664 1281 696 1308; x_wconf 91' lang='lat' dir='ltr'>in</span> <span class='ocrx_word' id='word_1_27' title='bbox 708 1280 845 1308; x_wconf 85' lang='lat' dir='ltr'>oratione</span> <span class='ocrx_word' id='word_1_28' title='bbox 857 1278 1000 1308; x_wconf 84' lang='lat' dir='ltr'>nonnulli</span> <span class='ocrx_word' id='word_1_29' title='bbox 1011 1278 1066 1308; x_wconf 89' lang='lat' dir='ltr'>ali—</span> 
     </span>
    </p>

    <p class='ocr_par' dir='ltr' id='par_1_12' title="bbox 98 1316 1066 2327">
     <span class='ocr_line' id='line_1_12' title="bbox 282 1316 1064 1364; baseline -0.005 -11"><span class='ocrx_word' id='word_1_30' title='bbox 282 1324 292 1335; x_wconf 90' lang='lat'><em>&#39;</em></span> <span class='ocrx_word' id='word_1_31' title='bbox 332 1316 352 1335; x_wconf 56' lang='lat'>⁷¹⁵</span> <span class='ocrx_word' id='word_1_32' title='bbox 374 1322 495 1364; x_wconf 88' lang='lat' dir='ltr'>quando</span> <span class='ocrx_word' id='word_1_33' title='bbox 505 1322 592 1363; x_wconf 80' lang='lat' dir='ltr'>digni</span> <span class='ocrx_word' id='word_1_34' title='bbox 602 1321 754 1360; x_wconf 79' lang='lat' dir='ltr'>majorum</span> <span class='ocrx_word' id='word_1_35' title='bbox 770 1321 839 1350; x_wconf 89' lang='lat' dir='ltr'>loco</span> <span class='ocrx_word' id='word_1_36' title='bbox 857 1322 1048 1359; x_wconf 85' lang='lat' dir='ltr'>reperiuntur</span> <span class='ocrx_word' id='word_1_37' title='bbox 1059 1330 1064 1349; x_wconf 88' lang='lat'>:</span> 
     </span>
     <span class='ocr_line' id='line_1_13' title="bbox 102 1362 1062 1407; baseline -0.005 -12"><span class='ocrx_word' id='word_1_38' title='bbox 102 1366 239 1407; x_wconf 86' lang='lat' dir='ltr'>plerique</span> <span class='ocrx_word' id='word_1_39' title='bbox 247 1375 346 1396; x_wconf 85' lang='lat' dir='ltr'>autem</span> <span class='ocrx_word' id='word_1_40' title='bbox 358 1366 414 1394; x_wconf 87' lang='lat' dir='ltr'>hoc</span> <span class='ocrx_word' id='word_1_41' title='bbox 423 1362 583 1404; x_wconf 86' lang='lat' dir='ltr'>perficiunt</span> <span class='ocrx_word' id='word_1_42' title='bbox 592 1383 600 1396; x_wconf 92' lang='lat'>,</span> <span class='ocrx_word' id='word_1_43' title='bbox 611 1371 643 1392; x_wconf 89' lang='lat' dir='ltr'>ut</span> <span class='ocrx_word' id='word_1_44' title='bbox 652 1370 769 1392; x_wconf 81' lang='lat' dir='ltr'>tantum</span> <span class='ocrx_word' id='word_1_45' title='bbox 781 1362 838 1397; x_wconf 82' lang='lat' dir='ltr'>maj</span> <span class='ocrx_word' id='word_1_46' title='bbox 843 1362 946 1406; x_wconf 84' lang='lat' dir='ltr'>oribus</span> <span class='ocrx_word' id='word_1_47' title='bbox 956 1371 1062 1391; x_wconf 85' lang='lat' dir='ltr'>eorum</span> 
     </span>
     <span class='ocr_line' id='line_1_14' title="bbox 103 1402 1063 1444; baseline -0.007 -6"><span class='ocrx_word' id='word_1_48' title='bbox 103 1407 242 1438; x_wconf 89' lang='lat' dir='ltr'>debiturn</span> <span class='ocrx_word' id='word_1_49' title='bbox 251 1405 309 1437; x_wconf 83' lang='lat' dir='ltr'>effe</span> <span class='ocrx_word' id='word_1_50' title='bbox 320 1406 474 1438; x_wconf 87' lang='lat' dir='ltr'>videatur,</span> <span class='ocrx_word' id='word_1_51' title='bbox 497 1404 578 1434; x_wconf 89' lang='lat' dir='ltr'>unde</span> <span class='ocrx_word' id='word_1_52' title='bbox 588 1406 678 1434; x_wconf 88' lang='lat' dir='ltr'>etiam</span> <span class='ocrx_word' id='word_1_53' title='bbox 687 1403 769 1444; x_wconf 90' lang='lat' dir='ltr'>quod</span> <span class='ocrx_word' id='word_1_54' title='bbox 775 1402 929 1444; x_wconf 68' lang='lat' dir='ltr'>posterisfiil</span> <span class='ocrx_word' id='word_1_55' title='bbox 936 1410 1043 1432; x_wconf 64' lang='lat' dir='ltr'>veretur</span> <span class='ocrx_word' id='word_1_56' title='bbox 1055 1422 1063 1436; x_wconf 88' lang='lat'>‚</span> 
     </span>
     <span class='ocr_line' id='line_1_15' title="bbox 102 1444 1066 1488; baseline -0.005 -9"><span class='ocrx_word' id='word_1_57' title='bbox 102 1449 288 1480; x_wconf 73' lang='lat' dir='ltr'>redundaret.</span> <span class='ocrx_word' id='word_1_58' title='bbox 318 1448 398 1478; x_wconf 86' lang='lat' dir='ltr'>Mihi</span> <span class='ocrx_word' id='word_1_59' title='bbox 409 1446 534 1488; x_wconf 89' lang='lat' dir='ltr'>quidem</span> <span class='ocrx_word' id='word_1_60' title='bbox 548 1445 625 1486; x_wconf 88' lang='lat' dir='ltr'>apud</span> <span class='ocrx_word' id='word_1_61' title='bbox 638 1455 692 1475; x_wconf 90' lang='lat' dir='ltr'>vos</span> <span class='ocrx_word' id='word_1_62' title='bbox 708 1445 743 1475; x_wconf 89' lang='lat' dir='ltr'>de</span> <span class='ocrx_word' id='word_1_63' title='bbox 755 1447 831 1475; x_wconf 86' lang='lat' dir='ltr'>meis</span> <span class='ocrx_word' id='word_1_64' title='bbox 841 1445 1007 1478; x_wconf 77' lang='lat' dir='ltr'>maioribus</span> <span class='ocrx_word' id='word_1_65' title='bbox 1019 1444 1066 1475; x_wconf 89' lang='lat' dir='ltr'>di-</span> 
     </span>
     <span class='ocr_line' id='line_1_16' title="bbox 101 1486 1063 1528; baseline -0.004 -7"><span class='ocrx_word' id='word_1_66' title='bbox 101 1490 191 1522; x_wconf 84' lang='lat' dir='ltr'>cendi</span> <span class='ocrx_word' id='word_1_67' title='bbox 200 1490 321 1521; x_wconf 84' lang='lat' dir='ltr'>facultas</span> <span class='ocrx_word' id='word_1_68' title='bbox 332 1498 396 1520; x_wconf 91' lang='lat' dir='ltr'>non</span> <span class='ocrx_word' id='word_1_69' title='bbox 405 1490 490 1519; x_wconf 88' lang='lat' dir='ltr'>datur</span> <span class='ocrx_word' id='word_1_70' title='bbox 503 1499 508 1517; x_wconf 89' lang='grc'>;</span> <span class='ocrx_word' id='word_1_71' title='bbox 523 1498 588 1518; x_wconf 91' lang='lat' dir='ltr'>non</span> <span class='ocrx_word' id='word_1_72' title='bbox 597 1486 680 1528; x_wconf 77' lang='lat' dir='ltr'>quod</span> <span class='ocrx_word' id='word_1_73' title='bbox 692 1489 756 1517; x_wconf 79' lang='lat' dir='ltr'>non</span> <span class='ocrx_word' id='word_1_74' title='bbox 765 1487 836 1517; x_wconf 88' lang='lat' dir='ltr'>tales</span> <span class='ocrx_word' id='word_1_75' title='bbox 846 1486 958 1517; x_wconf 83' lang='lat' dir='ltr'>fuerint</span> <span class='ocrx_word' id='word_1_76' title='bbox 969 1507 977 1519; x_wconf 76' lang='lat'>‚</span> <span class='ocrx_word' id='word_1_77' title='bbox 989 1497 1063 1527; x_wconf 84' lang='lat' dir='ltr'>qua-</span> 
     </span>
     <span class='ocr_line' id='line_1_17' title="bbox 100 1527 1065 1573; baseline -0.005 -10"><span class='ocrx_word' id='word_1_78' title='bbox 100 1533 158 1563; x_wconf 85' lang='lat' dir='ltr'>leis</span> <span class='ocrx_word' id='word_1_79' title='bbox 169 1542 224 1563; x_wconf 90' lang='lat' dir='ltr'>nos</span> <span class='ocrx_word' id='word_1_80' title='bbox 234 1532 511 1573; x_wconf 76' lang='lat' dir='ltr'>illorum²sanguine</span> <span class='ocrx_word' id='word_1_81' title='bbox 522 1529 652 1563; x_wconf 80' lang='lat' dir='ltr'>creatos,</span> <span class='ocrx_word' id='word_1_82' title='bbox 670 1528 896 1570; x_wconf 80' lang='lat' dir='ltr'>disciplinisque</span> <span class='ocrx_word' id='word_1_83' title='bbox 911 1527 1065 1559; x_wconf 86' lang='lat' dir='ltr'>institutos</span> 
     </span>
     <span class='ocr_line' id='line_1_18' title="bbox 100 1570 1065 1615; baseline -0.005 -10"><span class='ocrx_word' id='word_1_84' title='bbox 100 1574 214 1606; x_wconf 84' lang='lat' dir='ltr'>videtis</span> <span class='ocrx_word' id='word_1_85' title='bbox 226 1584 232 1603; x_wconf 81' lang='lat' dir='ltr'>z</span> <span class='ocrx_word' id='word_1_86' title='bbox 249 1573 298 1604; x_wconf 90' lang='lat' dir='ltr'>sed</span> <span class='ocrx_word' id='word_1_87' title='bbox 310 1572 392 1615; x_wconf 75' lang='lat' dir='ltr'>quod</span> <span class='ocrx_word' id='word_1_88' title='bbox 402 1572 488 1604; x_wconf 85' lang='lat' dir='ltr'>laude</span> <span class='ocrx_word' id='word_1_89' title='bbox 497 1572 652 1613; x_wconf 87' lang='lat' dir='ltr'>populari,</span> <span class='ocrx_word' id='word_1_90' title='bbox 662 1579 750 1612; x_wconf 83' lang='lat' dir='ltr'>atque</span> <span class='ocrx_word' id='word_1_91' title='bbox 760 1572 886 1601; x_wconf 89' lang='lat' dir='ltr'>honoris</span> <span class='ocrx_word' id='word_1_92' title='bbox 896 1570 986 1601; x_wconf 84' lang='lat' dir='ltr'>vestri</span> <span class='ocrx_word' id='word_1_93' title='bbox 999 1571 1065 1601; x_wconf 88' lang='lat' dir='ltr'>luce</span> 
     </span>
     <span class='ocr_line' id='line_1_19' title="bbox 99 1611 1064 1655; baseline -0.004 -9"><span class='ocrx_word' id='word_1_94' title='bbox 99 1624 268 1647; x_wconf 84' lang='lat' dir='ltr'>caruerunt.</span> <span class='ocrx_word' id='word_1_95' title='bbox 279 1618 327 1646; x_wconf 90' lang='lat' dir='ltr'>De</span> <span class='ocrx_word' id='word_1_96' title='bbox 338 1625 387 1646; x_wconf 91' lang='lat' dir='ltr'>me</span> <span class='ocrx_word' id='word_1_97' title='bbox 396 1624 496 1646; x_wconf 86' lang='lat' dir='ltr'>autem</span> <span class='ocrx_word' id='word_1_98' title='bbox 507 1615 583 1655; x_wconf 88' lang='lat' dir='ltr'>ipso,</span> <span class='ocrx_word' id='word_1_99' title='bbox 593 1623 709 1647; x_wconf 86' lang='lat' dir='ltr'>vereor,</span> <span class='ocrx_word' id='word_1_100' title='bbox 722 1623 760 1643; x_wconf 91' lang='lat' dir='ltr'>ne</span> <span class='ocrx_word' id='word_1_101' title='bbox 771 1623 834 1643; x_wconf 89' lang='lat' dir='ltr'>arro</span> <span class='ocrx_word' id='word_1_102' title='bbox 857 1613 933 1643; x_wconf 85' lang='lat' dir='ltr'>antis</span> <span class='ocrx_word' id='word_1_103' title='bbox 946 1611 1064 1653; x_wconf 80' lang='lat' dir='ltr'>ficapud</span> 
     </span>
     <span class='ocr_line' id='line_1_20' title="bbox 100 1623 1066 1700; baseline -0.004 -11"><span class='ocrx_word' id='word_1_104' title='bbox 100 1668 156 1689; x_wconf 84' lang='lat' dir='ltr'>vos</span> <span class='ocrx_word' id='word_1_105' title='bbox 166 1658 265 1689; x_wconf 88' lang='lat' dir='ltr'>dicere</span> <span class='ocrx_word' id='word_1_106' title='bbox 275 1668 282 1687; x_wconf 76' lang='lat' dir='ltr'>t</span> <span class='ocrx_word' id='word_1_107' title='bbox 301 1658 408 1700; x_wconf 87' lang='lat' dir='ltr'>ingrati</span> <span class='ocrx_word' id='word_1_108' title='bbox 421 1678 429 1691; x_wconf 85' lang='lat'><em>,</em></span> <span class='ocrx_word' id='word_1_109' title='bbox 442 1666 545 1687; x_wconf 77' lang='lat' dir='ltr'>tacere.</span> <span class='ocrx_word' id='word_1_110' title='bbox 568 1666 639 1686; x_wconf 83' lang='lat' dir='ltr'>narn</span> <span class='ocrx_word' id='word_1_111' title='bbox 650 1656 683 1686; x_wconf 79' lang='grc' dir='ltr'>δε</span> <span class='ocrx_word' id='word_1_112' title='bbox 692 1675 699 1689; x_wconf 85' lang='grc'><strong><em>,</em></strong></span> <span class='ocrx_word' id='word_1_113' title='bbox 713 1655 822 1696; x_wconf 86' lang='lat' dir='ltr'>quibus</span> <span class='ocrx_word' id='word_1_114' title='bbox 825 1623 924 1691; x_wconf 51' lang='lat' dir='ltr'>ffudiu</span> <span class='ocrx_word' id='word_1_115' title='bbox 933 1656 1010 1685; x_wconf 90' lang='lat' dir='ltr'>hanc</span> <span class='ocrx_word' id='word_1_116' title='bbox 1019 1655 1066 1685; x_wconf 88' lang='lat' dir='ltr'>di-</span> 
     </span>
     <span class='ocr_line' id='line_1_21' title="bbox 99 1698 1065 1743; baseline -0.004 -12"><span class='ocrx_word' id='word_1_117' title='bbox 99 1702 244 1743; x_wconf 89' lang='lat' dir='ltr'>gnitatem</span> <span class='ocrx_word' id='word_1_118' title='bbox 253 1700 430 1731; x_wconf 85' lang='lat' dir='ltr'>consecutus</span> <span class='ocrx_word' id='word_1_119' title='bbox 439 1698 724 1738; x_wconf 84' lang='lat' dir='ltr'>fim‚memetipsum</span> <span class='ocrx_word' id='word_1_120' title='bbox 734 1707 986 1731; x_wconf 85' lang='lat' dir='ltr'>commemorare,</span> <span class='ocrx_word' id='word_1_121' title='bbox 997 1707 1065 1738; x_wconf 86' lang='lat' dir='ltr'>per-</span> 
     </span>
     <span class='ocr_line' id='line_1_22' title="bbox 100 1738 1064 1784; baseline -0.004 -11"><span class='ocrx_word' id='word_1_122' title='bbox 100 1741 194 1784; x_wconf 72' lang='lat' dir='ltr'>quam</span> <span class='ocrx_word' id='word_1_123' title='bbox 214 1752 299 1783; x_wconf 86' lang='lat' dir='ltr'>grave</span> <span class='ocrx_word' id='word_1_124' title='bbox 318 1741 361 1773; x_wconf 92' lang='lat' dir='ltr'>est</span> <span class='ocrx_word' id='word_1_125' title='bbox 374 1752 380 1771; x_wconf 79' lang='lat' dir='ltr'>t</span> <span class='ocrx_word' id='word_1_126' title='bbox 392 1739 522 1771; x_wconf 80' lang='lat' dir='ltr'>&amp;silere</span> <span class='ocrx_word' id='word_1_127' title='bbox 532 1741 568 1772; x_wconf 87' lang='lat' dir='ltr'>de</span> <span class='ocrx_word' id='word_1_128' title='bbox 579 1743 666 1777; x_wconf 86' lang='lat' dir='ltr'>tantis</span> <span class='ocrx_word' id='word_1_129' title='bbox 676 1739 781 1770; x_wconf 84' lang='lat' dir='ltr'>vestris</span> <span class='ocrx_word' id='word_1_130' title='bbox 801 1738 956 1770; x_wconf 83' lang='lat' dir='ltr'>beneficiis</span> <span class='ocrx_word' id='word_1_131' title='bbox 976 1740 1064 1770; x_wconf 89' lang='lat' dir='ltr'>nullo</span> 
     </span>
     <span class='ocr_line' id='line_1_23' title="bbox 101 1781 1065 1826; baseline -0.003 -11"><span class='ocrx_word' id='word_1_132' title='bbox 101 1784 198 1816; x_wconf 89' lang='lat' dir='ltr'>modo</span> <span class='ocrx_word' id='word_1_133' title='bbox 208 1782 340 1824; x_wconf 76' lang='lat' dir='ltr'>possum.</span> <span class='ocrx_word' id='word_1_134' title='bbox 363 1786 460 1826; x_wconf 84' lang='lat' dir='ltr'>Qare</span> <span class='ocrx_word' id='word_1_135' title='bbox 468 1783 658 1814; x_wconf 81' lang='lat' dir='ltr'>adhibebitur</span> <span class='ocrx_word' id='word_1_136' title='bbox 666 1783 682 1812; x_wconf 69' lang='grc' dir='ltr'>ἐι</span> <span class='ocrx_word' id='word_1_137' title='bbox 693 1792 742 1812; x_wconf 90' lang='lat' dir='ltr'>me</span> <span class='ocrx_word' id='word_1_138' title='bbox 751 1790 829 1812; x_wconf 83' lang='lat' dir='ltr'>certa</span> <span class='ocrx_word' id='word_1_139' title='bbox 841 1784 917 1812; x_wconf 77' lang='lat' dir='ltr'>ratio</span> <span class='ocrx_word' id='word_1_140' title='bbox 926 1802 938 1815; x_wconf 70' lang='lat'>‚</span> <span class='ocrx_word' id='word_1_141' title='bbox 958 1781 1065 1812; x_wconf 87' lang='lat' dir='ltr'>mode—</span> 
     </span>
     <span class='ocr_line' id='line_1_24' title="bbox 100 1824 1065 1867; baseline -0.003 -11"><span class='ocrx_word' id='word_1_142' title='bbox 100 1828 237 1867; x_wconf 81' lang='lat' dir='ltr'>ratioque</span> <span class='ocrx_word' id='word_1_143' title='bbox 248 1825 369 1856; x_wconf 84' lang='lat' dir='ltr'>dicendi</span> <span class='ocrx_word' id='word_1_144' title='bbox 379 1837 388 1859; x_wconf 77' lang='lat'>3</span> <span class='ocrx_word' id='word_1_145' title='bbox 404 1834 435 1855; x_wconf 90' lang='lat' dir='ltr'>ut</span> <span class='ocrx_word' id='word_1_146' title='bbox 445 1846 453 1859; x_wconf 87' lang='lat'>‚</span> <span class='ocrx_word' id='word_1_147' title='bbox 464 1824 538 1866; x_wconf 89' lang='lat' dir='ltr'>quid</span> <span class='ocrx_word' id='word_1_148' title='bbox 547 1824 563 1855; x_wconf 69' lang='lat' dir='ltr'>a</span> <span class='ocrx_word' id='word_1_149' title='bbox 574 1825 663 1855; x_wconf 87' lang='lat' dir='ltr'>vobis</span> <span class='ocrx_word' id='word_1_150' title='bbox 672 1825 837 1864; x_wconf 83' lang='lat' dir='ltr'>acceperim</span> <span class='ocrx_word' id='word_1_151' title='bbox 850 1843 858 1857; x_wconf 87' lang='lat'>‚</span> <span class='ocrx_word' id='word_1_152' title='bbox 869 1833 1065 1854; x_wconf 84' lang='lat' dir='ltr'>commemo-</span> 
     </span>
     <span class='ocr_line' id='line_1_25' title="bbox 99 1864 1066 1909; baseline -0.004 -10"><span class='ocrx_word' id='word_1_153' title='bbox 99 1878 169 1900; x_wconf 85' lang='lat' dir='ltr'>rem</span> <span class='ocrx_word' id='word_1_154' title='bbox 181 1879 186 1897; x_wconf 93' lang='lat'>:</span> <span class='ocrx_word' id='word_1_155' title='bbox 206 1877 296 1909; x_wconf 85' lang='lat' dir='ltr'>quare</span> <span class='ocrx_word' id='word_1_156' title='bbox 306 1867 413 1909; x_wconf 88' lang='lat' dir='ltr'>dignus</span> <span class='ocrx_word' id='word_1_157' title='bbox 421 1867 520 1897; x_wconf 87' lang='lat' dir='ltr'>vestro</span> <span class='ocrx_word' id='word_1_158' title='bbox 531 1867 653 1897; x_wconf 89' lang='lat' dir='ltr'>summo</span> <span class='ocrx_word' id='word_1_159' title='bbox 661 1867 777 1896; x_wconf 87' lang='lat' dir='ltr'>honore</span> <span class='ocrx_word' id='word_1_160' title='bbox 785 1886 794 1900; x_wconf 89' lang='lat'>‚</span> <span class='ocrx_word' id='word_1_161' title='bbox 809 1864 1066 1908; x_wconf 86' lang='lat' dir='ltr'>fingulariqueju-</span> 
     </span>
     <span class='ocr_line' id='line_1_26' title="bbox 100 1906 1063 1949; baseline -0.004 -8"><span class='ocrx_word' id='word_1_162' title='bbox 100 1910 184 1942; x_wconf 88' lang='lat' dir='ltr'>dicio</span> <span class='ocrx_word' id='word_1_163' title='bbox 193 1908 248 1939; x_wconf 84' lang='lat' dir='ltr'>sim</span> <span class='ocrx_word' id='word_1_164' title='bbox 260 1929 269 1943; x_wconf 92' lang='lat'>,</span> <span class='ocrx_word' id='word_1_165' title='bbox 290 1910 351 1949; x_wconf 87' lang='lat' dir='ltr'>ipse</span> <span class='ocrx_word' id='word_1_166' title='bbox 362 1908 481 1939; x_wconf 77' lang='lat' dir='ltr'>modice</span> <span class='ocrx_word' id='word_1_167' title='bbox 492 1908 590 1938; x_wconf 89' lang='lat' dir='ltr'>dicam</span> <span class='ocrx_word' id='word_1_168' title='bbox 600 1928 609 1942; x_wconf 92' lang='lat'>,</span> <span class='ocrx_word' id='word_1_169' title='bbox 628 1907 648 1937; x_wconf 78' lang='lat' dir='ltr'>si</span> <span class='ocrx_word' id='word_1_170' title='bbox 659 1906 773 1938; x_wconf 83' lang='lat' dir='ltr'>neceffe</span> <span class='ocrx_word' id='word_1_171' title='bbox 784 1910 856 1938; x_wconf 85' lang='lat' dir='ltr'>erit:</span> <span class='ocrx_word' id='word_1_172' title='bbox 877 1918 931 1938; x_wconf 90' lang='lat' dir='ltr'>vos</span> <span class='ocrx_word' id='word_1_173' title='bbox 942 1907 1063 1938; x_wconf 85' lang='lat' dir='ltr'>eosdem</span> 
     </span>
     <span class='ocr_line' id='line_1_27' title="bbox 101 1948 1065 1991; baseline -0.003 -8"><span class='ocrx_word' id='word_1_174' title='bbox 101 1951 326 1983; x_wconf 83' lang='lat' dir='ltr'>existimaturos</span> <span class='ocrx_word' id='word_1_175' title='bbox 336 1960 440 1990; x_wconf 87' lang='lat' dir='ltr'>putem</span> <span class='ocrx_word' id='word_1_176' title='bbox 449 1970 457 1984; x_wconf 91' lang='lat'>,</span> <span class='ocrx_word' id='word_1_177' title='bbox 473 1952 526 1991; x_wconf 91' lang='lat' dir='ltr'>qui</span> <span class='ocrx_word' id='word_1_178' title='bbox 534 1948 729 1989; x_wconf 87' lang='lat' dir='ltr'>judicavistis.</span> <span class='ocrx_word' id='word_1_179' title='bbox 753 1952 805 1979; x_wconf 92' lang='lat' dir='ltr'>Me</span> <span class='ocrx_word' id='word_1_180' title='bbox 816 1950 961 1991; x_wconf 88' lang='lat' dir='ltr'>perlongo</span> <span class='ocrx_word' id='word_1_181' title='bbox 971 1952 1065 1980; x_wconf 88' lang='lat' dir='ltr'>inter·</span> 
     </span>
     <span class='ocr_line' id='line_1_28' title="bbox 100 1991 1062 2034; baseline -0.004 -9"><span class='ocrx_word' id='word_1_182' title='bbox 100 1995 185 2025; x_wconf 79' lang='lat' dir='ltr'>vallo</span> <span class='ocrx_word' id='word_1_183' title='bbox 193 1993 284 2034; x_wconf 69' lang='lat' dir='ltr'>prope</span> <span class='ocrx_word' id='word_1_184' title='bbox 296 1994 452 2023; x_wconf 82' lang='lat' dir='ltr'>memoriae</span> <span class='ocrx_word' id='word_1_185' title='bbox 461 2013 469 2025; x_wconf 82' lang='grc'>,</span> <span class='ocrx_word' id='word_1_186' title='bbox 481 2001 715 2033; x_wconf 86' lang='lat' dir='ltr'>temporumque</span> <span class='ocrx_word' id='word_1_187' title='bbox 724 1991 896 2022; x_wconf 87' lang='lat' dir='ltr'>nostrorum</span> <span class='ocrx_word' id='word_1_188' title='bbox 907 2012 915 2025; x_wconf 92' lang='lat'>‚</span> <span class='ocrx_word' id='word_1_189' title='bbox 927 1993 1062 2032; x_wconf 88' lang='lat' dir='ltr'>primum</span> 
     </span>
     <span class='ocr_line' id='line_1_29' title="bbox 101 2034 1062 2075; baseline -0.002 -10"><span class='ocrx_word' id='word_1_190' title='bbox 101 2036 242 2065; x_wconf 78' lang='lat' dir='ltr'>hominem</span> <span class='ocrx_word' id='word_1_191' title='bbox 252 2045 358 2064; x_wconf 82' lang='lat' dir='ltr'>novum</span> <span class='ocrx_word' id='word_1_192' title='bbox 369 2055 377 2069; x_wconf 86' lang='lat'>‚</span> <span class='ocrx_word' id='word_1_193' title='bbox 387 2035 546 2065; x_wconf 87' lang='lat' dir='ltr'>consulem</span> <span class='ocrx_word' id='word_1_194' title='bbox 556 2034 667 2064; x_wconf 86' lang='lat' dir='ltr'>fecistis</span> <span class='ocrx_word' id='word_1_195' title='bbox 680 2044 686 2063; x_wconf 87' lang='lat'>:</span> <span class='ocrx_word' id='word_1_196' title='bbox 708 2034 742 2064; x_wconf 91' lang='lat'>&amp;</span> <span class='ocrx_word' id='word_1_197' title='bbox 751 2044 822 2063; x_wconf 89' lang='lat' dir='ltr'>eum</span> <span class='ocrx_word' id='word_1_198' title='bbox 833 2034 934 2064; x_wconf 89' lang='lat' dir='ltr'>locum</span> <span class='ocrx_word' id='word_1_199' title='bbox 949 2053 958 2067; x_wconf 90' lang='lat'>‚</span> <span class='ocrx_word' id='word_1_200' title='bbox 970 2044 1062 2075; x_wconf 87' lang='lat' dir='ltr'>quem</span> 
     </span>
     <span class='ocr_line' id='line_1_30' title="bbox 101 2075 1063 2118; baseline -0.002 -10"><span class='ocrx_word' id='word_1_201' title='bbox 101 2078 246 2109; x_wconf 82' lang='lat' dir='ltr'>nobilitas</span> <span class='ocrx_word' id='word_1_202' title='bbox 262 2075 405 2118; x_wconf 82' lang='lat' dir='ltr'>praefidiis</span> <span class='ocrx_word' id='word_1_203' title='bbox 414 2075 574 2106; x_wconf 81' lang='lat' dir='ltr'>firmatum</span> <span class='ocrx_word' id='word_1_204' title='bbox 586 2096 594 2110; x_wconf 88' lang='lat'><strong>,</strong></span> <span class='ocrx_word' id='word_1_205' title='bbox 614 2086 700 2117; x_wconf 88' lang='lat' dir='ltr'>atque</span> <span class='ocrx_word' id='word_1_206' title='bbox 709 2077 796 2106; x_wconf 90' lang='lat' dir='ltr'>omni</span> <span class='ocrx_word' id='word_1_207' title='bbox 806 2078 919 2106; x_wconf 82' lang='lat' dir='ltr'>ratione</span> <span class='ocrx_word' id='word_1_208' title='bbox 929 2075 1063 2106; x_wconf 84' lang='lat' dir='ltr'>obvalla-</span> 
     </span>
     <span class='ocr_line' id='line_1_31' title="bbox 101 2116 1064 2159; baseline -0.005 -8"><span class='ocrx_word' id='word_1_209' title='bbox 101 2128 169 2151; x_wconf 79' lang='lat' dir='ltr'>tum</span> <span class='ocrx_word' id='word_1_210' title='bbox 180 2119 298 2150; x_wconf 86' lang='lat' dir='ltr'>tenebat</span> <span class='ocrx_word' id='word_1_211' title='bbox 307 2139 315 2152; x_wconf 85' lang='lat'>,</span> <span class='ocrx_word' id='word_1_212' title='bbox 334 2129 383 2149; x_wconf 87' lang='lat' dir='ltr'>me</span> <span class='ocrx_word' id='word_1_213' title='bbox 392 2118 466 2149; x_wconf 90' lang='lat' dir='ltr'>duce</span> <span class='ocrx_word' id='word_1_214' title='bbox 475 2139 482 2152; x_wconf 91' lang='lat'>‚</span> <span class='ocrx_word' id='word_1_215' title='bbox 504 2117 677 2148; x_wconf 78' lang='lat' dir='ltr'>rescidistis:</span> <span class='ocrx_word' id='word_1_216' title='bbox 697 2118 863 2159; x_wconf 74' lang='lat' dir='ltr'>virtutique</span> <span class='ocrx_word' id='word_1_217' title='bbox 881 2119 910 2147; x_wconf 81' lang='lat' dir='ltr'>in</span> <span class='ocrx_word' id='word_1_218' title='bbox 926 2116 1064 2159; x_wconf 76' lang='lat' dir='ltr'>posterum</span> 
     </span>
     <span class='ocr_line' id='line_1_32' title="bbox 98 2159 1063 2203; baseline -0.001 -12"><span class='ocrx_word' id='word_1_219' title='bbox 98 2161 194 2203; x_wconf 77' lang='lat' dir='ltr'>pate&#39;re</span> <span class='ocrx_word' id='word_1_220' title='bbox 204 2160 335 2197; x_wconf 58' lang='lat' dir='ltr'>voluistis.</span> <span class='ocrx_word' id='word_1_221' title='bbox 359 2171 456 2201; x_wconf 88' lang='lat' dir='ltr'>neque</span> <span class='ocrx_word' id='word_1_222' title='bbox 468 2170 517 2190; x_wconf 89' lang='lat' dir='ltr'>me</span> <span class='ocrx_word' id='word_1_223' title='bbox 527 2160 741 2190; x_wconf 85' lang='lat' dir='ltr'>tantummodo</span> <span class='ocrx_word' id='word_1_224' title='bbox 750 2160 919 2193; x_wconf 85' lang='lat' dir='ltr'>consulem,</span> <span class='ocrx_word' id='word_1_225' title='bbox 930 2160 1010 2200; x_wconf 92' lang='lat' dir='ltr'>quod</span> <span class='ocrx_word' id='word_1_226' title='bbox 1022 2159 1063 2190; x_wconf 88' lang='lat' dir='ltr'>est</span> 
     </span>
     <span class='ocr_line' id='line_1_33' title="bbox 100 2201 1063 2244; baseline -0.002 -10"><span class='ocrx_word' id='word_1_227' title='bbox 100 2204 201 2244; x_wconf 83' lang='lat' dir='ltr'>ipsum</span> <span class='ocrx_word' id='word_1_228' title='bbox 209 2213 262 2243; x_wconf 86' lang='lat' dir='ltr'>per</span> <span class='ocrx_word' id='word_1_229' title='bbox 273 2203 331 2233; x_wconf 68' lang='lat' dir='ltr'>sese</span> <span class='ocrx_word' id='word_1_230' title='bbox 340 2201 568 2242; x_wconf 67' lang='lat' dir='ltr'>ampHffimum,</span> <span class='ocrx_word' id='word_1_231' title='bbox 580 2202 627 2232; x_wconf 86' lang='lat' dir='ltr'>sed</span> <span class='ocrx_word' id='word_1_232' title='bbox 640 2204 675 2232; x_wconf 89' lang='lat' dir='ltr'>ita</span> <span class='ocrx_word' id='word_1_233' title='bbox 684 2201 967 2242; x_wconf 85' lang='lat' dir='ltr'>fecistis‚quomodo</span> <span class='ocrx_word' id='word_1_234' title='bbox 977 2204 1063 2242; x_wconf 83' lang='lat' dir='ltr'>pauci</span> 
     </span>
     <span class='ocr_line' id='line_1_34' title="bbox 101 2242 1062 2276; baseline -0.002 0"><span class='ocrx_word' id='word_1_235' title='bbox 101 2245 232 2276; x_wconf 77' lang='lat' dir='ltr'>nobileis</span> <span class='ocrx_word' id='word_1_236' title='bbox 243 2245 277 2274; x_wconf 90' lang='lat' dir='ltr'>in</span> <span class='ocrx_word' id='word_1_237' title='bbox 287 2246 341 2274; x_wconf 86' lang='lat' dir='ltr'>hac</span> <span class='ocrx_word' id='word_1_238' title='bbox 348 2245 469 2274; x_wconf 85' lang='lat' dir='ltr'>civitate</span> <span class='ocrx_word' id='word_1_239' title='bbox 477 2244 616 2274; x_wconf 76' lang='lat' dir='ltr'>consules</span> <span class='ocrx_word' id='word_1_240' title='bbox 625 2242 697 2274; x_wconf 56' lang='lat' dir='ltr'>faeti</span> <span class='ocrx_word' id='word_1_241' title='bbox 707 2244 775 2273; x_wconf 88' lang='lat' dir='ltr'>sunt</span> <span class='ocrx_word' id='word_1_242' title='bbox 787 2263 795 2276; x_wconf 92' lang='lat'>‚</span> <span class='ocrx_word' id='word_1_243' title='bbox 822 2253 920 2273; x_wconf 85' lang='lat' dir='ltr'>novus</span> <span class='ocrx_word' id='word_1_244' title='bbox 931 2253 998 2274; x_wconf 86' lang='lat' dir='ltr'>ante</span> <span class='ocrx_word' id='word_1_245' title='bbox 1011 2254 1062 2274; x_wconf 90' lang='lat' dir='ltr'>me</span> 
     </span>
     <span class='ocr_line' id='line_1_35' title="bbox 101 2283 1062 2327; baseline -0.003 -8"><span class='ocrx_word' id='word_1_246' title='bbox 101 2297 205 2319; x_wconf 87' lang='lat' dir='ltr'>nemo.</span> <span class='ocrx_word' id='word_1_247' title='bbox 230 2289 310 2317; x_wconf 91' lang='lat' dir='ltr'>Nam</span> <span class='ocrx_word' id='word_1_248' title='bbox 321 2285 459 2327; x_wconf 57' lang='lat' dir='ltr'>profeffiffi</span> <span class='ocrx_word' id='word_1_249' title='bbox 470 2283 491 2315; x_wconf 87' lang='lat' dir='ltr'>fi</span> <span class='ocrx_word' id='word_1_250' title='bbox 502 2285 649 2316; x_wconf 83' lang='lat' dir='ltr'>recordari</span> <span class='ocrx_word' id='word_1_251' title='bbox 658 2285 814 2315; x_wconf 86' lang='lat' dir='ltr'>volueritis</span> <span class='ocrx_word' id='word_1_252' title='bbox 826 2305 834 2318; x_wconf 82' lang='lat'>,</span> <span class='ocrx_word' id='word_1_253' title='bbox 855 2285 891 2315; x_wconf 86' lang='lat' dir='ltr'>de</span> <span class='ocrx_word' id='word_1_254' title='bbox 902 2287 990 2315; x_wconf 83' lang='lat' dir='ltr'>novis</span> <span class='ocrx_word' id='word_1_255' title='bbox 1004 2287 1062 2316; x_wconf 86' lang='lat' dir='ltr'>ho-</span> 
     </span>
    </p>
   </div>
   <div class='ocr_carea' id='block_1_12' title="bbox 98 2364 1062 2609">
    <p class='ocr_par' dir='ltr' id='par_1_13' title="bbox 98 2364 1062 2609">
     <span class='ocr_line' id='line_1_36' title="bbox 98 2364 1060 2412; baseline -0.002 -10"><span class='ocrx_word' id='word_1_256' title='bbox 98 2372 244 2402; x_wconf 84' lang='lat' dir='ltr'>diuturno</span> <span class='ocrx_word' id='word_1_257' title='bbox 255 2370 354 2400; x_wconf 80' lang='lat' dir='ltr'>labore</span> <span class='ocrx_word' id='word_1_258' title='bbox 364 2389 373 2403; x_wconf 79' lang='lat'>,</span> <span class='ocrx_word' id='word_1_259' title='bbox 393 2378 481 2410; x_wconf 86' lang='lat' dir='ltr'>atque</span> <span class='ocrx_word' id='word_1_260' title='bbox 496 2370 595 2410; x_wconf 85' lang='lat' dir='ltr'>aliqua</span> <span class='ocrx_word' id='word_1_261' title='bbox 613 2364 763 2399; x_wconf 60' lang='lat' dir='ltr'>occisicffie</span> <span class='ocrx_word' id='word_1_262' title='bbox 783 2367 841 2398; x_wconf 83' lang='lat' dir='ltr'>effe</span> <span class='ocrx_word' id='word_1_263' title='bbox 870 2368 951 2412; x_wconf 59' lang='lat' dir='ltr'>actos</span> <span class='ocrx_word' id='word_1_264' title='bbox 961 2389 969 2403; x_wconf 80' lang='lat'>‚</span> <span class='ocrx_word' id='word_1_265' title='bbox 988 2369 1060 2400; x_wconf 75' lang='lat' dir='ltr'>cum</span> 
     </span>
     <span class='ocr_line' id='line_1_37' title="bbox 99 2410 1062 2454; baseline -0.006 -11"><span class='ocrx_word' id='word_1_266' title='bbox 99 2414 204 2444; x_wconf 83' lang='lat' dir='ltr'>multis</span> <span class='ocrx_word' id='word_1_267' title='bbox 214 2414 302 2443; x_wconf 87' lang='lat' dir='ltr'>annis</span> <span class='ocrx_word' id='word_1_268' title='bbox 311 2411 378 2451; x_wconf 90' lang='lat' dir='ltr'>post</span> <span class='ocrx_word' id='word_1_269' title='bbox 387 2410 630 2452; x_wconf 61' lang='lat' dir='ltr'>petiss&#39;ennquiim</span> <span class='ocrx_word' id='word_1_270' title='bbox 641 2420 778 2451; x_wconf 68' lang='lat' dir='ltr'>praetores</span> <span class='ocrx_word' id='word_1_271' title='bbox 786 2410 801 2440; x_wconf 89' lang='lat' dir='ltr'>f</span> <span class='ocrx_word' id='word_1_272' title='bbox 825 2413 828 2416; x_wconf 62' lang='lat'><em>⁴</em></span> <span class='ocrx_word' id='word_1_273' title='bbox 859 2412 1062 2454; x_wconf 48' lang='lat' dir='ltr'>enrffnqqan-</span> 
     </span>
     <span class='ocr_line' id='line_1_38' title="bbox 99 2448 1061 2609; baseline -0.002 -123"><span class='ocrx_word' id='word_1_274' title='bbox 99 2455 131 2486; x_wconf 74' lang='grc' dir='ltr'>[ὸ</span> <span class='ocrx_word' id='word_1_275' title='bbox 143 2455 247 2488; x_wconf 79' lang='lat' dir='ltr'>serius,</span> <span class='ocrx_word' id='word_1_276' title='bbox 261 2453 351 2495; x_wconf 67' lang='lat' dir='ltr'>quam</span> <span class='ocrx_word' id='word_1_277' title='bbox 361 2463 413 2493; x_wconf 85' lang='lat' dir='ltr'>per</span> <span class='ocrx_word' id='word_1_278' title='bbox 421 2462 537 2483; x_wconf 83' lang='lat' dir='ltr'>aetatem</span> <span class='ocrx_word' id='word_1_279' title='bbox 546 2473 554 2487; x_wconf 84' lang='grc'>,</span> <span class='ocrx_word' id='word_1_280' title='bbox 566 2463 598 2483; x_wconf 87' lang='lat' dir='ltr'>ac</span> <span class='ocrx_word' id='word_1_281' title='bbox 607 2463 659 2493; x_wconf 82' lang='lat' dir='ltr'>per</span> <span class='ocrx_word' id='word_1_282' title='bbox 669 2453 748 2495; x_wconf 77' lang='lat' dir='ltr'>leges</span> <span class='ocrx_word' id='word_1_283' title='bbox 761 2453 862 2483; x_wconf 87' lang='lat' dir='ltr'>liceret</span> <span class='ocrx_word' id='word_1_284' title='bbox 873 2448 1061 2609; x_wconf 34' lang='lat' dir='ltr'>quatutem</span> 
     </span>
    </p>
   </div>
   <div class='ocr_carea' id='block_1_13' title="bbox 100 2326 1083 2441">
    <p class='ocr_par' dir='ltr' id='par_1_14' title="bbox 100 2326 1083 2441">
     <span class='ocr_line' id='line_1_39' title="bbox 100 2326 1083 2441; baseline -0.005 -81"><span class='ocrx_word' id='word_1_285' title='bbox 100 2329 238 2360; x_wconf 85' lang='lat' dir='ltr'>minibus</span> <span class='ocrx_word' id='word_1_286' title='bbox 247 2329 398 2368; x_wconf 84' lang='lat' dir='ltr'>reperietis</span> <span class='ocrx_word' id='word_1_287' title='bbox 409 2337 460 2357; x_wconf 87' lang='lat' dir='ltr'>eos</span> <span class='ocrx_word' id='word_1_288' title='bbox 470 2347 478 2361; x_wconf 89' lang='lat'>,</span> <span class='ocrx_word' id='word_1_289' title='bbox 495 2326 612 2369; x_wconf 75' lang='lat' dir='ltr'>quisine</span> <span class='ocrx_word' id='word_1_290' title='bbox 624 2327 732 2369; x_wconf 74' lang='lat' dir='ltr'>repulsa</span> <span class='ocrx_word' id='word_1_291' title='bbox 743 2327 881 2441; x_wconf 52' lang='grc' dir='ltr'>εοῃῖἓε</span> <span class='ocrx_word' id='word_1_292' title='bbox 890 2326 960 2356; x_wconf 63' lang='grc' dir='ltr'>ῐηέα</span> <span class='ocrx_word' id='word_1_293' title='bbox 973 2328 1041 2357; x_wconf 89' lang='lat' dir='ltr'>sunt</span> <span class='ocrx_word' id='word_1_294' title='bbox 1053 2348 1061 2361; x_wconf 84' lang='lat'>‚</span> <span class='ocrx_word' id='word_1_295' title='bbox 1082 2347 1083 2355; x_wconf 40' lang='lat'>1</span> 
     </span>
    </p>
   </div>
   <div class='ocr_carea' id='block_1_14' title="bbox 94 2493 1062 2830">
    <p class='ocr_par' dir='ltr' id='par_1_15' title="bbox 94 2493 1062 2830">
     <span class='ocr_line' id='line_1_40' title="bbox 98 2493 1062 2536; baseline -0.003 -8"><span class='ocrx_word' id='word_1_296' title='bbox 98 2507 179 2528; x_wconf 86' lang='lat' dir='ltr'>anno</span> <span class='ocrx_word' id='word_1_297' title='bbox 190 2498 243 2527; x_wconf 89' lang='lat' dir='ltr'>suo</span> <span class='ocrx_word' id='word_1_298' title='bbox 254 2497 412 2536; x_wconf 82' lang='lat' dir='ltr'>petierint,</span> <span class='ocrx_word' id='word_1_299' title='bbox 433 2493 494 2525; x_wconf 87' lang='lat' dir='ltr'>fine</span> <span class='ocrx_word' id='word_1_300' title='bbox 511 2496 626 2535; x_wconf 73' lang='lat' dir='ltr'>repulsa</span> <span class='ocrx_word' id='word_1_301' title='bbox 645 2505 707 2524; x_wconf 89' lang='lat' dir='ltr'>non</span> <span class='ocrx_word' id='word_1_302' title='bbox 727 2494 784 2524; x_wconf 83' lang='lat' dir='ltr'>effe</span> <span class='ocrx_word' id='word_1_303' title='bbox 800 2493 896 2525; x_wconf 63' lang='lat' dir='ltr'>faetos</span> <span class='ocrx_word' id='word_1_304' title='bbox 908 2505 913 2523; x_wconf 87' lang='lat'>:</span> <span class='ocrx_word' id='word_1_305' title='bbox 968 2506 983 2525; x_wconf 89' lang='lat' dir='ltr'>e</span> <span class='ocrx_word' id='word_1_306' title='bbox 1003 2495 1062 2525; x_wconf 82' lang='lat' dir='ltr'>ess&#39;e</span> 
     </span>
     <span class='ocr_line' id='line_1_41' title="bbox 97 2536 1059 2577; baseline -0.003 -7"><span class='ocrx_word' id='word_1_307' title='bbox 97 2548 198 2570; x_wconf 85' lang='lat' dir='ltr'>unum</span> <span class='ocrx_word' id='word_1_308' title='bbox 213 2548 250 2568; x_wconf 81' lang='lat' dir='ltr'>ex</span> <span class='ocrx_word' id='word_1_309' title='bbox 260 2537 405 2567; x_wconf 82' lang='lat' dir='ltr'>omnibus</span> <span class='ocrx_word' id='word_1_310' title='bbox 418 2540 507 2567; x_wconf 87' lang='lat' dir='ltr'>novis</span> <span class='ocrx_word' id='word_1_311' title='bbox 518 2537 709 2570; x_wconf 84' lang='lat' dir='ltr'>hominibus,</span> <span class='ocrx_word' id='word_1_312' title='bbox 719 2536 754 2566; x_wconf 86' lang='lat' dir='ltr'>de</span> <span class='ocrx_word' id='word_1_313' title='bbox 766 2537 874 2577; x_wconf 86' lang='lat' dir='ltr'>quibus</span> <span class='ocrx_word' id='word_1_314' title='bbox 886 2546 935 2566; x_wconf 87' lang='lat' dir='ltr'>me</span> <span class='ocrx_word' id='word_1_315' title='bbox 973 2536 1059 2567; x_wconf 82' lang='lat' dir='ltr'>inisse</span> 
     </span>
     <span class='ocr_line' id='line_1_42' title="bbox 96 2575 1059 2622; baseline -0.002 -11"><span class='ocrx_word' id='word_1_316' title='bbox 96 2580 255 2622; x_wconf 71' lang='lat' dir='ltr'>poss‘umus</span> <span class='ocrx_word' id='word_1_317' title='bbox 265 2599 273 2613; x_wconf 88' lang='lat'><strong>,</strong></span> <span class='ocrx_word' id='word_1_318' title='bbox 285 2581 336 2621; x_wconf 87' lang='lat' dir='ltr'>qui</span> <span class='ocrx_word' id='word_1_319' title='bbox 346 2579 535 2609; x_wconf 85' lang='lat' dir='ltr'>consulatum</span> <span class='ocrx_word' id='word_1_320' title='bbox 546 2580 698 2619; x_wconf 85' lang='lat' dir='ltr'>petierim,</span> <span class='ocrx_word' id='word_1_321' title='bbox 709 2577 781 2608; x_wconf 75' lang='lat' dir='ltr'>cum</span> <span class='ocrx_word' id='word_1_322' title='bbox 792 2577 929 2619; x_wconf 78' lang='lat' dir='ltr'>primurn</span> <span class='ocrx_word' id='word_1_323' title='bbox 941 2575 962 2608; x_wconf 85' lang='lat' dir='ltr'>li</span> <span class='ocrx_word' id='word_1_324' title='bbox 982 2581 1059 2609; x_wconf 90' lang='lat' dir='ltr'>itum</span> 
     </span>
     <span class='ocr_line' id='line_1_43' title="bbox 95 2619 1060 2661; baseline -0.004 -7"><span class='ocrx_word' id='word_1_325' title='bbox 95 2622 131 2654; x_wconf 87' lang='lat' dir='ltr'>sit</span> <span class='ocrx_word' id='word_1_326' title='bbox 141 2634 147 2653; x_wconf 72' lang='grc' dir='ltr'><em>ι</em></span> <span class='ocrx_word' id='word_1_327' title='bbox 158 2622 264 2653; x_wconf 87' lang='lat' dir='ltr'>consul</span> <span class='ocrx_word' id='word_1_328' title='bbox 275 2619 446 2654; x_wconf 69' lang='lat' dir='ltr'>fa&amp;us·fim,</span> <span class='ocrx_word' id='word_1_329' title='bbox 457 2619 528 2651; x_wconf 75' lang='lat' dir='ltr'>cum</span> <span class='ocrx_word' id='word_1_330' title='bbox 539 2619 674 2661; x_wconf 66' lang='lat' dir='ltr'>priimum</span> <span class='ocrx_word' id='word_1_331' title='bbox 685 2630 721 2660; x_wconf 85' lang='lat' dir='ltr'>pe</span> <span class='ocrx_word' id='word_1_332' title='bbox 739 2621 743 2625; x_wconf 87' lang='lat'>&#39;</span> <span class='ocrx_word' id='word_1_333' title='bbox 837 2631 843 2649; x_wconf 90' lang='lat'>:</span> <span class='ocrx_word' id='word_1_334' title='bbox 855 2628 888 2649; x_wconf 89' lang='lat' dir='ltr'>ut</span> <span class='ocrx_word' id='word_1_335' title='bbox 900 2619 995 2650; x_wconf 84' lang='lat' dir='ltr'>vester</span> <span class='ocrx_word' id='word_1_336' title='bbox 1003 2622 1060 2650; x_wconf 89' lang='lat' dir='ltr'>ho-</span> 
     </span>
     <span class='ocr_line' id='line_1_44' title="bbox 96 2662 1060 2703; baseline -0.003 -8"><span class='ocrx_word' id='word_1_337' title='bbox 96 2675 153 2695; x_wconf 86' lang='lat' dir='ltr'>nos</span> <span class='ocrx_word' id='word_1_338' title='bbox 163 2665 198 2695; x_wconf 79' lang='lat' dir='ltr'>ad</span> <span class='ocrx_word' id='word_1_339' title='bbox 209 2665 271 2693; x_wconf 82' lang='lat' dir='ltr'>mei</span> <span class='ocrx_word' id='word_1_340' title='bbox 281 2664 426 2702; x_wconf 81' lang='lat' dir='ltr'>temporis</span> <span class='ocrx_word' id='word_1_341' title='bbox 436 2662 518 2692; x_wconf 87' lang='lat' dir='ltr'>diem</span> <span class='ocrx_word' id='word_1_342' title='bbox 529 2664 649 2703; x_wconf 76' lang='lat' dir='ltr'>petituS,</span> <span class='ocrx_word' id='word_1_343' title='bbox 665 2673 685 2692; x_wconf 90' lang='lat' dir='ltr'>n</span> <span class='ocrx_word' id='word_1_344' title='bbox 782 2662 891 2692; x_wconf 71' lang='lat' dir='ltr'>›alienae</span> <span class='ocrx_word' id='word_1_345' title='bbox 902 2664 1060 2702; x_wconf 87' lang='lat' dir='ltr'>petitionis</span> 
     </span>
     <span class='ocr_line' id='line_1_45' title="bbox 94 2703 1059 2746; baseline -0.003 -8"><span class='ocrx_word' id='word_1_346' title='bbox 94 2706 281 2738; x_wconf 78' lang='lat' dir='ltr'>occasionem</span> <span class='ocrx_word' id='word_1_347' title='bbox 301 2706 482 2744; x_wconf 83' lang='lat' dir='ltr'>interceptus</span> <span class='ocrx_word' id='word_1_348' title='bbox 492 2725 500 2738; x_wconf 91' lang='lat'>,</span> <span class='ocrx_word' id='word_1_349' title='bbox 525 2715 582 2734; x_wconf 88' lang='lat' dir='ltr'>nec</span> <span class='ocrx_word' id='word_1_350' title='bbox 593 2704 678 2734; x_wconf 88' lang='lat' dir='ltr'>diutu</span> <span class='ocrx_word' id='word_1_351' title='bbox 762 2703 900 2744; x_wconf 85' lang='lat' dir='ltr'>precibus</span> <span class='ocrx_word' id='word_1_352' title='bbox 917 2703 1059 2746; x_wconf 82' lang='lat' dir='ltr'>efflagita-</span> 
     </span>
     <span class='ocr_line' id='line_1_46' title="bbox 95 2744 1057 2788; baseline -0.004 -8"><span class='ocrx_word' id='word_1_353' title='bbox 95 2758 153 2783; x_wconf 82' lang='lat' dir='ltr'>tus,</span> <span class='ocrx_word' id='word_1_354' title='bbox 165 2749 214 2779; x_wconf 87' lang='lat' dir='ltr'>sed</span> <span class='ocrx_word' id='word_1_355' title='bbox 225 2747 542 2788; x_wconf 74' lang='lat' dir='ltr'>dignitateimpetratus</span> <span class='ocrx_word' id='word_1_356' title='bbox 554 2744 611 2776; x_wconf 81' lang='lat' dir='ltr'>effe</span> <span class='ocrx_word' id='word_1_357' title='bbox 619 2746 672 2777; x_wconf 89' lang='lat' dir='ltr'>vid</span> <span class='ocrx_word' id='word_1_358' title='bbox 732 2756 765 2784; x_wconf 65' lang='lat' dir='ltr'>fr.</span> <span class='ocrx_word' id='word_1_359' title='bbox 790 2744 841 2776; x_wconf 87' lang='lat' dir='ltr'>Est</span> <span class='ocrx_word' id='word_1_360' title='bbox 851 2746 923 2775; x_wconf 83' lang='lat' dir='ltr'>illud</span> <span class='ocrx_word' id='word_1_361' title='bbox 935 2747 1057 2788; x_wconf 64' lang='lat' dir='ltr'>amplis-</span> 
     </span>
     <span class='ocr_line' id='line_1_47' title="bbox 94 2788 1056 2830; baseline -0.002 -10"><span class='ocrx_word' id='word_1_362' title='bbox 94 2790 206 2820; x_wconf 82' lang='lat' dir='ltr'>fimum</span> <span class='ocrx_word' id='word_1_363' title='bbox 219 2811 228 2823; x_wconf 89' lang='lat'><em>,</em></span> <span class='ocrx_word' id='word_1_364' title='bbox 247 2789 329 2830; x_wconf 90' lang='lat' dir='ltr'>quod</span> <span class='ocrx_word' id='word_1_365' title='bbox 342 2789 444 2828; x_wconf 80' lang='lat' dir='ltr'>paullo</span> <span class='ocrx_word' id='word_1_366' title='bbox 453 2798 520 2818; x_wconf 84' lang='lat' dir='ltr'>ante</span> <span class='ocrx_word' id='word_1_367' title='bbox 532 2798 688 2819; x_wconf 84' lang='lat' dir='ltr'>commem</span> <span class='ocrx_word' id='word_1_368' title='bbox 741 2789 791 2821; x_wconf 83' lang='lat' dir='ltr'>vi,</span> <span class='ocrx_word' id='word_1_369' title='bbox 813 2790 945 2829; x_wconf 79' lang='lat' dir='ltr'>Qiritcs</span> <span class='ocrx_word' id='word_1_370' title='bbox 954 2809 962 2822; x_wconf 90' lang='lat'>‚</span> <span class='ocrx_word' id='word_1_371' title='bbox 974 2788 1056 2830; x_wconf 88' lang='lat' dir='ltr'>quod</span> 
     </span>
    </p>
   </div>
   <div class='ocr_carea' id='block_1_15' title="bbox 674 2650 788 2818">
    <p class='ocr_par' dir='ltr' id='par_1_16' title="bbox 674 2650 788 2818">
     <span class='ocr_line' id='line_1_48' title="bbox 721 2650 788 2682; baseline 0 707"><span class='ocrx_word' id='word_1_372' title='bbox 721 2650 788 2682; x_wconf 95' lang='lat' dir='ltr'> </span> 
     </span>
     <span class='ocr_line' id='line_1_49' title="bbox 674 2682 777 2769; baseline -0.039 -2"><span class='ocrx_word' id='word_1_373' title='bbox 674 2682 777 2769; x_wconf 95' lang='lat' dir='ltr'>    </span> 
     </span>
     <span class='ocr_line' id='line_1_50' title="bbox 688 2769 741 2818; baseline 0 571"><span class='ocrx_word' id='word_1_374' title='bbox 688 2769 741 2818; x_wconf 95' lang='lat' dir='ltr'> </span> 
     </span>
    </p>
   </div>
   <div class='ocr_carea' id='block_1_16' title="bbox 1076 2088 1088 2838">
    <p class='ocr_par' dir='ltr' id='par_1_17' title="bbox 1076 2088 1088 2838">
     <span class='ocr_line' id='line_1_51' title="bbox 1076 2088 1088 2838; baseline 0 0"><span class='ocrx_word' id='word_1_375' title='bbox 1076 2088 1088 2838; x_wconf 95' lang='lat' dir='ltr'> </span> 
     </span>
    </p>
   </div>
   <div class='ocr_carea' id='block_1_17' title="bbox 967 959 1762 1010">
    <p class='ocr_par' dir='ltr' id='par_1_18' title="bbox 967 959 1762 1010">
     <span class='ocr_line' id='line_1_52' title="bbox 967 959 1762 1010; baseline 0.004 -5"><span class='ocrx_word' id='word_1_376' title='bbox 967 959 1762 1010; x_wconf 84' lang='lat' dir='ltr'><strong>DECIMASEXTA.</strong></span> 
     </span>
    </p>
   </div>
   <div class='ocr_carea' id='block_1_18' title="bbox 1096 1065 2076 2876">
    <p class='ocr_par' dir='ltr' id='par_1_19' title="bbox 1096 1065 2076 2876">
     <span class='ocr_line' id='line_1_53' title="bbox 1105 1065 2066 1112; baseline 0.009 -16"><span class='ocrx_word' id='word_1_377' title='bbox 1105 1068 1211 1100; x_wconf 84' lang='lat' dir='ltr'>annis,</span> <span class='ocrx_word' id='word_1_378' title='bbox 1230 1065 1388 1097; x_wconf 79' lang='lat' dir='ltr'>affecistis:</span> <span class='ocrx_word' id='word_1_379' title='bbox 1405 1068 1488 1109; x_wconf 88' lang='lat' dir='ltr'>quod</span> <span class='ocrx_word' id='word_1_380' title='bbox 1504 1070 1600 1109; x_wconf 72' lang='lat' dir='ltr'>prima</span> <span class='ocrx_word' id='word_1_381' title='bbox 1614 1071 1776 1110; x_wconf 81' lang='lat' dir='ltr'>petitione:</span> <span class='ocrx_word' id='word_1_382' title='bbox 1801 1071 1881 1112; x_wconf 88' lang='lat' dir='ltr'>quod</span> <span class='ocrx_word' id='word_1_383' title='bbox 1895 1082 1975 1104; x_wconf 83' lang='lat' dir='ltr'>anno</span> <span class='ocrx_word' id='word_1_384' title='bbox 1985 1085 2066 1105; x_wconf 70' lang='lat' dir='ltr'>meov</span> 
     </span>
     <span class='ocr_line' id='line_1_54' title="bbox 1106 1109 2071 1152; baseline 0.009 -14"><span class='ocrx_word' id='word_1_385' title='bbox 1106 1109 1155 1139; x_wconf 87' lang='lat' dir='ltr'>sed</span> <span class='ocrx_word' id='word_1_386' title='bbox 1178 1118 1280 1139; x_wconf 79' lang='lat' dir='ltr'>tamen</span> <span class='ocrx_word' id='word_1_387' title='bbox 1299 1112 1541 1150; x_wconf 69' lang='lat' dir='ltr'>magnificentius</span> <span class='ocrx_word' id='word_1_388' title='bbox 1555 1132 1563 1145; x_wconf 88' lang='lat'><em>‚</em></span> <span class='ocrx_word' id='word_1_389' title='bbox 1581 1121 1668 1152; x_wconf 86' lang='lat' dir='ltr'>atque</span> <span class='ocrx_word' id='word_1_390' title='bbox 1687 1116 1820 1143; x_wconf 71' lang='lat' dir='ltr'>ornatius</span> <span class='ocrx_word' id='word_1_391' title='bbox 1839 1114 1895 1145; x_wconf 76' lang='lat' dir='ltr'>ess&#39;e</span> <span class='ocrx_word' id='word_1_392' title='bbox 1915 1117 1972 1146; x_wconf 89' lang='lat' dir='ltr'>illo</span> <span class='ocrx_word' id='word_1_393' title='bbox 1994 1120 2071 1147; x_wconf 79' lang='lat' dir='ltr'>nihil</span> 
     </span>
     <span class='ocr_line' id='line_1_55' title="bbox 1105 1150 2076 1192; baseline 0.011 -13"><span class='ocrx_word' id='word_1_394' title='bbox 1105 1150 1201 1190; x_wconf 85' lang='lat' dir='ltr'>potest</span> <span class='ocrx_word' id='word_1_395' title='bbox 1210 1171 1217 1184; x_wconf 91' lang='lat'>,</span> <span class='ocrx_word' id='word_1_396' title='bbox 1228 1151 1309 1192; x_wconf 88' lang='lat' dir='ltr'>quod</span> <span class='ocrx_word' id='word_1_397' title='bbox 1324 1154 1401 1181; x_wconf 88' lang='lat' dir='ltr'>meis</span> <span class='ocrx_word' id='word_1_398' title='bbox 1412 1154 1548 1183; x_wconf 81' lang='lat' dir='ltr'>comitiis</span> <span class='ocrx_word' id='word_1_399' title='bbox 1558 1164 1624 1184; x_wconf 87' lang='lat' dir='ltr'>non</span> <span class='ocrx_word' id='word_1_400' title='bbox 1638 1158 1651 1173; x_wconf 88' lang='lat'><em>²</em></span> <span class='ocrx_word' id='word_1_401' title='bbox 1664 1154 1803 1185; x_wconf 83' lang='lat' dir='ltr'>tabellam</span> <span class='ocrx_word' id='word_1_402' title='bbox 1816 1157 1969 1188; x_wconf 76' lang='lat' dir='ltr'>vindicem</span> <span class='ocrx_word' id='word_1_403' title='bbox 1982 1162 2076 1190; x_wconf 71' lang='lat' dir='ltr'>tacitae</span> 
     </span>
     <span class='ocr_line' id='line_1_56' title="bbox 1105 1192 2075 1236; baseline 0.007 -11"><span class='ocrx_word' id='word_1_404' title='bbox 1105 1192 1249 1223; x_wconf 78' lang='lat' dir='ltr'>libertatis</span> <span class='ocrx_word' id='word_1_405' title='bbox 1261 1214 1269 1226; x_wconf 79' lang='lat'>‚</span> <span class='ocrx_word' id='word_1_406' title='bbox 1290 1193 1340 1223; x_wconf 77' lang='lat' dir='ltr'>sed</span> <span class='ocrx_word' id='word_1_407' title='bbox 1354 1204 1447 1223; x_wconf 80' lang='lat' dir='ltr'>vocem</span> <span class='ocrx_word' id='word_1_408' title='bbox 1458 1196 1562 1224; x_wconf 80' lang='lat' dir='ltr'>vivam</span> <span class='ocrx_word' id='word_1_409' title='bbox 1583 1205 1642 1236; x_wconf 86' lang='lat' dir='ltr'>prae</span> <span class='ocrx_word' id='word_1_410' title='bbox 1658 1197 1747 1226; x_wconf 83' lang='lat' dir='ltr'>vobis</span> <span class='ocrx_word' id='word_1_411' title='bbox 1764 1197 1898 1229; x_wconf 78' lang='lat' dir='ltr'>indicem</span> <span class='ocrx_word' id='word_1_412' title='bbox 1909 1200 2075 1232; x_wconf 83' lang='lat' dir='ltr'>vestrarum</span> 
     </span>
     <span class='ocr_line' id='line_1_57' title="bbox 1107 1235 2075 1282; baseline 0.01 -18"><span class='ocrx_word' id='word_1_413' title='bbox 1107 1244 1172 1276; x_wconf 83' lang='lat' dir='ltr'>erga</span> <span class='ocrx_word' id='word_1_414' title='bbox 1183 1245 1232 1265; x_wconf 85' lang='lat' dir='ltr'>me</span> <span class='ocrx_word' id='word_1_415' title='bbox 1243 1235 1436 1266; x_wconf 72' lang='lat' dir='ltr'>voluntatum</span> <span class='ocrx_word' id='word_1_416' title='bbox 1448 1257 1456 1270; x_wconf 91' lang='lat'>,</span> <span class='ocrx_word' id='word_1_417' title='bbox 1470 1247 1501 1267; x_wconf 86' lang='lat' dir='ltr'>ac</span> <span class='ocrx_word' id='word_1_418' title='bbox 1514 1236 1685 1268; x_wconf 85' lang='lat' dir='ltr'>studiorum</span> <span class='ocrx_word' id='word_1_419' title='bbox 1696 1238 1817 1269; x_wconf 84' lang='lat' dir='ltr'>tulistis.</span> <span class='ocrx_word' id='word_1_420' title='bbox 1836 1243 1998 1282; x_wconf 66' lang='lat' dir='ltr'>Itaquome</span> <span class='ocrx_word' id='word_1_421' title='bbox 2009 1253 2075 1274; x_wconf 87' lang='lat' dir='ltr'>non</span> 
     </span>
     <span class='ocr_line' id='line_1_58' title="bbox 1106 1276 2074 1321; baseline 0.01 -16"><span class='ocrx_word' id='word_1_422' title='bbox 1106 1286 1241 1307; x_wconf 81' lang='lat' dir='ltr'>extrema</span> <span class='ocrx_word' id='word_1_423' title='bbox 1260 1277 1356 1307; x_wconf 89' lang='lat' dir='ltr'>tribus</span> <span class='ocrx_word' id='word_1_424' title='bbox 1378 1276 1590 1321; x_wconf 87' lang='lat' dir='ltr'>suffragiorum</span> <span class='ocrx_word' id='word_1_425' title='bbox 1602 1300 1610 1314; x_wconf 83' lang='lat'>‚</span> <span class='ocrx_word' id='word_1_426' title='bbox 1629 1280 1678 1310; x_wconf 83' lang='lat' dir='ltr'>sed</span> <span class='ocrx_word' id='word_1_427' title='bbox 1687 1283 1779 1321; x_wconf 85' lang='lat' dir='ltr'>primi</span> <span class='ocrx_word' id='word_1_428' title='bbox 1791 1282 1837 1311; x_wconf 88' lang='lat' dir='ltr'>illi</span> <span class='ocrx_word' id='word_1_429' title='bbox 1848 1283 1936 1313; x_wconf 86' lang='lat' dir='ltr'>vestri</span> <span class='ocrx_word' id='word_1_430' title='bbox 1947 1294 2074 1315; x_wconf 87' lang='lat' dir='ltr'>concur-</span> 
     </span>
     <span class='ocr_line' id='line_1_59' title="bbox 1103 1317 2074 1361; baseline 0.009 -14"><span class='ocrx_word' id='word_1_431' title='bbox 1103 1319 1151 1348; x_wconf 89' lang='lat' dir='ltr'>sus</span> <span class='ocrx_word' id='word_1_432' title='bbox 1164 1328 1169 1347; x_wconf 91' lang='lat'>:</span> <span class='ocrx_word' id='word_1_433' title='bbox 1183 1329 1280 1360; x_wconf 86' lang='lat' dir='ltr'>neque</span> <span class='ocrx_word' id='word_1_434' title='bbox 1288 1317 1410 1361; x_wconf 85' lang='lat' dir='ltr'>singulae</span> <span class='ocrx_word' id='word_1_435' title='bbox 1417 1330 1507 1351; x_wconf 87' lang='lat' dir='ltr'>voces</span> <span class='ocrx_word' id='word_1_436' title='bbox 1520 1331 1693 1361; x_wconf 83' lang='lat' dir='ltr'>praeconum</span> <span class='ocrx_word' id='word_1_437' title='bbox 1706 1343 1714 1356; x_wconf 86' lang='lat'>‚</span> <span class='ocrx_word' id='word_1_438' title='bbox 1730 1323 1779 1353; x_wconf 84' lang='lat' dir='ltr'>sed</span> <span class='ocrx_word' id='word_1_439' title='bbox 1791 1334 1849 1354; x_wconf 87' lang='lat' dir='ltr'>una</span> <span class='ocrx_word' id='word_1_440' title='bbox 1860 1335 1934 1355; x_wconf 88' lang='lat' dir='ltr'>voce</span> <span class='ocrx_word' id='word_1_441' title='bbox 1944 1329 2074 1357; x_wconf 75' lang='lat' dir='ltr'>univer—</span> 
     </span>
     <span class='ocr_line' id='line_1_60' title="bbox 1107 1360 2070 1409; baseline 0.009 -19"><span class='ocrx_word' id='word_1_442' title='bbox 1107 1360 1152 1390; x_wconf 86' lang='lat' dir='ltr'>sus</span> <span class='ocrx_word' id='word_1_443' title='bbox 1162 1362 1293 1401; x_wconf 88' lang='lat' dir='ltr'>populus</span> <span class='ocrx_word' id='word_1_444' title='bbox 1304 1364 1464 1393; x_wconf 86' lang='lat' dir='ltr'>Romanus</span> <span class='ocrx_word' id='word_1_445' title='bbox 1480 1364 1637 1394; x_wconf 84' lang='lat' dir='ltr'>consulem</span> <span class='ocrx_word' id='word_1_446' title='bbox 1648 1364 1815 1396; x_wconf 81' lang='lat' dir='ltr'>declaravit.</span> <span class='ocrx_word' id='word_1_447' title='bbox 1848 1368 1916 1397; x_wconf 90' lang='lat' dir='ltr'>Hoc</span> <span class='ocrx_word' id='word_1_448' title='bbox 1932 1378 1986 1409; x_wconf 82' lang='lat' dir='ltr'>ego</span> <span class='ocrx_word' id='word_1_449' title='bbox 2008 1377 2070 1399; x_wconf 82' lang='lat' dir='ltr'>tam</span> 
     </span>
     <span class='ocr_line' id='line_1_61' title="bbox 1107 1401 2071 1449; baseline 0.008 -17"><span class='ocrx_word' id='word_1_450' title='bbox 1107 1401 1222 1443; x_wconf 80' lang='lat' dir='ltr'>insigne</span> <span class='ocrx_word' id='word_1_451' title='bbox 1231 1424 1239 1436; x_wconf 88' lang='lat'>‚</span> <span class='ocrx_word' id='word_1_452' title='bbox 1253 1412 1314 1434; x_wconf 84' lang='lat' dir='ltr'>tam</span> <span class='ocrx_word' id='word_1_453' title='bbox 1326 1403 1469 1445; x_wconf 84' lang='lat' dir='ltr'>fingulare</span> <span class='ocrx_word' id='word_1_454' title='bbox 1478 1404 1611 1435; x_wconf 78' lang='lat' dir='ltr'>vestrum</span> <span class='ocrx_word' id='word_1_455' title='bbox 1623 1405 1806 1437; x_wconf 87' lang='lat' dir='ltr'>beneficium</span> <span class='ocrx_word' id='word_1_456' title='bbox 1815 1427 1823 1441; x_wconf 90' lang='lat'>‚</span> <span class='ocrx_word' id='word_1_457' title='bbox 1841 1411 1986 1449; x_wconf 24' lang='lat' dir='ltr'>Quirites,</span> <span class='ocrx_word' id='word_1_458' title='bbox 1997 1410 2071 1441; x_wconf 73' lang='lat' dir='ltr'>curn</span> 
     </span>
     <span class='ocr_line' id='line_1_62' title="bbox 1103 1444 2069 1490; baseline 0.008 -17"><span class='ocrx_word' id='word_1_459' title='bbox 1103 1444 1137 1474; x_wconf 91' lang='lat' dir='ltr'>ad</span> <span class='ocrx_word' id='word_1_460' title='bbox 1149 1447 1246 1474; x_wconf 84' lang='lat' dir='ltr'>animi</span> <span class='ocrx_word' id='word_1_461' title='bbox 1261 1447 1322 1475; x_wconf 90' lang='lat' dir='ltr'>mei</span> <span class='ocrx_word' id='word_1_462' title='bbox 1341 1445 1474 1476; x_wconf 46' lang='lat' dir='ltr'>fraciam</span> <span class='ocrx_word' id='word_1_463' title='bbox 1486 1467 1494 1480; x_wconf 91' lang='lat'>‚</span> <span class='ocrx_word' id='word_1_464' title='bbox 1515 1457 1601 1488; x_wconf 84' lang='lat' dir='ltr'>atque</span> <span class='ocrx_word' id='word_1_465' title='bbox 1622 1449 1757 1479; x_wconf 83' lang='lat' dir='ltr'>laetitiam</span> <span class='ocrx_word' id='word_1_466' title='bbox 1776 1449 1854 1480; x_wconf 90' lang='lat' dir='ltr'>duco</span> <span class='ocrx_word' id='word_1_467' title='bbox 1873 1449 1932 1480; x_wconf 85' lang='lat' dir='ltr'>effe</span> <span class='ocrx_word' id='word_1_468' title='bbox 1950 1461 2069 1490; x_wconf 71' lang='lat' dir='ltr'>perma-</span> 
     </span>
     <span class='ocr_line' id='line_1_63' title="bbox 1104 1487 2072 1533; baseline 0.008 -18"><span class='ocrx_word' id='word_1_469' title='bbox 1104 1496 1200 1527; x_wconf 88' lang='lat' dir='ltr'>gnum</span> <span class='ocrx_word' id='word_1_470' title='bbox 1213 1507 1220 1520; x_wconf 93' lang='lat'>‚</span> <span class='ocrx_word' id='word_1_471' title='bbox 1245 1496 1310 1517; x_wconf 84' lang='lat' dir='ltr'>tum</span> <span class='ocrx_word' id='word_1_472' title='bbox 1324 1487 1359 1517; x_wconf 87' lang='lat' dir='ltr'>ad</span> <span class='ocrx_word' id='word_1_473' title='bbox 1374 1498 1476 1519; x_wconf 85' lang='lat' dir='ltr'>curam</span> <span class='ocrx_word' id='word_1_474' title='bbox 1489 1509 1497 1522; x_wconf 89' lang='lat'><em>,</em></span> <span class='ocrx_word' id='word_1_475' title='bbox 1524 1490 1822 1532; x_wconf 82' lang='lat' dir='ltr'>sollicitudinemque</span> <span class='ocrx_word' id='word_1_476' title='bbox 1841 1492 1940 1523; x_wconf 81' lang='lat' dir='ltr'>multo</span> <span class='ocrx_word' id='word_1_477' title='bbox 1960 1495 2072 1533; x_wconf 83' lang='lat' dir='ltr'>majus.</span> 
     </span>
     <span class='ocr_line' id='line_1_64' title="bbox 1106 1529 2073 1577; baseline 0.009 -19"><span class='ocrx_word' id='word_1_478' title='bbox 1106 1529 1269 1559; x_wconf 68' lang='lat' dir='ltr'>Versantur</span> <span class='ocrx_word' id='word_1_479' title='bbox 1278 1530 1362 1560; x_wconf 87' lang='lat' dir='ltr'>enim</span> <span class='ocrx_word' id='word_1_480' title='bbox 1374 1549 1382 1562; x_wconf 85' lang='lat'>‚</span> <span class='ocrx_word' id='word_1_481' title='bbox 1403 1533 1535 1571; x_wconf 85' lang='lat' dir='ltr'>Qirites</span> <span class='ocrx_word' id='word_1_482' title='bbox 1549 1553 1556 1564; x_wconf 91' lang='lat'><em>,</em></span> <span class='ocrx_word' id='word_1_483' title='bbox 1579 1534 1611 1562; x_wconf 93' lang='lat' dir='ltr'>in</span> <span class='ocrx_word' id='word_1_484' title='bbox 1620 1534 1726 1563; x_wconf 89' lang='lat' dir='ltr'>animo</span> <span class='ocrx_word' id='word_1_485' title='bbox 1738 1543 1808 1563; x_wconf 89' lang='lat' dir='ltr'>meo</span> <span class='ocrx_word' id='word_1_486' title='bbox 1819 1534 1924 1565; x_wconf 87' lang='lat' dir='ltr'>multae</span> <span class='ocrx_word' id='word_1_487' title='bbox 1934 1555 1942 1569; x_wconf 90' lang='lat'>‚</span> <span class='ocrx_word' id='word_1_488' title='bbox 1966 1535 1999 1565; x_wconf 87' lang='lat'>&amp;</span> <span class='ocrx_word' id='word_1_489' title='bbox 2008 1546 2073 1577; x_wconf 84' lang='lat' dir='ltr'>gra-</span> 
     </span>
     <span class='ocr_line' id='line_1_65' title="bbox 1104 1572 2068 1616; baseline 0.008 -17"><span class='ocrx_word' id='word_1_490' title='bbox 1104 1580 1156 1600; x_wconf 82' lang='lat' dir='ltr'>ves</span> <span class='ocrx_word' id='word_1_491' title='bbox 1165 1572 1363 1612; x_wconf 83' lang='lat' dir='ltr'>cogitationes</span> <span class='ocrx_word' id='word_1_492' title='bbox 1378 1592 1386 1605; x_wconf 77' lang='grc'><em>,</em></span> <span class='ocrx_word' id='word_1_493' title='bbox 1398 1582 1465 1613; x_wconf 86' lang='lat' dir='ltr'>quae</span> <span class='ocrx_word' id='word_1_494' title='bbox 1476 1574 1554 1603; x_wconf 87' lang='lat' dir='ltr'>mihi</span> <span class='ocrx_word' id='word_1_495' title='bbox 1565 1575 1681 1605; x_wconf 87' lang='lat' dir='ltr'>nullam</span> <span class='ocrx_word' id='word_1_496' title='bbox 1695 1584 1809 1616; x_wconf 88' lang='lat' dir='ltr'>partem</span> <span class='ocrx_word' id='word_1_497' title='bbox 1821 1585 1918 1616; x_wconf 84' lang='lat' dir='ltr'>neque</span> <span class='ocrx_word' id='word_1_498' title='bbox 1928 1576 2043 1608; x_wconf 81' lang='lat' dir='ltr'>diurnae</span> <span class='ocrx_word' id='word_1_499' title='bbox 2056 1598 2068 1612; x_wconf 80' lang='grc'>,</span> 
     </span>
     <span class='ocr_line' id='line_1_66' title="bbox 1105 1612 2074 1659; baseline 0.007 -17"><span class='ocrx_word' id='word_1_500' title='bbox 1105 1622 1203 1654; x_wconf 86' lang='lat' dir='ltr'>neque</span> <span class='ocrx_word' id='word_1_501' title='bbox 1213 1612 1369 1644; x_wconf 69' lang='lat' dir='ltr'>no&amp;urnae</span> <span class='ocrx_word' id='word_1_502' title='bbox 1379 1614 1487 1655; x_wconf 77' lang='lat' dir='ltr'>quietis</span> <span class='ocrx_word' id='word_1_503' title='bbox 1497 1617 1694 1655; x_wconf 80' lang='lat' dir='ltr'>impertiunt:</span> <span class='ocrx_word' id='word_1_504' title='bbox 1717 1617 1853 1657; x_wconf 77' lang='lat' dir='ltr'>primurn</span> <span class='ocrx_word' id='word_1_505' title='bbox 1865 1619 1961 1648; x_wconf 82' lang='lat' dir='ltr'>tuendi</span> <span class='ocrx_word' id='word_1_506' title='bbox 1973 1621 2074 1659; x_wconf 72' lang='lat' dir='ltr'>oonsu-</span> 
     </span>
     <span class='ocr_line' id='line_1_67' title="bbox 1105 1654 2070 1701; baseline 0.009 -18"><span class='ocrx_word' id='word_1_507' title='bbox 1105 1654 1182 1683; x_wconf 64' lang='lat' dir='ltr'>latus</span> <span class='ocrx_word' id='word_1_508' title='bbox 1191 1666 1203 1682; x_wconf 90' lang='lat'><em>:</em></span> <span class='ocrx_word' id='word_1_509' title='bbox 1212 1666 1279 1696; x_wconf 84' lang='lat' dir='ltr'>quae</span> <span class='ocrx_word' id='word_1_510' title='bbox 1288 1655 1361 1686; x_wconf 76' lang='lat' dir='ltr'>cum</span> <span class='ocrx_word' id='word_1_511' title='bbox 1371 1657 1517 1687; x_wconf 84' lang='lat' dir='ltr'>omnibus</span> <span class='ocrx_word' id='word_1_512' title='bbox 1527 1657 1571 1688; x_wconf 84' lang='lat' dir='ltr'>est</span> <span class='ocrx_word' id='word_1_513' title='bbox 1580 1657 1715 1688; x_wconf 85' lang='lat' dir='ltr'>difficilis</span> <span class='ocrx_word' id='word_1_514' title='bbox 1723 1679 1732 1692; x_wconf 89' lang='lat'>,</span> <span class='ocrx_word' id='word_1_515' title='bbox 1745 1659 1778 1690; x_wconf 75' lang='grc' dir='ltr'>δε</span> <span class='ocrx_word' id='word_1_516' title='bbox 1788 1669 1895 1701; x_wconf 82' lang='lat' dir='ltr'>magna</span> <span class='ocrx_word' id='word_1_517' title='bbox 1904 1656 1990 1695; x_wconf 79' lang='lat' dir='ltr'>rati&#39;o,</span> <span class='ocrx_word' id='word_1_518' title='bbox 2002 1671 2070 1693; x_wconf 81' lang='lat' dir='ltr'>turn</span> 
     </span>
     <span class='ocr_line' id='line_1_68' title="bbox 1104 1696 2074 1738; baseline 0.009 -12"><span class='ocrx_word' id='word_1_519' title='bbox 1104 1696 1176 1727; x_wconf 75' lang='lat' dir='ltr'>vero</span> <span class='ocrx_word' id='word_1_520' title='bbox 1187 1699 1265 1727; x_wconf 86' lang='lat' dir='ltr'>mihi</span> <span class='ocrx_word' id='word_1_521' title='bbox 1277 1718 1285 1732; x_wconf 91' lang='lat'>‚</span> <span class='ocrx_word' id='word_1_522' title='bbox 1298 1707 1401 1738; x_wconf 81' lang='lat' dir='ltr'>praeter</span> <span class='ocrx_word' id='word_1_523' title='bbox 1413 1708 1544 1730; x_wconf 86' lang='lat' dir='ltr'>ceteros:</span> <span class='ocrx_word' id='word_1_524' title='bbox 1563 1704 1578 1727; x_wconf 74' lang='lat'>3</span> <span class='ocrx_word' id='word_1_525' title='bbox 1590 1703 1637 1731; x_wconf 90' lang='lat' dir='ltr'>cui</span> <span class='ocrx_word' id='word_1_526' title='bbox 1649 1710 1742 1732; x_wconf 81' lang='lat' dir='ltr'>errato</span> <span class='ocrx_word' id='word_1_527' title='bbox 1756 1721 1764 1734; x_wconf 90' lang='lat'>‚</span> <span class='ocrx_word' id='word_1_528' title='bbox 1779 1702 1861 1732; x_wconf 81' lang='lat' dir='ltr'>nulla</span> <span class='ocrx_word' id='word_1_529' title='bbox 1872 1705 1960 1733; x_wconf 86' lang='lat' dir='ltr'>venia</span> <span class='ocrx_word' id='word_1_530' title='bbox 1969 1715 1978 1738; x_wconf 73' lang='lat'>5</span> <span class='ocrx_word' id='word_1_531' title='bbox 1990 1703 2074 1735; x_wconf 63' lang='lat' dir='ltr'>reete:</span> 
     </span>
     <span class='ocr_line' id='line_1_69' title="bbox 1105 1738 2073 1786; baseline 0.006 -17"><span class='ocrx_word' id='word_1_532' title='bbox 1105 1738 1184 1769; x_wconf 64' lang='lat' dir='ltr'>fausto</span> <span class='ocrx_word' id='word_1_533' title='bbox 1194 1760 1203 1773; x_wconf 90' lang='lat'>‚</span> <span class='ocrx_word' id='word_1_534' title='bbox 1215 1741 1322 1782; x_wconf 80' lang='lat' dir='ltr'>exigua</span> <span class='ocrx_word' id='word_1_535' title='bbox 1333 1741 1395 1771; x_wconf 85' lang='lat' dir='ltr'>laus</span> <span class='ocrx_word' id='word_1_536' title='bbox 1406 1761 1415 1773; x_wconf 92' lang='lat'>,</span> <span class='ocrx_word' id='word_1_537' title='bbox 1431 1741 1464 1771; x_wconf 85' lang='lat'>&amp;</span> <span class='ocrx_word' id='word_1_538' title='bbox 1472 1741 1508 1771; x_wconf 87' lang='lat' dir='ltr'>ab</span> <span class='ocrx_word' id='word_1_539' title='bbox 1519 1743 1624 1773; x_wconf 87' lang='lat' dir='ltr'>invitis</span> <span class='ocrx_word' id='word_1_540' title='bbox 1634 1742 1767 1784; x_wconf 78' lang='lat' dir='ltr'>expressa</span> <span class='ocrx_word' id='word_1_541' title='bbox 1774 1746 1969 1786; x_wconf 58' lang='lat' dir='ltr'>proponituff:</span> <span class='ocrx_word' id='word_1_542' title='bbox 1985 1756 2049 1776; x_wconf 89' lang='lat' dir='ltr'>non</span> <span class='ocrx_word' id='word_1_543' title='bbox 2062 1767 2073 1779; x_wconf 89' lang='lat'><em>,</em></span> 
     </span>
     <span class='ocr_line' id='line_1_70' title="bbox 1103 1781 2073 1819; baseline 0.007 -8"><span class='ocrx_word' id='word_1_544' title='bbox 1103 1781 1254 1812; x_wconf 86' lang='lat' dir='ltr'>dubitanti</span> <span class='ocrx_word' id='word_1_545' title='bbox 1278 1781 1365 1812; x_wconf 84' lang='lat' dir='ltr'>fidele</span> <span class='ocrx_word' id='word_1_546' title='bbox 1382 1782 1546 1814; x_wconf 76' lang='lat' dir='ltr'>consilium</span> <span class='ocrx_word' id='word_1_547' title='bbox 1562 1796 1569 1814; x_wconf 72' lang='lat' dir='ltr'><em>z</em></span> <span class='ocrx_word' id='word_1_548' title='bbox 1590 1795 1653 1815; x_wconf 90' lang='lat' dir='ltr'>non</span> <span class='ocrx_word' id='word_1_549' title='bbox 1664 1805 1672 1819; x_wconf 93' lang='lat'>‚</span> <span class='ocrx_word' id='word_1_550' title='bbox 1694 1785 1839 1816; x_wconf 85' lang='lat' dir='ltr'>laboranti</span> <span class='ocrx_word' id='word_1_551' title='bbox 1852 1783 1968 1817; x_wconf 65' lang='lat' dir='ltr'>certum</span> <span class='ocrx_word' id='word_1_552' title='bbox 1978 1787 2073 1818; x_wconf 86' lang='lat' dir='ltr'>subsi-</span> 
     </span>
     <span class='ocr_line' id='line_1_71' title="bbox 1103 1823 2070 1868; baseline 0.007 -15"><span class='ocrx_word' id='word_1_553' title='bbox 1103 1823 1190 1853; x_wconf 90' lang='lat' dir='ltr'>dium</span> <span class='ocrx_word' id='word_1_554' title='bbox 1202 1824 1369 1855; x_wconf 83' lang='lat' dir='ltr'>nobilitatis</span> <span class='ocrx_word' id='word_1_555' title='bbox 1380 1824 1557 1856; x_wconf 75' lang='lat' dir='ltr'>ostenditur.</span> <span class='ocrx_word' id='word_1_556' title='bbox 1573 1826 1667 1868; x_wconf 76' lang='lat' dir='ltr'>Qod</span> <span class='ocrx_word' id='word_1_557' title='bbox 1675 1826 1695 1857; x_wconf 85' lang='lat' dir='ltr'>si</span> <span class='ocrx_word' id='word_1_558' title='bbox 1707 1827 1787 1857; x_wconf 87' lang='lat' dir='ltr'>solus</span> <span class='ocrx_word' id='word_1_559' title='bbox 1798 1828 1832 1858; x_wconf 92' lang='lat' dir='ltr'>in</span> <span class='ocrx_word' id='word_1_560' title='bbox 1842 1827 2005 1859; x_wconf 86' lang='lat' dir='ltr'>discrimen</span> <span class='ocrx_word' id='word_1_561' title='bbox 2015 1831 2070 1861; x_wconf 87' lang='lat' dir='ltr'>ali-</span> 
     </span>
     <span class='ocr_line' id='line_1_72' title="bbox 1103 1865 2071 1910; baseline 0.007 -15"><span class='ocrx_word' id='word_1_562' title='bbox 1103 1865 1187 1906; x_wconf 89' lang='lat' dir='ltr'>quod</span> <span class='ocrx_word' id='word_1_563' title='bbox 1198 1866 1374 1897; x_wconf 87' lang='lat' dir='ltr'>adducerer:</span> <span class='ocrx_word' id='word_1_564' title='bbox 1386 1866 1508 1901; x_wconf 88' lang='lat' dir='ltr'>ferrem,</span> <span class='ocrx_word' id='word_1_565' title='bbox 1520 1870 1663 1909; x_wconf 59' lang='lat' dir='ltr'>Qirmes,</span> <span class='ocrx_word' id='word_1_566' title='bbox 1674 1872 1780 1899; x_wconf 87' lang='lat' dir='ltr'>animo</span> <span class='ocrx_word' id='word_1_567' title='bbox 1791 1872 1920 1910; x_wconf 87' lang='lat' dir='ltr'>aequiore</span> <span class='ocrx_word' id='word_1_568' title='bbox 1932 1882 1937 1900; x_wconf 72' lang='grc' dir='ltr'><strong><em>ι</em></strong></span> <span class='ocrx_word' id='word_1_569' title='bbox 1949 1871 1997 1902; x_wconf 87' lang='lat' dir='ltr'>sed</span> <span class='ocrx_word' id='word_1_570' title='bbox 2009 1875 2071 1902; x_wconf 85' lang='lat' dir='ltr'>mi-</span> 
     </span>
     <span class='ocr_line' id='line_1_73' title="bbox 1104 1907 2072 1950; baseline 0.007 -13"><span class='ocrx_word' id='word_1_571' title='bbox 1104 1909 1135 1937; x_wconf 87' lang='lat' dir='ltr'>hi</span> <span class='ocrx_word' id='word_1_572' title='bbox 1146 1907 1287 1938; x_wconf 89' lang='lat' dir='ltr'>videntur</span> <span class='ocrx_word' id='word_1_573' title='bbox 1296 1910 1367 1939; x_wconf 85' lang='lat' dir='ltr'>certi</span> <span class='ocrx_word' id='word_1_574' title='bbox 1378 1910 1522 1940; x_wconf 89' lang='lat' dir='ltr'>homines</span> <span class='ocrx_word' id='word_1_575' title='bbox 1532 1930 1540 1943; x_wconf 94' lang='lat'>‚</span> <span class='ocrx_word' id='word_1_576' title='bbox 1561 1909 1581 1940; x_wconf 88' lang='lat' dir='ltr'>si</span> <span class='ocrx_word' id='word_1_577' title='bbox 1595 1921 1652 1950; x_wconf 82' lang='lat' dir='ltr'>qua</span> <span class='ocrx_word' id='word_1_578' title='bbox 1666 1913 1700 1941; x_wconf 88' lang='lat' dir='ltr'>in</span> <span class='ocrx_word' id='word_1_579' title='bbox 1710 1921 1740 1940; x_wconf 86' lang='lat' dir='ltr'>re</span> <span class='ocrx_word' id='word_1_580' title='bbox 1751 1921 1801 1941; x_wconf 83' lang='lat' dir='ltr'>me</span> <span class='ocrx_word' id='word_1_581' title='bbox 1811 1921 1876 1941; x_wconf 88' lang='lat' dir='ltr'>non</span> <span class='ocrx_word' id='word_1_582' title='bbox 1889 1912 1986 1943; x_wconf 88' lang='lat' dir='ltr'>modo</span> <span class='ocrx_word' id='word_1_583' title='bbox 1995 1924 2072 1945; x_wconf 85' lang='lat' dir='ltr'>con-</span> 
     </span>
     <span class='ocr_line' id='line_1_74' title="bbox 1105 1948 2073 1991; baseline 0.008 -13"><span class='ocrx_word' id='word_1_584' title='bbox 1105 1948 1171 1979; x_wconf 83' lang='lat' dir='ltr'>filio</span> <span class='ocrx_word' id='word_1_585' title='bbox 1182 1970 1190 1983; x_wconf 93' lang='lat'>‚</span> <span class='ocrx_word' id='word_1_586' title='bbox 1203 1949 1310 1980; x_wconf 77' lang='lat' dir='ltr'>verum</span> <span class='ocrx_word' id='word_1_587' title='bbox 1321 1953 1408 1981; x_wconf 87' lang='lat' dir='ltr'>etiam</span> <span class='ocrx_word' id='word_1_588' title='bbox 1422 1952 1488 1991; x_wconf 73' lang='lat' dir='ltr'>casu</span> <span class='ocrx_word' id='word_1_589' title='bbox 1497 1952 1607 1991; x_wconf 78' lang='lat' dir='ltr'>lapsum</span> <span class='ocrx_word' id='word_1_590' title='bbox 1618 1951 1676 1982; x_wconf 82' lang='lat' dir='ltr'>esse</span> <span class='ocrx_word' id='word_1_591' title='bbox 1684 1952 1914 1988; x_wconf 84' lang='lat' dir='ltr'>arbitrabuntur,</span> <span class='ocrx_word' id='word_1_592' title='bbox 1932 1964 1988 1985; x_wconf 90' lang='lat' dir='ltr'>vos</span> <span class='ocrx_word' id='word_1_593' title='bbox 1999 1958 2073 1986; x_wconf 90' lang='lat' dir='ltr'>uni-</span> 
     </span>
     <span class='ocr_line' id='line_1_75' title="bbox 1102 1992 2070 2034; baseline 0.007 -13"><span class='ocrx_word' id='word_1_594' title='bbox 1102 1992 1203 2022; x_wconf 87' lang='lat' dir='ltr'>versos</span> <span class='ocrx_word' id='word_1_595' title='bbox 1214 2011 1222 2024; x_wconf 89' lang='lat'>,</span> <span class='ocrx_word' id='word_1_596' title='bbox 1235 1993 1287 2032; x_wconf 88' lang='lat' dir='ltr'>qui</span> <span class='ocrx_word' id='word_1_597' title='bbox 1300 2002 1350 2022; x_wconf 89' lang='lat' dir='ltr'>me</span> <span class='ocrx_word' id='word_1_598' title='bbox 1362 1993 1558 2024; x_wconf 84' lang='lat' dir='ltr'>antetuleritis</span> <span class='ocrx_word' id='word_1_599' title='bbox 1568 1994 1721 2025; x_wconf 86' lang='lat' dir='ltr'>nobilitati</span> <span class='ocrx_word' id='word_1_600' title='bbox 1735 2015 1742 2028; x_wconf 90' lang='lat'>‚</span> <span class='ocrx_word' id='word_1_601' title='bbox 1757 1996 1963 2034; x_wconf 84' lang='lat' dir='ltr'>vituperaturi.</span> <span class='ocrx_word' id='word_1_602' title='bbox 1989 1999 2070 2028; x_wconf 86' lang='lat' dir='ltr'>mihi</span> 
     </span>
     <span class='ocr_line' id='line_1_76' title="bbox 1103 2035 2072 2080; baseline 0.007 -17"><span class='ocrx_word' id='word_1_603' title='bbox 1103 2042 1203 2064; x_wconf 86' lang='lat' dir='ltr'>autem</span> <span class='ocrx_word' id='word_1_604' title='bbox 1214 2035 1347 2075; x_wconf 77' lang='lat' dir='ltr'>Qiirites</span> <span class='ocrx_word' id='word_1_605' title='bbox 1356 2054 1365 2068; x_wconf 84' lang='lat'>‚</span> <span class='ocrx_word' id='word_1_606' title='bbox 1377 2035 1482 2064; x_wconf 75' lang='lat' dir='ltr'>omnia</span> <span class='ocrx_word' id='word_1_607' title='bbox 1492 2037 1594 2075; x_wconf 87' lang='lat' dir='ltr'>potius</span> <span class='ocrx_word' id='word_1_608' title='bbox 1600 2036 1794 2077; x_wconf 84' lang='lat' dir='ltr'>perpetienda</span> <span class='ocrx_word' id='word_1_609' title='bbox 1803 2036 1861 2068; x_wconf 86' lang='lat' dir='ltr'>esse</span> <span class='ocrx_word' id='word_1_610' title='bbox 1874 2037 1962 2072; x_wconf 87' lang='lat' dir='ltr'>duco,</span> <span class='ocrx_word' id='word_1_611' title='bbox 1976 2039 2072 2080; x_wconf 64' lang='lat' dir='ltr'>quarn</span> 
     </span>
     <span class='ocr_line' id='line_1_77' title="bbox 1104 2076 2068 2118; baseline 0.004 -12"><span class='ocrx_word' id='word_1_612' title='bbox 1104 2086 1167 2106; x_wconf 92' lang='lat' dir='ltr'>non</span> <span class='ocrx_word' id='word_1_613' title='bbox 1179 2077 1219 2106; x_wconf 84' lang='lat' dir='ltr'>ita</span> <span class='ocrx_word' id='word_1_614' title='bbox 1228 2076 1393 2118; x_wconf 88' lang='lat' dir='ltr'>gerendum</span> <span class='ocrx_word' id='word_1_615' title='bbox 1405 2077 1595 2108; x_wconf 84' lang='lat' dir='ltr'>consulatum</span> <span class='ocrx_word' id='word_1_616' title='bbox 1605 2098 1613 2112; x_wconf 87' lang='lat'>,</span> <span class='ocrx_word' id='word_1_617' title='bbox 1630 2087 1663 2108; x_wconf 90' lang='lat' dir='ltr'>ut</span> <span class='ocrx_word' id='word_1_618' title='bbox 1671 2079 1707 2108; x_wconf 86' lang='lat' dir='ltr'>in</span> <span class='ocrx_word' id='word_1_619' title='bbox 1717 2079 1862 2109; x_wconf 90' lang='lat' dir='ltr'>omnibus</span> <span class='ocrx_word' id='word_1_620' title='bbox 1873 2081 1949 2110; x_wconf 85' lang='lat' dir='ltr'>meis</span> <span class='ocrx_word' id='word_1_621' title='bbox 1962 2079 2048 2110; x_wconf 57' lang='lat' dir='ltr'>factis</span> <span class='ocrx_word' id='word_1_622' title='bbox 2059 2101 2068 2115; x_wconf 88' lang='lat'>,</span> 
     </span>
     <span class='ocr_line' id='line_1_78' title="bbox 1103 2117 2070 2163; baseline 0.005 -16"><span class='ocrx_word' id='word_1_623' title='bbox 1103 2127 1189 2159; x_wconf 83' lang='lat' dir='ltr'>atque</span> <span class='ocrx_word' id='word_1_624' title='bbox 1199 2117 1333 2149; x_wconf 85' lang='lat' dir='ltr'>consiliis</span> <span class='ocrx_word' id='word_1_625' title='bbox 1345 2138 1352 2152; x_wconf 88' lang='lat'>‚</span> <span class='ocrx_word' id='word_1_626' title='bbox 1367 2119 1498 2149; x_wconf 89' lang='lat' dir='ltr'>vestrum</span> <span class='ocrx_word' id='word_1_627' title='bbox 1510 2118 1547 2149; x_wconf 86' lang='lat' dir='ltr'>de</span> <span class='ocrx_word' id='word_1_628' title='bbox 1558 2130 1606 2149; x_wconf 89' lang='lat' dir='ltr'>me</span> <span class='ocrx_word' id='word_1_629' title='bbox 1610 2119 1729 2159; x_wconf 64' lang='lat' dir='ltr'>fastum</span> <span class='ocrx_word' id='word_1_630' title='bbox 1739 2141 1747 2155; x_wconf 89' lang='lat'>‚</span> <span class='ocrx_word' id='word_1_631' title='bbox 1766 2121 1964 2163; x_wconf 71' lang='lat' dir='ltr'>consiliumque</span> <span class='ocrx_word' id='word_1_632' title='bbox 1971 2123 2070 2152; x_wconf 74' lang='lat' dir='ltr'>laude-</span> 
     </span>
     <span class='ocr_line' id='line_1_79' title="bbox 1106 2160 2070 2204; baseline 0.006 -15"><span class='ocrx_word' id='word_1_633' title='bbox 1106 2167 1162 2189; x_wconf 84' lang='lat' dir='ltr'>tur.</span> <span class='ocrx_word' id='word_1_634' title='bbox 1186 2160 1312 2191; x_wconf 86' lang='lat' dir='ltr'>Accedit</span> <span class='ocrx_word' id='word_1_635' title='bbox 1322 2163 1413 2191; x_wconf 85' lang='lat' dir='ltr'>etiam</span> <span class='ocrx_word' id='word_1_636' title='bbox 1424 2161 1477 2191; x_wconf 85' lang='lat' dir='ltr'>ille</span> <span class='ocrx_word' id='word_1_637' title='bbox 1486 2161 1565 2191; x_wconf 84' lang='lat' dir='ltr'>mihi</span> <span class='ocrx_word' id='word_1_638' title='bbox 1577 2162 1714 2204; x_wconf 71' lang='lat' dir='ltr'>summus</span> <span class='ocrx_word' id='word_1_639' title='bbox 1722 2163 1806 2193; x_wconf 79' lang='lat' dir='ltr'>labor</span> <span class='ocrx_word' id='word_1_640' title='bbox 1817 2183 1826 2197; x_wconf 80' lang='lat'>,</span> <span class='ocrx_word' id='word_1_641' title='bbox 1844 2173 1876 2194; x_wconf 88' lang='lat' dir='ltr'>ac</span> <span class='ocrx_word' id='word_1_642' title='bbox 1885 2163 2070 2196; x_wconf 69' lang='lat' dir='ltr'>difficillima</span> 
     </span>
     <span class='ocr_line' id='line_1_80' title="bbox 1105 2202 2070 2246; baseline 0.005 -15"><span class='ocrx_word' id='word_1_643' title='bbox 1105 2203 1181 2232; x_wconf 84' lang='lat' dir='ltr'>ratio</span> <span class='ocrx_word' id='word_1_644' title='bbox 1191 2203 1359 2233; x_wconf 79' lang='lat' dir='ltr'>consulatus</span> <span class='ocrx_word' id='word_1_645' title='bbox 1373 2203 1494 2244; x_wconf 87' lang='lat' dir='ltr'>gerendi</span> <span class='ocrx_word' id='word_1_646' title='bbox 1506 2223 1514 2237; x_wconf 90' lang='lat'>‚</span> <span class='ocrx_word' id='word_1_647' title='bbox 1527 2202 1610 2244; x_wconf 74' lang='lat' dir='ltr'>quod</span> <span class='ocrx_word' id='word_1_648' title='bbox 1623 2214 1687 2234; x_wconf 86' lang='lat' dir='ltr'>non</span> <span class='ocrx_word' id='word_1_649' title='bbox 1697 2204 1800 2235; x_wconf 82' lang='lat' dir='ltr'>eadem</span> <span class='ocrx_word' id='word_1_650' title='bbox 1812 2225 1820 2239; x_wconf 88' lang='lat'>‚</span> <span class='ocrx_word' id='word_1_651' title='bbox 1838 2216 1896 2246; x_wconf 87' lang='lat' dir='ltr'>qua</span> <span class='ocrx_word' id='word_1_652' title='bbox 1907 2206 2070 2246; x_wconf 83' lang='lat' dir='ltr'>superiori-</span> 
     </span>
     <span class='ocr_line' id='line_1_81' title="bbox 1106 2244 2068 2286; baseline 0.006 -13"><span class='ocrx_word' id='word_1_653' title='bbox 1106 2244 1160 2274; x_wconf 88' lang='lat' dir='ltr'>bus</span> <span class='ocrx_word' id='word_1_654' title='bbox 1171 2244 1347 2274; x_wconf 83' lang='lat' dir='ltr'>consulibus</span> <span class='ocrx_word' id='word_1_655' title='bbox 1357 2264 1364 2277; x_wconf 86' lang='lat'>‚</span> <span class='ocrx_word' id='word_1_656' title='bbox 1377 2248 1440 2286; x_wconf 77' lang='lat' dir='ltr'>lege</span> <span class='ocrx_word' id='word_1_657' title='bbox 1451 2265 1458 2278; x_wconf 88' lang='lat'>‚</span> <span class='ocrx_word' id='word_1_658' title='bbox 1474 2244 1507 2274; x_wconf 74' lang='grc' dir='ltr'>ὃ(</span> <span class='ocrx_word' id='word_1_659' title='bbox 1520 2245 1699 2276; x_wconf 89' lang='lat' dir='ltr'>conditione</span> <span class='ocrx_word' id='word_1_660' title='bbox 1709 2247 1857 2277; x_wconf 89' lang='lat' dir='ltr'>utendum</span> <span class='ocrx_word' id='word_1_661' title='bbox 1868 2246 1927 2278; x_wconf 70' lang='lat' dir='ltr'>ess‘e</span> <span class='ocrx_word' id='word_1_662' title='bbox 1937 2249 2068 2279; x_wconf 81' lang='lat' dir='ltr'>decrevi:</span> 
     </span>
     <span class='ocr_line' id='line_1_82' title="bbox 1104 2286 2069 2330; baseline 0.006 -15"><span class='ocrx_word' id='word_1_663' title='bbox 1104 2288 1156 2326; x_wconf 90' lang='lat' dir='ltr'>qui</span> <span class='ocrx_word' id='word_1_664' title='bbox 1166 2286 1279 2316; x_wconf 85' lang='lat' dir='ltr'>aditum</span> <span class='ocrx_word' id='word_1_665' title='bbox 1293 2286 1382 2325; x_wconf 78' lang='lat' dir='ltr'>hujus</span> <span class='ocrx_word' id='word_1_666' title='bbox 1396 2286 1727 2329; x_wconf 69' lang='lat' dir='ltr'>loci‚conspe8tumque</span> <span class='ocrx_word' id='word_1_667' title='bbox 1737 2289 1872 2320; x_wconf 87' lang='lat' dir='ltr'>vestrum</span> <span class='ocrx_word' id='word_1_668' title='bbox 1883 2292 1991 2330; x_wconf 82' lang='lat' dir='ltr'>partim</span> <span class='ocrx_word' id='word_1_669' title='bbox 2003 2301 2069 2321; x_wconf 75' lang='lat' dir='ltr'>ma-</span> 
     </span>
     <span class='ocr_line' id='line_1_83' title="bbox 1103 2321 2066 2383; baseline 0.006 -27"><span class='ocrx_word' id='word_1_670' title='bbox 1103 2327 1237 2368; x_wconf 77' lang='lat' dir='ltr'>gnopere</span> <span class='ocrx_word' id='word_1_671' title='bbox 1253 2321 1401 2383; x_wconf 46' lang='lat' dir='ltr'>sussrfffi&#39;t*</span> <span class='ocrx_word' id='word_1_672' title='bbox 1417 2348 1425 2362; x_wconf 66' lang='lat'>2</span> <span class='ocrx_word' id='word_1_673' title='bbox 1456 2330 1566 2368; x_wconf 79' lang='lat' dir='ltr'>partim</span> <span class='ocrx_word' id='word_1_674' title='bbox 1585 2339 1650 2360; x_wconf 86' lang='lat' dir='ltr'>non</span> <span class='ocrx_word' id='word_1_675' title='bbox 1667 2331 1864 2363; x_wconf 72' lang='lat' dir='ltr'>vehementer</span> <span class='ocrx_word' id='word_1_676' title='bbox 1879 2333 1970 2362; x_wconf 82' lang='lat' dir='ltr'>secuti</span> <span class='ocrx_word' id='word_1_677' title='bbox 1987 2333 2066 2363; x_wconf 89' lang='lat' dir='ltr'>sunt.</span> 
     </span>
     <span class='ocr_line' id='line_1_84' title="bbox 1105 2369 2068 2411; baseline 0.006 -12"><span class='ocrx_word' id='word_1_678' title='bbox 1105 2373 1167 2411; x_wconf 84' lang='lat' dir='ltr'>Ego</span> <span class='ocrx_word' id='word_1_679' title='bbox 1178 2378 1277 2400; x_wconf 80' lang='lat' dir='ltr'>autem</span> <span class='ocrx_word' id='word_1_680' title='bbox 1288 2380 1353 2400; x_wconf 90' lang='lat' dir='ltr'>non</span> <span class='ocrx_word' id='word_1_681' title='bbox 1364 2369 1463 2400; x_wconf 76' lang='lat' dir='ltr'>solum</span> <span class='ocrx_word' id='word_1_682' title='bbox 1476 2371 1534 2401; x_wconf 89' lang='lat' dir='ltr'>hoc</span> <span class='ocrx_word' id='word_1_683' title='bbox 1550 2372 1581 2401; x_wconf 89' lang='lat' dir='ltr'>in</span> <span class='ocrx_word' id='word_1_684' title='bbox 1593 2371 1662 2402; x_wconf 87' lang='lat' dir='ltr'>loco</span> <span class='ocrx_word' id='word_1_685' title='bbox 1674 2372 1772 2403; x_wconf 79' lang='lat' dir='ltr'>dicam</span> <span class='ocrx_word' id='word_1_686' title='bbox 1787 2393 1794 2406; x_wconf 88' lang='lat'><em>‚</em></span> <span class='ocrx_word' id='word_1_687' title='bbox 1822 2374 1874 2403; x_wconf 88' lang='lat' dir='ltr'>ubi</span> <span class='ocrx_word' id='word_1_688' title='bbox 1886 2373 1928 2404; x_wconf 86' lang='lat' dir='ltr'>est</span> <span class='ocrx_word' id='word_1_689' title='bbox 1941 2374 1971 2404; x_wconf 92' lang='lat' dir='ltr'>id</span> <span class='ocrx_word' id='word_1_690' title='bbox 1982 2374 2068 2405; x_wconf 59' lang='lat' dir='ltr'>dictu</span> 
     </span>
     <span class='ocr_line' id='line_1_85' title="bbox 1102 2411 2068 2455; baseline 0.007 -15"><span class='ocrx_word' id='word_1_691' title='bbox 1102 2411 1286 2441; x_wconf 83' lang='lat' dir='ltr'>facillimum</span> <span class='ocrx_word' id='word_1_692' title='bbox 1299 2412 1408 2442; x_wconf 88' lang='lat' dir='ltr'>:sedin</span> <span class='ocrx_word' id='word_1_693' title='bbox 1424 2413 1487 2453; x_wconf 85' lang='lat' dir='ltr'>ipso</span> <span class='ocrx_word' id='word_1_694' title='bbox 1500 2413 1598 2443; x_wconf 80' lang='lat' dir='ltr'>senatu</span> <span class='ocrx_word' id='word_1_695' title='bbox 1611 2434 1619 2446; x_wconf 84' lang='lat'>‚</span> <span class='ocrx_word' id='word_1_696' title='bbox 1632 2415 1665 2444; x_wconf 87' lang='lat' dir='ltr'>in</span> <span class='ocrx_word' id='word_1_697' title='bbox 1676 2424 1738 2455; x_wconf 86' lang='lat' dir='ltr'>quo</span> <span class='ocrx_word' id='word_1_698' title='bbox 1751 2413 1809 2445; x_wconf 80' lang='lat' dir='ltr'>effe</span> <span class='ocrx_word' id='word_1_699' title='bbox 1820 2416 1904 2446; x_wconf 85' lang='lat' dir='ltr'>locus</span> <span class='ocrx_word' id='word_1_700' title='bbox 1918 2417 1987 2446; x_wconf 85' lang='lat' dir='ltr'>huic</span> <span class='ocrx_word' id='word_1_701' title='bbox 1998 2419 2068 2447; x_wconf 86' lang='lat' dir='ltr'>voci</span> 
     </span>
     <span class='ocr_line' id='line_1_86' title="bbox 1104 2453 2069 2488; baseline 0.006 -6"><span class='ocrx_word' id='word_1_702' title='bbox 1104 2464 1168 2483; x_wconf 78' lang='lat' dir='ltr'>non</span> <span class='ocrx_word' id='word_1_703' title='bbox 1188 2453 1345 2484; x_wconf 75' lang='lat' dir='ltr'>videbatur</span> <span class='ocrx_word' id='word_1_704' title='bbox 1357 2474 1365 2487; x_wconf 90' lang='lat'>‚</span> <span class='ocrx_word' id='word_1_705' title='bbox 1386 2457 1592 2485; x_wconf 73' lang='lat' dir='ltr'>POPULAREM</span> <span class='ocrx_word' id='word_1_706' title='bbox 1611 2466 1661 2486; x_wconf 84' lang='lat' dir='ltr'>ME</span> <span class='ocrx_word' id='word_1_707' title='bbox 1677 2467 1836 2487; x_wconf 69' lang='lat' dir='ltr'>Fui-unum</span> <span class='ocrx_word' id='word_1_708' title='bbox 1855 2467 1928 2487; x_wconf 77' lang='lat' dir='ltr'><strong>ESSE</strong></span> <span class='ocrx_word' id='word_1_709' title='bbox 1948 2468 2069 2488; x_wconf 59' lang='lat' dir='ltr'>consu-</span> 
     </span>
     <span class='ocr_line' id='line_1_87' title="bbox 1106 2497 2069 2542; baseline 0.008 -18"><span class='ocrx_word' id='word_1_710' title='bbox 1106 2505 1177 2525; x_wconf 80' lang='lat' dir='ltr'>LEM</span> <span class='ocrx_word' id='word_1_711' title='bbox 1187 2515 1195 2529; x_wconf 90' lang='lat'>‚</span> <span class='ocrx_word' id='word_1_712' title='bbox 1215 2497 1312 2535; x_wconf 89' lang='lat' dir='ltr'>prima</span> <span class='ocrx_word' id='word_1_713' title='bbox 1331 2506 1398 2526; x_wconf 82' lang='lat' dir='ltr'>mea</span> <span class='ocrx_word' id='word_1_714' title='bbox 1417 2498 1470 2538; x_wconf 52' lang='lat' dir='ltr'>illa,</span> <span class='ocrx_word' id='word_1_715' title='bbox 1485 2498 1622 2527; x_wconf 79' lang='lat' dir='ltr'>oratione</span> <span class='ocrx_word' id='word_1_716' title='bbox 1642 2499 1706 2528; x_wconf 85' lang='lat' dir='ltr'>Kal.</span> <span class='ocrx_word' id='word_1_717' title='bbox 1715 2500 1834 2539; x_wconf 68' lang='lat' dir='ltr'>Januar.</span> <span class='ocrx_word' id='word_1_718' title='bbox 1848 2499 1923 2529; x_wconf 81' lang='lat' dir='ltr'>dixi.</span> <span class='ocrx_word' id='word_1_719' title='bbox 1958 2503 2069 2542; x_wconf 83' lang='lat' dir='ltr'>Neque</span> 
     </span>
     <span class='ocr_line' id='line_1_88' title="bbox 1103 2537 2065 2583; baseline 0.005 -16"><span class='ocrx_word' id='word_1_720' title='bbox 1103 2539 1187 2567; x_wconf 86' lang='lat' dir='ltr'>enim</span> <span class='ocrx_word' id='word_1_721' title='bbox 1200 2538 1264 2567; x_wconf 93' lang='lat' dir='ltr'>ullo</span> <span class='ocrx_word' id='word_1_722' title='bbox 1275 2538 1369 2568; x_wconf 90' lang='lat' dir='ltr'>modo</span> <span class='ocrx_word' id='word_1_723' title='bbox 1380 2537 1474 2575; x_wconf 59' lang='lat' dir='ltr'>fugere</span> <span class='ocrx_word' id='word_1_724' title='bbox 1485 2537 1603 2578; x_wconf 79' lang='lat' dir='ltr'>poss&#39;um</span> <span class='ocrx_word' id='word_1_725' title='bbox 1613 2559 1621 2572; x_wconf 93' lang='lat'><em>‚</em></span> <span class='ocrx_word' id='word_1_726' title='bbox 1644 2549 1676 2569; x_wconf 85' lang='lat' dir='ltr'>ut</span> <span class='ocrx_word' id='word_1_727' title='bbox 1687 2560 1696 2573; x_wconf 88' lang='lat'><em>,</em></span> <span class='ocrx_word' id='word_1_728' title='bbox 1717 2540 1789 2570; x_wconf 78' lang='lat' dir='ltr'>cum</span> <span class='ocrx_word' id='word_1_729' title='bbox 1811 2551 1860 2570; x_wconf 81' lang='lat' dir='ltr'>nie</span> <span class='ocrx_word' id='word_1_730' title='bbox 1877 2542 2042 2583; x_wconf 84' lang='lat' dir='ltr'>intelligam</span> <span class='ocrx_word' id='word_1_731' title='bbox 2053 2563 2065 2577; x_wconf 90' lang='lat'><em>‚</em></span> 
     </span>
     <span class='ocr_line' id='line_1_89' title="bbox 1102 2580 2068 2625; baseline 0.006 -16"><span class='ocrx_word' id='word_1_732' title='bbox 1102 2589 1166 2609; x_wconf 89' lang='lat' dir='ltr'>non</span> <span class='ocrx_word' id='word_1_733' title='bbox 1175 2581 1342 2609; x_wconf 89' lang='lat' dir='ltr'>hominurn</span> <span class='ocrx_word' id='word_1_734' title='bbox 1353 2582 1525 2620; x_wconf 81' lang='lat' dir='ltr'>potentium</span> <span class='ocrx_word' id='word_1_735' title='bbox 1538 2580 1648 2614; x_wconf 87' lang='lat' dir='ltr'>studio,</span> <span class='ocrx_word' id='word_1_736' title='bbox 1663 2591 1725 2611; x_wconf 93' lang='lat' dir='ltr'>non</span> <span class='ocrx_word' id='word_1_737' title='bbox 1736 2583 1954 2612; x_wconf 79' lang='lat' dir='ltr'>excellentibus</span> <span class='ocrx_word' id='word_1_738' title='bbox 1963 2587 2068 2625; x_wconf 83' lang='lat' dir='ltr'>gratiis</span> 
     </span>
     <span class='ocr_line' id='line_1_90' title="bbox 1101 2621 2065 2663; baseline 0.007 -13"><span class='ocrx_word' id='word_1_739' title='bbox 1101 2631 1265 2661; x_wconf 82' lang='lat' dir='ltr'>paucorum</span> <span class='ocrx_word' id='word_1_740' title='bbox 1277 2642 1286 2655; x_wconf 94' lang='lat'><em>,</em></span> <span class='ocrx_word' id='word_1_741' title='bbox 1306 2622 1354 2652; x_wconf 87' lang='lat' dir='ltr'>sed</span> <span class='ocrx_word' id='word_1_742' title='bbox 1366 2621 1493 2651; x_wconf 81' lang='lat' dir='ltr'>universi</span> <span class='ocrx_word' id='word_1_743' title='bbox 1504 2624 1607 2663; x_wconf 87' lang='lat' dir='ltr'>populi</span> <span class='ocrx_word' id='word_1_744' title='bbox 1621 2625 1756 2652; x_wconf 86' lang='lat' dir='ltr'>Romani</span> <span class='ocrx_word' id='word_1_745' title='bbox 1770 2624 1888 2663; x_wconf 83' lang='lat' dir='ltr'>judicio</span> <span class='ocrx_word' id='word_1_746' title='bbox 1907 2627 2065 2658; x_wconf 78' lang='lat' dir='ltr'>consulem</span> 
     </span>
     <span class='ocr_line' id='line_1_91' title="bbox 1099 2662 2064 2707; baseline 0.007 -15"><span class='ocrx_word' id='word_1_747' title='bbox 1099 2666 1140 2694; x_wconf 83' lang='lat' dir='ltr'>ita</span> <span class='ocrx_word' id='word_1_748' title='bbox 1159 2662 1273 2693; x_wconf 62' lang='lat' dir='ltr'>saelum</span> <span class='ocrx_word' id='word_1_749' title='bbox 1287 2685 1295 2696; x_wconf 89' lang='lat'><em>,</em></span> <span class='ocrx_word' id='word_1_750' title='bbox 1322 2673 1353 2693; x_wconf 88' lang='lat' dir='ltr'>ut</span> <span class='ocrx_word' id='word_1_751' title='bbox 1367 2662 1559 2693; x_wconf 75' lang='lat' dir='ltr'>nobilissimis</span> <span class='ocrx_word' id='word_1_752' title='bbox 1570 2664 1749 2694; x_wconf 80' lang='lat' dir='ltr'>hominibus</span> <span class='ocrx_word' id='word_1_753' title='bbox 1759 2665 1850 2707; x_wconf 76' lang='lat' dir='ltr'>longe</span> <span class='ocrx_word' id='word_1_754' title='bbox 1859 2676 2064 2707; x_wconf 67' lang='lat' dir='ltr'>praeponeret:</span> 
     </span>
     <span class='ocr_line' id='line_1_92' title="bbox 1102 2704 2062 2749; baseline 0.007 -15"><span class='ocrx_word' id='word_1_755' title='bbox 1102 2715 1166 2735; x_wconf 90' lang='lat' dir='ltr'>non</span> <span class='ocrx_word' id='word_1_756' title='bbox 1178 2706 1254 2735; x_wconf 89' lang='lat' dir='ltr'>&amp;in</span> <span class='ocrx_word' id='word_1_757' title='bbox 1265 2707 1324 2735; x_wconf 83' lang='lat' dir='ltr'>hoc</span> <span class='ocrx_word' id='word_1_758' title='bbox 1333 2704 1500 2746; x_wconf 81' lang='lat' dir='ltr'>magistratu</span> <span class='ocrx_word' id='word_1_759' title='bbox 1513 2725 1520 2738; x_wconf 89' lang='lat'>,</span> <span class='ocrx_word' id='word_1_760' title='bbox 1541 2706 1616 2735; x_wconf 86' lang='lat' dir='ltr'>&amp;in</span> <span class='ocrx_word' id='word_1_761' title='bbox 1628 2708 1714 2735; x_wconf 88' lang='lat' dir='ltr'>omni</span> <span class='ocrx_word' id='word_1_762' title='bbox 1725 2708 1786 2737; x_wconf 86' lang='lat' dir='ltr'>vita</span> <span class='ocrx_word' id='word_1_763' title='bbox 1797 2706 1888 2738; x_wconf 81' lang='lat' dir='ltr'>essem</span> <span class='ocrx_word' id='word_1_764' title='bbox 1899 2710 2062 2749; x_wconf 79' lang='lat' dir='ltr'>popularis.</span> 
     </span>
     <span class='ocr_line' id='line_1_93' title="bbox 1098 2747 2066 2788; baseline 0.006 -12"><span class='ocrx_word' id='word_1_765' title='bbox 1098 2747 1154 2777; x_wconf 88' lang='lat' dir='ltr'>Sed</span> <span class='ocrx_word' id='word_1_766' title='bbox 1166 2748 1245 2776; x_wconf 87' lang='lat' dir='ltr'>mihi</span> <span class='ocrx_word' id='word_1_767' title='bbox 1258 2747 1293 2777; x_wconf 87' lang='lat' dir='ltr'>ad</span> <span class='ocrx_word' id='word_1_768' title='bbox 1305 2748 1424 2786; x_wconf 72' lang='lat' dir='ltr'>hujusce</span> <span class='ocrx_word' id='word_1_769' title='bbox 1436 2747 1518 2776; x_wconf 75' lang='lat' dir='ltr'>verbi</span> <span class='ocrx_word' id='word_1_770' title='bbox 1531 2748 1596 2777; x_wconf 89' lang='lat' dir='ltr'>vim</span> <span class='ocrx_word' id='word_1_771' title='bbox 1608 2768 1616 2781; x_wconf 85' lang='grc'>,</span> <span class='ocrx_word' id='word_1_772' title='bbox 1637 2748 1670 2778; x_wconf 83' lang='lat'>&amp;</span> <span class='ocrx_word' id='word_1_773' title='bbox 1680 2749 2066 2788; x_wconf 70' lang='lat' dir='ltr'>interpretationemve&#39;ne-</span> 
     </span>
     <span class='ocr_line' id='line_1_94' title="bbox 1101 2788 2064 2835; baseline 0.007 -17"><span class='ocrx_word' id='word_1_774' title='bbox 1101 2798 1219 2818; x_wconf 83' lang='lat' dir='ltr'>menter</span> <span class='ocrx_word' id='word_1_775' title='bbox 1228 2799 1303 2828; x_wconf 85' lang='lat' dir='ltr'>opus</span> <span class='ocrx_word' id='word_1_776' title='bbox 1315 2788 1356 2818; x_wconf 82' lang='lat' dir='ltr'>est</span> <span class='ocrx_word' id='word_1_777' title='bbox 1368 2788 1460 2818; x_wconf 78' lang='lat' dir='ltr'>vestra</span> <span class='ocrx_word' id='word_1_778' title='bbox 1470 2788 1620 2828; x_wconf 80' lang='lat' dir='ltr'>sapientia.</span> <span class='ocrx_word' id='word_1_779' title='bbox 1643 2790 1771 2820; x_wconf 76' lang='lat' dir='ltr'>verfiitur</span> <span class='ocrx_word' id='word_1_780' title='bbox 1779 2793 1863 2821; x_wconf 86' lang='lat' dir='ltr'>enirn</span> <span class='ocrx_word' id='word_1_781' title='bbox 1878 2803 2005 2835; x_wconf 81' lang='lat' dir='ltr'>magnus</span> <span class='ocrx_word' id='word_1_782' title='bbox 2017 2805 2064 2825; x_wconf 84' lang='lat' dir='ltr'>er-</span> 
     </span>
     <span class='ocr_line' id='line_1_95' title="bbox 1096 2830 2062 2876; baseline 0.007 -15"><span class='ocrx_word' id='word_1_783' title='bbox 1096 2841 1155 2865; x_wconf 83' lang='lat' dir='ltr'>ror,</span> <span class='ocrx_word' id='word_1_784' title='bbox 1169 2840 1288 2871; x_wconf 84' lang='lat' dir='ltr'>propter</span> <span class='ocrx_word' id='word_1_785' title='bbox 1298 2830 1451 2861; x_wconf 75' lang='lat' dir='ltr'>insidiosas</span> <span class='ocrx_word' id='word_1_786' title='bbox 1463 2831 1686 2863; x_wconf 85' lang='lat' dir='ltr'>nonnullorum</span> <span class='ocrx_word' id='word_1_787' title='bbox 1691 2830 1898 2869; x_wconf 72' lang='lat' dir='ltr'>stimulationes</span> <span class='ocrx_word' id='word_1_788' title='bbox 1907 2835 2062 2876; x_wconf 74' lang='lat' dir='ltr'>:quicum</span> 
     </span>
    </p>
   </div>
   <div class='ocr_carea' id='block_1_19' title="bbox 1186 2880 2064 2925">
    <p class='ocr_par' dir='ltr' id='par_1_20' title="bbox 1186 2880 2064 2925">
     <span class='ocr_line' id='line_1_96' title="bbox 1186 2880 2064 2925; baseline -0.003 -11"><span class='ocrx_word' id='word_1_789' title='bbox 1186 2900 1194 2914; x_wconf 66' lang='grc' dir='ltr'>ι</span> <span class='ocrx_word' id='word_1_790' title='bbox 1955 2880 2064 2925; x_wconf 85' lang='lat' dir='ltr'>populi</span> 
     </span>
    </p>
   </div>
   <div class='ocr_carea' id='block_1_20' title="bbox 702 2929 2051 2938">
    <p class='ocr_par' dir='ltr' id='par_1_21' title="bbox 702 2929 2051 2938">
     <span class='ocr_line' id='line_1_97' title="bbox 702 2929 2051 2938; baseline 0 0"><span class='ocrx_word' id='word_1_791' title='bbox 702 2929 2051 2938; x_wconf 95' lang='lat' dir='ltr'> </span> 
     </span>
    </p>
   </div>
   <div class='ocr_carea' id='block_1_21' title="bbox 94 2828 1056 3027">
    <p class='ocr_par' dir='ltr' id='par_1_22' title="bbox 94 2828 1056 3027">
     <span class='ocr_line' id='line_1_98' title="bbox 94 2828 1055 2879; baseline -0.004 -15"><span class='ocrx_word' id='word_1_792' title='bbox 94 2834 153 2864; x_wconf 85' lang='lat' dir='ltr'>hoc</span> <span class='ocrx_word' id='word_1_793' title='bbox 162 2835 278 2864; x_wconf 86' lang='lat' dir='ltr'>honore</span> <span class='ocrx_word' id='word_1_794' title='bbox 288 2841 325 2862; x_wconf 84' lang='lat' dir='ltr'>ex</span> <span class='ocrx_word' id='word_1_795' title='bbox 335 2832 424 2862; x_wconf 87' lang='lat' dir='ltr'>novis</span> <span class='ocrx_word' id='word_1_796' title='bbox 434 2830 614 2862; x_wconf 84' lang='lat' dir='ltr'>hominibus</span> <span class='ocrx_word' id='word_1_797' title='bbox 623 2828 832 2879; x_wconf 33' lang='lat' dir='ltr'>primurn-me,</span> <span class='ocrx_word' id='word_1_798' title='bbox 849 2834 858 2849; x_wconf 69' lang='lat'>¹</span> <span class='ocrx_word' id='word_1_799' title='bbox 871 2830 975 2861; x_wconf 89' lang='lat' dir='ltr'>multis</span> <span class='ocrx_word' id='word_1_800' title='bbox 987 2829 1055 2871; x_wconf 84' lang='lat' dir='ltr'>post</span> 
     </span>
     <span class='ocr_line' id='line_1_99' title="bbox 254 2944 1056 2988; baseline 0 -8"><span class='ocrx_word' id='word_1_801' title='bbox 254 2955 312 2980; x_wconf 71' lang='lat' dir='ltr'>Ulli:</span> <span class='ocrx_word' id='word_1_802' title='bbox 318 2957 371 2988; x_wconf 65' lang='lat' dir='ltr'>pot?</span> <span class='ocrx_word' id='word_1_803' title='bbox 380 2956 450 2981; x_wconf 66' lang='lat' dir='ltr'>annis</span> <span class='ocrx_word' id='word_1_804' title='bbox 461 2973 469 2986; x_wconf 89' lang='lat'>‚</span> <span class='ocrx_word' id='word_1_805' title='bbox 479 2953 612 2988; x_wconf 64' lang='lat' dir='ltr'>afficistis]</span> <span class='ocrx_word' id='word_1_806' title='bbox 625 2954 667 2980; x_wconf 79' lang='lat' dir='ltr'>Sic</span> <span class='ocrx_word' id='word_1_807' title='bbox 677 2944 806 2981; x_wconf 73' lang='lat' dir='ltr'>maluerat</span> <span class='ocrx_word' id='word_1_808' title='bbox 815 2963 849 2981; x_wconf 83' lang='lat' dir='ltr'>ex</span> <span class='ocrx_word' id='word_1_809' title='bbox 861 2953 972 2980; x_wconf 75' lang='lat' dir='ltr'>Erfurd.</span> <span class='ocrx_word' id='word_1_810' title='bbox 993 2952 1056 2980; x_wconf 83' lang='lat' dir='ltr'>Suf-</span> 
     </span>
     <span class='ocr_line' id='line_1_100' title="bbox 256 2989 1054 3027; baseline -0.001 -10"><span class='ocrx_word' id='word_1_811' title='bbox 256 2991 320 3018; x_wconf 85' lang='lat' dir='ltr'>fridi</span> <span class='ocrx_word' id='word_1_812' title='bbox 330 2991 511 3021; x_wconf 77' lang='lat' dir='ltr'>Gulielmius3</span> <span class='ocrx_word' id='word_1_813' title='bbox 532 2989 756 3026; x_wconf 76' lang='lat' dir='ltr'>respondebatque</span> <span class='ocrx_word' id='word_1_814' title='bbox 768 2991 825 3017; x_wconf 78' lang='lat' dir='ltr'>Pal.</span> <span class='ocrx_word' id='word_1_815' title='bbox 837 2989 942 3017; x_wconf 80' lang='lat' dir='ltr'>secund.</span> <span class='ocrx_word' id='word_1_816' title='bbox 960 2990 1054 3027; x_wconf 85' lang='lat' dir='ltr'>optimi</span> 
     </span>
    </p>
   </div>
   <div class='ocr_carea' id='block_1_22' title="bbox 93 2956 1057 3171">
    <p class='ocr_par' dir='ltr' id='par_1_23' title="bbox 96 2956 242 3040">
     <span class='ocr_line' id='line_1_101' title="bbox 96 2956 242 3040; baseline 0 0"><span class='ocrx_word' id='word_1_817' title='bbox 96 2964 121 2983; x_wconf 81' lang='lat'>¹·</span> <span class='ocrx_word' id='word_1_818' title='bbox 137 2956 242 3040; x_wconf 90' lang='lat' dir='ltr'>M</span> 
     </span>
    </p>

    <p class='ocr_par' dir='ltr' id='par_1_24' title="bbox 93 3025 1057 3171">
     <span class='ocr_line' id='line_1_102' title="bbox 256 3025 1055 3062; baseline 0 -9"><span class='ocrx_word' id='word_1_819' title='bbox 256 3027 395 3053; x_wconf 77' lang='lat' dir='ltr'>commatis</span> <span class='ocrx_word' id='word_1_820' title='bbox 406 3027 482 3053; x_wconf 82' lang='lat' dir='ltr'>liber.</span> <span class='ocrx_word' id='word_1_821' title='bbox 502 3025 610 3062; x_wconf 77' lang='lat' dir='ltr'>vulgata</span> <span class='ocrx_word' id='word_1_822' title='bbox 621 3046 630 3058; x_wconf 86' lang='lat'>‚</span> <span class='ocrx_word' id='word_1_823' title='bbox 642 3029 723 3052; x_wconf 76' lang='lat' dir='ltr'>multis</span> <span class='ocrx_word' id='word_1_824' title='bbox 729 3028 868 3061; x_wconf 71' lang='lat' dir='ltr'>pofflmhiris</span> <span class='ocrx_word' id='word_1_825' title='bbox 878 3026 922 3060; x_wconf 85' lang='lat' dir='ltr'>aff.</span> <span class='ocrx_word' id='word_1_826' title='bbox 939 3036 970 3053; x_wconf 75' lang='grc' dir='ltr'>τυ]</span> <span class='ocrx_word' id='word_1_827' title='bbox 983 3028 1055 3053; x_wconf 68' lang='lat' dir='ltr'>rere?</span> 
     </span>
     <span class='ocr_line' id='line_1_103' title="bbox 95 3062 1055 3099; baseline 0 -10"><span class='ocrx_word' id='word_1_828' title='bbox 95 3072 181 3099; x_wconf 79' lang='lat' dir='ltr'>neque</span> <span class='ocrx_word' id='word_1_829' title='bbox 192 3063 262 3089; x_wconf 86' lang='lat' dir='ltr'>enim</span> <span class='ocrx_word' id='word_1_830' title='bbox 273 3064 312 3089; x_wconf 89' lang='lat' dir='ltr'>M.</span> <span class='ocrx_word' id='word_1_831' title='bbox 323 3063 430 3097; x_wconf 65' lang='lat' dir='ltr'>Tull&#39;ps</span> <span class='ocrx_word' id='word_1_832' title='bbox 441 3063 541 3098; x_wconf 76' lang='lat' dir='ltr'>primus</span> <span class='ocrx_word' id='word_1_833' title='bbox 552 3063 631 3089; x_wconf 85' lang='lat' dir='ltr'>homo</span> <span class='ocrx_word' id='word_1_834' title='bbox 642 3072 693 3090; x_wconf 83' lang='lat' dir='ltr'>nov</span> <span class='ocrx_word' id='word_1_835' title='bbox 770 3070 845 3099; x_wconf 68' lang='lat' dir='ltr'>eptus</span> <span class='ocrx_word' id='word_1_836' title='bbox 855 3063 901 3089; x_wconf 88' lang='lat' dir='ltr'>est.</span> <span class='ocrx_word' id='word_1_837' title='bbox 915 3062 999 3099; x_wconf 81' lang='lat' dir='ltr'>prima</span> <span class='ocrx_word' id='word_1_838' title='bbox 1010 3072 1055 3099; x_wconf 84' lang='lat' dir='ltr'>pe-</span> 
     </span>
     <span class='ocr_line' id='line_1_104' title="bbox 93 3061 1057 3171; baseline 0.001 -46"><span class='ocrx_word' id='word_1_839' title='bbox 93 3101 191 3128; x_wconf 73' lang='lat' dir='ltr'>titione</span> <span class='ocrx_word' id='word_1_840' title='bbox 202 3098 307 3129; x_wconf 83' lang='lat' dir='ltr'>fortasse</span> <span class='ocrx_word' id='word_1_841' title='bbox 317 3073 428 3134; x_wconf 49' lang='lat' dir='ltr'>prindis.</span> <span class='ocrx_word' id='word_1_842' title='bbox 445 3098 486 3125; x_wconf 76' lang='lat' dir='ltr'>sed</span> <span class='ocrx_word' id='word_1_843' title='bbox 497 3099 546 3125; x_wconf 84' lang='lat' dir='ltr'>hoc</span> <span class='ocrx_word' id='word_1_844' title='bbox 557 3118 565 3130; x_wconf 88' lang='lat'><strong><em>‚</em></strong></span> <span class='ocrx_word' id='word_1_845' title='bbox 583 3106 612 3125; x_wconf 82' lang='lat' dir='ltr'>ut</span> <span class='ocrx_word' id='word_1_846' title='bbox 623 3099 648 3125; x_wconf 86' lang='lat' dir='ltr'>in</span> <span class='ocrx_word' id='word_1_847' title='bbox 659 3061 836 3171; x_wconf 38' lang='lat' dir='ltr'>gr&amp;</span> <span class='ocrx_word' id='word_1_848' title='bbox 848 3108 911 3129; x_wconf 77' lang='lat' dir='ltr'>mox</span> <span class='ocrx_word' id='word_1_849' title='bbox 923 3099 1008 3134; x_wconf 87' lang='lat' dir='ltr'>ponit.</span> <span class='ocrx_word' id='word_1_850' title='bbox 1027 3107 1057 3126; x_wconf 89' lang='lat' dir='ltr'>ut</span> 
     </span>
    </p>
   </div>
   <div class='ocr_carea' id='block_1_23' title="bbox 95 3133 1056 3197">
    <p class='ocr_par' dir='ltr' id='par_1_25' title="bbox 95 3133 1056 3197">
     <span class='ocr_line' id='line_1_105' title="bbox 95 3133 1056 3197; baseline -0.006 -35"><span class='ocrx_word' id='word_1_851' title='bbox 95 3137 153 3162; x_wconf 83' lang='lat' dir='ltr'>heic</span> <span class='ocrx_word' id='word_1_852' title='bbox 162 3135 212 3160; x_wconf 84' lang='lat' dir='ltr'>hoc</span> <span class='ocrx_word' id='word_1_853' title='bbox 221 3134 296 3164; x_wconf 83' lang='lat' dir='ltr'>velit,</span> <span class='ocrx_word' id='word_1_854' title='bbox 307 3134 333 3160; x_wconf 85' lang='lat' dir='ltr'>in</span> <span class='ocrx_word' id='word_1_855' title='bbox 344 3133 464 3197; x_wconf 50' lang='lat' dir='ltr'>spfsimo</span> <span class='ocrx_word' id='word_1_856' title='bbox 473 3135 528 3171; x_wconf 85' lang='lat' dir='ltr'>post</span> <span class='ocrx_word' id='word_1_857' title='bbox 537 3135 648 3169; x_wconf 80' lang='lat' dir='ltr'>longum</span> <span class='ocrx_word' id='word_1_858' title='bbox 659 3136 731 3163; x_wconf 85' lang='lat' dir='ltr'>inter</span> <span class='ocrx_word' id='word_1_859' title='bbox 750 3163 754 3167; x_wconf 61' lang='grc'>,</span> <span class='ocrx_word' id='word_1_860' title='bbox 845 3135 997 3175; x_wconf 62' lang='lat' dir='ltr'>usin-patum</span> <span class='ocrx_word' id='word_1_861' title='bbox 1007 3145 1056 3170; x_wconf 88' lang='lat' dir='ltr'>po-</span> 
     </span>
    </p>
   </div>
   <div class='ocr_carea' id='block_1_24' title="bbox 93 3169 1030 3210">
    <p class='ocr_par' dir='ltr' id='par_1_26' title="bbox 93 3169 1030 3210">
     <span class='ocr_line' id='line_1_106' title="bbox 93 3169 1030 3210; baseline 0.002 -12"><span class='ocrx_word' id='word_1_862' title='bbox 93 3171 210 3210; x_wconf 68' lang='lat' dir='ltr'>pulijus.</span> <span class='ocrx_word' id='word_1_863' title='bbox 222 3178 313 3198; x_wconf 76' lang='lat' dir='ltr'>verum</span> <span class='ocrx_word' id='word_1_864' title='bbox 324 3169 350 3199; x_wconf 82' lang='lat' dir='ltr'>ni</span> <span class='ocrx_word' id='word_1_865' title='bbox 399 3170 528 3206; x_wconf 70' lang='lat' dir='ltr'>pertendo</span> <span class='ocrx_word' id='word_1_866' title='bbox 539 3181 546 3200; x_wconf 66' lang='grc' dir='ltr'>ς</span> <span class='ocrx_word' id='word_1_867' title='bbox 559 3178 664 3200; x_wconf 68' lang='lat' dir='ltr'>tantum</span> <span class='ocrx_word' id='word_1_868' title='bbox 674 3170 797 3200; x_wconf 65' lang='lat' dir='ltr'>ieciindas</span> <span class='ocrx_word' id='word_1_869' title='bbox 809 3181 858 3208; x_wconf 78' lang='lat' dir='ltr'>ago</span> <span class='ocrx_word' id='word_1_870' title='bbox 868 3171 1030 3200; x_wconf 78' lang='lat' dir='ltr'>Gulielmiu-</span> 
     </span>
    </p>
   </div>
   <div class='ocr_carea' id='block_1_25' title="bbox 1097 2956 2063 3209">
    <p class='ocr_par' dir='ltr' id='par_1_27' title="bbox 1097 2956 2061 3100">
     <span class='ocr_line' id='line_1_107' title="bbox 1133 2956 2060 2991; baseline 0.003 -9"><span class='ocrx_word' id='word_1_871' title='bbox 1133 2965 1161 2982; x_wconf 80' lang='lat'>2.</span> <span class='ocrx_word' id='word_1_872' title='bbox 1182 2957 1296 2987; x_wconf 66' lang='lat' dir='ltr'>‘fabellam</span> <span class='ocrx_word' id='word_1_873' title='bbox 1316 2956 1434 2981; x_wconf 64' lang='lat' dir='ltr'>vinditem</span> <span class='ocrx_word' id='word_1_874' title='bbox 1453 2959 1528 2981; x_wconf 58' lang='lat' dir='ltr'>tacita</span> <span class='ocrx_word' id='word_1_875' title='bbox 1545 2957 1687 2991; x_wconf 60' lang='lat' dir='ltr'>libertatis]</span> <span class='ocrx_word' id='word_1_876' title='bbox 1707 2959 1795 2985; x_wconf 83' lang='lat' dir='ltr'>Secuti</span> <span class='ocrx_word' id='word_1_877' title='bbox 1815 2958 1902 2984; x_wconf 83' lang='lat' dir='ltr'>sumus</span> <span class='ocrx_word' id='word_1_878' title='bbox 1914 2978 1923 2991; x_wconf 92' lang='lat'>,</span> <span class='ocrx_word' id='word_1_879' title='bbox 1942 2968 1993 2985; x_wconf 83' lang='lat' dir='ltr'>non</span> <span class='ocrx_word' id='word_1_880' title='bbox 2005 2966 2060 2985; x_wconf 84' lang='lat' dir='ltr'>tam</span> 
     </span>
     <span class='ocr_line' id='line_1_108' title="bbox 1097 2991 2060 3031; baseline 0.003 -13"><span class='ocrx_word' id='word_1_881' title='bbox 1097 2992 1299 3025; x_wconf 54' lang='lat' dir='ltr'>conjectaneum</span> <span class='ocrx_word' id='word_1_882' title='bbox 1312 2991 1461 3017; x_wconf 66' lang='lat' dir='ltr'>Lam-edam</span> <span class='ocrx_word' id='word_1_883' title='bbox 1475 3011 1483 3023; x_wconf 88' lang='lat'><strong><em>‚</em></strong></span> <span class='ocrx_word' id='word_1_884' title='bbox 1500 2993 1579 3027; x_wconf 69' lang='lat' dir='ltr'>quam</span> <span class='ocrx_word' id='word_1_885' title='bbox 1590 2991 1669 3019; x_wconf 76' lang='lat' dir='ltr'>fidem</span> <span class='ocrx_word' id='word_1_886' title='bbox 1683 2993 1792 3020; x_wconf 77' lang='lat' dir='ltr'>Erfurd.</span> <span class='ocrx_word' id='word_1_887' title='bbox 1804 2994 1900 3021; x_wconf 63' lang='lat' dir='ltr'>codicis</span> <span class='ocrx_word' id='word_1_888' title='bbox 1911 2996 1939 3021; x_wconf 71' lang='lat'>8&lt;</span> <span class='ocrx_word' id='word_1_889' title='bbox 1951 2995 2007 3021; x_wconf 83' lang='lat' dir='ltr'>Pal.</span> <span class='ocrx_word' id='word_1_890' title='bbox 2018 3004 2060 3031; x_wconf 78' lang='lat' dir='ltr'>pr.</span> 
     </span>
     <span class='ocr_line' id='line_1_109' title="bbox 1097 3027 2061 3067; baseline 0.004 -13"><span class='ocrx_word' id='word_1_891' title='bbox 1097 3037 1125 3054; x_wconf 81' lang='lat' dir='ltr'>:ic</span> <span class='ocrx_word' id='word_1_892' title='bbox 1136 3028 1185 3054; x_wconf 82' lang='lat' dir='ltr'>sec.</span> <span class='ocrx_word' id='word_1_893' title='bbox 1197 3029 1222 3054; x_wconf 86' lang='lat' dir='ltr'>iii</span> <span class='ocrx_word' id='word_1_894' title='bbox 1234 3027 1327 3063; x_wconf 83' lang='lat' dir='ltr'>quibus</span> <span class='ocrx_word' id='word_1_895' title='bbox 1340 3027 1391 3052; x_wconf 66' lang='lat' dir='ltr'>liaec</span> <span class='ocrx_word' id='word_1_896' title='bbox 1402 3027 1484 3053; x_wconf 49' lang='lat' dir='ltr'>{cestio</span> <span class='ocrx_word' id='word_1_897' title='bbox 1497 3037 1505 3058; x_wconf 73' lang='lat'>3</span> <span class='ocrx_word' id='word_1_898' title='bbox 1518 3037 1569 3054; x_wconf 81' lang='lat' dir='ltr'>uon</span> <span class='ocrx_word' id='word_1_899' title='bbox 1582 3028 1690 3065; x_wconf 78' lang='lat' dir='ltr'>vulgata</span> <span class='ocrx_word' id='word_1_900' title='bbox 1700 3050 1708 3062; x_wconf 86' lang='lat'><strong>‚</strong></span> <span class='ocrx_word' id='word_1_901' title='bbox 1717 3032 1833 3063; x_wconf 75' lang='lat' dir='ltr'>indicen13</span> <span class='ocrx_word' id='word_1_902' title='bbox 1850 3039 1908 3067; x_wconf 74' lang='lat' dir='ltr'>quae</span> <span class='ocrx_word' id='word_1_903' title='bbox 1918 3031 1993 3058; x_wconf 83' lang='lat' dir='ltr'>nihili</span> <span class='ocrx_word' id='word_1_904' title='bbox 2004 3031 2039 3058; x_wconf 79' lang='lat' dir='ltr'>est</span> <span class='ocrx_word' id='word_1_905' title='bbox 2052 3040 2061 3063; x_wconf 73' lang='lat'>5</span> 
     </span>
     <span class='ocr_line' id='line_1_110' title="bbox 1098 3063 1903 3100; baseline 0.005 -11"><span class='ocrx_word' id='word_1_906' title='bbox 1098 3064 1218 3100; x_wconf 79' lang='lat' dir='ltr'>haudque</span> <span class='ocrx_word' id='word_1_907' title='bbox 1229 3063 1295 3091; x_wconf 81' lang='lat' dir='ltr'>adeo</span> <span class='ocrx_word' id='word_1_908' title='bbox 1305 3063 1455 3098; x_wconf 68' lang='lat' dir='ltr'>agnoscitur</span> <span class='ocrx_word' id='word_1_909' title='bbox 1464 3063 1497 3090; x_wconf 88' lang='lat' dir='ltr'>ab</span> <span class='ocrx_word' id='word_1_910' title='bbox 1505 3063 1623 3091; x_wconf 82' lang='lat' dir='ltr'>editione</span> <span class='ocrx_word' id='word_1_911' title='bbox 1632 3067 1693 3092; x_wconf 83' lang='lat' dir='ltr'>anni</span> <span class='ocrx_word' id='word_1_912' title='bbox 1706 3076 1903 3093; x_wconf 67' lang='lat' dir='ltr'>(CCCLXXXII.</span> 
     </span>
    </p>

    <p class='ocr_par' dir='ltr' id='par_1_28' title="bbox 1098 3099 2063 3209">
     <span class='ocr_line' id='line_1_111' title="bbox 1134 3099 2062 3139; baseline 0.003 -13"><span class='ocrx_word' id='word_1_913' title='bbox 1134 3108 1162 3136; x_wconf 83' lang='lat'>3.</span> <span class='ocrx_word' id='word_1_914' title='bbox 1182 3103 1227 3125; x_wconf 82' lang='lat' dir='ltr'>Cui</span> <span class='ocrx_word' id='word_1_915' title='bbox 1237 3109 1315 3125; x_wconf 65' lang='lat' dir='ltr'>errato</span> <span class='ocrx_word' id='word_1_916' title='bbox 1327 3102 1391 3125; x_wconf 76' lang='lat' dir='ltr'>milla</span> <span class='ocrx_word' id='word_1_917' title='bbox 1403 3100 1502 3133; x_wconf 57' lang='lat' dir='ltr'>venias]</span> <span class='ocrx_word' id='word_1_918' title='bbox 1519 3099 1588 3126; x_wconf 81' lang='lat' dir='ltr'>Edd.</span> <span class='ocrx_word' id='word_1_919' title='bbox 1600 3109 1667 3128; x_wconf 81' lang='lat' dir='ltr'>vett.</span> <span class='ocrx_word' id='word_1_920' title='bbox 1680 3103 1729 3128; x_wconf 65' lang='lat' dir='ltr'>mm</span> <span class='ocrx_word' id='word_1_921' title='bbox 1739 3111 1817 3129; x_wconf 76' lang='lat' dir='ltr'>errato</span> <span class='ocrx_word' id='word_1_922' title='bbox 1827 3116 1835 3136; x_wconf 66' lang='lat'><em>3</em></span> <span class='ocrx_word' id='word_1_923' title='bbox 1846 3102 1916 3139; x_wconf 90' lang='lat' dir='ltr'>quod</span> <span class='ocrx_word' id='word_1_924' title='bbox 1927 3103 1954 3129; x_wconf 70' lang='grc' dir='ltr'>δε</span> <span class='ocrx_word' id='word_1_925' title='bbox 1966 3103 1991 3129; x_wconf 87' lang='lat' dir='ltr'>in</span> <span class='ocrx_word' id='word_1_926' title='bbox 2004 3102 2062 3129; x_wconf 68' lang='lat' dir='ltr'>Pal.</span> 
     </span>
     <span class='ocr_line' id='line_1_112' title="bbox 1098 3135 2063 3172; baseline 0.002 -10"><span class='ocrx_word' id='word_1_927' title='bbox 1098 3145 1139 3172; x_wconf 82' lang='lat' dir='ltr'>pr.</span> <span class='ocrx_word' id='word_1_928' title='bbox 1150 3135 1209 3162; x_wconf 79' lang='lat' dir='ltr'>narn</span> <span class='ocrx_word' id='word_1_929' title='bbox 1221 3135 1271 3161; x_wconf 82' lang='lat' dir='ltr'>sec.</span> <span class='ocrx_word' id='word_1_930' title='bbox 1283 3145 1349 3168; x_wconf 53' lang='lat' dir='ltr'>cnfm</span> <span class='ocrx_word' id='word_1_931' title='bbox 1359 3142 1438 3162; x_wconf 69' lang='lat' dir='ltr'>errato</span> <span class='ocrx_word' id='word_1_932' title='bbox 1450 3155 1458 3167; x_wconf 94' lang='lat'>,</span> <span class='ocrx_word' id='word_1_933' title='bbox 1478 3135 1606 3162; x_wconf 79' lang='lat' dir='ltr'>sententia</span> <span class='ocrx_word' id='word_1_934' title='bbox 1618 3138 1769 3168; x_wconf 77' lang='lat' dir='ltr'>clariss‘ima.</span> <span class='ocrx_word' id='word_1_935' title='bbox 1790 3139 1888 3168; x_wconf 83' lang='lat' dir='ltr'>Rivius</span> <span class='ocrx_word' id='word_1_936' title='bbox 1898 3138 1931 3166; x_wconf 82' lang='lat' dir='ltr'>ad</span> <span class='ocrx_word' id='word_1_937' title='bbox 1942 3138 2063 3166; x_wconf 77' lang='lat' dir='ltr'>Terentii</span> 
     </span>
     <span class='ocr_line' id='line_1_113' title="bbox 1099 3170 1676 3209; baseline -0.002 -10"><span class='ocrx_word' id='word_1_938' title='bbox 1099 3173 1235 3208; x_wconf 71' lang='lat' dir='ltr'>Hecyram</span> <span class='ocrx_word' id='word_1_939' title='bbox 1245 3170 1294 3202; x_wconf 67' lang='lat' dir='ltr'>stat</span> <span class='ocrx_word' id='word_1_940' title='bbox 1302 3181 1350 3209; x_wconf 85' lang='lat' dir='ltr'>pro</span> <span class='ocrx_word' id='word_1_941' title='bbox 1364 3172 1468 3208; x_wconf 60' lang='lat' dir='ltr'>iulgata</span> <span class='ocrx_word' id='word_1_942' title='bbox 1480 3192 1488 3205; x_wconf 93' lang='lat'><em>‚</em></span> <span class='ocrx_word' id='word_1_943' title='bbox 1500 3173 1545 3207; x_wconf 81' lang='lat' dir='ltr'>qui</span> <span class='ocrx_word' id='word_1_944' title='bbox 1555 3171 1676 3202; x_wconf 76' lang='lat' dir='ltr'>adeatur.</span> 
     </span>
    </p>
   </div>
   <div class='ocr_carea' id='block_1_26' title="bbox 1499 3208 2070 3239">
    <p class='ocr_par' dir='ltr' id='par_1_29' title="bbox 1499 3208 2070 3239">
     <span class='ocr_line' id='line_1_114' title="bbox 1499 3208 2070 3239; baseline -0.004 -3"><span class='ocrx_word' id='word_1_945' title='bbox 1499 3210 1521 3237; x_wconf 85' lang='lat' dir='ltr'><strong>B</strong></span> <span class='ocrx_word' id='word_1_946' title='bbox 1533 3209 1550 3236; x_wconf 87' lang='lat' dir='ltr'>b</span> <span class='ocrx_word' id='word_1_947' title='bbox 1561 3208 1577 3236; x_wconf 85' lang='lat' dir='ltr'>b</span> <span class='ocrx_word' id='word_1_948' title='bbox 1917 3220 1929 3239; x_wconf 71' lang='lat' dir='ltr'>ll</span> <span class='ocrx_word' id='word_1_949' title='bbox 1937 3230 1942 3237; x_wconf 88' lang='lat'>.</span> <span class='ocrx_word' id='word_1_950' title='bbox 1961 3210 2070 3237; x_wconf 73' lang='lat' dir='ltr'>Exrrmzl</span> 
     </span>
    </p>
   </div>
  </div>
 </body>
</html>
