2360 3400
179 740 219 775 18

574 143 824 190 Eris-r.

887 155 975 186 AD
1036 142 1438 193 Armenii,
1500 140 1651 186 Ltn.

1715 139 1806 185 III.
2098 154 2196 204 799

232 234 244 252 ¹
264 230 354 272 Appii
369 225 502 270 Qaestio
514 224 571 257 est.
581 228 695 258 Cetera,
705 234 770 266 quae
780 223 815 255 ad
827 233 877 255 me
887 223 999 254 eisdem
1010 223 1117 253 litteris
1128 221 1197 252 scri·
1216 228 1220 236 ¹
1239 222 1467 265 quamprimum
1483 241 1490 256 ,
1504 221 1537 253 &
1547 231 1638 264 quam
1647 220 1804 263 saepiffime
1814 221 1926 253 mittas.
1948 223 2019 253 Dat.
2030 230 2101 253 xvi.
2114 224 2201 252 Kar..

236 275 284 306 bis
306 274 343 304 de
364 269 463 301 nostra
480 268 529 308 spe
542 287 551 301 ‚
571 267 708 308 intelligo
729 265 787 297 effe
809 266 995 308 languidiora
1009 285 1017 300 ‚
1038 264 1129 306 qu‘am
1147 264 1198 294 alii

239 314 408 347 ostendunt.
432 320 487 352 ego
496 318 597 340 autem
610 329 617 343 ‚
633 311 780 350 quoniam
791 318 855 339 non
866 308 955 350 longe
967 308 1002 338 ab
1016 316 1053 337 eo
1061 314 1197 345 tempore

236 357 378 388 absumus
388 374 397 388 ‚
415 354 448 383 in
456 362 517 393 quo
526 361 571 381 res
582 351 815 391 dijudicabitur,
827 359 877 381 aut
885 351 920 381 ad
933 359 960 380 te
969 348 1124 380 conferam
1135 356 1196 379 me,

238 404 289 429 aut
309 399 400 427 etiarn
420 404 502 425 nunc
522 395 638 424 circum
650 393 788 424 haecloca
798 391 1020 423 commorabor.
1044 387 1196 420 Scribitad

238 450 289 471 me
306 438 414 471 frater,
435 437 541 466 omnia
560 436 610 466 sua
625 444 677 476 per
695 443 723 465 te
742 445 840 466 unum
859 433 1007 465 sustineri.
1029 430 1101 472 quid
1111 440 1139 461 te
1149 438 1198 460 aut

237 483 357 513 horter?
374 477 457 520 quod
466 477 539 509 facis
550 489 559 512 ·,
576 487 626 507 aut
634 487 717 518 agam
728 479 830 518 gratias
841 497 850 510 ‚
862 475 945 518 quod
959 484 1023 504 non
1034 471 1199 512 exspectas?

238 522 358 554 tantum
381 521 476 551 velim
488 540 496 554 ‚
518 519 640 550 fortuna
656 519 706 550 det
718 519 807 549 nobis
818 516 994 559 potestatem
1007 536 1016 549 ,
1035 524 1066 545 ut
1077 514 1198 545 incolu-

238 575 304 596 mes
319 573 421 595 amore
432 562 533 593 nostro
542 561 738 602 perfruamur.
763 564 844 591 Tuas
855 561 966 590 litteras
975 558 1090 597 semper
1099 557 1199 586 maxi-

239 611 291 637 me
303 605 460 646 exspesto:
479 608 495 624 ²
506 606 539 634 in
551 604 661 645 quibus
671 613 741 634 cave
749 605 844 633 vereri
856 622 864 636 ‚
880 612 917 632 ne
928 609 977 631 aut
986 599 1141 640 diligentia
1151 606 1201 628 tua

239 650 320 679 mihi
345 646 473 678 molesta
488 667 497 681 ,
516 656 567 677 aut
587 647 696 676 veritas
715 645 816 676 acerba
839 643 881 675 fit.
905 647 974 674 Dat.
997 642 1072 683 prid·
1092 642 1125 671 N
1135 649 1196 670 ON.

238 690 390 732 Septemb.
676 704 678 706 ·

485 732 677 761 CICERO
698 730 904 761 ATTICO,
927 729 955 758 S.

319 776 612 804 XsPEcrArroNi-:M
631 771 721 801 nobis
738 780 802 800 non
821 778 942 810 parvam
953 767 1089 798 attuleras
1101 787 1109 799 ‚
1128 765 1199 796 cum

322 816 471 856 scripseras
486 835 495 848 ‚
514 817 681 843 Varronem
694 811 748 842 tibi
767 821 822 851 pro
842 812 976 840 amicitia
994 806 1198 841 confirmasse,

236 859 354 889 causam
373 856 504 887 nostram
520 855 699 893 Pompejum
709 854 787 882 certe
799 853 1019 892 suscepturum:
1042 851 1074 880 δε
1086 872 1094 885 ,
1113 850 1200 880 simul

238 901 255 931 a
266 901 375 930 Caesare
384 901 410 929 ei
420 899 523 928 litterae
536 916 545 929 ,
565 905 637 936 quas
647 893 828 934 exspefiiaiet
837 892 1065 923 remiffaeessent
1074 911 1081 924 ,
1093 897 1104 919 3
1118 891 1200 922 ηξὶο-

239 952 304 972 rem
319 943 409 971 etiam
421 939 571 969 daturum.
596 945 694 966 utrum
709 935 738 966 id
750 935 896 965 nihilfuit
907 955 916 968 ,
935 945 972 965 an
983 935 1121 965 aversatae
1132 935 1200 964 sunt

239 984 358 1015 Caesaris
377 982 503 1011 litterae?
519 989 556 1009 an
574 977 618 1008 est
627 977 740 1018 aliquid
751 979 783 1007 in
796 977 866 1017 spe?
885 979 978 1007 etiarn
990 977 1066 1006 illud
1078 977 1199 1016 scripse-

238 1034 303 1058 ras,
324 1023 454 1054 eundem
467 1041 475 1056 ,
499 1020 664 1051 secundum
682 1021 826 1053 comitia,
850 1018 967 1049 dixifl'e.
992 1017 1036 1049 fac
1056 1017 1088 1055 <si
1099 1019 1197 1051 vides,

238 1067 357 1107 quantis
368 1067 400 1094 in
410 1064 498 1094 malis
508 1064 618 1101 jaceam
630 1081 638 1095 ‚
661 1061 694 1092 &
705 1082 714 1095 ‚
726 1060 838 1102 siputas
850 1059 908 1091 ess‘e
918 1062 1116 1091 humanitatis
1130 1061 1200 1101 tuae)

237 1117 289 1138 me
309 1106 354 1137 fac
364 1106 400 1137 de
410 1114 471 1136 tota
477 1105 560 1135 causa
571 1103 669 1134 nostra
678 1105 847 1134 certiorem.
873 1112 943 1133 nam
954 1105 1088 1144 Qintus
1099 1103 1198 1136 frater,

237 1151 335 1180 homo
352 1151 448 1178 mirus
459 1168 467 1181 ‚
489 1149 541 1187 qui
560 1156 611 1176 me
630 1155 690 1176 tam
705 1145 792 1176 valde
803 1155 900 1179 amat,
925 1148 1031 1175 omnia
1041 1144 1199 1188 mittitspet

233 1191 316 1233 plena
328 1210 337 1224 ,
355 1199 494 1220 metuens
506 1210 515 1223 ‚
536 1188 625 1219 credo
636 1207 645 1222 ‚
664 1186 869 1218 defee‘tionem
879 1189 976 1218 animi
986 1188 1058 1216 mei.
1082 1196 1199 1218 tuaeau-

235 1243 300 1264 tem
317 1233 422 1263 litterae
442 1231 616 1262 suntvariae.
640 1231 830 1270 nequeenim
841 1239 892 1259 me
901 1228 1050 1269 desperare
1059 1230 1106 1258 vis
1117 1249 1125 1262 ,
1144 1239 1200 1260 nec

234 1274 349 1306 temere
360 1275 484 1314 sperare.
499 1273 544 1303 fac
553 1272 676 1303 obsecro
685 1281 725 1306 te,
738 1280 771 1302 ut
779 1273 895 1305 omnia,
908 1281 973 1312 qua:
988 1271 1162 1312 4perspicia
1172 1280 1201 1302 te

238 1315 362 1357 possunt
373 1337 382 1350 ,
398 1316 535 1347 sciamus.

468 1357 667 1388 CICERO
688 1357 899 1388 ATTICO,
923 1358 952 1386 S.

179 1379 221 1412 ¹9
239 1399 449 1488 5QUOAD
467 1397 617 1438 ejusmodi
638 1397 715 1426 mihi
735 1395 866 1427 litteraea
883 1395 1198 1430 vobisadferebantur‚

352 1450 386 1471 ut
405 1441 520 1481 aliquid
538 1449 576 1469 ex
596 1441 634 1468 iis
651 1437 724 1468 effet
733 1438 968 1478 exspefitandum
983 1450 991 1473 3
1012 1439 1060 1479 spe
1071 1438 1104 1468 &
1116 1441 1199 1479 cupi-

237 1485 329 1516 ditate
346 1480 566 1514 Thefl'aionicae
587 1478 742 1510 ⁶retentus
760 1480 846 1510 sum:
868 1480 968 1521 postea
982 1483 1074 1521 quam
1093 1482 1198 1510 omnis

235 1526 316 1558 ustio
336 1525 426 1564 hujus
444 1525 518 1554 anni
535 1521 672 1553 confesti
691 1522 780 1552 nobis
797 1522 973 1556 videbatur,
994 1525 1027 1552 in
1046 1520 1196 1552 Asiamire

237 1568 341 1599 nolui:
364 1565 447 1607 quod
461 1566 494 1595 &
506 1564 649 1595 celebritas
658 1566 735 1594 mihi
744 1564 817 1595 odio
826 1563 882 1595 est:
898 1564 930 1594 δε
942 1585 951 1597 ,
962 1563 980 1593 si
993 1562 1197 1605 fieretaliquid

236 1611 254 1641 a
272 1611 362 1640 novis
379 1606 599 1649 magistratibus
612 1626 621 1641 ‚
642 1605 737 1636 abess'e
761 1606 850 1648 longe
870 1606 1023 1636 nolebam.
1046 1608 1145 1647 itaque
1165 1608 1197 1636 in

237 1653 365 1693 Epirum
383 1650 418 1681 ad
433 1659 461 1680 te
475 1648 561 1680 statui
570 1659 619 1679 me
628 1648 765 1679 conferre
777 1660 786 1682 3
799 1654 813 1677 7
825 1658 889 1679 non
899 1647 961 1689 quo
971 1658 1038 1678 mea
1048 1647 1196 1678 interesset

235 1694 300 1725 loci
308 1702 411 1724 natura
422 1712 431 1726 ,
450 1693 503 1733 qui
513 1692 612 1721 lucem
631 1693 762 1720 omnino
772 1690 906 1732 fugerem
920 1702 929 1725 3
943 1686 959 1710 3
969 1690 1016 1721 sed
1028 1690 1060 1720 &
1073 1690 1109 1721 ad
1119 1691 1195 1720 salu-

235 1743 299 1767 tem
319 1732 515 1765 libentissime
526 1743 564 1763 ex
576 1742 628 1764 tuo
640 1741 726 1773 portu
736 1732 919 1772 proficiscar:
942 1732 974 1762 &
987 1752 995 1766 ‚
1012 1730 1031 1762 si
1040 1742 1072 1762 ea
1080 1733 1197 1772 praecisa

234 1780 292 1808 erit
300 1797 310 1810 ,
325 1777 474 1817 nusquam
483 1774 603 1806 facilius
612 1776 689 1805 hanc
699 1774 897 1804 miserrimam
910 1776 1003 1804 vitam
1015 1775 1063 1805 vel
1078 1773 1193 1805 susten-

236 1819 306 1850 tabo
321 1839 330 1852 ,
353 1820 426 1851 vel,
449 1816 531 1858 quod
550 1817 649 1847 multo
668 1815 711 1847 est
734 1817 843 1846 melius
857 1835 866 1849 ‚
886 1816 1031 1853 abjecero.
1054 1825 1105 1846 ero
1122 1826 1193 1846 cum

233 1862 350 1902 paucis;
358 1859 588 1890 multitudinem
599 1858 762 1889 dimittam.
786 1860 838 1888 Me
847 1867 904 1888 tuae
912 1858 1017 1888 litterae
1025 1867 1194 1898 numquam

235 1906 270 1934 in
292 1911 405 1933 tantam
424 1901 507 1941 spem
518 1900 726 1934 adduxerunt,
746 1909 888 1940 quantam
900 1900 1042 1929 aliorum.
1063 1908 1194 1929 attamen

235 1955 304 1975 mea
318 1944 380 1985 spes
388 1945 480 1974 etiam
489 1945 609 1974 tenuior
618 1942 733 1983 semper
742 1941 801 1972 fuit
812 1962 820 1975 ‚
837 1941 930 1983 quam
941 1941 1120 1972 tuaelitterae.
1144 1941 1195 1971 sed

235 1995 339 2018 tamen
350 2006 359 2020 ,
378 1986 523 2027 quoniam
543 1993 678 2025 coeptum
688 1982 731 2014 est
742 2004 751 2018 ‚
775 1987 792 2011 9
802 1994 857 2025 ego
871 2004 879 2017 ‚
894 1993 1018 2024 quoquo
1032 1983 1127 2014 modo
1136 1992 1198 2013 coe-

235 2038 324 2070 Ptum
336 2027 379 2059 est
389 2048 399 2062 ,
418 2028 451 2058 &
464 2036 652 2068 quacumque
662 2026 697 2057 de
704 2026 788 2056 causa
797 2046 806 2060 ‚
819 2036 883 2056 non
894 2026 1026 2056 deseram
1036 2035 1133 2066 neque
1142 2035 1196 2066 op-

236 2072 307 2101 timi
322 2090 331 2104 ,
351 2079 436 2111 atque
453 2070 537 2099 unici
553 2068 650 2099 fratris
667 2069 787 2099 miseras
797 2066 986 2099 aclustuosas
997 2077 1115 2108 preces3
1140 2077 1196 2097 nec

233 2112 341 2147 Sestii,
360 2120 589 2153 ceterorumque
606 2108 768 2152 promiffa3
788 2120 844 2140 nec
852 2110 934 2151 spem
942 2108 1197 2140 aerumnosiffimae

234 2155 375 2185 mulieris
385 2155 555 2187 Terentiae3
573 2163 630 2183 nec
647 2153 824 2183 miserrimae
834 2152 970 2182 mulieris
981 2151 1126 2182 Tulliolae
1137 2151 1194 2182 ob-

231 2198 430 2228 secrationem
441 2214 450 2229 ,
469 2195 502 2225 &
522 2194 626 2226 fideles
643 2194 754 2225 litteras
769 2203 840 2224 tuas.
865 2194 944 2225 mihi
958 2195 1066 2234 Epirus
1078 2203 1128 2224 aut
1140 2195 1197 2224 iter

232 2238 269 2269 ad
292 2239 417 2270 salutem
429 2237 512 2267 dabit
523 2249 532 2272 3
547 2246 598 2268 aut
607 2235 689 2278 quod
700 2235 796 2277 scripsi
808 2237 900 2277 supra.
924 2244 952 2266 te
962 2246 1017 2266 oro
1028 2235 1060 2266 &
1070 2234 1194 2266 obsecro

234 2283 265 2301 ¹0
275 2283 312 2311 T.
326 2281 491 2320 Pomponi,
503 2277 523 2309 si
535 2289 585 2309 me
595 2278 741 2309 omnibus
752 2276 939 2318 amplissimis
949 2298 958 2313 ,
973 2276 1194 2318 cai·iffimis,ju-

231 2321 480 2363 cundiffimisque
489 2322 576 2352 rebus
585 2319 708 2361 perfidia
719 2321 882 2351 hominurn
894 2320 1052 2361 spoliatum
1067 2331 1075 2354 3
1087 2319 1108 2350 fi
1118 2330 1167 2350 me
1177 2319 1193 2350 a

234 2367 298 2394 meis
314 2363 476 2405 conss'lia'ri'is
493 2364 637 2405 proditum
657 2363 690 2393 ὃς
710 2361 879 2403 projectum
897 2362 981 2393 vides
991 2374 1000 2397 3
1020 2361 1196 2403 siintelligis

234 2415 287 2437 me
302 2406 440 2437 coactum
452 2425 460 2439 ‚
479 2415 512 2435 ut
528 2406 588 2446 ipse
608 2415 658 2435 me
671 2425 680 2439 ,
700 2406 733 2435 &
755 2414 840 2435 meos
849 2405 1003 2446 perderem
1014 2416 1025 2439 3
1038 2413 1071 2435 ut
1083 2413 1133 2434 me
1145 2413 1195 2434 tua

235 2448 442 2478 misericordia
458 2448 568 2488 juves:
588 2447 783 2489 &Qintum
803 2446 922 2478 fratrem
936 2466 944 2481 ‚
961 2448 1013 2488 qui
1032 2445 1128 2487 potest
1136 2444 1194 2476 effe

233 2489 344 2523 salvus,
356 2489 508 2521 sustentes:
521 2492 696 2520 Terentiam
708 2509 716 2523 ‚
729 2489 899 2530 liberosque
910 2499 996 2519 meos
1005 2498 1120 2523 tuea1·e;
1131 2498 1195 2522 me,

235 2530 257 2561 si
267 2537 350 2571 putas
364 2540 392 2562 te
403 2531 466 2563 'istic
475 2532 609 2562 visurum
621 2551 630 2565 ,
652 2530 828 2572 exspe&es3
846 2531 867 2561 fi
878 2530 983 2562 minus
993 2551 1002 2565 ,
1022 2531 1133 2562 invisas
1143 2550 1151 2564 2
1173 2528 1193 2559 fi

234 2580 321 2613 potes
331 2593 339 2607 ‚
362 2577 386 2593 ¹¹
400 2574 538 2614 mihique
550 2583 589 2604 ex
601 2583 670 2615 agro
690 2582 743 2604 tuo
757 2582 874 2604 tantum
885 2572 1023 2615 affignes‚
1048 2581 1196 2614 quantum

234 2625 306 2647 meo
326 2623 435 2656 corpore
454 2617 590 2656 occupari
602 2614 719 2656 potesis
739 2615 889 2656 &pueros
897 2615 933 2646 ad
944 2625 994 2646 me
1004 2624 1077 2647 cum
1089 2615 1196 2647 litteris

1238 263 1346 294 Ociob.

1362 307 1510 337 CICERO
1531 309 1560 337 S.
1573 308 1611 336 D.
1636 309 1673 344 Q.
1686 308 1862 337 CAECILIO
1883 308 1960 347 QF.
1976 307 2077 337 POM-

1530 350 1718 379 PONIANO
1741 351 1907 379 ATTICO.

1334 391 1406 418 Um>
1423 389 1545 429 quidem
1562 391 1602 420 ita
1617 389 1672 420 effe
1687 412 1694 423 ‚
1717 391 1749 421 ὃς
1760 392 1945 421 avunculum
1956 399 2043 421 tuum
2058 388 2198 420 funestum

1333 429 1390 459 ess‘e
1404 429 1507 461 officio
1520 451 1527 464 ‚
1543 431 1805 462 vehementissime
1816 433 1912 473 probo
1923 432 2061 472 :gaudere
2074 442 2122 461 me
2133 441 2198 461 tum

1239 469 1337 500 dicam
1348 491 1357 505 ,
1378 471 1398 501 si
1412 474 1489 502 milii
1503 474 1560 502 hoc
1568 474 1660 504 verbo
1670 474 1835 505 licebituti.
1860 477 1911 504 Me
1922 475 2066 504 miserum
2077 493 2086 506 ‚
2107 483 2198 514 quam

1241 521 1346 543 omnia
1363 512 1454 543 essen:
1471 524 1509 544 ex
1524 515 1685 549 sententia,
1706 514 1971 549 sinobisanimus,
1994 514 2198 548 ficonfilium,

1242 551 1262 582 fi
1280 553 1354 600 fides
1373 565 1478 585 eorum
1495 576 1502 589 ,
1523 557 1631 596 quibus
1649 558 1833 588 credidimus
1845 578 1854 591 ,
1874 568 1939 588 non
1957 556 2112 587 defuisset:
2132 567 2200 598 quae

1241 596 1382 637 colligere
1405 598 1498 630 nolo,
1520 608 1558 627 ne
1575 608 1694 640 augeam
1716 609 1891 630 moemrem.
1920 599 1967 630 sed
1982 599 2036 628 tibi
2051 600 2197 629 venirem

1242 647 1379 668 mentem
1398 638 1476 669 certe
1496 639 1557 669 scio
1570 660 1578 672 ‚
1599 650 1665 680 qua:
1683 643 1743 670 vita
1761 639 1832 671 cist-t
1846 640 1964 675 nostra,
1984 651 2050 682 quae
2062 641 2200 672 suavitas.

1240 689 1306 719 quae
1317 679 1494 721 dignitas‚ad
1504 691 1569 721 quae
1582 682 1778 722 recuperanda
1788 693 1839 723 per
1848 683 1983 714 fortunas
1999 682 2154 716 incumbe,
2166 691 2200 711 ut

1239 721 1330 755 facis,
1351 722 1493 762 diemque
1516 723 1641 752 natalem
1651 725 1754 754 reditus
1765 727 1825 754 mei
1837 745 1844 758 ,
1863 735 1931 755 cura
1944 746 1951 757 ‚
1969 734 2003 755 ut
2015 726 2046 754 in
2058 727 2116 755 tuis
2125 723 2200 754 aedi-

1241 763 1294 792 bus
1314 763 1527 794 amoenissimis
1539 775 1623 806 agam
1638 774 1735 795 tecum
1750 766 1863 796 &cum
1873 769 1959 796 meis.
1983 770 2047 807 Ego
2057 768 2128 796 huic
2138 767 2199 804 spei

1241 805 1273 834 ὃς
1283 804 1513 845 exspectationi,
1529 817 1596 847 qua:
1607 807 1694 837 nobis
1705 810 1895 847 proponitur,
1909 812 1937 828 ¹²
1947 809 2082 838 maxime
2097 817 2200 838 tamen

1240 847 1326 876 volui
1343 847 1502 888 praestolari
1522 848 1598 888 apud
1617 858 1645 878 te
1664 852 1695 879 in
1706 851 1798 889 Epiro
1815 860 1819 878 :
1839 850 1935 880 sedita
1944 851 1980 880 ad
1990 860 2039 880 me
2048 850 2197 883 scribitur,

1241 897 1272 918 ut
1294 898 1398 928 putem
1418 888 1476 920 ess'e
1492 891 1706 925 commodius,
1737 901 1793 921 nos
1808 891 1919 921 eisdem
1932 894 1963 921 in
1976 892 2049 922 locis
2059 890 2124 922 esse.
2149 894 2198 921 De

1240 930 1336 961 domo
1347 931 1379 961 δε
1388 934 1530 962 Curionis
1539 934 1675 963 oratione
1685 952 1694 967 ‚
1714 942 1747 963 ut
1756 933 1857 964 scribis
1867 953 1876 967 ‚
1897 935 1935 963 ita
1946 933 1996 963 est.
2020 936 2052 963 in
2063 934 2199 963 universa

1241 973 1350 1007 salute,
1368 972 1388 1003 si
1410 984 1443 1004 ea
1467 974 1562 1005 modo
1573 975 1661 1005 nobis
1672 974 1858 1010 restituetur,
1883 975 2139 1009 inei·untomnia;
2159 985 2198 1005 ex

1240 1015 1354 1055 quibus
1374 1015 1451 1045 nihil
1471 1016 1572 1050 malo,
1592 1016 1683 1057 quam
1699 1017 1838 1047 domum.
1863 1016 1912 1047 sed
1927 1016 1981 1046 tibi
1995 1017 2071 1047 nihil
2084 1018 2198 1047 mando

1238 1059 1425 1087 nominatim
1443 1069 1447 1086 :
1473 1067 1573 1089 totum
1596 1069 1645 1089 me
1663 1068 1715 1089 tuo
1733 1061 1830 1090 amori
1849 1057 1979 1099 fideique
1996 1060 2190 1089 commendov

1241 1098 1331 1140 Qod
1344 1108 1383 1133 te,
1397 1101 1429 1130 in
1440 1109 1518 1131 tanta
1532 1101 1693 1132 hereditate
1703 1121 1712 1135 ‚
1722 1101 1758 1131 ab
1767 1102 1855 1131 omni
1865 1102 2061 1141 occupatione
2073 1101 2196 1141 expedi-

1241 1140 1378 1174 sti,valde
1391 1143 1469 1172 mihi
1478 1151 1593 1184 gratum
1605 1142 1752 1185 est.Qod
1762 1142 1913 1173 facultates
1923 1152 1987 1173 tuas
1996 1142 2031 1172 ad
2044 1152 2143 1173 meam
2154 1143 2181 1172 sa
2193 1159 2199 1163 -

1238 1183 1330 1213 luten-i
1341 1184 1505 1223 polliceris,
1520 1193 1552 1215 ut
1562 1185 1707 1215 omnibus
1719 1185 1806 1215 rebus
1815 1186 1830 1215 a
1840 1193 1868 1215 te
1874 1191 1970 1226 praerer
1978 1192 2078 1213 ceteros
2089 1185 2177 1224 juver
2190 1195 2194 1211 ,·

1238 1225 1269 1255 id
1280 1235 1425 1265 quantum
1437 1225 1470 1256 sit
1479 1225 1646 1267 praesidium
1656 1247 1664 1261 ,
1687 1227 1798 1261 video;
1816 1227 2014 1267 intelligoque
2025 1246 2033 1260 ‚
2050 1235 2077 1257 te
2088 1227 2198 1256 multa-3

1237 1268 1345 1307 parteis
1354 1277 1428 1298 meae
1443 1269 1542 1299 salutis
1551 1269 1584 1299 ὃς
1595 1269 1738 1310 suscipere
1751 1289 1759 1303 ‚
1772 1269 1804 1299 &
1814 1267 1895 1309 posse
1907 1269 2063 1298 sustinere:
2086 1278 2197 1309 neque.

1248 1313 1273 1336 ¹3
1287 1318 1319 1339 ut
1338 1318 1368 1339 tu
1389 1309 1475 1341 facias
1487 1331 1495 1344 ‚
1514 1311 1681 1352 rogandum
1693 1309 1759 1341 ess'e.
1784 1311 1873 1351 Qod
1886 1320 1934 1340 me
1945 1319 2025 1340 vetas
2033 1312 2196 1351 quicquam

1239 1351 1376 1391 suspicari
1390 1351 1524 1383 accidifl‘e
1534 1353 1570 1383 ad
1580 1355 1717 1383 animum
1729 1362 1817 1383 tuum
1830 1372 1838 1386 ‚
1858 1352 1941 1393 quod
1953 1352 2035 1382 secus
2045 1354 2060 1382 a
2071 1362 2120 1382 me
2130 1362 2198 1391 erga

1238 1402 1264 1423 te
1285 1393 1481 1424 commissum
1497 1414 1506 1428 ,
1527 1404 1577 1425 aut
1593 1394 1820 1436 praetermissum
1841 1394 2009 1427 videretur,
2028 1404 2127 1435 geram
2142 1394 2198 1424 tibi

1239 1445 1358 1466 morem
1371 1456 1380 1469 ,
1406 1436 1438 1465 &
1457 1436 1604 1467 liberabor
1622 1436 1675 1467 ista
1693 1447 1779 1467 cura:
1800 1436 1855 1467 tibi
1871 1445 1970 1467 tamen
1986 1435 2022 1465 eb
2030 1435 2094 1476 plus
2105 1434 2196 1469 debeo,

1238 1477 1300 1517 quo
1311 1479 1401 1508 tuain
1413 1488 1460 1508 me
1472 1479 1641 1509 humanitas
1651 1478 1740 1509 fuerit
1749 1477 1910 1510 excelsior,
1934 1477 2025 1517 quam
2036 1480 2070 1507 in
2081 1487 2108 1507 te
2120 1487 2196 1506 mea.

1238 1520 1340 1549 Velim
1356 1539 1364 1552 ‚
1385 1520 1458 1560 quid
1472 1520 1573 1550 videas
1588 1541 1596 1553 ‚
1615 1521 1689 1561 quid
1705 1521 1872 1560 intelligas,
1893 1518 1966 1559 quid
1985 1528 2084 1560 agatur
2096 1518 2130 1548 ad
2146 1528 2198 1548 me

1238 1561 1345 1591 scribas
1362 1572 1368 1590 2
1390 1565 1420 1588 ¹4
1429 1562 1554 1601 tuosque
1565 1564 1686 1592 omneis
1707 1561 1741 1592 ad
1754 1562 1885 1591 nostram
1898 1561 2022 1590 salutem
2032 1560 2198 1590 adliortere.

1238 1604 1369 1644 Rogatio
1386 1603 1472 1634 Sestii
1492 1613 1591 1643 neque
1606 1604 1759 1645 dignitatis
1770 1604 1835 1634 satis
1847 1603 1949 1636 habet,
1973 1612 2028 1632 nec
2036 1603 2197 1632 cautionis.

1235 1655 1306 1675 nam
1329 1645 1362 1675 ὃς
1377 1647 1563 1675 nominatim
1583 1645 1659 1675 ferre
1672 1654 1807 1685 oportet,
1829 1645 1862 1674 ὃς
1876 1644 2009 1674 debonis
2020 1642 2198 1685 diligentius

1236 1687 1345 1730 scribi—z
1359 1687 1392 1717 &
1406 1688 1437 1717 id
1450 1687 1672 1719 animadvertas
1682 1688 1788 1719 velim.
1812 1689 1881 1717 Dat.
1896 1696 1973 1716 1111.
1986 1688 2074 1716 NON.
2090 1685 2193 1716 οξὶοῐ).

1236 1727 1455 1760 Thefialonicae

1477 1774 1527 1802 CI
1542 1774 1675 1803 CERO
1696 1773 1905 1804 ATTICO,
1927 1773 1955 1801 S.

1331 1816 1491 1844 R101NTA
1510 1813 1574 1844 dies
1593 1823 1675 1845 erant
1698 1813 1770 1854 ipsi,
1792 1813 1863 1843 cum
1882 1814 1932 1843 has
1951 1810 2057 1841 dabam
2070 1811 2197 1846 litteras,

1331 1865 1383 1895 per
1399 1865 1475 1896 quos
1494 1857 1591 1886 nullas
1607 1857 1621 1886 a
1635 1855 1723 1886 vobis
1735 1865 1913 1894 acceperam.
1938 1854 2125 1883 mibiautem
2135 1862 2196 1884 erat

1235 1899 1269 1927 in
1282 1900 1388 1928 animo
1400 1915 1409 1930 ‚
1427 1898 1491 1936 jam
1504 1917 1512 1930 ‚
1534 1906 1566 1927 ut
1574 1907 1658 1928 antea
1668 1898 1703 1927 ad
1717 1906 1744 1927 te
1755 1895 1851 1937 scripsi
1864 1917 1872 1929 ‚
1894 1898 1935 1925 ire
1945 1896 1979 1925 in
1989 1897 2115 1935 Epirum
2133 1906 2138 1924 ;
2158 1896 2193 1925 ὃς

1235 1939 1279 1969 ibi
1297 1948 1424 1969 omnem
1438 1939 1537 1969 casum
1551 1937 1741 1979 potiffimum
1753 1937 1931 1978 exspeERare.
1954 1940 2000 1967 Te
2010 1946 2065 1966 oro
2077 1957 2085 1970 ‚
2105 1947 2138 1967 ut
2148 1957 2156 1971 ‚
2175 1936 2196 1967 si

1234 1981 1307 2022 quid
1319 1983 1374 2011 erit
1384 2001 1392 2014 ,
1406 1980 1487 2021 quod
1497 1982 1653 2021 perspicias
1662 2001 1670 2015 ,
1684 1990 1907 2021 quamcumque
1919 1982 1950 2009 in
1958 1988 2070 2019 partem
2084 1999 2092 2012 ,
2103 1988 2196 2019 quarn

1235 2021 1405 2063 planissime
1415 2022 1450 2052 ad
1461 2032 1511 2052 me
1521 2023 1626 2053 sci-ibas
1639 2034 1643 2052 :
1665 2023 1697 2052 δε
1709 2032 1779 2052 meo
1790 2024 1917 2053 nomine
1929 2041 1937 2055 2
1958 2030 1990 2051 ut
2008 2021 2110 2051 scribis
2119 2041 2128 2055 ,
2145 2022 2197 2051 lit-

1237 2075 1310 2096 teras
1321 2085 1329 2099 ,
1349 2064 1459 2106 quibus
1468 2064 1585 2106 putabis
1596 2074 1673 2106 opus
1683 2063 1738 2095 effe
1748 2083 1757 2098 ,
1769 2073 1801 2094 ut
1812 2064 1876 2094 des.
1899 2066 1968 2094 Dat.
1982 2073 2012 2094 v.
2026 2065 2110 2093 ΚΑΙ..
2126 2065 2196 2093 Νο-

1235 2108 1339 2139 vemb.

1479 2150 1672 2180 CICERO
1693 2149 1899 2181 ATTICO,
1922 2150 1950 2178 S.

1240 2190 1375 2268 ETsr
1388 2190 1547 2233 diligenter
1554 2191 1589 2221 ad
1598 2201 1648 2220 me
1660 2192 1790 2232 Qintus
1799 2189 1887 2221 frater
1895 2189 1928 2220 &
1937 2189 2015 2224 Piso,
2024 2199 2090 2231 quae
2100 2186 2193 2219 essent

1315 2233 1378 2264 λᾶε
1391 2253 1400 2267 ,
1426 2235 1620 2274 scripserant:
1642 2242 1743 2263 tamen
1764 2233 1874 2263 vellem
1891 2251 1899 2266 ,
1921 2241 1970 2262 tua
1990 2241 2018 2262 te
2037 2234 2195 2271 occupatio

1235 2287 1301 2307 non
1312 2274 1501 2316 impedisset,
1523 2273 1584 2316 quo
1595 2274 1699 2304 minus
1710 2295 1720 2308 ,
1741 2283 1773 2304 ut
1786 2273 1959 2307 consuesti,
1977 2274 2013 2307 ad
2028 2284 2078 2303 me
2090 2294 2098 2307 ‚
2120 2273 2194 2313 quid

1234 2327 1368 2360 ageretur
1378 2318 1410 2348 ὃς
1420 2317 1493 2358 quid
1503 2317 1700 2358 intelligeres,
1711 2316 1914 2356 perscriberes.
1938 2317 1989 2345 Me
1999 2315 2095 2345 adhuc
2108 2317 2196 2345 Plan-

1233 2371 1298 2393 cius
1312 2360 1488 2390 liberalitate
1505 2360 1552 2389 sua
1566 2367 1693 2393 retinet,
1713 2361 1770 2396 jam
1787 2359 1946 2399 aliquoties
1954 2366 2097 2388 conatum
2108 2359 2194 2388 irem

1235 2405 1372 2443 Epirum.
1396 2402 1460 2442 spes
1477 2402 1600 2431 homini
1613 2400 1656 2431 est
1666 2400 1794 2441 inierim,
1813 2410 1878 2430 non
1888 2399 1991 2429 eadem
2002 2419 2010 2433 ,
2022 2409 2086 2440 quae
2101 2400 2193 2432 mihi,

1234 2443 1316 2486 poffe
1330 2453 1387 2475 nos
1397 2444 1455 2474 una
1465 2443 1608 2474 decedere
1621 2453 1626 2472 :
1645 2452 1736 2484 quam
1747 2452 1809 2472 rem
1821 2440 1873 2471 sibi
1884 2451 1993 2482 magno
2004 2442 2114 2470 honori
2129 2440 2193 2480 spe-

1233 2497 1276 2519 rat
1285 2487 1359 2518 fore.
1384 2486 1432 2517 sed
1440 2487 1504 2527 jam
1515 2505 1523 2520 ,
1545 2485 1616 2516 cum
1626 2485 1779 2513 adventare
1788 2484 1893 2513 milites
1902 2483 2039 2513 dicentur
2051 2502 2059 2516 ,
2078 2481 2194 2512 facien-

1235 2530 1310 2561 dum
1331 2529 1422 2559 nobis
1440 2530 1496 2558 erit
1511 2548 1521 2562 ,
1538 2536 1571 2558 ut
1588 2526 1624 2557 ab
1645 2536 1682 2556 eo
1699 2526 1896 2556 discedamus.
1919 2524 2002 2564 quod
2021 2524 2093 2555 cum
2105 2522 2195 2554 facie-

1237 2582 1323 2606 mus,
1335 2571 1370 2602 ad
1381 2580 1408 2602 te
1418 2569 1516 2601 statim
1529 2572 1686 2600 mittemus
1699 2581 1706 2602 3
1718 2576 1749 2597 ut
1759 2568 1844 2600 scias,
1860 2567 1911 2596 ubi
1922 2565 2023 2596 simus.
2047 2567 2195 2597 Lentulus

1235 2615 1291 2646 suo
1308 2616 1342 2644 in
1360 2623 1418 2644 nos
1437 2611 1541 2643 officio
1553 2633 1563 2646 ,
1585 2610 1669 2652 quod
1691 2610 1723 2641 &
1736 2619 1786 2643 re,
1808 2609 1840 2639 δε
1851 2606 2021 2649 promissis,
2044 2608 2196 2679 &litte-gis

2166 2659 2199 2680 e-

270 2775 295 2792 ι.
313 2769 386 2800 Appii
395 2766 508 2801 questio]
530 2767 573 2793 Ita
585 2766 724 2793 Manutius
740 2786 749 2799 ‚
760 2766 863 2798 Rosius,
875 2765 1022 2793 Lambinus
1031 2775 1064 2793 ex
1076 2765 1134 2793 mss‘.
1144 2766 1193 2793 Vi-

228 2800 335 2872 ἓοτίιιῗ
345 2812 377 2829 ex
389 2803 435 2829 suo
455 2802 567 2830 meliore
580 2823 588 2836 ,
608 2812 686 2839 quem
697 2803 866 2831 Cavaicantis
879 2802 975 2830 librum
995 2801 1046 2830 csse
1063 2802 1193 2836 arbitror,

261 2841 315 2865 eHio
335 2849 348 2865 e
369 2840 402 2866 it.

271 2883 299 2900 ²..
318 2849 442 2910 Inffuibus
459 2884 518 2902 cave
526 2878 608 2902 vereri
624 2885 652 2902 ne
670 2876 739 2911 aut]
760 2877 802 2903 Ita
819 2884 910 2902 omncs
922 2874 990 2902 Bosii
1002 2873 1059 2901 mss.
1080 2883 1133 2900 uno
1143 2882 1192 2901 ex-

233 2916 320 2945 cepto.
339 2910 417 2938 codd.
437 2912 595 2939 Meminiaiii
606 2912 704 2939 habent
716 2932 724 2945 ‚
743 2921 801 2938 carc
810 2922 838 2938 ne
848 2912 963 2944 autdilig.
983 2913 1040 2936 mihi
1049 2912 1139 2944 molesta
1149 2917 1192 2936 aur

231 2949 345 2973 'variana
353 2949 439 2974 acerba
441 2949 490 2981 stt:
506 2948 642 2976 Manutius
662 2949 772 2984 conjicit
785 2968 793 2981 ,
812 2957 871 2974 cave
886 2948 1011 2982 fiaespi'ceris
1024 2966 1032 2979 ,
1051 2954 1094 2972 mit
1106 2966 1114 2978 ,
1134 2955 1193 2972 cave

231 2986 315 3021 φησιν
325 2992 334 3013 ᾗ
345 2983 442 3011 Ursino
452 2991 541 3011 autem
550 2994 585 3012 ex
595 2992 686 3012 vetere
697 2985 766 3012 libro
776 2986 802 3012 iii
816 2994 869 3021 quo
880 2985 927 3017 est,
938 2993 1007 3017 eme,
1018 2992 1085 3016 cave,
1096 2991 1124 3009 ne
1135 2989 1190 3016 aut,

232 3016 340 3044 videtur
350 3018 503 3055 leg-endum,
514 3029 573 3046 cave
582 3029 681 3055 caveae,
692 3031 721 3047 ne
730 3029 786 3053 am,
795 3022 847 3053 &a

270 3061 295 3089 3.
315 3056 423 3081 Aetatem
439 3059 510 3081 etlam
527 3057 668 3093 daturum]
688 3059 730 3085 lta
739 3057 815 3084 scitlae
826 3058 854 3084 δε
866 3056 983 3087 Crusell.
994 3062 1024 3086 ut
1033 3065 1067 3085 ex
1078 3056 1191 3086 Τοπικ-

231 3087 301 3116 fiano
312 3090 457 3117 Lambinus
468 3091 619 3120 emendavit
630 3104 636 3120 :
659 3093 734 3130 vulg.
745 3097 876 3122 auflorem.

265 3132 295 3158 4.
314 3127 446 3162 Peispici.]
467 3127 665 3163 Vulg.prospici.

269 3169 296 3194 5.
316 3162 425 3195 de]
447 3163 528 3198 Vulg.
538 3165 607 3198 qnod.

265 3198 295 3226 6.
317 3199 516 3235 Retentmsnm]
538 3199 806 3237 Vulg.dctcntmfiam.

1264 2771 1293 2799 7.
1315 2766 1368 2789 an
1377 2772 1421 2796 quo
1432 2770 1482 2787 mea
1491 2761 1606 2793 imcrqſjbt
1617 2762 1657 2785 loci
1666 2757 1785 2791 natura]
1808 2758 1917 2789 Vocem,
1928 2763 2020 2782 natura
2032 2775 2040 2789 ‚
2050 2755 2193 2783 delendam

1226 2799 1346 2826 censebat
1357 2801 1409 2825 Fae·
1412 2807 1439 2824 rii
1445 2807 1484 2824 us.

1263 2838 1290 2865 8.
1309 2837 1391 2868 Sed&¹
1403 2835 1566 2870 adsiduum]
1588 2833 1738 2868 Vriigo,fi'd
1747 2839 1802 2865 aut,
1811 2840 1841 2859 ut
1851 2832 1878 2859 ὃ(
1888 2831 1969 2868 pault,
1981 2830 2049 2868 post,
2059 2832 2193 2864 amdfm,

1224 2883 1274 2911 pro
1283 2883 1315 2901 eo
1325 2873 1396 2909 quod
1408 2874 1432 2898 iu
1446 2872 1533 2899 nostro
1544 2871 1579 2897 cst
1592 2879 1601 2900 3
1623 2870 1680 2903 &fi
1688 2879 1725 2895 ca.

1263 2927 1293 2955 9.
1313 2922 1359 2952 Ego
1370 2927 1457 2953 quoquo
1467 2915 1554 2949 moda]
1577 2913 1657 2949 Vulg.
1670 2923 1708 2947 age
1718 2913 1876 2948 quoquomodo.

1264 2972 1307 2990 ιο.
1327 2963 1353 2989 Y.
1363 2962 1498 2997 Pomponi]
1520 2958 1636 2988 Addidit
1647 2958 1736 2986 ssosius
1746 2967 1897 2994 ptaeiiomeii
1916 2958 1942 2984 T.
1953 2965 1988 2985 ex
1999 2955 2049 2984 suis
2061 2954 2118 2982 mss'.
2130 2964 2191 2982 cum

1223 2997 1341 3026 abessent
1351 3001 1367 3025 ii.
1380 2999 1452 3033 vulg.

1264 3053 1274 3070 1
1283 3053 1306 3070 i.
1326 3044 1452 3077 (Mhique
1469 3052 1498 3069 cx
1517 3051 1571 3076 agro
1589 3047 1638 3068 mo.
1651 3040 1666 3075 ]
1697 3039 1752 3067 nic
1777 3048 1863 3076 opera:
1882 3038 2026 3066 omiserant
2056 3036 2122 3063 olim
2144 3045 2190 3062 vo-

1225 3089 1283 3107 cem
1327 3087 1375 3106 ruo.

1266 3100 1310 3143 η’.
1333 3115 1441 3142 Maxim?
1452 3114 1557 3149 tamem]
1581 3113 1675 3140 Petrus
1686 3112 1770 3140 Faber
1781 3111 1898 3149 legebat,
1909 3111 2009 3138 maxime*
2019 3117 2103 3141 antea,
2114 3108 2176 3138 ὠή]

1265 3164 1308 3191 ¹3·
1329 3154 1522 3188 U1111,fi›icias.]
1542 3154 1625 3190 Vulg,
1638 3161 1664 3179 ut
1673 3154 1807 3187 imfacias.

1273 3205 1314 3235 14.
1335 3198 1543 3236 Tuffqucomm's]
1563 3197 1789 3234 Vulgwmnesilue:
1808 3196 1836 3225 &
1848 3192 2077 3231 mxuma-abest.
2104 3232 2115 3253 ³
2136 3226 2199 3254 'pm

2219 317 2263 343 20

2212 2159 2258 2185 22
