<?xml version="1.0" encoding="UTF-8"?>
<!DOCTYPE html PUBLIC "-//W3C//DTD XHTML 1.0 Transitional//EN"
    "http://www.w3.org/TR/xhtml1/DTD/xhtml1-transitional.dtd">
<html xmlns="http://www.w3.org/1999/xhtml" xml:lang="en" lang="en">
 <head>
  <title>
</title>
<meta http-equiv="Content-Type" content="text/html;charset=utf-8" />
  <meta name='ocr-system' content='tesseract 3.04.00' />
  <meta name='ocr-capabilities' content='ocr_page ocr_carea ocr_par ocr_line ocrx_word'/>
</head>
<body>
  <div class='ocr_page' id='page_1' title='image "./mtuliiciceroniso00cice/mtuliiciceroniso00cice_1242.png"; bbox 0 0 2379 3400; ppageno 0'>
   <div class='ocr_carea' id='block_1_1' title="bbox 191 1969 228 2009">
    <p class='ocr_par' dir='ltr' id='par_1_1' title="bbox 191 1969 228 2009">
     <span class='ocr_line' id='line_1_1' title="bbox 191 1969 228 2009; baseline 0 -8"><span class='ocrx_word' id='word_1_1' title='bbox 191 1969 228 2009; x_wconf 80' lang='lat'>38</span> 
     </span>
    </p>
   </div>
   <div class='ocr_carea' id='block_1_2' title="bbox 230 96 1133 181">
    <p class='ocr_par' dir='ltr' id='par_1_2' title="bbox 230 96 1133 181">
     <span class='ocr_line' id='line_1_2' title="bbox 230 96 1133 181; baseline -0.016 -30"><span class='ocrx_word' id='word_1_2' title='bbox 230 133 353 181; x_wconf 77' lang='lat'>1132</span> <span class='ocrx_word' id='word_1_3' title='bbox 623 101 690 151; x_wconf 81' lang='lat' dir='ltr'>M.</span> <span class='ocrx_word' id='word_1_4' title='bbox 772 96 1133 144; x_wconf 66' lang='lat' dir='ltr'>Tunnri</span> 
     </span>
    </p>
   </div>
   <div class='ocr_carea' id='block_1_3' title="bbox 224 176 1210 2870">
    <p class='ocr_par' dir='ltr' id='par_1_3' title="bbox 224 176 1204 1917">
     <span class='ocr_line' id='line_1_3' title="bbox 258 176 1169 231; baseline -0.027 -4"><span class='ocrx_word' id='word_1_5' title='bbox 258 209 272 231; x_wconf 82' lang='lat' dir='ltr'>a</span> <span class='ocrx_word' id='word_1_6' title='bbox 294 189 477 228; x_wconf 85' lang='lat' dir='ltr'>nitudinibus</span> <span class='ocrx_word' id='word_1_7' title='bbox 495 182 661 216; x_wconf 83' lang='lat' dir='ltr'>immensis.</span> <span class='ocrx_word' id='word_1_8' title='bbox 683 183 779 220; x_wconf 83' lang='lat' dir='ltr'>Atque</span> <span class='ocrx_word' id='word_1_9' title='bbox 792 179 824 208; x_wconf 90' lang='lat' dir='ltr'>hi</span> <span class='ocrx_word' id='word_1_10' title='bbox 837 177 910 207; x_wconf 88' lang='lat' dir='ltr'>tanti</span> <span class='ocrx_word' id='word_1_11' title='bbox 925 176 1008 214; x_wconf 82' lang='lat' dir='ltr'>ignes</span> <span class='ocrx_word' id='word_1_12' title='bbox 1023 193 1031 206; x_wconf 85' lang='lat'>‚</span> <span class='ocrx_word' id='word_1_13' title='bbox 1050 180 1169 219; x_wconf 77' lang='lat' dir='ltr'>tamque</span> 
     </span>
     <span class='ocr_line' id='line_1_4' title="bbox 224 210 1172 268; baseline -0.027 0"><span class='ocrx_word' id='word_1_14' title='bbox 224 210 256 232; x_wconf 74' lang='lat' dir='ltr'><strong>m</strong></span> <span class='ocrx_word' id='word_1_15' title='bbox 275 210 313 268; x_wconf 69' lang='lat' dir='ltr'>glii</span> <span class='ocrx_word' id='word_1_16' title='bbox 325 244 386 266; x_wconf 87' lang='lat' dir='ltr'>non</span> <span class='ocrx_word' id='word_1_17' title='bbox 398 227 491 261; x_wconf 73' lang='lat' dir='ltr'>modo</span> <span class='ocrx_word' id='word_1_18' title='bbox 502 226 580 258; x_wconf 87' lang='lat' dir='ltr'>nihil</span> <span class='ocrx_word' id='word_1_19' title='bbox 591 230 700 254; x_wconf 85' lang='lat' dir='ltr'>nocent</span> <span class='ocrx_word' id='word_1_20' title='bbox 709 221 792 251; x_wconf 84' lang='lat' dir='ltr'>terris</span> <span class='ocrx_word' id='word_1_21' title='bbox 802 238 811 252; x_wconf 87' lang='lat'>‚</span> <span class='ocrx_word' id='word_1_22' title='bbox 822 217 964 257; x_wconf 79' lang='lat' dir='ltr'>rebusque</span> <span class='ocrx_word' id='word_1_23' title='bbox 974 213 1172 248; x_wconf 81' lang='lat' dir='ltr'>terrestribus,</span> 
     </span>
     <span class='ocr_line' id='line_1_5' title="bbox 225 251 1175 315; baseline -0.026 -7"><span class='ocrx_word' id='word_1_24' title='bbox 225 251 278 313; x_wconf 49' lang='grc' dir='ltr'>ἘΞ</span> <span class='ocrx_word' id='word_1_25' title='bbox 294 287 329 307; x_wconf 77' lang='grc' dir='ltr'>ιι]</span> <span class='ocrx_word' id='word_1_26' title='bbox 343 273 462 315; x_wconf 79' lang='lat' dir='ltr'>prosunt</span> <span class='ocrx_word' id='word_1_27' title='bbox 477 289 484 301; x_wconf 85' lang='grc'><strong><em>,</em></strong></span> <span class='ocrx_word' id='word_1_28' title='bbox 496 276 527 297; x_wconf 90' lang='lat' dir='ltr'>ut</span> <span class='ocrx_word' id='word_1_29' title='bbox 538 265 557 295; x_wconf 87' lang='lat' dir='ltr'>si</span> <span class='ocrx_word' id='word_1_30' title='bbox 569 274 651 295; x_wconf 78' lang='lat' dir='ltr'>mota</span> <span class='ocrx_word' id='word_1_31' title='bbox 661 264 732 293; x_wconf 91' lang='lat' dir='ltr'>loco</span> <span class='ocrx_word' id='word_1_32' title='bbox 742 260 796 291; x_wconf 83' lang='lat' dir='ltr'>fint</span> <span class='ocrx_word' id='word_1_33' title='bbox 807 279 815 293; x_wconf 88' lang='lat'><strong>,</strong></span> <span class='ocrx_word' id='word_1_34' title='bbox 833 257 1011 298; x_wconf 80' lang='lat' dir='ltr'>conflagrare</span> <span class='ocrx_word' id='word_1_35' title='bbox 1022 264 1112 302; x_wconf 74' lang='lat' dir='ltr'>terias</span> <span class='ocrx_word' id='word_1_36' title='bbox 1121 265 1175 285; x_wconf 83' lang='lat' dir='ltr'>nc-</span> 
     </span>
     <span class='ocr_line' id='line_1_6' title="bbox 228 299 1176 352; baseline -0.028 -1"><span class='ocrx_word' id='word_1_37' title='bbox 228 318 300 352; x_wconf 81' lang='lat' dir='ltr'>eesse</span> <span class='ocrx_word' id='word_1_38' title='bbox 311 317 342 346; x_wconf 89' lang='lat' dir='ltr'>sit</span> <span class='ocrx_word' id='word_1_39' title='bbox 353 318 367 345; x_wconf 73' lang='lat' dir='ltr'>‘a</span> <span class='ocrx_word' id='word_1_40' title='bbox 379 313 466 344; x_wconf 77' lang='lat' dir='ltr'>tantis</span> <span class='ocrx_word' id='word_1_41' title='bbox 475 307 628 339; x_wconf 85' lang='lat' dir='ltr'>ardoribus</span> <span class='ocrx_word' id='word_1_42' title='bbox 641 325 650 338; x_wconf 95' lang='lat'>,</span> <span class='ocrx_word' id='word_1_43' title='bbox 671 303 877 334; x_wconf 84' lang='lat' dir='ltr'>moderatione</span> <span class='ocrx_word' id='word_1_44' title='bbox 887 319 896 333; x_wconf 87' lang='lat'><strong>,</strong></span> <span class='ocrx_word' id='word_1_45' title='bbox 916 299 1176 344; x_wconf 75' lang='lat' dir='ltr'>&amp;temperatione</span> 
     </span>
     <span class='ocr_line' id='line_1_7' title="bbox 231 336 1178 392; baseline -0.027 -1"><span class='ocrx_word' id='word_1_46' title='bbox 231 360 347 392; x_wconf 75' lang='lat' dir='ltr'>sublata.</span> <span class='ocrx_word' id='word_1_47' title='bbox 390 352 448 384; x_wconf 78' lang='lat' dir='ltr'>Hic</span> <span class='ocrx_word' id='word_1_48' title='bbox 459 360 514 391; x_wconf 81' lang='lat' dir='ltr'>ego</span> <span class='ocrx_word' id='word_1_49' title='bbox 528 358 590 379; x_wconf 88' lang='lat' dir='ltr'>non</span> <span class='ocrx_word' id='word_1_50' title='bbox 600 348 690 376; x_wconf 88' lang='lat' dir='ltr'>mirer</span> <span class='ocrx_word' id='word_1_51' title='bbox 708 342 764 374; x_wconf 82' lang='lat' dir='ltr'>esse</span> <span class='ocrx_word' id='word_1_52' title='bbox 773 349 976 387; x_wconf 60' lang='lat' dir='ltr'>quemquam,</span> <span class='ocrx_word' id='word_1_53' title='bbox 987 349 1037 386; x_wconf 84' lang='lat' dir='ltr'>qui</span> <span class='ocrx_word' id='word_1_54' title='bbox 1049 336 1100 368; x_wconf 83' lang='lat' dir='ltr'>sibi</span> <span class='ocrx_word' id='word_1_55' title='bbox 1112 348 1178 385; x_wconf 80' lang='lat' dir='ltr'>per-</span> 
     </span>
     <span class='ocr_line' id='line_1_8' title="bbox 230 379 1178 432; baseline -0.025 -1"><span class='ocrx_word' id='word_1_56' title='bbox 230 400 344 432; x_wconf 76' lang='lat' dir='ltr'>suadeat</span> <span class='ocrx_word' id='word_1_57' title='bbox 358 416 366 428; x_wconf 84' lang='lat'>‚</span> <span class='ocrx_word' id='word_1_58' title='bbox 385 401 507 432; x_wconf 84' lang='lat' dir='ltr'>corpora</span> <span class='ocrx_word' id='word_1_59' title='bbox 520 389 654 430; x_wconf 88' lang='lat' dir='ltr'>quaedam</span> <span class='ocrx_word' id='word_1_60' title='bbox 670 385 763 417; x_wconf 88' lang='lat' dir='ltr'>solida</span> <span class='ocrx_word' id='word_1_61' title='bbox 774 404 783 418; x_wconf 89' lang='lat'>‚</span> <span class='ocrx_word' id='word_1_62' title='bbox 801 392 888 423; x_wconf 86' lang='lat' dir='ltr'>atque</span> <span class='ocrx_word' id='word_1_63' title='bbox 903 381 1078 414; x_wconf 87' lang='lat' dir='ltr'>individua,</span> <span class='ocrx_word' id='word_1_64' title='bbox 1098 389 1127 409; x_wconf 85' lang='lat' dir='ltr'>vi</span> <span class='ocrx_word' id='word_1_65' title='bbox 1145 379 1178 410; x_wconf 86' lang='lat'>&amp;</span> 
     </span>
     <span class='ocr_line' id='line_1_9' title="bbox 228 421 1179 483; baseline -0.021 -13"><span class='ocrx_word' id='word_1_66' title='bbox 228 447 366 483; x_wconf 75' lang='lat' dir='ltr'>gravitate</span> <span class='ocrx_word' id='word_1_67' title='bbox 384 435 472 466; x_wconf 78' lang='lat' dir='ltr'>ferri,</span> <span class='ocrx_word' id='word_1_68' title='bbox 493 431 702 469; x_wconf 89' lang='lat' dir='ltr'>mundumque</span> <span class='ocrx_word' id='word_1_69' title='bbox 717 425 794 457; x_wconf 87' lang='lat' dir='ltr'>effici</span> <span class='ocrx_word' id='word_1_70' title='bbox 810 421 1026 455; x_wconf 79' lang='lat' dir='ltr'>ornatissimum</span> <span class='ocrx_word' id='word_1_71' title='bbox 1041 442 1049 468; x_wconf 68' lang='lat'>3</span> <span class='ocrx_word' id='word_1_72' title='bbox 1068 422 1179 462; x_wconf 87' lang='lat' dir='ltr'>&amp;pul—</span> 
     </span>
     <span class='ocr_line' id='line_1_10' title="bbox 228 463 1180 514; baseline -0.021 -1"><span class='ocrx_word' id='word_1_73' title='bbox 228 485 411 514; x_wconf 82' lang='lat' dir='ltr'>cherrimum</span> <span class='ocrx_word' id='word_1_74' title='bbox 423 485 459 505; x_wconf 86' lang='lat' dir='ltr'>ex</span> <span class='ocrx_word' id='word_1_75' title='bbox 467 483 571 504; x_wconf 89' lang='lat' dir='ltr'>eorum</span> <span class='ocrx_word' id='word_1_76' title='bbox 584 477 743 509; x_wconf 86' lang='lat' dir='ltr'>corporum</span> <span class='ocrx_word' id='word_1_77' title='bbox 752 464 946 498; x_wconf 89' lang='lat' dir='ltr'>concursione</span> <span class='ocrx_word' id='word_1_78' title='bbox 957 463 1079 495; x_wconf 83' lang='lat' dir='ltr'>fortuita</span> <span class='ocrx_word' id='word_1_79' title='bbox 1090 467 1100 493; x_wconf 73' lang='grc' dir='ltr'><strong><em>ἓ</em></strong></span> <span class='ocrx_word' id='word_1_80' title='bbox 1112 466 1180 494; x_wconf 89' lang='lat' dir='ltr'>Hoc</span> 
     </span>
     <span class='ocr_line' id='line_1_11' title="bbox 229 505 1180 565; baseline -0.023 -12"><span class='ocrx_word' id='word_1_81' title='bbox 229 534 282 565; x_wconf 84' lang='lat' dir='ltr'>qui</span> <span class='ocrx_word' id='word_1_82' title='bbox 295 519 446 551; x_wconf 85' lang='lat' dir='ltr'>existimat</span> <span class='ocrx_word' id='word_1_83' title='bbox 464 514 525 545; x_wconf 89' lang='lat' dir='ltr'>fieri</span> <span class='ocrx_word' id='word_1_84' title='bbox 539 510 664 554; x_wconf 73' lang='lat' dir='ltr'>potuisse</span> <span class='ocrx_word' id='word_1_85' title='bbox 676 531 686 544; x_wconf 82' lang='lat'>‚</span> <span class='ocrx_word' id='word_1_86' title='bbox 703 519 766 540; x_wconf 90' lang='lat' dir='ltr'>non</span> <span class='ocrx_word' id='word_1_87' title='bbox 780 508 918 551; x_wconf 82' lang='lat' dir='ltr'>intelligo</span> <span class='ocrx_word' id='word_1_88' title='bbox 929 527 939 539; x_wconf 91' lang='lat'>,</span> <span class='ocrx_word' id='word_1_89' title='bbox 955 515 1007 536; x_wconf 86' lang='lat' dir='ltr'>cur</span> <span class='ocrx_word' id='word_1_90' title='bbox 1043 514 1083 535; x_wconf 85' lang='lat' dir='ltr'>on</span> <span class='ocrx_word' id='word_1_91' title='bbox 1098 505 1180 536; x_wconf 77' lang='lat' dir='ltr'>idem</span> 
     </span>
     <span class='ocr_line' id='line_1_12' title="bbox 229 550 1180 605; baseline -0.02 -11"><span class='ocrx_word' id='word_1_92' title='bbox 229 572 313 605; x_wconf 86' lang='lat' dir='ltr'>putet</span> <span class='ocrx_word' id='word_1_93' title='bbox 322 582 330 596; x_wconf 89' lang='lat'>,</span> <span class='ocrx_word' id='word_1_94' title='bbox 344 560 362 590; x_wconf 88' lang='lat' dir='ltr'>si</span> <span class='ocrx_word' id='word_1_95' title='bbox 374 556 607 589; x_wconf 89' lang='lat' dir='ltr'>innumerabiles</span> <span class='ocrx_word' id='word_1_96' title='bbox 618 554 706 583; x_wconf 90' lang='lat' dir='ltr'>unius</span> <span class='ocrx_word' id='word_1_97' title='bbox 717 572 726 585; x_wconf 93' lang='lat'>‚</span> <span class='ocrx_word' id='word_1_98' title='bbox 737 550 770 581; x_wconf 91' lang='lat'>&amp;</span> <span class='ocrx_word' id='word_1_99' title='bbox 782 551 889 591; x_wconf 86' lang='lat' dir='ltr'>viginti</span> <span class='ocrx_word' id='word_1_100' title='bbox 900 550 1007 578; x_wconf 75' lang='lat' dir='ltr'>iormae</span> <span class='ocrx_word' id='word_1_101' title='bbox 1030 550 1180 592; x_wconf 70' lang='lat' dir='ltr'>itterarum</span> 
     </span>
     <span class='ocr_line' id='line_1_13' title="bbox 230 587 1183 638; baseline -0.019 -3"><span class='ocrx_word' id='word_1_102' title='bbox 230 606 278 636; x_wconf 87' lang='lat' dir='ltr'>vel</span> <span class='ocrx_word' id='word_1_103' title='bbox 289 612 379 635; x_wconf 74' lang='lat' dir='ltr'>aurea:</span> <span class='ocrx_word' id='word_1_104' title='bbox 392 621 400 635; x_wconf 86' lang='lat'>,</span> <span class='ocrx_word' id='word_1_105' title='bbox 419 600 466 630; x_wconf 88' lang='lat' dir='ltr'>vel</span> <span class='ocrx_word' id='word_1_106' title='bbox 477 597 577 638; x_wconf 85' lang='lat' dir='ltr'>quales</span> <span class='ocrx_word' id='word_1_107' title='bbox 588 596 680 627; x_wconf 88' lang='lat' dir='ltr'>libet,</span> <span class='ocrx_word' id='word_1_108' title='bbox 701 590 803 633; x_wconf 76' lang='lat' dir='ltr'>aliquo</span> <span class='ocrx_word' id='word_1_109' title='bbox 816 592 1034 630; x_wconf 76' lang='lat' dir='ltr'>conjiciantur,</span> <span class='ocrx_word' id='word_1_110' title='bbox 1054 587 1135 628; x_wconf 86' lang='lat' dir='ltr'>pofle</span> <span class='ocrx_word' id='word_1_111' title='bbox 1145 597 1183 618; x_wconf 85' lang='lat' dir='ltr'>ex</span> 
     </span>
     <span class='ocr_line' id='line_1_14' title="bbox 233 630 1184 678; baseline -0.02 0"><span class='ocrx_word' id='word_1_112' title='bbox 233 650 281 678; x_wconf 77' lang='lat' dir='ltr'>his</span> <span class='ocrx_word' id='word_1_113' title='bbox 295 649 441 676; x_wconf 83' lang='lat' dir='ltr'>interram</span> <span class='ocrx_word' id='word_1_114' title='bbox 454 637 575 669; x_wconf 83' lang='lat' dir='ltr'>excuffis</span> <span class='ocrx_word' id='word_1_115' title='bbox 585 636 717 667; x_wconf 85' lang='lat' dir='ltr'>annalcis</span> <span class='ocrx_word' id='word_1_116' title='bbox 729 634 842 665; x_wconf 84' lang='lat' dir='ltr'>Ennii,</span> <span class='ocrx_word' id='word_1_117' title='bbox 856 641 888 662; x_wconf 89' lang='lat' dir='ltr'>ut</span> <span class='ocrx_word' id='word_1_118' title='bbox 898 631 1038 671; x_wconf 81' lang='lat' dir='ltr'>deinceps</span> <span class='ocrx_word' id='word_1_119' title='bbox 1049 632 1104 672; x_wconf 85' lang='lat' dir='ltr'>legi</span> <span class='ocrx_word' id='word_1_120' title='bbox 1114 630 1184 670; x_wconf 90' lang='lat' dir='ltr'>pos-</span> 
     </span>
     <span class='ocr_line' id='line_1_15' title="bbox 238 669 1185 722; baseline -0.018 -5"><span class='ocrx_word' id='word_1_121' title='bbox 238 688 313 720; x_wconf 87' lang='lat' dir='ltr'>sint,</span> <span class='ocrx_word' id='word_1_122' title='bbox 333 683 423 715; x_wconf 81' lang='lat' dir='ltr'>effici:</span> <span class='ocrx_word' id='word_1_123' title='bbox 446 680 526 722; x_wconf 89' lang='lat' dir='ltr'>quod</span> <span class='ocrx_word' id='word_1_124' title='bbox 538 679 639 708; x_wconf 87' lang='lat' dir='ltr'>nescio</span> <span class='ocrx_word' id='word_1_125' title='bbox 651 687 688 707; x_wconf 88' lang='lat' dir='ltr'>an</span> <span class='ocrx_word' id='word_1_126' title='bbox 702 685 740 706; x_wconf 90' lang='lat' dir='ltr'>ne</span> <span class='ocrx_word' id='word_1_127' title='bbox 754 677 785 705; x_wconf 87' lang='lat' dir='ltr'>in</span> <span class='ocrx_word' id='word_1_128' title='bbox 798 683 860 704; x_wconf 93' lang='lat' dir='ltr'>uno</span> <span class='ocrx_word' id='word_1_129' title='bbox 870 672 994 714; x_wconf 84' lang='lat' dir='ltr'>quidem</span> <span class='ocrx_word' id='word_1_130' title='bbox 1005 673 1088 702; x_wconf 81' lang='lat' dir='ltr'>versu</span> <span class='ocrx_word' id='word_1_131' title='bbox 1100 669 1185 717; x_wconf 73' lang='lat' dir='ltr'>poss‘it</span> 
     </span>
     <span class='ocr_line' id='line_1_16' title="bbox 231 714 1185 763; baseline -0.018 -4"><span class='ocrx_word' id='word_1_132' title='bbox 231 737 346 763; x_wconf 84' lang='lat' dir='ltr'>tantum</span> <span class='ocrx_word' id='word_1_133' title='bbox 359 725 453 755; x_wconf 86' lang='lat' dir='ltr'>valere</span> <span class='ocrx_word' id='word_1_134' title='bbox 462 722 590 752; x_wconf 73' lang='lat' dir='ltr'>fortuna.</span> <span class='ocrx_word' id='word_1_135' title='bbox 614 718 665 749; x_wconf 88' lang='lat' dir='ltr'>Isti</span> <span class='ocrx_word' id='word_1_136' title='bbox 683 726 782 748; x_wconf 89' lang='lat' dir='ltr'>autem</span> <span class='ocrx_word' id='word_1_137' title='bbox 797 714 1056 757; x_wconf 85' lang='lat' dir='ltr'>quemadmodum</span> <span class='ocrx_word' id='word_1_138' title='bbox 1072 714 1185 743; x_wconf 86' lang='lat' dir='ltr'>asseve-</span> 
     </span>
     <span class='ocr_line' id='line_1_17' title="bbox 235 756 1184 804; baseline -0.02 -3"><span class='ocrx_word' id='word_1_139' title='bbox 235 779 309 803; x_wconf 86' lang='lat' dir='ltr'>rant,</span> <span class='ocrx_word' id='word_1_140' title='bbox 323 777 358 797; x_wconf 86' lang='lat' dir='ltr'>ex</span> <span class='ocrx_word' id='word_1_141' title='bbox 369 763 548 804; x_wconf 73' lang='lat' dir='ltr'>corpusculis</span> <span class='ocrx_word' id='word_1_142' title='bbox 558 771 622 792; x_wconf 90' lang='lat' dir='ltr'>non</span> <span class='ocrx_word' id='word_1_143' title='bbox 633 760 745 792; x_wconf 84' lang='lat' dir='ltr'>colore,</span> <span class='ocrx_word' id='word_1_144' title='bbox 756 767 818 788; x_wconf 89' lang='lat' dir='ltr'>non</span> <span class='ocrx_word' id='word_1_145' title='bbox 829 757 969 797; x_wconf 81' lang='lat' dir='ltr'>qualitate</span> <span class='ocrx_word' id='word_1_146' title='bbox 977 756 1086 796; x_wconf 86' lang='lat' dir='ltr'>aliqua,</span> <span class='ocrx_word' id='word_1_147' title='bbox 1097 764 1184 800; x_wconf 84' lang='lat' dir='ltr'>quam</span> 
     </span>
     <span class='ocr_line' id='line_1_18' title="bbox 237 797 1189 842; baseline -0.017 -3"><span class='ocrx_word' id='word_1_148' title='bbox 237 810 344 842; x_wconf 62' lang='grc' dir='ltr'>ποητηζζι</span> <span class='ocrx_word' id='word_1_149' title='bbox 354 807 449 837; x_wconf 79' lang='lat' dir='ltr'>Graeci</span> <span class='ocrx_word' id='word_1_150' title='bbox 460 813 567 835; x_wconf 86' lang='lat' dir='ltr'>vocant</span> <span class='ocrx_word' id='word_1_151' title='bbox 579 823 588 837; x_wconf 91' lang='lat'><strong>,</strong></span> <span class='ocrx_word' id='word_1_152' title='bbox 605 811 668 833; x_wconf 89' lang='lat' dir='ltr'>non</span> <span class='ocrx_word' id='word_1_153' title='bbox 680 801 761 831; x_wconf 88' lang='lat' dir='ltr'>sensu</span> <span class='ocrx_word' id='word_1_154' title='bbox 774 799 905 839; x_wconf 82' lang='lat' dir='ltr'>praeditis</span> <span class='ocrx_word' id='word_1_155' title='bbox 916 817 925 831; x_wconf 92' lang='lat'><em>‚</em></span> <span class='ocrx_word' id='word_1_156' title='bbox 943 797 992 827; x_wconf 87' lang='lat' dir='ltr'>sed</span> <span class='ocrx_word' id='word_1_157' title='bbox 1003 804 1189 826; x_wconf 71' lang='lat' dir='ltr'>concurrente-</span> 
     </span>
     <span class='ocr_line' id='line_1_19' title="bbox 235 838 1191 887; baseline -0.014 -8"><span class='ocrx_word' id='word_1_158' title='bbox 235 851 285 881; x_wconf 60' lang='grc' dir='ltr'>ιω</span> <span class='ocrx_word' id='word_1_159' title='bbox 303 848 415 880; x_wconf 65' lang='lat' dir='ltr'>temeri,</span> <span class='ocrx_word' id='word_1_160' title='bbox 437 856 524 887; x_wconf 87' lang='lat' dir='ltr'>atque</span> <span class='ocrx_word' id='word_1_161' title='bbox 538 845 603 875; x_wconf 83' lang='lat' dir='ltr'>casu</span> <span class='ocrx_word' id='word_1_162' title='bbox 615 864 624 877; x_wconf 90' lang='lat'>,</span> <span class='ocrx_word' id='word_1_163' title='bbox 647 842 797 873; x_wconf 89' lang='lat' dir='ltr'>mundum</span> <span class='ocrx_word' id='word_1_164' title='bbox 807 839 866 870; x_wconf 81' lang='lat' dir='ltr'>effe</span> <span class='ocrx_word' id='word_1_165' title='bbox 876 838 1065 880; x_wconf 60' lang='lat' dir='ltr'>perfefitum?</span> <span class='ocrx_word' id='word_1_166' title='bbox 1082 839 1132 868; x_wconf 89' lang='lat' dir='ltr'>vel</span> <span class='ocrx_word' id='word_1_167' title='bbox 1144 840 1191 867; x_wconf 75' lang='lat' dir='ltr'>in-</span> 
     </span>
     <span class='ocr_line' id='line_1_20' title="bbox 234 879 1189 929; baseline -0.013 -7"><span class='ocrx_word' id='word_1_168' title='bbox 234 890 449 923; x_wconf 83' lang='lat' dir='ltr'>numerabileis</span> <span class='ocrx_word' id='word_1_169' title='bbox 462 886 564 929; x_wconf 77' lang='lat' dir='ltr'>potius</span> <span class='ocrx_word' id='word_1_170' title='bbox 579 888 611 915; x_wconf 92' lang='lat' dir='ltr'>in</span> <span class='ocrx_word' id='word_1_171' title='bbox 626 886 713 915; x_wconf 88' lang='lat' dir='ltr'>omni</span> <span class='ocrx_word' id='word_1_172' title='bbox 727 881 841 923; x_wconf 62' lang='lat' dir='ltr'>punsto</span> <span class='ocrx_word' id='word_1_173' title='bbox 854 883 998 920; x_wconf 82' lang='lat' dir='ltr'>temporis</span> <span class='ocrx_word' id='word_1_174' title='bbox 1012 881 1088 910; x_wconf 88' lang='lat' dir='ltr'>alios</span> <span class='ocrx_word' id='word_1_175' title='bbox 1100 879 1189 910; x_wconf 71' lang='lat' dir='ltr'>nasci,</span> 
     </span>
     <span class='ocr_line' id='line_1_21' title="bbox 232 921 1192 969; baseline -0.014 -6"><span class='ocrx_word' id='word_1_176' title='bbox 232 935 306 964; x_wconf 84' lang='lat' dir='ltr'>alios</span> <span class='ocrx_word' id='word_1_177' title='bbox 320 933 462 963; x_wconf 83' lang='lat' dir='ltr'>interire?</span> <span class='ocrx_word' id='word_1_178' title='bbox 485 927 575 969; x_wconf 74' lang='lat' dir='ltr'>Qod</span> <span class='ocrx_word' id='word_1_179' title='bbox 596 925 616 956; x_wconf 83' lang='lat' dir='ltr'>fi</span> <span class='ocrx_word' id='word_1_180' title='bbox 635 925 784 956; x_wconf 83' lang='lat' dir='ltr'>mundum</span> <span class='ocrx_word' id='word_1_181' title='bbox 799 922 915 953; x_wconf 82' lang='lat' dir='ltr'>efficere</span> <span class='ocrx_word' id='word_1_182' title='bbox 927 921 1022 962; x_wconf 82' lang='lat' dir='ltr'>potest</span> <span class='ocrx_word' id='word_1_183' title='bbox 1033 921 1192 952; x_wconf 85' lang='lat' dir='ltr'>concursus</span> 
     </span>
     <span class='ocr_line' id='line_1_22' title="bbox 235 963 1193 1010; baseline -0.015 -5"><span class='ocrx_word' id='word_1_184' title='bbox 235 982 409 1005; x_wconf 77' lang='lat' dir='ltr'>atomorum</span> <span class='ocrx_word' id='word_1_185' title='bbox 418 991 426 1005; x_wconf 84' lang='lat'>‚</span> <span class='ocrx_word' id='word_1_186' title='bbox 437 981 489 1002; x_wconf 77' lang='lat' dir='ltr'>cur</span> <span class='ocrx_word' id='word_1_187' title='bbox 497 971 648 1010; x_wconf 87' lang='lat' dir='ltr'>porticum</span> <span class='ocrx_word' id='word_1_188' title='bbox 659 987 668 1001; x_wconf 85' lang='lat'>‚</span> <span class='ocrx_word' id='word_1_189' title='bbox 679 977 730 997; x_wconf 88' lang='lat' dir='ltr'>cur</span> <span class='ocrx_word' id='word_1_190' title='bbox 740 966 890 1005; x_wconf 77' lang='lat' dir='ltr'>templum</span> <span class='ocrx_word' id='word_1_191' title='bbox 898 984 908 998; x_wconf 90' lang='lat'><strong>,</strong></span> <span class='ocrx_word' id='word_1_192' title='bbox 919 974 970 994; x_wconf 87' lang='lat' dir='ltr'>cur</span> <span class='ocrx_word' id='word_1_193' title='bbox 981 963 1108 994; x_wconf 87' lang='lat' dir='ltr'>domum</span> <span class='ocrx_word' id='word_1_194' title='bbox 1121 983 1130 995; x_wconf 94' lang='lat'>‚</span> <span class='ocrx_word' id='word_1_195' title='bbox 1141 970 1193 992; x_wconf 87' lang='lat' dir='ltr'>cur</span> 
     </span>
     <span class='ocr_line' id='line_1_23' title="bbox 234 1005 1193 1053; baseline -0.015 -6"><span class='ocrx_word' id='word_1_196' title='bbox 234 1016 339 1047; x_wconf 84' lang='lat' dir='ltr'>urbem</span> <span class='ocrx_word' id='word_1_197' title='bbox 350 1024 412 1045; x_wconf 90' lang='lat' dir='ltr'>non</span> <span class='ocrx_word' id='word_1_198' title='bbox 425 1011 519 1053; x_wconf 81' lang='lat' dir='ltr'>potest</span> <span class='ocrx_word' id='word_1_199' title='bbox 531 1014 542 1040; x_wconf 90' lang='lat'><strong>?</strong></span> <span class='ocrx_word' id='word_1_200' title='bbox 554 1020 620 1051; x_wconf 85' lang='lat' dir='ltr'>quae</span> <span class='ocrx_word' id='word_1_201' title='bbox 630 1010 698 1040; x_wconf 90' lang='lat' dir='ltr'>sunt</span> <span class='ocrx_word' id='word_1_202' title='bbox 708 1007 811 1037; x_wconf 81' lang='lat' dir='ltr'>minus</span> <span class='ocrx_word' id='word_1_203' title='bbox 821 1006 943 1046; x_wconf 91' lang='lat' dir='ltr'>operosa</span> <span class='ocrx_word' id='word_1_204' title='bbox 953 1025 961 1039; x_wconf 92' lang='lat'><em>‚</em></span> <span class='ocrx_word' id='word_1_205' title='bbox 975 1005 1117 1050; x_wconf 67' lang='lat' dir='ltr'>&amp;inulto</span> <span class='ocrx_word' id='word_1_206' title='bbox 1128 1006 1193 1044; x_wconf 82' lang='lat' dir='ltr'>qui-</span> 
     </span>
     <span class='ocr_line' id='line_1_24' title="bbox 234 1045 1192 1088; baseline -0.014 0"><span class='ocrx_word' id='word_1_207' title='bbox 234 1057 306 1088; x_wconf 91' lang='lat' dir='ltr'>dem</span> <span class='ocrx_word' id='word_1_208' title='bbox 323 1055 468 1087; x_wconf 78' lang='lat' dir='ltr'>faciliora.</span> <span class='ocrx_word' id='word_1_209' title='bbox 491 1056 576 1084; x_wconf 76' lang='lat' dir='ltr'>Certe</span> <span class='ocrx_word' id='word_1_210' title='bbox 595 1053 636 1082; x_wconf 80' lang='lat' dir='ltr'>ita</span> <span class='ocrx_word' id='word_1_211' title='bbox 656 1050 770 1081; x_wconf 76' lang='lat' dir='ltr'>temere</span> <span class='ocrx_word' id='word_1_212' title='bbox 786 1049 823 1079; x_wconf 83' lang='lat' dir='ltr'>de</span> <span class='ocrx_word' id='word_1_213' title='bbox 841 1046 959 1077; x_wconf 85' lang='lat' dir='ltr'>mundo</span> <span class='ocrx_word' id='word_1_214' title='bbox 978 1045 1119 1077; x_wconf 71' lang='lat' dir='ltr'>effutiunt</span> <span class='ocrx_word' id='word_1_215' title='bbox 1131 1065 1138 1079; x_wconf 90' lang='lat'>‚</span> <span class='ocrx_word' id='word_1_216' title='bbox 1160 1055 1192 1076; x_wconf 91' lang='lat' dir='ltr'>ut</span> 
     </span>
     <span class='ocr_line' id='line_1_25' title="bbox 238 1089 1192 1138; baseline -0.016 -9"><span class='ocrx_word' id='word_1_217' title='bbox 238 1099 317 1129; x_wconf 88' lang='lat' dir='ltr'>mihi</span> <span class='ocrx_word' id='word_1_218' title='bbox 335 1097 460 1138; x_wconf 89' lang='lat' dir='ltr'>quidem</span> <span class='ocrx_word' id='word_1_219' title='bbox 479 1103 647 1134; x_wconf 86' lang='lat' dir='ltr'>numquam</span> <span class='ocrx_word' id='word_1_220' title='bbox 656 1092 736 1122; x_wconf 87' lang='lat' dir='ltr'>hunc</span> <span class='ocrx_word' id='word_1_221' title='bbox 753 1089 962 1120; x_wconf 87' lang='lat' dir='ltr'>admirabilem</span> <span class='ocrx_word' id='word_1_222' title='bbox 983 1089 1192 1121; x_wconf 75' lang='lat' dir='ltr'>caesiornatum,</span> 
     </span>
     <span class='ocr_line' id='line_1_26' title="bbox 235 1129 1193 1181; baseline -0.014 -10"><span class='ocrx_word' id='word_1_223' title='bbox 235 1141 288 1181; x_wconf 86' lang='lat' dir='ltr'>qui</span> <span class='ocrx_word' id='word_1_224' title='bbox 299 1140 382 1170; x_wconf 88' lang='lat' dir='ltr'>locus</span> <span class='ocrx_word' id='word_1_225' title='bbox 390 1136 432 1168; x_wconf 84' lang='lat' dir='ltr'>est</span> <span class='ocrx_word' id='word_1_226' title='bbox 439 1138 600 1178; x_wconf 86' lang='lat' dir='ltr'>proximus</span> <span class='ocrx_word' id='word_1_227' title='bbox 611 1153 619 1168; x_wconf 90' lang='lat'>‚</span> <span class='ocrx_word' id='word_1_228' title='bbox 636 1130 795 1173; x_wconf 77' lang='lat' dir='ltr'>suspexisse</span> <span class='ocrx_word' id='word_1_229' title='bbox 805 1130 970 1162; x_wconf 88' lang='lat' dir='ltr'>videantur.</span> <span class='ocrx_word' id='word_1_230' title='bbox 994 1129 1135 1161; x_wconf 68' lang='lat' dir='ltr'>Praeclare</span> <span class='ocrx_word' id='word_1_231' title='bbox 1147 1139 1193 1158; x_wconf 84' lang='lat' dir='ltr'>er-</span> 
     </span>
     <span class='ocr_line' id='line_1_27' title="bbox 235 1171 1192 1223; baseline -0.014 -11"><span class='ocrx_word' id='word_1_232' title='bbox 235 1191 274 1223; x_wconf 86' lang='lat' dir='ltr'>go</span> <span class='ocrx_word' id='word_1_233' title='bbox 290 1179 478 1212; x_wconf 85' lang='lat' dir='ltr'>Aristoteles,</span> <span class='ocrx_word' id='word_1_234' title='bbox 502 1187 515 1208; x_wconf 91' lang='lat' dir='ltr'>s</span> <span class='ocrx_word' id='word_1_235' title='bbox 527 1188 538 1207; x_wconf 88' lang='lat' dir='ltr'>i</span> <span class='ocrx_word' id='word_1_236' title='bbox 563 1186 604 1207; x_wconf 89' lang='lat' dir='ltr'>r-:s</span> <span class='ocrx_word' id='word_1_237' title='bbox 615 1185 734 1208; x_wconf 68' lang='lat' dir='ltr'>snut,</span> <span class='ocrx_word' id='word_1_238' title='bbox 751 1175 867 1214; x_wconf 88' lang='lat' dir='ltr'>inquit,</span> <span class='ocrx_word' id='word_1_239' title='bbox 887 1173 941 1212; x_wconf 90' lang='lat' dir='ltr'>qui</span> <span class='ocrx_word' id='word_1_240' title='bbox 955 1171 1007 1201; x_wconf 92' lang='lat' dir='ltr'>sub</span> <span class='ocrx_word' id='word_1_241' title='bbox 1023 1180 1097 1217; x_wconf 79' lang='lat' dir='ltr'>terra</span> <span class='ocrx_word' id='word_1_242' title='bbox 1112 1171 1192 1201; x_wconf 84' lang='lat' dir='ltr'>sem-</span> 
     </span>
     <span class='ocr_line' id='line_1_28' title="bbox 236 1213 1193 1263; baseline -0.014 -10"><span class='ocrx_word' id='word_1_243' title='bbox 236 1232 289 1263; x_wconf 87' lang='lat' dir='ltr'>per</span> <span class='ocrx_word' id='word_1_244' title='bbox 309 1218 518 1252; x_wconf 78' lang='lat' dir='ltr'>habitavissent</span> <span class='ocrx_word' id='word_1_245' title='bbox 529 1238 537 1253; x_wconf 89' lang='lat'>‚</span> <span class='ocrx_word' id='word_1_246' title='bbox 555 1218 645 1248; x_wconf 90' lang='lat' dir='ltr'>bonis</span> <span class='ocrx_word' id='word_1_247' title='bbox 656 1237 665 1251; x_wconf 86' lang='lat'>‚</span> <span class='ocrx_word' id='word_1_248' title='bbox 685 1216 718 1246; x_wconf 90' lang='lat'>&amp;</span> <span class='ocrx_word' id='word_1_249' title='bbox 734 1214 902 1247; x_wconf 84' lang='lat' dir='ltr'>illustribus</span> <span class='ocrx_word' id='word_1_250' title='bbox 919 1213 1107 1245; x_wconf 76' lang='lat' dir='ltr'>domiciliis,</span> <span class='ocrx_word' id='word_1_251' title='bbox 1127 1222 1193 1252; x_wconf 83' lang='lat' dir='ltr'>quae</span> 
     </span>
     <span class='ocr_line' id='line_1_29' title="bbox 236 1253 1195 1302; baseline -0.013 -7"><span class='ocrx_word' id='word_1_252' title='bbox 236 1263 333 1295; x_wconf 74' lang='lat' dir='ltr'>ess‘ent</span> <span class='ocrx_word' id='word_1_253' title='bbox 345 1271 445 1294; x_wconf 80' lang='lat' dir='ltr'>ornata</span> <span class='ocrx_word' id='word_1_254' title='bbox 458 1260 546 1302; x_wconf 86' lang='lat' dir='ltr'>fignis</span> <span class='ocrx_word' id='word_1_255' title='bbox 559 1279 568 1294; x_wconf 89' lang='lat'>,</span> <span class='ocrx_word' id='word_1_256' title='bbox 586 1269 672 1300; x_wconf 89' lang='lat' dir='ltr'>atque</span> <span class='ocrx_word' id='word_1_257' title='bbox 681 1256 806 1298; x_wconf 62' lang='lat' dir='ltr'>pifiuris</span> <span class='ocrx_word' id='word_1_258' title='bbox 815 1276 824 1290; x_wconf 90' lang='lat'><strong>,</strong></span> <span class='ocrx_word' id='word_1_259' title='bbox 845 1253 1045 1294; x_wconf 70' lang='lat' dir='ltr'>instm&amp;aque</span> <span class='ocrx_word' id='word_1_260' title='bbox 1058 1253 1146 1285; x_wconf 88' lang='lat' dir='ltr'>rebus</span> <span class='ocrx_word' id='word_1_261' title='bbox 1159 1256 1195 1283; x_wconf 88' lang='lat' dir='ltr'>iis</span> 
     </span>
     <span class='ocr_line' id='line_1_30' title="bbox 236 1297 1195 1343; baseline -0.014 -7"><span class='ocrx_word' id='word_1_262' title='bbox 236 1305 386 1337; x_wconf 83' lang='lat' dir='ltr'>omnibus</span> <span class='ocrx_word' id='word_1_263' title='bbox 396 1324 404 1337; x_wconf 86' lang='lat'>,</span> <span class='ocrx_word' id='word_1_264' title='bbox 420 1304 530 1343; x_wconf 81' lang='lat' dir='ltr'>quibus</span> <span class='ocrx_word' id='word_1_265' title='bbox 539 1300 722 1332; x_wconf 88' lang='lat' dir='ltr'>abundantii</span> <span class='ocrx_word' id='word_1_266' title='bbox 734 1318 742 1332; x_wconf 92' lang='lat'>,</span> <span class='ocrx_word' id='word_1_267' title='bbox 761 1299 813 1339; x_wconf 88' lang='lat' dir='ltr'>qui</span> <span class='ocrx_word' id='word_1_268' title='bbox 823 1297 901 1327; x_wconf 89' lang='lat' dir='ltr'>beati</span> <span class='ocrx_word' id='word_1_269' title='bbox 912 1304 1053 1341; x_wconf 71' lang='lat' dir='ltr'>putantur</span> <span class='ocrx_word' id='word_1_270' title='bbox 1065 1314 1074 1328; x_wconf 85' lang='lat'>‚</span> <span class='ocrx_word' id='word_1_271' title='bbox 1089 1305 1144 1325; x_wconf 89' lang='lat' dir='ltr'>nec</span> <span class='ocrx_word' id='word_1_272' title='bbox 1153 1304 1195 1325; x_wconf 86' lang='lat' dir='ltr'>ta-</span> 
     </span>
     <span class='ocr_line' id='line_1_31' title="bbox 241 1335 1197 1384; baseline -0.012 -6"><span class='ocrx_word' id='word_1_273' title='bbox 241 1356 313 1378; x_wconf 86' lang='lat' dir='ltr'>men</span> <span class='ocrx_word' id='word_1_274' title='bbox 323 1344 451 1377; x_wconf 74' lang='lat' dir='ltr'>exissent</span> <span class='ocrx_word' id='word_1_275' title='bbox 461 1352 608 1384; x_wconf 87' lang='lat' dir='ltr'>umquam</span> <span class='ocrx_word' id='word_1_276' title='bbox 618 1342 701 1382; x_wconf 87' lang='lat' dir='ltr'>supra</span> <span class='ocrx_word' id='word_1_277' title='bbox 709 1349 816 1371; x_wconf 86' lang='lat' dir='ltr'>terram</span> <span class='ocrx_word' id='word_1_278' title='bbox 828 1349 834 1368; x_wconf 78' lang='lat'>2</span> <span class='ocrx_word' id='word_1_279' title='bbox 853 1336 1028 1378; x_wconf 83' lang='lat' dir='ltr'>accepissent</span> <span class='ocrx_word' id='word_1_280' title='bbox 1041 1345 1143 1366; x_wconf 84' lang='lat' dir='ltr'>autem</span> <span class='ocrx_word' id='word_1_281' title='bbox 1152 1335 1197 1368; x_wconf 86' lang='lat' dir='ltr'>fa-</span> 
     </span>
     <span class='ocr_line' id='line_1_32' title="bbox 241 1377 1195 1426; baseline -0.014 -6"><span class='ocrx_word' id='word_1_282' title='bbox 241 1399 292 1419; x_wconf 89' lang='lat' dir='ltr'>ma</span> <span class='ocrx_word' id='word_1_283' title='bbox 303 1409 310 1422; x_wconf 88' lang='lat'>‚</span> <span class='ocrx_word' id='word_1_284' title='bbox 328 1388 360 1418; x_wconf 70' lang='grc' dir='ltr'>ὃ(</span> <span class='ocrx_word' id='word_1_285' title='bbox 369 1386 523 1418; x_wconf 81' lang='lat' dir='ltr'>auditione</span> <span class='ocrx_word' id='word_1_286' title='bbox 535 1404 544 1419; x_wconf 92' lang='lat'><strong>,</strong></span> <span class='ocrx_word' id='word_1_287' title='bbox 561 1383 618 1415; x_wconf 82' lang='lat' dir='ltr'>effe</span> <span class='ocrx_word' id='word_1_288' title='bbox 627 1381 781 1426; x_wconf 85' lang='lat' dir='ltr'>quoddam</span> <span class='ocrx_word' id='word_1_289' title='bbox 791 1389 908 1411; x_wconf 88' lang='lat' dir='ltr'>numen</span> <span class='ocrx_word' id='word_1_290' title='bbox 918 1399 927 1414; x_wconf 91' lang='lat'>,</span> <span class='ocrx_word' id='word_1_291' title='bbox 939 1378 972 1409; x_wconf 70' lang='grc' dir='ltr'>ὃς</span> <span class='ocrx_word' id='word_1_292' title='bbox 982 1380 1046 1408; x_wconf 86' lang='lat' dir='ltr'>vim</span> <span class='ocrx_word' id='word_1_293' title='bbox 1056 1377 1195 1409; x_wconf 87' lang='lat' dir='ltr'>deorum:</span> 
     </span>
     <span class='ocr_line' id='line_1_33' title="bbox 240 1420 1196 1469; baseline -0.014 -8"><span class='ocrx_word' id='word_1_294' title='bbox 240 1430 351 1461; x_wconf 91' lang='lat' dir='ltr'>deinde</span> <span class='ocrx_word' id='word_1_295' title='bbox 361 1430 464 1469; x_wconf 91' lang='lat' dir='ltr'>aliquo</span> <span class='ocrx_word' id='word_1_296' title='bbox 475 1436 628 1467; x_wconf 86' lang='lat' dir='ltr'>tempore,</span> <span class='ocrx_word' id='word_1_297' title='bbox 651 1423 804 1465; x_wconf 64' lang='lat' dir='ltr'>patefaetis</span> <span class='ocrx_word' id='word_1_298' title='bbox 815 1431 898 1453; x_wconf 76' lang='lat' dir='ltr'>terrae</span> <span class='ocrx_word' id='word_1_299' title='bbox 912 1420 1058 1454; x_wconf 86' lang='lat' dir='ltr'>faucibus,</span> <span class='ocrx_word' id='word_1_300' title='bbox 1079 1429 1119 1450; x_wconf 89' lang='lat' dir='ltr'>ex</span> <span class='ocrx_word' id='word_1_301' title='bbox 1134 1420 1196 1449; x_wconf 84' lang='lat' dir='ltr'>illis</span> 
     </span>
     <span class='ocr_line' id='line_1_34' title="bbox 240 1462 1198 1504; baseline -0.01 -2"><span class='ocrx_word' id='word_1_302' title='bbox 240 1471 351 1502; x_wconf 79' lang='lat' dir='ltr'>abditis</span> <span class='ocrx_word' id='word_1_303' title='bbox 367 1469 487 1501; x_wconf 87' lang='lat' dir='ltr'>sedibus</span> <span class='ocrx_word' id='word_1_304' title='bbox 502 1468 625 1499; x_wconf 86' lang='lat' dir='ltr'>evadere</span> <span class='ocrx_word' id='word_1_305' title='bbox 641 1473 673 1496; x_wconf 85' lang='lat' dir='ltr'>in</span> <span class='ocrx_word' id='word_1_306' title='bbox 691 1468 753 1496; x_wconf 87' lang='lat' dir='ltr'>haec</span> <span class='ocrx_word' id='word_1_307' title='bbox 765 1465 849 1498; x_wconf 85' lang='lat' dir='ltr'>loca,</span> <span class='ocrx_word' id='word_1_308' title='bbox 867 1472 933 1504; x_wconf 86' lang='lat' dir='ltr'>quae</span> <span class='ocrx_word' id='word_1_309' title='bbox 943 1471 999 1492; x_wconf 92' lang='lat' dir='ltr'>nos</span> <span class='ocrx_word' id='word_1_310' title='bbox 1019 1462 1198 1495; x_wconf 81' lang='lat' dir='ltr'>incolimus,</span> 
     </span>
     <span class='ocr_line' id='line_1_35' title="bbox 241 1503 1199 1552; baseline -0.01 -10"><span class='ocrx_word' id='word_1_311' title='bbox 241 1522 328 1552; x_wconf 83' lang='lat' dir='ltr'>atque</span> <span class='ocrx_word' id='word_1_312' title='bbox 339 1513 421 1542; x_wconf 86' lang='lat' dir='ltr'>exire</span> <span class='ocrx_word' id='word_1_313' title='bbox 431 1508 594 1550; x_wconf 79' lang='lat' dir='ltr'>potuissent</span> <span class='ocrx_word' id='word_1_314' title='bbox 608 1507 696 1538; x_wconf 75' lang='lat' dir='ltr'>:cum</span> <span class='ocrx_word' id='word_1_315' title='bbox 707 1505 828 1546; x_wconf 73' lang='lat' dir='ltr'>repente</span> <span class='ocrx_word' id='word_1_316' title='bbox 838 1514 945 1535; x_wconf 85' lang='lat' dir='ltr'>terram</span> <span class='ocrx_word' id='word_1_317' title='bbox 957 1523 968 1536; x_wconf 81' lang='lat'>‚</span> <span class='ocrx_word' id='word_1_318' title='bbox 979 1503 1012 1534; x_wconf 70' lang='grc' dir='ltr'>ὅ(</span> <span class='ocrx_word' id='word_1_319' title='bbox 1020 1504 1113 1533; x_wconf 90' lang='lat' dir='ltr'>maria</span> <span class='ocrx_word' id='word_1_320' title='bbox 1122 1522 1131 1535; x_wconf 87' lang='lat'>.</span> <span class='ocrx_word' id='word_1_321' title='bbox 1141 1513 1199 1533; x_wconf 77' lang='lat' dir='ltr'>cae-</span> 
     </span>
     <span class='ocr_line' id='line_1_36' title="bbox 243 1545 1201 1594; baseline -0.01 -11"><span class='ocrx_word' id='word_1_322' title='bbox 243 1554 370 1594; x_wconf 87' lang='lat' dir='ltr'>lumque</span> <span class='ocrx_word' id='word_1_323' title='bbox 382 1550 538 1582; x_wconf 83' lang='lat' dir='ltr'>vidissent:</span> <span class='ocrx_word' id='word_1_324' title='bbox 558 1549 689 1580; x_wconf 84' lang='lat' dir='ltr'>nubium</span> <span class='ocrx_word' id='word_1_325' title='bbox 700 1545 940 1588; x_wconf 84' lang='lat' dir='ltr'>magnitudinem</span> <span class='ocrx_word' id='word_1_326' title='bbox 952 1564 961 1578; x_wconf 82' lang='lat'>‚</span> <span class='ocrx_word' id='word_1_327' title='bbox 979 1553 1201 1585; x_wconf 86' lang='lat' dir='ltr'>ventorumque</span> 
     </span>
     <span class='ocr_line' id='line_1_37' title="bbox 242 1586 1199 1633; baseline -0.01 -9"><span class='ocrx_word' id='word_1_328' title='bbox 242 1596 309 1626; x_wconf 64' lang='lat' dir='ltr'>vim</span> <span class='ocrx_word' id='word_1_329' title='bbox 328 1590 536 1633; x_wconf 79' lang='lat' dir='ltr'>cognovissent</span> <span class='ocrx_word' id='word_1_330' title='bbox 555 1611 564 1624; x_wconf 87' lang='lat'>.</span> <span class='ocrx_word' id='word_1_331' title='bbox 586 1587 843 1629; x_wconf 81' lang='lat' dir='ltr'>adspexiffentque</span> <span class='ocrx_word' id='word_1_332' title='bbox 862 1587 954 1617; x_wconf 87' lang='lat' dir='ltr'>solem</span> <span class='ocrx_word' id='word_1_333' title='bbox 968 1605 977 1618; x_wconf 85' lang='lat'>‚</span> <span class='ocrx_word' id='word_1_334' title='bbox 998 1586 1120 1625; x_wconf 85' lang='lat' dir='ltr'>ejusque</span> <span class='ocrx_word' id='word_1_335' title='bbox 1133 1594 1199 1615; x_wconf 92' lang='lat' dir='ltr'>tum</span> 
     </span>
     <span class='ocr_line' id='line_1_38' title="bbox 242 1624 1202 1675; baseline -0.011 -10"><span class='ocrx_word' id='word_1_336' title='bbox 242 1634 486 1675; x_wconf 84' lang='lat' dir='ltr'>magnitudinem</span> <span class='ocrx_word' id='word_1_337' title='bbox 500 1652 510 1666; x_wconf 87' lang='lat'>‚</span> <span class='ocrx_word' id='word_1_338' title='bbox 528 1630 843 1672; x_wconf 80' lang='lat' dir='ltr'>pulchritudinemque</span> <span class='ocrx_word' id='word_1_339' title='bbox 854 1647 864 1661; x_wconf 84' lang='lat'>,</span> <span class='ocrx_word' id='word_1_340' title='bbox 883 1636 948 1657; x_wconf 92' lang='lat' dir='ltr'>tum</span> <span class='ocrx_word' id='word_1_341' title='bbox 962 1628 1051 1656; x_wconf 88' lang='lat' dir='ltr'>etiam</span> <span class='ocrx_word' id='word_1_342' title='bbox 1065 1624 1202 1656; x_wconf 83' lang='lat' dir='ltr'>efficien-</span> 
     </span>
     <span class='ocr_line' id='line_1_39' title="bbox 246 1667 1200 1716; baseline -0.012 -9"><span class='ocrx_word' id='word_1_343' title='bbox 246 1685 320 1708; x_wconf 87' lang='lat' dir='ltr'>tiam</span> <span class='ocrx_word' id='word_1_344' title='bbox 331 1672 542 1716; x_wconf 76' lang='lat' dir='ltr'>cognovissent</span> <span class='ocrx_word' id='word_1_345' title='bbox 552 1692 561 1707; x_wconf 92' lang='lat'><strong>,</strong></span> <span class='ocrx_word' id='word_1_346' title='bbox 583 1671 665 1713; x_wconf 76' lang='lat' dir='ltr'>quod</span> <span class='ocrx_word' id='word_1_347' title='bbox 677 1674 701 1701; x_wconf 88' lang='lat' dir='ltr'>is</span> <span class='ocrx_word' id='word_1_348' title='bbox 712 1671 795 1701; x_wconf 90' lang='lat' dir='ltr'>diem</span> <span class='ocrx_word' id='word_1_349' title='bbox 805 1667 936 1713; x_wconf 71' lang='lat' dir='ltr'>efficeret</span> <span class='ocrx_word' id='word_1_350' title='bbox 945 1687 954 1701; x_wconf 85' lang='lat'>‚</span> <span class='ocrx_word' id='word_1_351' title='bbox 976 1676 1040 1697; x_wconf 88' lang='lat' dir='ltr'>toto</span> <span class='ocrx_word' id='word_1_352' title='bbox 1050 1668 1125 1698; x_wconf 90' lang='lat' dir='ltr'>caelo</span> <span class='ocrx_word' id='word_1_353' title='bbox 1134 1667 1200 1698; x_wconf 87' lang='lat' dir='ltr'>luce</span> 
     </span>
     <span class='ocr_line' id='line_1_40' title="bbox 245 1709 1202 1751; baseline -0.013 -2"><span class='ocrx_word' id='word_1_354' title='bbox 245 1716 370 1749; x_wconf 80' lang='lat' dir='ltr'>diffusa:</span> <span class='ocrx_word' id='word_1_355' title='bbox 392 1715 463 1746; x_wconf 78' lang='lat' dir='ltr'>cum</span> <span class='ocrx_word' id='word_1_356' title='bbox 474 1724 574 1745; x_wconf 81' lang='lat' dir='ltr'>autem</span> <span class='ocrx_word' id='word_1_357' title='bbox 587 1722 675 1744; x_wconf 86' lang='lat' dir='ltr'>terras</span> <span class='ocrx_word' id='word_1_358' title='bbox 683 1722 747 1742; x_wconf 89' lang='lat' dir='ltr'>nox</span> <span class='ocrx_word' id='word_1_359' title='bbox 758 1709 900 1751; x_wconf 84' lang='lat' dir='ltr'>opacasset</span> <span class='ocrx_word' id='word_1_360' title='bbox 912 1729 920 1743; x_wconf 88' lang='lat'>‚</span> <span class='ocrx_word' id='word_1_361' title='bbox 938 1713 948 1728; x_wconf 87' lang='lat'><em>¹</em></span> <span class='ocrx_word' id='word_1_362' title='bbox 961 1718 1024 1739; x_wconf 89' lang='lat' dir='ltr'>tum</span> <span class='ocrx_word' id='word_1_363' title='bbox 1035 1709 1142 1738; x_wconf 82' lang='lat' dir='ltr'>caelum</span> <span class='ocrx_word' id='word_1_364' title='bbox 1154 1717 1202 1738; x_wconf 88' lang='lat' dir='ltr'>to-</span> 
     </span>
     <span class='ocr_line' id='line_1_41' title="bbox 244 1750 1204 1790; baseline -0.011 -1"><span class='ocrx_word' id='word_1_365' title='bbox 244 1767 313 1790; x_wconf 86' lang='lat' dir='ltr'>turn</span> <span class='ocrx_word' id='word_1_366' title='bbox 324 1764 477 1788; x_wconf 77' lang='lat' dir='ltr'>cernerent</span> <span class='ocrx_word' id='word_1_367' title='bbox 486 1755 570 1786; x_wconf 83' lang='lat' dir='ltr'>astris</span> <span class='ocrx_word' id='word_1_368' title='bbox 578 1753 756 1785; x_wconf 61' lang='lat' dir='ltr'>diffindium</span> <span class='ocrx_word' id='word_1_369' title='bbox 767 1772 776 1786; x_wconf 92' lang='lat'>,</span> <span class='ocrx_word' id='word_1_370' title='bbox 796 1753 829 1782; x_wconf 88' lang='lat'>&amp;</span> <span class='ocrx_word' id='word_1_371' title='bbox 838 1759 977 1782; x_wconf 89' lang='lat' dir='ltr'>ornatum</span> <span class='ocrx_word' id='word_1_372' title='bbox 987 1770 997 1784; x_wconf 86' lang='lat'>‚</span> <span class='ocrx_word' id='word_1_373' title='bbox 1009 1750 1146 1790; x_wconf 75' lang='lat' dir='ltr'>lunaeque</span> <span class='ocrx_word' id='word_1_374' title='bbox 1158 1750 1204 1779; x_wconf 91' lang='lat' dir='ltr'>lu-</span> 
     </span>
     <span class='ocr_line' id='line_1_42' title="bbox 245 1791 1204 1831; baseline -0.013 0"><span class='ocrx_word' id='word_1_375' title='bbox 245 1809 367 1831; x_wconf 88' lang='lat' dir='ltr'>minum</span> <span class='ocrx_word' id='word_1_376' title='bbox 387 1800 556 1829; x_wconf 84' lang='lat' dir='ltr'>varietatem</span> <span class='ocrx_word' id='word_1_377' title='bbox 576 1805 640 1826; x_wconf 91' lang='lat' dir='ltr'>tum</span> <span class='ocrx_word' id='word_1_378' title='bbox 657 1794 835 1826; x_wconf 83' lang='lat' dir='ltr'>crescentis,</span> <span class='ocrx_word' id='word_1_379' title='bbox 853 1801 918 1822; x_wconf 88' lang='lat' dir='ltr'>tum</span> <span class='ocrx_word' id='word_1_380' title='bbox 935 1791 1128 1823; x_wconf 81' lang='lat' dir='ltr'>senescentis,</span> <span class='ocrx_word' id='word_1_381' title='bbox 1150 1801 1204 1820; x_wconf 89' lang='lat' dir='ltr'>eo-</span> 
     </span>
     <span class='ocr_line' id='line_1_43' title="bbox 246 1833 1202 1881; baseline -0.013 -9"><span class='ocrx_word' id='word_1_382' title='bbox 246 1850 374 1881; x_wconf 84' lang='lat' dir='ltr'>rumque</span> <span class='ocrx_word' id='word_1_383' title='bbox 387 1840 532 1870; x_wconf 86' lang='lat' dir='ltr'>omniurn</span> <span class='ocrx_word' id='word_1_384' title='bbox 545 1846 626 1868; x_wconf 85' lang='lat' dir='ltr'>ortus</span> <span class='ocrx_word' id='word_1_385' title='bbox 640 1855 648 1870; x_wconf 86' lang='lat'>‚</span> <span class='ocrx_word' id='word_1_386' title='bbox 667 1836 699 1865; x_wconf 71' lang='grc' dir='ltr'>δε</span> <span class='ocrx_word' id='word_1_387' title='bbox 713 1835 850 1866; x_wconf 82' lang='lat' dir='ltr'>occasus,</span> <span class='ocrx_word' id='word_1_388' title='bbox 871 1842 959 1872; x_wconf 83' lang='lat' dir='ltr'>atque</span> <span class='ocrx_word' id='word_1_389' title='bbox 971 1833 1004 1861; x_wconf 82' lang='lat' dir='ltr'>in</span> <span class='ocrx_word' id='word_1_390' title='bbox 1019 1833 1104 1861; x_wconf 82' lang='lat' dir='ltr'>omni</span> <span class='ocrx_word' id='word_1_391' title='bbox 1119 1841 1202 1861; x_wconf 79' lang='lat' dir='ltr'>aetcr·</span> 
     </span>
     <span class='ocr_line' id='line_1_44' title="bbox 247 1872 1201 1917; baseline -0.013 -4"><span class='ocrx_word' id='word_1_392' title='bbox 247 1885 336 1914; x_wconf 78' lang='lat' dir='ltr'>nitate</span> <span class='ocrx_word' id='word_1_393' title='bbox 347 1891 422 1912; x_wconf 79' lang='lat' dir='ltr'>ratos</span> <span class='ocrx_word' id='word_1_394' title='bbox 434 1900 443 1914; x_wconf 87' lang='lat'>,</span> <span class='ocrx_word' id='word_1_395' title='bbox 457 1877 732 1917; x_wconf 84' lang='lat' dir='ltr'>immutabileisquc</span> <span class='ocrx_word' id='word_1_396' title='bbox 743 1875 862 1905; x_wconf 84' lang='lat' dir='ltr'>cursus:</span> <span class='ocrx_word' id='word_1_397' title='bbox 875 1876 889 1893; x_wconf 81' lang='lat'><em>²</em></span> <span class='ocrx_word' id='word_1_398' title='bbox 901 1875 962 1903; x_wconf 84' lang='lat' dir='ltr'>haec</span> <span class='ocrx_word' id='word_1_399' title='bbox 972 1872 1042 1902; x_wconf 74' lang='lat' dir='ltr'>cum</span> <span class='ocrx_word' id='word_1_400' title='bbox 1054 1872 1201 1905; x_wconf 86' lang='lat' dir='ltr'>viderent,</span> 
     </span>
    </p>

    <p class='ocr_par' dir='ltr' id='par_1_4' title="bbox 269 1912 1202 1955">
     <span class='ocr_line' id='line_1_45' title="bbox 269 1912 1202 1955; baseline -0.014 0"><span class='ocrx_word' id='word_1_401' title='bbox 269 1923 383 1955; x_wconf 60' lang='lat' dir='ltr'>refesti)</span> <span class='ocrx_word' id='word_1_402' title='bbox 404 1923 437 1952; x_wconf 91' lang='lat'>&amp;</span> <span class='ocrx_word' id='word_1_403' title='bbox 450 1920 508 1952; x_wconf 76' lang='lat' dir='ltr'>ess‘e</span> <span class='ocrx_word' id='word_1_404' title='bbox 519 1921 591 1951; x_wconf 88' lang='lat' dir='ltr'>deos</span> <span class='ocrx_word' id='word_1_405' title='bbox 601 1939 610 1953; x_wconf 91' lang='lat'>,</span> <span class='ocrx_word' id='word_1_406' title='bbox 631 1919 664 1949; x_wconf 71' lang='grc' dir='ltr'>δε</span> <span class='ocrx_word' id='word_1_407' title='bbox 678 1919 738 1947; x_wconf 87' lang='lat' dir='ltr'>haec</span> <span class='ocrx_word' id='word_1_408' title='bbox 753 1925 832 1947; x_wconf 85' lang='lat' dir='ltr'>tanta</span> <span class='ocrx_word' id='word_1_409' title='bbox 845 1923 933 1955; x_wconf 88' lang='lat' dir='ltr'>opera</span> <span class='ocrx_word' id='word_1_410' title='bbox 947 1913 1073 1944; x_wconf 87' lang='lat' dir='ltr'>deorum</span> <span class='ocrx_word' id='word_1_411' title='bbox 1087 1912 1145 1944; x_wconf 88' lang='lat' dir='ltr'>esse</span> <span class='ocrx_word' id='word_1_412' title='bbox 1158 1923 1202 1944; x_wconf 85' lang='lat' dir='ltr'>ar-</span> 
     </span>
    </p>

    <p class='ocr_par' dir='ltr' id='par_1_5' title="bbox 248 1955 1210 2870">
     <span class='ocr_line' id='line_1_46' title="bbox 271 1955 1201 2003; baseline -0.011 -7"><span class='ocrx_word' id='word_1_413' title='bbox 271 1968 436 1996; x_wconf 76' lang='lat' dir='ltr'>itrarentur.</span> <span class='ocrx_word' id='word_1_414' title='bbox 481 1966 578 2003; x_wconf 82' lang='lat' dir='ltr'>Atque</span> <span class='ocrx_word' id='word_1_415' title='bbox 590 1963 648 1991; x_wconf 87' lang='lat' dir='ltr'>baec</span> <span class='ocrx_word' id='word_1_416' title='bbox 659 1959 783 2001; x_wconf 86' lang='lat' dir='ltr'>quidem</span> <span class='ocrx_word' id='word_1_417' title='bbox 795 1957 855 1987; x_wconf 81' lang='lat' dir='ltr'>ille.</span> <span class='ocrx_word' id='word_1_418' title='bbox 879 1958 947 1986; x_wconf 91' lang='lat' dir='ltr'>Nos</span> <span class='ocrx_word' id='word_1_419' title='bbox 956 1964 1055 1986; x_wconf 89' lang='lat' dir='ltr'>autem</span> <span class='ocrx_word' id='word_1_420' title='bbox 1067 1955 1201 1986; x_wconf 86' lang='lat' dir='ltr'>tenebras</span> 
     </span>
     <span class='ocr_line' id='line_1_47' title="bbox 248 1999 1200 2049; baseline -0.013 -11"><span class='ocrx_word' id='word_1_421' title='bbox 248 2010 415 2049; x_wconf 78' lang='lat' dir='ltr'>cogitemus</span> <span class='ocrx_word' id='word_1_422' title='bbox 426 2013 517 2035; x_wconf 85' lang='lat' dir='ltr'>tantas</span> <span class='ocrx_word' id='word_1_423' title='bbox 529 2024 537 2038; x_wconf 89' lang='lat'>‚</span> <span class='ocrx_word' id='word_1_424' title='bbox 552 2012 668 2044; x_wconf 86' lang='lat' dir='ltr'>quantae</span> <span class='ocrx_word' id='word_1_425' title='bbox 678 1999 834 2041; x_wconf 82' lang='lat' dir='ltr'>quondam</span> <span class='ocrx_word' id='word_1_426' title='bbox 844 1999 1001 2038; x_wconf 84' lang='lat' dir='ltr'>eruptione</span> <span class='ocrx_word' id='word_1_427' title='bbox 1011 2000 1200 2028; x_wconf 82' lang='lat' dir='ltr'>AEtnaeorum</span> 
     </span>
     <span class='ocr_line' id='line_1_48' title="bbox 250 2038 1202 2090; baseline -0.013 -11"><span class='ocrx_word' id='word_1_428' title='bbox 250 2050 367 2090; x_wconf 78' lang='lat' dir='ltr'>ignium</span> <span class='ocrx_word' id='word_1_429' title='bbox 380 2046 523 2077; x_wconf 83' lang='lat' dir='ltr'>finitimas</span> <span class='ocrx_word' id='word_1_430' title='bbox 531 2047 668 2086; x_wconf 80' lang='lat' dir='ltr'>regiones</span> <span class='ocrx_word' id='word_1_431' title='bbox 678 2038 874 2073; x_wconf 83' lang='lat' dir='ltr'>obscuraviffe</span> <span class='ocrx_word' id='word_1_432' title='bbox 884 2040 1041 2073; x_wconf 83' lang='lat' dir='ltr'>dicuntur,</span> <span class='ocrx_word' id='word_1_433' title='bbox 1052 2048 1084 2069; x_wconf 89' lang='lat' dir='ltr'>ut</span> <span class='ocrx_word' id='word_1_434' title='bbox 1093 2048 1145 2078; x_wconf 86' lang='lat' dir='ltr'>per</span> <span class='ocrx_word' id='word_1_435' title='bbox 1154 2039 1202 2069; x_wconf 89' lang='lat' dir='ltr'>bi-</span> 
     </span>
     <span class='ocr_line' id='line_1_49' title="bbox 250 2079 1203 2123; baseline -0.013 -2"><span class='ocrx_word' id='word_1_436' title='bbox 250 2093 344 2121; x_wconf 86' lang='lat' dir='ltr'>duum</span> <span class='ocrx_word' id='word_1_437' title='bbox 354 2099 448 2119; x_wconf 85' lang='lat' dir='ltr'>nemo</span> <span class='ocrx_word' id='word_1_438' title='bbox 462 2089 621 2118; x_wconf 82' lang='lat' dir='ltr'>hominem</span> <span class='ocrx_word' id='word_1_439' title='bbox 634 2087 730 2115; x_wconf 90' lang='lat' dir='ltr'>homo</span> <span class='ocrx_word' id='word_1_440' title='bbox 743 2082 929 2123; x_wconf 84' lang='lat' dir='ltr'>agnosceret:</span> <span class='ocrx_word' id='word_1_441' title='bbox 950 2079 1022 2111; x_wconf 69' lang='lat' dir='ltr'>cum</span> <span class='ocrx_word' id='word_1_442' title='bbox 1033 2089 1132 2111; x_wconf 85' lang='lat' dir='ltr'>autem</span> <span class='ocrx_word' id='word_1_443' title='bbox 1146 2089 1203 2111; x_wconf 84' lang='lat' dir='ltr'>ter·</span> 
     </span>
     <span class='ocr_line' id='line_1_50' title="bbox 251 2122 1200 2163; baseline -0.011 -1"><span class='ocrx_word' id='word_1_444' title='bbox 251 2143 293 2162; x_wconf 85' lang='lat' dir='ltr'>tio</span> <span class='ocrx_word' id='word_1_445' title='bbox 304 2131 352 2161; x_wconf 88' lang='lat' dir='ltr'>die</span> <span class='ocrx_word' id='word_1_446' title='bbox 363 2131 406 2160; x_wconf 89' lang='lat' dir='ltr'>sol</span> <span class='ocrx_word' id='word_1_447' title='bbox 417 2127 559 2160; x_wconf 76' lang='lat' dir='ltr'>illuxiss&#39;et</span> <span class='ocrx_word' id='word_1_448' title='bbox 569 2148 577 2162; x_wconf 88' lang='lat'><em>‚</em></span> <span class='ocrx_word' id='word_1_449' title='bbox 589 2137 653 2157; x_wconf 85' lang='lat' dir='ltr'>tum</span> <span class='ocrx_word' id='word_1_450' title='bbox 664 2134 698 2156; x_wconf 79' lang='lat' dir='ltr'>ut</span> <span class='ocrx_word' id='word_1_451' title='bbox 708 2122 838 2163; x_wconf 70' lang='lat' dir='ltr'>revixrffi’</span> <span class='ocrx_word' id='word_1_452' title='bbox 847 2122 900 2153; x_wconf 88' lang='lat' dir='ltr'>sibi</span> <span class='ocrx_word' id='word_1_453' title='bbox 911 2122 1093 2153; x_wconf 89' lang='lat' dir='ltr'>viderentur.</span> <span class='ocrx_word' id='word_1_454' title='bbox 1109 2122 1200 2163; x_wconf 82' lang='lat' dir='ltr'>Qiod</span> 
     </span>
     <span class='ocr_line' id='line_1_51' title="bbox 251 2164 1202 2206; baseline -0.011 -3"><span class='ocrx_word' id='word_1_455' title='bbox 251 2172 271 2205; x_wconf 75' lang='lat' dir='ltr'>fi</span> <span class='ocrx_word' id='word_1_456' title='bbox 291 2175 346 2203; x_wconf 90' lang='lat' dir='ltr'>hoc</span> <span class='ocrx_word' id='word_1_457' title='bbox 361 2172 441 2201; x_wconf 86' lang='lat' dir='ltr'>idem</span> <span class='ocrx_word' id='word_1_458' title='bbox 456 2181 493 2201; x_wconf 82' lang='lat' dir='ltr'>ex</span> <span class='ocrx_word' id='word_1_459' title='bbox 507 2171 622 2200; x_wconf 82' lang='lat' dir='ltr'>aeternis</span> <span class='ocrx_word' id='word_1_460' title='bbox 633 2168 762 2198; x_wconf 87' lang='lat' dir='ltr'>tenebris</span> <span class='ocrx_word' id='word_1_461' title='bbox 774 2167 962 2206; x_wconf 84' lang='lat' dir='ltr'>contingeret</span> <span class='ocrx_word' id='word_1_462' title='bbox 976 2183 985 2198; x_wconf 86' lang='lat'>‚</span> <span class='ocrx_word' id='word_1_463' title='bbox 1002 2173 1034 2195; x_wconf 92' lang='lat' dir='ltr'>ut</span> <span class='ocrx_word' id='word_1_464' title='bbox 1045 2164 1144 2195; x_wconf 82' lang='lat' dir='ltr'>subito</span> <span class='ocrx_word' id='word_1_465' title='bbox 1155 2164 1202 2194; x_wconf 84' lang='lat' dir='ltr'>lu-</span> 
     </span>
     <span class='ocr_line' id='line_1_52' title="bbox 249 2205 1203 2253; baseline -0.009 -8"><span class='ocrx_word' id='word_1_466' title='bbox 249 2225 316 2245; x_wconf 84' lang='lat' dir='ltr'>cem</span> <span class='ocrx_word' id='word_1_467' title='bbox 331 2214 562 2253; x_wconf 84' lang='lat' dir='ltr'>adspiceremus:</span> <span class='ocrx_word' id='word_1_468' title='bbox 583 2219 721 2251; x_wconf 71' lang='lat' dir='ltr'>quaenam</span> <span class='ocrx_word' id='word_1_469' title='bbox 740 2209 849 2248; x_wconf 87' lang='lat' dir='ltr'>species</span> <span class='ocrx_word' id='word_1_470' title='bbox 869 2206 934 2237; x_wconf 89' lang='lat' dir='ltr'>caeli</span> <span class='ocrx_word' id='word_1_471' title='bbox 949 2205 1124 2236; x_wconf 87' lang='lat' dir='ltr'>videretur?</span> <span class='ocrx_word' id='word_1_472' title='bbox 1144 2205 1203 2236; x_wconf 87' lang='lat' dir='ltr'>Sed</span> 
     </span>
     <span class='ocr_line' id='line_1_53' title="bbox 251 2247 1199 2294; baseline -0.013 -6"><span class='ocrx_word' id='word_1_473' title='bbox 251 2266 273 2288; x_wconf 77' lang='grc' dir='ltr'><strong>Α</strong></span> <span class='ocrx_word' id='word_1_474' title='bbox 284 2266 296 2286; x_wconf 87' lang='lat' dir='ltr'>s</span> <span class='ocrx_word' id='word_1_475' title='bbox 306 2266 318 2286; x_wconf 91' lang='lat' dir='ltr'>s</span> <span class='ocrx_word' id='word_1_476' title='bbox 330 2266 339 2285; x_wconf 90' lang='lat' dir='ltr'>i</span> <span class='ocrx_word' id='word_1_477' title='bbox 351 2265 370 2284; x_wconf 85' lang='lat' dir='ltr'>n</span> <span class='ocrx_word' id='word_1_478' title='bbox 378 2265 400 2286; x_wconf 84' lang='lat' dir='ltr'>u</span> <span class='ocrx_word' id='word_1_479' title='bbox 412 2265 423 2284; x_wconf 96' lang='lat'>1</span> <span class='ocrx_word' id='word_1_480' title='bbox 434 2265 453 2284; x_wconf 84' lang='grc' dir='ltr'>τ</span> <span class='ocrx_word' id='word_1_481' title='bbox 463 2264 484 2284; x_wconf 77' lang='lat' dir='ltr'>A</span> <span class='ocrx_word' id='word_1_482' title='bbox 493 2265 511 2284; x_wconf 83' lang='grc' dir='ltr'><strong>τ</strong></span> <span class='ocrx_word' id='word_1_483' title='bbox 521 2263 541 2283; x_wconf 72' lang='lat' dir='ltr'>s</span> <span class='ocrx_word' id='word_1_484' title='bbox 554 2251 726 2294; x_wconf 84' lang='lat' dir='ltr'>quotidiana</span> <span class='ocrx_word' id='word_1_485' title='bbox 737 2271 744 2285; x_wconf 84' lang='lat'><em>,</em></span> <span class='ocrx_word' id='word_1_486' title='bbox 757 2251 789 2281; x_wconf 91' lang='lat'>&amp;</span> <span class='ocrx_word' id='word_1_487' title='bbox 798 2247 1016 2280; x_wconf 88' lang='lat' dir='ltr'>consuetudine</span> <span class='ocrx_word' id='word_1_488' title='bbox 1026 2248 1199 2281; x_wconf 89' lang='lat' dir='ltr'>oculorum,</span> 
     </span>
     <span class='ocr_line' id='line_1_54' title="bbox 250 2290 1202 2334; baseline -0.011 -6"><span class='ocrx_word' id='word_1_489' title='bbox 250 2297 414 2329; x_wconf 79' lang='lat' dir='ltr'>assuescunt</span> <span class='ocrx_word' id='word_1_490' title='bbox 424 2297 519 2326; x_wconf 83' lang='lat' dir='ltr'>animi</span> <span class='ocrx_word' id='word_1_491' title='bbox 533 2306 537 2324; x_wconf 94' lang='lat'>:</span> <span class='ocrx_word' id='word_1_492' title='bbox 558 2303 654 2334; x_wconf 82' lang='lat' dir='ltr'>neque</span> <span class='ocrx_word' id='word_1_493' title='bbox 663 2292 847 2323; x_wconf 87' lang='lat' dir='ltr'>admirantur</span> <span class='ocrx_word' id='word_1_494' title='bbox 857 2310 867 2323; x_wconf 89' lang='lat'>,</span> <span class='ocrx_word' id='word_1_495' title='bbox 884 2299 982 2330; x_wconf 85' lang='lat' dir='ltr'>neque</span> <span class='ocrx_word' id='word_1_496' title='bbox 991 2290 1148 2330; x_wconf 85' lang='lat' dir='ltr'>requirunt</span> <span class='ocrx_word' id='word_1_497' title='bbox 1156 2299 1202 2319; x_wconf 86' lang='lat' dir='ltr'>ra-</span> 
     </span>
     <span class='ocr_line' id='line_1_55' title="bbox 251 2329 1202 2376; baseline -0.009 -7"><span class='ocrx_word' id='word_1_498' title='bbox 251 2348 348 2370; x_wconf 78' lang='lat' dir='ltr'>tiones</span> <span class='ocrx_word' id='word_1_499' title='bbox 367 2347 468 2368; x_wconf 88' lang='lat' dir='ltr'>earum</span> <span class='ocrx_word' id='word_1_500' title='bbox 487 2346 585 2367; x_wconf 84' lang='lat' dir='ltr'>rerum</span> <span class='ocrx_word' id='word_1_501' title='bbox 597 2356 605 2369; x_wconf 87' lang='lat'>,</span> <span class='ocrx_word' id='word_1_502' title='bbox 624 2345 694 2376; x_wconf 85' lang='lat' dir='ltr'>quas</span> <span class='ocrx_word' id='word_1_503' title='bbox 708 2334 825 2373; x_wconf 88' lang='lat' dir='ltr'>semper</span> <span class='ocrx_word' id='word_1_504' title='bbox 837 2331 958 2362; x_wconf 89' lang='lat' dir='ltr'>vident:</span> <span class='ocrx_word' id='word_1_505' title='bbox 976 2330 1103 2371; x_wconf 84' lang='lat' dir='ltr'>proinde</span> <span class='ocrx_word' id='word_1_506' title='bbox 1122 2329 1202 2371; x_wconf 86' lang='lat' dir='ltr'>quafi</span> 
     </span>
     <span class='ocr_line' id='line_1_56' title="bbox 252 2372 1202 2419; baseline -0.008 -9"><span class='ocrx_word' id='word_1_507' title='bbox 252 2392 285 2410; x_wconf 86' lang='lat' dir='ltr'>no</span> <span class='ocrx_word' id='word_1_508' title='bbox 293 2382 364 2410; x_wconf 74' lang='lat' dir='ltr'>uitas</span> <span class='ocrx_word' id='word_1_509' title='bbox 377 2389 432 2410; x_wconf 89' lang='lat' dir='ltr'>nos</span> <span class='ocrx_word' id='word_1_510' title='bbox 446 2381 540 2419; x_wconf 85' lang='lat' dir='ltr'>magis</span> <span class='ocrx_word' id='word_1_511' title='bbox 550 2399 558 2412; x_wconf 87' lang='lat'>,</span> <span class='ocrx_word' id='word_1_512' title='bbox 580 2377 669 2418; x_wconf 74' lang='lat' dir='ltr'>quarn</span> <span class='ocrx_word' id='word_1_513' title='bbox 681 2373 845 2416; x_wconf 78' lang='lat' dir='ltr'>magnitudo</span> <span class='ocrx_word' id='word_1_514' title='bbox 857 2382 956 2404; x_wconf 87' lang='lat' dir='ltr'>rerum</span> <span class='ocrx_word' id='word_1_515' title='bbox 972 2373 1077 2403; x_wconf 85' lang='lat' dir='ltr'>debeat</span> <span class='ocrx_word' id='word_1_516' title='bbox 1093 2372 1129 2403; x_wconf 87' lang='lat' dir='ltr'>ad</span> <span class='ocrx_word' id='word_1_517' title='bbox 1147 2382 1202 2403; x_wconf 86' lang='lat' dir='ltr'>ex-</span> 
     </span>
     <span class='ocr_line' id='line_1_57' title="bbox 251 2414 1204 2463; baseline -0.008 -11"><span class='ocrx_word' id='word_1_518' title='bbox 251 2421 408 2463; x_wconf 80' lang='lat' dir='ltr'>quirendas</span> <span class='ocrx_word' id='word_1_519' title='bbox 417 2420 514 2451; x_wconf 83' lang='lat' dir='ltr'>causas</span> <span class='ocrx_word' id='word_1_520' title='bbox 522 2421 659 2450; x_wconf 85' lang='lat' dir='ltr'>excitare.</span> <span class='ocrx_word' id='word_1_521' title='bbox 683 2420 758 2456; x_wconf 90' lang='lat' dir='ltr'>Quis</span> <span class='ocrx_word' id='word_1_522' title='bbox 776 2418 861 2446; x_wconf 88' lang='lat' dir='ltr'>enirn</span> <span class='ocrx_word' id='word_1_523' title='bbox 878 2416 959 2445; x_wconf 87' lang='lat' dir='ltr'>hunc</span> <span class='ocrx_word' id='word_1_524' title='bbox 977 2415 1138 2446; x_wconf 84' lang='lat' dir='ltr'>hominem</span> <span class='ocrx_word' id='word_1_525' title='bbox 1158 2414 1204 2444; x_wconf 91' lang='lat' dir='ltr'>di-</span> 
     </span>
     <span class='ocr_line' id='line_1_58' title="bbox 252 2455 1202 2504; baseline -0.009 -10"><span class='ocrx_word' id='word_1_526' title='bbox 252 2466 329 2494; x_wconf 79' lang='lat' dir='ltr'>xerit</span> <span class='ocrx_word' id='word_1_527' title='bbox 340 2482 348 2497; x_wconf 82' lang='lat'>‚</span> <span class='ocrx_word' id='word_1_528' title='bbox 369 2465 419 2504; x_wconf 90' lang='lat' dir='ltr'>qui</span> <span class='ocrx_word' id='word_1_529' title='bbox 439 2461 509 2493; x_wconf 80' lang='lat' dir='ltr'>cum</span> <span class='ocrx_word' id='word_1_530' title='bbox 527 2469 588 2491; x_wconf 84' lang='lat' dir='ltr'>tam</span> <span class='ocrx_word' id='word_1_531' title='bbox 602 2468 685 2490; x_wconf 80' lang='lat' dir='ltr'>certos</span> <span class='ocrx_word' id='word_1_532' title='bbox 697 2458 754 2489; x_wconf 75' lang='lat' dir='ltr'>cali</span> <span class='ocrx_word' id='word_1_533' title='bbox 766 2465 857 2487; x_wconf 82' lang='lat' dir='ltr'>motus</span> <span class='ocrx_word' id='word_1_534' title='bbox 866 2476 876 2491; x_wconf 91' lang='lat'>‚</span> <span class='ocrx_word' id='word_1_535' title='bbox 899 2465 960 2487; x_wconf 89' lang='lat' dir='ltr'>tam</span> <span class='ocrx_word' id='word_1_536' title='bbox 970 2465 1047 2488; x_wconf 83' lang='lat' dir='ltr'>ratos</span> <span class='ocrx_word' id='word_1_537' title='bbox 1055 2455 1202 2487; x_wconf 88' lang='lat' dir='ltr'>astrorum</span> 
     </span>
     <span class='ocr_line' id='line_1_59' title="bbox 254 2497 1202 2545; baseline -0.008 -10"><span class='ocrx_word' id='word_1_538' title='bbox 254 2505 375 2535; x_wconf 86' lang='lat' dir='ltr'>ordines</span> <span class='ocrx_word' id='word_1_539' title='bbox 387 2525 395 2538; x_wconf 93' lang='lat'>‚</span> <span class='ocrx_word' id='word_1_540' title='bbox 417 2514 535 2545; x_wconf 86' lang='lat' dir='ltr'>tamque</span> <span class='ocrx_word' id='word_1_541' title='bbox 547 2505 652 2534; x_wconf 90' lang='lat' dir='ltr'>omnia</span> <span class='ocrx_word' id='word_1_542' title='bbox 661 2503 737 2532; x_wconf 86' lang='lat' dir='ltr'>inter</span> <span class='ocrx_word' id='word_1_543' title='bbox 749 2500 776 2531; x_wconf 89' lang='lat' dir='ltr'>se</span> <span class='ocrx_word' id='word_1_544' title='bbox 790 2507 927 2531; x_wconf 88' lang='lat' dir='ltr'>connexa</span> <span class='ocrx_word' id='word_1_545' title='bbox 936 2517 945 2532; x_wconf 90' lang='lat'>,</span> <span class='ocrx_word' id='word_1_546' title='bbox 966 2498 999 2528; x_wconf 90' lang='lat'>&amp;</span> <span class='ocrx_word' id='word_1_547' title='bbox 1008 2507 1073 2539; x_wconf 86' lang='lat' dir='ltr'>apta</span> <span class='ocrx_word' id='word_1_548' title='bbox 1082 2497 1202 2531; x_wconf 90' lang='lat' dir='ltr'>viderit,</span> 
     </span>
     <span class='ocr_line' id='line_1_60' title="bbox 257 2539 1201 2587; baseline -0.008 -10"><span class='ocrx_word' id='word_1_549' title='bbox 257 2556 342 2587; x_wconf 76' lang='lat' dir='ltr'>neget</span> <span class='ocrx_word' id='word_1_550' title='bbox 358 2550 390 2576; x_wconf 89' lang='lat' dir='ltr'>in</span> <span class='ocrx_word' id='word_1_551' title='bbox 403 2548 449 2576; x_wconf 84' lang='lat' dir='ltr'>his</span> <span class='ocrx_word' id='word_1_552' title='bbox 461 2548 554 2576; x_wconf 82' lang='lat' dir='ltr'>ullam</span> <span class='ocrx_word' id='word_1_553' title='bbox 568 2542 659 2575; x_wconf 81' lang='lat' dir='ltr'>ineffe</span> <span class='ocrx_word' id='word_1_554' title='bbox 674 2544 821 2574; x_wconf 85' lang='lat' dir='ltr'>rationem</span> <span class='ocrx_word' id='word_1_555' title='bbox 832 2561 842 2576; x_wconf 85' lang='lat'>,</span> <span class='ocrx_word' id='word_1_556' title='bbox 861 2550 952 2581; x_wconf 85' lang='lat' dir='ltr'>eaque</span> <span class='ocrx_word' id='word_1_557' title='bbox 963 2540 1029 2571; x_wconf 86' lang='lat' dir='ltr'>casu</span> <span class='ocrx_word' id='word_1_558' title='bbox 1040 2539 1104 2570; x_wconf 85' lang='lat' dir='ltr'>fieri</span> <span class='ocrx_word' id='word_1_559' title='bbox 1114 2539 1201 2574; x_wconf 85' lang='lat' dir='ltr'>dicat,</span> 
     </span>
     <span class='ocr_line' id='line_1_61' title="bbox 255 2579 1205 2628; baseline -0.007 -10"><span class='ocrx_word' id='word_1_560' title='bbox 255 2597 320 2628; x_wconf 73' lang='lat' dir='ltr'>quiz</span> <span class='ocrx_word' id='word_1_561' title='bbox 328 2597 438 2628; x_wconf 78' lang='lat' dir='ltr'>quanto</span> <span class='ocrx_word' id='word_1_562' title='bbox 447 2585 572 2618; x_wconf 88' lang='lat' dir='ltr'>consilio</span> <span class='ocrx_word' id='word_1_563' title='bbox 581 2594 716 2627; x_wconf 86' lang='lat' dir='ltr'>gerantur</span> <span class='ocrx_word' id='word_1_564' title='bbox 724 2604 736 2619; x_wconf 83' lang='lat'>‚</span> <span class='ocrx_word' id='word_1_565' title='bbox 752 2584 839 2614; x_wconf 88' lang='lat' dir='ltr'>nullo</span> <span class='ocrx_word' id='word_1_566' title='bbox 849 2581 976 2614; x_wconf 90' lang='lat' dir='ltr'>consilio</span> <span class='ocrx_word' id='word_1_567' title='bbox 985 2580 1095 2623; x_wconf 74' lang='lat' dir='ltr'>assequi</span> <span class='ocrx_word' id='word_1_568' title='bbox 1104 2579 1205 2622; x_wconf 72' lang='lat' dir='ltr'>poss‘u-</span> 
     </span>
     <span class='ocr_line' id='line_1_62' title="bbox 257 2623 1206 2667; baseline -0.007 -8"><span class='ocrx_word' id='word_1_569' title='bbox 257 2639 324 2658; x_wconf 89' lang='lat' dir='ltr'>mus</span> <span class='ocrx_word' id='word_1_570' title='bbox 339 2633 348 2658; x_wconf 87' lang='lat'>?</span> <span class='ocrx_word' id='word_1_571' title='bbox 368 2640 403 2659; x_wconf 85' lang='lat' dir='ltr'>an</span> <span class='ocrx_word' id='word_1_572' title='bbox 417 2628 488 2659; x_wconf 74' lang='lat' dir='ltr'>cum</span> <span class='ocrx_word' id='word_1_573' title='bbox 498 2629 718 2659; x_wconf 84' lang='lat' dir='ltr'>machinatione</span> <span class='ocrx_word' id='word_1_574' title='bbox 730 2624 858 2667; x_wconf 88' lang='lat' dir='ltr'>quadam</span> <span class='ocrx_word' id='word_1_575' title='bbox 869 2625 987 2655; x_wconf 78' lang='lat' dir='ltr'>moveri</span> <span class='ocrx_word' id='word_1_576' title='bbox 995 2624 1109 2665; x_wconf 82' lang='lat' dir='ltr'>aliquid</span> <span class='ocrx_word' id='word_1_577' title='bbox 1119 2623 1206 2654; x_wconf 84' lang='lat' dir='ltr'>vide-</span> 
     </span>
     <span class='ocr_line' id='line_1_63' title="bbox 259 2664 1205 2710; baseline -0.006 -10"><span class='ocrx_word' id='word_1_578' title='bbox 259 2679 327 2700; x_wconf 87' lang='lat' dir='ltr'>mus</span> <span class='ocrx_word' id='word_1_579' title='bbox 339 2690 347 2703; x_wconf 94' lang='lat'>,</span> <span class='ocrx_word' id='word_1_580' title='bbox 365 2679 397 2700; x_wconf 91' lang='lat' dir='ltr'>ut</span> <span class='ocrx_word' id='word_1_581' title='bbox 409 2671 547 2710; x_wconf 81' lang='lat' dir='ltr'>spbaerarn</span> <span class='ocrx_word' id='word_1_582' title='bbox 559 2690 568 2704; x_wconf 84' lang='lat'>,</span> <span class='ocrx_word' id='word_1_583' title='bbox 587 2677 620 2700; x_wconf 92' lang='lat' dir='ltr'>ut</span> <span class='ocrx_word' id='word_1_584' title='bbox 630 2670 715 2699; x_wconf 86' lang='lat' dir='ltr'>horas</span> <span class='ocrx_word' id='word_1_585' title='bbox 724 2687 734 2702; x_wconf 86' lang='lat'>,</span> <span class='ocrx_word' id='word_1_586' title='bbox 749 2667 846 2698; x_wconf 89' lang='lat' dir='ltr'>utalia</span> <span class='ocrx_word' id='word_1_587' title='bbox 855 2666 1004 2707; x_wconf 84' lang='lat' dir='ltr'>permulta</span> <span class='ocrx_word' id='word_1_588' title='bbox 1016 2677 1022 2696; x_wconf 77' lang='lat' dir='ltr'>z</span> <span class='ocrx_word' id='word_1_589' title='bbox 1041 2675 1104 2696; x_wconf 89' lang='lat' dir='ltr'>non</span> <span class='ocrx_word' id='word_1_590' title='bbox 1116 2664 1205 2695; x_wconf 89' lang='lat' dir='ltr'>dubi-</span> 
     </span>
     <span class='ocr_line' id='line_1_64' title="bbox 258 2706 1206 2752; baseline -0.005 -11"><span class='ocrx_word' id='word_1_591' title='bbox 258 2718 353 2741; x_wconf 75' lang='lat' dir='ltr'>tamus</span> <span class='ocrx_word' id='word_1_592' title='bbox 365 2731 373 2743; x_wconf 86' lang='lat'>‚</span> <span class='ocrx_word' id='word_1_593' title='bbox 392 2713 466 2752; x_wconf 90' lang='lat' dir='ltr'>quin</span> <span class='ocrx_word' id='word_1_594' title='bbox 477 2712 527 2741; x_wconf 93' lang='lat' dir='ltr'>illa</span> <span class='ocrx_word' id='word_1_595' title='bbox 535 2721 623 2752; x_wconf 86' lang='lat' dir='ltr'>opera</span> <span class='ocrx_word' id='word_1_596' title='bbox 635 2708 690 2740; x_wconf 89' lang='lat' dir='ltr'>sint</span> <span class='ocrx_word' id='word_1_597' title='bbox 704 2710 844 2740; x_wconf 85' lang='lat' dir='ltr'>rationis:</span> <span class='ocrx_word' id='word_1_598' title='bbox 862 2706 934 2739; x_wconf 78' lang='lat' dir='ltr'>cum</span> <span class='ocrx_word' id='word_1_599' title='bbox 944 2717 1043 2738; x_wconf 89' lang='lat' dir='ltr'>autem</span> <span class='ocrx_word' id='word_1_600' title='bbox 1056 2709 1206 2748; x_wconf 87' lang='lat' dir='ltr'>impetum</span> 
     </span>
     <span class='ocr_line' id='line_1_65' title="bbox 259 2749 1205 2791; baseline -0.002 -11"><span class='ocrx_word' id='word_1_601' title='bbox 259 2753 323 2781; x_wconf 79' lang='lat' dir='ltr'>eaeli</span> <span class='ocrx_word' id='word_1_602' title='bbox 333 2752 499 2782; x_wconf 79' lang='lat' dir='ltr'>admirabili</span> <span class='ocrx_word' id='word_1_603' title='bbox 508 2763 576 2784; x_wconf 85' lang='lat' dir='ltr'>curn</span> <span class='ocrx_word' id='word_1_604' title='bbox 588 2753 734 2782; x_wconf 81' lang='lat' dir='ltr'>celeritate</span> <span class='ocrx_word' id='word_1_605' title='bbox 744 2751 878 2784; x_wconf 87' lang='lat' dir='ltr'>moveri,</span> <span class='ocrx_word' id='word_1_606' title='bbox 896 2750 1030 2791; x_wconf 81' lang='lat' dir='ltr'>vertique</span> <span class='ocrx_word' id='word_1_607' title='bbox 1040 2749 1205 2783; x_wconf 85' lang='lat' dir='ltr'>videamus,</span> 
     </span>
     <span class='ocr_line' id='line_1_66' title="bbox 258 2790 1208 2825; baseline -0.003 -2"><span class='ocrx_word' id='word_1_608' title='bbox 258 2791 489 2824; x_wconf 75' lang='lat' dir='ltr'>constantiffime</span> <span class='ocrx_word' id='word_1_609' title='bbox 509 2794 718 2825; x_wconf 87' lang='lat' dir='ltr'>conficientem</span> <span class='ocrx_word' id='word_1_610' title='bbox 740 2790 955 2823; x_wconf 84' lang='lat' dir='ltr'>viciffitudines</span> <span class='ocrx_word' id='word_1_611' title='bbox 982 2791 1208 2825; x_wconf 84' lang='lat' dir='ltr'>anniversarias,</span> 
     </span>
     <span class='ocr_line' id='line_1_67' title="bbox 259 2832 1210 2870; baseline -0.001 -6"><span class='ocrx_word' id='word_1_612' title='bbox 259 2842 331 2864; x_wconf 78' lang='lat' dir='ltr'>cum</span> <span class='ocrx_word' id='word_1_613' title='bbox 341 2834 454 2865; x_wconf 84' lang='lat' dir='ltr'>summa</span> <span class='ocrx_word' id='word_1_614' title='bbox 463 2835 549 2866; x_wconf 84' lang='lat' dir='ltr'>salute</span> <span class='ocrx_word' id='word_1_615' title='bbox 557 2855 567 2870; x_wconf 83' lang='lat'>‚</span> <span class='ocrx_word' id='word_1_616' title='bbox 587 2836 620 2867; x_wconf 89' lang='lat'>&amp;</span> <span class='ocrx_word' id='word_1_617' title='bbox 629 2836 852 2866; x_wconf 86' lang='lat' dir='ltr'>conservatione</span> <span class='ocrx_word' id='word_1_618' title='bbox 863 2842 963 2864; x_wconf 87' lang='lat' dir='ltr'>rerum</span> <span class='ocrx_word' id='word_1_619' title='bbox 974 2834 1131 2864; x_wconf 86' lang='lat' dir='ltr'>omnium:</span> <span class='ocrx_word' id='word_1_620' title='bbox 1153 2832 1210 2863; x_wconf 87' lang='lat' dir='ltr'>du-</span> 
     </span>
    </p>
   </div>
   <div class='ocr_carea' id='block_1_4' title="bbox 1211 94 1755 143">
    <p class='ocr_par' dir='ltr' id='par_1_6' title="bbox 1211 94 1755 143">
     <span class='ocr_line' id='line_1_68' title="bbox 1211 94 1755 143; baseline 0.004 -1"><span class='ocrx_word' id='word_1_621' title='bbox 1211 94 1755 143; x_wconf 71' lang='lat' dir='ltr'>Cicrtitonis</span> 
     </span>
    </p>
   </div>
   <div class='ocr_carea' id='block_1_5' title="bbox 1214 171 2262 2330">
    <p class='ocr_par' dir='ltr' id='par_1_7' title="bbox 1214 171 2262 2330">
     <span class='ocr_line' id='line_1_69' title="bbox 1214 171 2175 213; baseline 0 -8"><span class='ocrx_word' id='word_1_622' title='bbox 1214 174 1347 206; x_wconf 80' lang='lat' dir='ltr'>bitamus</span> <span class='ocrx_word' id='word_1_623' title='bbox 1358 192 1367 207; x_wconf 88' lang='lat'><strong>,</strong></span> <span class='ocrx_word' id='word_1_624' title='bbox 1380 174 1456 213; x_wconf 82' lang='lat' dir='ltr'>quin</span> <span class='ocrx_word' id='word_1_625' title='bbox 1466 181 1500 204; x_wconf 85' lang='lat' dir='ltr'>ea</span> <span class='ocrx_word' id='word_1_626' title='bbox 1509 182 1572 203; x_wconf 90' lang='lat' dir='ltr'>non</span> <span class='ocrx_word' id='word_1_627' title='bbox 1583 171 1682 204; x_wconf 74' lang='lat' dir='ltr'>solum</span> <span class='ocrx_word' id='word_1_628' title='bbox 1691 175 1805 207; x_wconf 80' lang='lat' dir='ltr'>ratione</span> <span class='ocrx_word' id='word_1_629' title='bbox 1815 173 1888 207; x_wconf 82' lang='lat' dir='ltr'>fiant</span> <span class='ocrx_word' id='word_1_630' title='bbox 1895 193 1906 211; x_wconf 84' lang='lat'>‚</span> <span class='ocrx_word' id='word_1_631' title='bbox 1920 174 1972 207; x_wconf 71' lang='lat' dir='ltr'>fed·</span> <span class='ocrx_word' id='word_1_632' title='bbox 1979 173 2070 207; x_wconf 82' lang='lat' dir='ltr'>etiam</span> <span class='ocrx_word' id='word_1_633' title='bbox 2080 173 2175 206; x_wconf 69' lang='lat' dir='ltr'>excet-</span> 
     </span>
     <span class='ocr_line' id='line_1_70' title="bbox 1215 213 2172 257; baseline 0.003 -12"><span class='ocrx_word' id='word_1_634' title='bbox 1215 216 1287 245; x_wconf 82' lang='lat' dir='ltr'>lenti</span> <span class='ocrx_word' id='word_1_635' title='bbox 1295 214 1422 257; x_wconf 76' lang='lat' dir='ltr'>quadam</span> <span class='ocrx_word' id='word_1_636' title='bbox 1433 234 1442 248; x_wconf 87' lang='lat'><strong>,</strong></span> <span class='ocrx_word' id='word_1_637' title='bbox 1456 213 1615 256; x_wconf 79' lang='lat' dir='ltr'>divinaque</span> <span class='ocrx_word' id='word_1_638' title='bbox 1627 215 1756 245; x_wconf 78' lang='lat' dir='ltr'>ratione?</span> <span class='ocrx_word' id='word_1_639' title='bbox 1778 217 1848 248; x_wconf 87' lang='lat' dir='ltr'>licet</span> <span class='ocrx_word' id='word_1_640' title='bbox 1857 220 1940 248; x_wconf 85' lang='lat' dir='ltr'>enirn</span> <span class='ocrx_word' id='word_1_641' title='bbox 1953 219 2015 257; x_wconf 82' lang='lat' dir='ltr'>jam</span> <span class='ocrx_word' id='word_1_642' title='bbox 2028 237 2037 252; x_wconf 88' lang='lat'><strong>,</strong></span> <span class='ocrx_word' id='word_1_643' title='bbox 2055 225 2172 248; x_wconf 74' lang='lat' dir='ltr'>remota</span> 
     </span>
     <span class='ocr_line' id='line_1_71' title="bbox 1217 256 2171 299; baseline 0.001 -10"><span class='ocrx_word' id='word_1_644' title='bbox 1217 257 1379 289; x_wconf 82' lang='lat' dir='ltr'>subtilitate</span> <span class='ocrx_word' id='word_1_645' title='bbox 1397 256 1591 296; x_wconf 76' lang='lat' dir='ltr'>disputandi,</span> <span class='ocrx_word' id='word_1_646' title='bbox 1612 256 1710 286; x_wconf 87' lang='lat' dir='ltr'>oculis</span> <span class='ocrx_word' id='word_1_647' title='bbox 1728 257 1956 297; x_wconf 86' lang='lat' dir='ltr'>quodammodo</span> <span class='ocrx_word' id='word_1_648' title='bbox 1972 257 2171 299; x_wconf 83' lang='lat' dir='ltr'>contemplari</span> 
     </span>
     <span class='ocr_line' id='line_1_72' title="bbox 1218 297 2173 340; baseline 0.002 -11"><span class='ocrx_word' id='word_1_649' title='bbox 1218 297 1475 340; x_wconf 83' lang='lat' dir='ltr'>pulchritudinem</span> <span class='ocrx_word' id='word_1_650' title='bbox 1485 306 1587 328; x_wconf 89' lang='lat' dir='ltr'>rerum</span> <span class='ocrx_word' id='word_1_651' title='bbox 1596 306 1698 328; x_wconf 87' lang='lat' dir='ltr'>earum</span> <span class='ocrx_word' id='word_1_652' title='bbox 1710 316 1719 331; x_wconf 87' lang='lat'>‚</span> <span class='ocrx_word' id='word_1_653' title='bbox 1736 307 1807 338; x_wconf 88' lang='lat' dir='ltr'>quas</span> <span class='ocrx_word' id='word_1_654' title='bbox 1815 299 1917 331; x_wconf 86' lang='lat' dir='ltr'>divina</span> <span class='ocrx_word' id='word_1_655' title='bbox 1925 301 2112 340; x_wconf 88' lang='lat' dir='ltr'>providentia</span> <span class='ocrx_word' id='word_1_656' title='bbox 2123 300 2173 330; x_wconf 84' lang='lat' dir='ltr'>di·</span> 
     </span>
     <span class='ocr_line' id='line_1_73' title="bbox 1217 338 2208 394; baseline -0.001 -23"><span class='ocrx_word' id='word_1_657' title='bbox 1217 343 1318 372; x_wconf 88' lang='lat' dir='ltr'>cimus</span> <span class='ocrx_word' id='word_1_658' title='bbox 1337 338 1522 370; x_wconf 81' lang='lat' dir='ltr'>constitutas.</span> <span class='ocrx_word' id='word_1_659' title='bbox 1566 341 1611 369; x_wconf 83' lang='lat' dir='ltr'>Ac</span> <span class='ocrx_word' id='word_1_660' title='bbox 1627 338 1776 379; x_wconf 74' lang='lat' dir='ltr'>principio</span> <span class='ocrx_word' id='word_1_661' title='bbox 1792 347 1866 369; x_wconf 78' lang='lat' dir='ltr'>terra</span> <span class='ocrx_word' id='word_1_662' title='bbox 1883 343 2013 382; x_wconf 72' lang='lat' dir='ltr'>univerfiz</span> <span class='ocrx_word' id='word_1_663' title='bbox 2023 350 2172 375; x_wconf 85' lang='lat' dir='ltr'>cernatur,</span> <span class='ocrx_word' id='word_1_664' title='bbox 2193 359 2208 394; x_wconf 79' lang='lat'>3</span> 
     </span>
     <span class='ocr_line' id='line_1_74' title="bbox 1219 380 2174 424; baseline -0.005 -11"><span class='ocrx_word' id='word_1_665' title='bbox 1219 383 1313 413; x_wconf 85' lang='lat' dir='ltr'>locata</span> <span class='ocrx_word' id='word_1_666' title='bbox 1323 383 1356 411; x_wconf 91' lang='lat' dir='ltr'>in</span> <span class='ocrx_word' id='word_1_667' title='bbox 1368 380 1466 411; x_wconf 86' lang='lat' dir='ltr'>media</span> <span class='ocrx_word' id='word_1_668' title='bbox 1477 380 1586 411; x_wconf 90' lang='lat' dir='ltr'>mundi</span> <span class='ocrx_word' id='word_1_669' title='bbox 1599 380 1667 410; x_wconf 88' lang='lat' dir='ltr'>sede</span> <span class='ocrx_word' id='word_1_670' title='bbox 1677 399 1686 415; x_wconf 82' lang='lat'>‚</span> <span class='ocrx_word' id='word_1_671' title='bbox 1707 380 1801 411; x_wconf 89' lang='lat' dir='ltr'>solida</span> <span class='ocrx_word' id='word_1_672' title='bbox 1811 400 1822 414; x_wconf 82' lang='lat'>,</span> <span class='ocrx_word' id='word_1_673' title='bbox 1840 382 1873 412; x_wconf 90' lang='lat'>&amp;</span> <span class='ocrx_word' id='word_1_674' title='bbox 1881 383 2002 424; x_wconf 86' lang='lat' dir='ltr'>globosa</span> <span class='ocrx_word' id='word_1_675' title='bbox 2013 404 2023 418; x_wconf 81' lang='lat'><strong>,</strong></span> <span class='ocrx_word' id='word_1_676' title='bbox 2041 384 2074 414; x_wconf 91' lang='lat'>&amp;</span> <span class='ocrx_word' id='word_1_677' title='bbox 2083 383 2174 414; x_wconf 86' lang='lat' dir='ltr'>undi-</span> 
     </span>
     <span class='ocr_line' id='line_1_75' title="bbox 1219 421 2176 465; baseline 0 -11"><span class='ocrx_word' id='word_1_678' title='bbox 1219 434 1277 465; x_wconf 90' lang='lat' dir='ltr'>que</span> <span class='ocrx_word' id='word_1_679' title='bbox 1295 423 1355 463; x_wconf 84' lang='lat' dir='ltr'>ipsa</span> <span class='ocrx_word' id='word_1_680' title='bbox 1373 425 1405 453; x_wconf 90' lang='lat' dir='ltr'>in</span> <span class='ocrx_word' id='word_1_681' title='bbox 1419 422 1479 453; x_wconf 87' lang='lat' dir='ltr'>sese</span> <span class='ocrx_word' id='word_1_682' title='bbox 1492 422 1614 453; x_wconf 86' lang='lat' dir='ltr'>nutibus</span> <span class='ocrx_word' id='word_1_683' title='bbox 1629 422 1687 453; x_wconf 83' lang='lat' dir='ltr'>suis</span> <span class='ocrx_word' id='word_1_684' title='bbox 1699 421 1876 462; x_wconf 82' lang='lat' dir='ltr'>conglobata</span> <span class='ocrx_word' id='word_1_685' title='bbox 1886 441 1896 456; x_wconf 82' lang='grc'><strong><em>,</em></strong></span> <span class='ocrx_word' id='word_1_686' title='bbox 1918 424 2021 456; x_wconf 82' lang='lat' dir='ltr'>vestita</span> <span class='ocrx_word' id='word_1_687' title='bbox 2034 424 2176 459; x_wconf 86' lang='lat' dir='ltr'>floribus,</span> 
     </span>
     <span class='ocr_line' id='line_1_76' title="bbox 1221 462 2178 505; baseline -0.001 -9"><span class='ocrx_word' id='word_1_688' title='bbox 1221 465 1319 496; x_wconf 87' lang='lat' dir='ltr'>herbis</span> <span class='ocrx_word' id='word_1_689' title='bbox 1331 484 1340 498; x_wconf 92' lang='lat'>,</span> <span class='ocrx_word' id='word_1_690' title='bbox 1353 463 1508 494; x_wconf 84' lang='lat' dir='ltr'>arboribus</span> <span class='ocrx_word' id='word_1_691' title='bbox 1521 483 1530 496; x_wconf 87' lang='lat'>,</span> <span class='ocrx_word' id='word_1_692' title='bbox 1549 462 1695 505; x_wconf 77' lang='lat' dir='ltr'>frugibus.</span> <span class='ocrx_word' id='word_1_693' title='bbox 1717 473 1847 504; x_wconf 86' lang='lat' dir='ltr'>quorum</span> <span class='ocrx_word' id='word_1_694' title='bbox 1860 466 2002 496; x_wconf 83' lang='lat' dir='ltr'>omnium</span> <span class='ocrx_word' id='word_1_695' title='bbox 2012 466 2178 497; x_wconf 83' lang='lat' dir='ltr'>incredibi-</span> 
     </span>
     <span class='ocr_line' id='line_1_77' title="bbox 1223 504 2178 547; baseline 0 -10"><span class='ocrx_word' id='word_1_696' title='bbox 1223 508 1259 537; x_wconf 87' lang='lat' dir='ltr'>lis</span> <span class='ocrx_word' id='word_1_697' title='bbox 1271 505 1437 537; x_wconf 89' lang='lat' dir='ltr'>multitudo</span> <span class='ocrx_word' id='word_1_698' title='bbox 1449 525 1459 539; x_wconf 91' lang='lat'>,</span> <span class='ocrx_word' id='word_1_699' title='bbox 1478 504 1637 536; x_wconf 80' lang='lat' dir='ltr'>insatiabili</span> <span class='ocrx_word' id='word_1_700' title='bbox 1649 507 1788 536; x_wconf 88' lang='lat' dir='ltr'>varietate</span> <span class='ocrx_word' id='word_1_701' title='bbox 1799 504 2002 547; x_wconf 80' lang='lat' dir='ltr'>distinguitur.</span> <span class='ocrx_word' id='word_1_702' title='bbox 2024 507 2108 538; x_wconf 79' lang='lat' dir='ltr'>Adde</span> <span class='ocrx_word' id='word_1_703' title='bbox 2117 508 2178 537; x_wconf 86' lang='lat' dir='ltr'>huc</span> 
     </span>
     <span class='ocr_line' id='line_1_78' title="bbox 1221 547 2181 589; baseline 0.001 -11"><span class='ocrx_word' id='word_1_704' title='bbox 1221 548 1356 578; x_wconf 83' lang='lat' dir='ltr'>fontium</span> <span class='ocrx_word' id='word_1_705' title='bbox 1374 547 1485 589; x_wconf 85' lang='lat' dir='ltr'>gelidas</span> <span class='ocrx_word' id='word_1_706' title='bbox 1505 549 1715 587; x_wconf 83' lang='lat' dir='ltr'>peremnitates</span> <span class='ocrx_word' id='word_1_707' title='bbox 1734 566 1743 580; x_wconf 87' lang='lat'><strong>,</strong></span> <span class='ocrx_word' id='word_1_708' title='bbox 1771 547 1902 588; x_wconf 80' lang='lat' dir='ltr'>liquores</span> <span class='ocrx_word' id='word_1_709' title='bbox 1920 547 2097 587; x_wconf 86' lang='lat' dir='ltr'>perlucidos</span> <span class='ocrx_word' id='word_1_710' title='bbox 2113 557 2181 579; x_wconf 87' lang='lat' dir='ltr'>am·</span> 
     </span>
     <span class='ocr_line' id='line_1_79' title="bbox 1225 586 2182 628; baseline 0 -8"><span class='ocrx_word' id='word_1_711' title='bbox 1225 592 1324 622; x_wconf 87' lang='lat' dir='ltr'>nium,</span> <span class='ocrx_word' id='word_1_712' title='bbox 1335 591 1464 628; x_wconf 87' lang='lat' dir='ltr'>riparum</span> <span class='ocrx_word' id='word_1_713' title='bbox 1474 587 1598 618; x_wconf 82' lang='lat' dir='ltr'>vestitus</span> <span class='ocrx_word' id='word_1_714' title='bbox 1610 586 2026 628; x_wconf 72' lang='lat' dir='ltr'>viridiffimos‚speluncarum</span> <span class='ocrx_word' id='word_1_715' title='bbox 2035 598 2182 620; x_wconf 78' lang='lat' dir='ltr'>concavas</span> 
     </span>
     <span class='ocr_line' id='line_1_80' title="bbox 1226 630 2186 670; baseline 0.001 -9"><span class='ocrx_word' id='word_1_716' title='bbox 1226 630 1414 663; x_wconf 84' lang='lat' dir='ltr'>altitudines,</span> <span class='ocrx_word' id='word_1_717' title='bbox 1429 631 1567 660; x_wconf 85' lang='lat' dir='ltr'>saxorum</span> <span class='ocrx_word' id='word_1_718' title='bbox 1576 630 1742 670; x_wconf 79' lang='lat' dir='ltr'>asperitates</span> <span class='ocrx_word' id='word_1_719' title='bbox 1753 650 1763 664; x_wconf 85' lang='lat'>‚</span> <span class='ocrx_word' id='word_1_720' title='bbox 1774 630 2017 670; x_wconf 84' lang='lat' dir='ltr'>impendentium</span> <span class='ocrx_word' id='word_1_721' title='bbox 2028 632 2186 662; x_wconf 82' lang='lat' dir='ltr'>montium</span> 
     </span>
     <span class='ocr_line' id='line_1_81' title="bbox 1225 670 2186 713; baseline -0.002 -10"><span class='ocrx_word' id='word_1_722' title='bbox 1225 672 1407 706; x_wconf 82' lang='lat' dir='ltr'>altitudines,</span> <span class='ocrx_word' id='word_1_723' title='bbox 1413 674 1453 701; x_wconf 89' lang='lat' dir='ltr'>im</span> <span class='ocrx_word' id='word_1_724' title='bbox 1459 670 1683 713; x_wconf 83' lang='lat' dir='ltr'>mensitatesque</span> <span class='ocrx_word' id='word_1_725' title='bbox 1692 681 1879 711; x_wconf 87' lang='lat' dir='ltr'>camporum:</span> <span class='ocrx_word' id='word_1_726' title='bbox 1889 671 1963 703; x_wconf 86' lang='lat' dir='ltr'>adde</span> <span class='ocrx_word' id='word_1_727' title='bbox 1975 673 2066 702; x_wconf 86' lang='lat' dir='ltr'>etiam</span> <span class='ocrx_word' id='word_1_728' title='bbox 2077 680 2186 702; x_wconf 85' lang='lat' dir='ltr'>recon-</span> 
     </span>
     <span class='ocr_line' id='line_1_82' title="bbox 1229 713 2186 754; baseline -0.003 -9"><span class='ocrx_word' id='word_1_729' title='bbox 1229 715 1304 745; x_wconf 85' lang='lat' dir='ltr'>ditas</span> <span class='ocrx_word' id='word_1_730' title='bbox 1314 715 1395 747; x_wconf 87' lang='lat' dir='ltr'>auri,</span> <span class='ocrx_word' id='word_1_731' title='bbox 1408 715 1581 754; x_wconf 84' lang='lat' dir='ltr'>argentique</span> <span class='ocrx_word' id='word_1_732' title='bbox 1592 723 1682 744; x_wconf 89' lang='lat' dir='ltr'>venas</span> <span class='ocrx_word' id='word_1_733' title='bbox 1691 733 1700 748; x_wconf 85' lang='lat'><strong><em>‚</em></strong></span> <span class='ocrx_word' id='word_1_734' title='bbox 1713 713 1926 754; x_wconf 80' lang='lat' dir='ltr'>infinitamque</span> <span class='ocrx_word' id='word_1_735' title='bbox 1935 715 2001 743; x_wconf 87' lang='lat' dir='ltr'>vim</span> <span class='ocrx_word' id='word_1_736' title='bbox 2012 713 2186 744; x_wconf 82' lang='lat' dir='ltr'>marmoris.</span> 
     </span>
     <span class='ocr_line' id='line_1_83' title="bbox 1229 753 2188 797; baseline -0.002 -11"><span class='ocrx_word' id='word_1_737' title='bbox 1229 760 1303 795; x_wconf 88' lang='lat' dir='ltr'>Quae</span> <span class='ocrx_word' id='word_1_738' title='bbox 1313 753 1386 786; x_wconf 74' lang='lat' dir='ltr'>verb</span> <span class='ocrx_word' id='word_1_739' title='bbox 1399 774 1407 789; x_wconf 85' lang='lat'>‚</span> <span class='ocrx_word' id='word_1_740' title='bbox 1420 756 1452 786; x_wconf 92' lang='lat'>&amp;</span> <span class='ocrx_word' id='word_1_741' title='bbox 1462 755 1553 796; x_wconf 70' lang='lat' dir='ltr'>quam</span> <span class='ocrx_word' id='word_1_742' title='bbox 1566 756 1642 785; x_wconf 88' lang='lat' dir='ltr'>varia</span> <span class='ocrx_word' id='word_1_743' title='bbox 1653 765 1760 797; x_wconf 86' lang='lat' dir='ltr'>genera</span> <span class='ocrx_word' id='word_1_744' title='bbox 1772 765 1791 784; x_wconf 77' lang='lat' dir='ltr'>n</span> <span class='ocrx_word' id='word_1_745' title='bbox 1801 764 1821 784; x_wconf 71' lang='lat' dir='ltr'>r:</span> <span class='ocrx_word' id='word_1_746' title='bbox 1830 765 1842 785; x_wconf 89' lang='lat' dir='ltr'>s</span> <span class='ocrx_word' id='word_1_747' title='bbox 1851 765 1871 784; x_wconf 88' lang='grc' dir='ltr'><strong><em>ϊ</em></strong></span> <span class='ocrx_word' id='word_1_748' title='bbox 1883 765 1893 784; x_wconf 90' lang='grc' dir='ltr'>ι</span> <span class='ocrx_word' id='word_1_749' title='bbox 1904 765 1926 785; x_wconf 76' lang='grc' dir='ltr'>Α</span> <span class='ocrx_word' id='word_1_750' title='bbox 1936 764 1957 785; x_wconf 76' lang='lat' dir='ltr'>R</span> <span class='ocrx_word' id='word_1_751' title='bbox 1966 765 1990 785; x_wconf 78' lang='grc' dir='ltr'>υ</span> <span class='ocrx_word' id='word_1_752' title='bbox 2000 764 2027 784; x_wconf 83' lang='grc' dir='ltr'><strong>Μ</strong></span> <span class='ocrx_word' id='word_1_753' title='bbox 2046 754 2094 785; x_wconf 86' lang='lat' dir='ltr'>vel</span> <span class='ocrx_word' id='word_1_754' title='bbox 2104 757 2188 785; x_wconf 85' lang='lat' dir='ltr'>cicu-</span> 
     </span>
     <span class='ocr_line' id='line_1_84' title="bbox 1230 795 2187 837; baseline -0.002 -9"><span class='ocrx_word' id='word_1_755' title='bbox 1230 807 1296 828; x_wconf 89' lang='lat' dir='ltr'>rum</span> <span class='ocrx_word' id='word_1_756' title='bbox 1308 818 1317 832; x_wconf 91' lang='lat'>‚</span> <span class='ocrx_word' id='word_1_757' title='bbox 1328 797 1375 827; x_wconf 84' lang='lat' dir='ltr'>vel</span> <span class='ocrx_word' id='word_1_758' title='bbox 1384 795 1514 827; x_wconf 86' lang='lat' dir='ltr'>ferarum</span> <span class='ocrx_word' id='word_1_759' title='bbox 1524 802 1534 828; x_wconf 74' lang='lat'>,³</span> <span class='ocrx_word' id='word_1_760' title='bbox 1544 798 1597 837; x_wconf 92' lang='lat' dir='ltr'>qui</span> <span class='ocrx_word' id='word_1_761' title='bbox 1606 798 1764 827; x_wconf 87' lang='lat' dir='ltr'>volucrum</span> <span class='ocrx_word' id='word_1_762' title='bbox 1774 797 1871 836; x_wconf 85' lang='lat' dir='ltr'>lapsus</span> <span class='ocrx_word' id='word_1_763' title='bbox 1881 816 1890 830; x_wconf 87' lang='lat'>‚</span> <span class='ocrx_word' id='word_1_764' title='bbox 1901 806 1988 837; x_wconf 89' lang='lat' dir='ltr'>atque</span> <span class='ocrx_word' id='word_1_765' title='bbox 1997 805 2101 831; x_wconf 82' lang='lat' dir='ltr'>cantus</span> <span class='ocrx_word' id='word_1_766' title='bbox 2111 796 2121 822; x_wconf 91' lang='lat'><strong>?</strong></span> <span class='ocrx_word' id='word_1_767' title='bbox 2131 796 2187 836; x_wconf 81' lang='lat' dir='ltr'>qui</span> 
     </span>
     <span class='ocr_line' id='line_1_85' title="bbox 1230 836 2192 880; baseline -0.002 -11"><span class='ocrx_word' id='word_1_768' title='bbox 1230 838 1378 880; x_wconf 86' lang='lat' dir='ltr'>pecudum</span> <span class='ocrx_word' id='word_1_769' title='bbox 1389 837 1507 878; x_wconf 83' lang='lat' dir='ltr'>pastus?</span> <span class='ocrx_word' id='word_1_770' title='bbox 1523 848 1589 879; x_wconf 80' lang='lat' dir='ltr'>quae</span> <span class='ocrx_word' id='word_1_771' title='bbox 1601 840 1662 869; x_wconf 88' lang='lat' dir='ltr'>vita</span> <span class='ocrx_word' id='word_1_772' title='bbox 1677 836 1853 869; x_wconf 80' lang='lat' dir='ltr'>silvestrium</span> <span class='ocrx_word' id='word_1_773' title='bbox 1867 841 1878 868; x_wconf 91' lang='lat'>?</span> <span class='ocrx_word' id='word_1_774' title='bbox 1899 838 1980 878; x_wconf 88' lang='lat' dir='ltr'>Quid</span> <span class='ocrx_word' id='word_1_775' title='bbox 1993 839 2055 877; x_wconf 85' lang='lat' dir='ltr'>jam</span> <span class='ocrx_word' id='word_1_776' title='bbox 2069 837 2106 867; x_wconf 89' lang='lat' dir='ltr'>de</span> <span class='ocrx_word' id='word_1_777' title='bbox 2121 837 2192 867; x_wconf 57' lang='lat'>1104</span> 
     </span>
     <span class='ocr_line' id='line_1_86' title="bbox 1235 878 2190 921; baseline -0.001 -10"><span class='ocrx_word' id='word_1_778' title='bbox 1235 891 1262 912; x_wconf 83' lang='lat' dir='ltr'>M</span> <span class='ocrx_word' id='word_1_779' title='bbox 1276 891 1286 910; x_wconf 87' lang='lat' dir='ltr'>i</span> <span class='ocrx_word' id='word_1_780' title='bbox 1298 891 1318 910; x_wconf 81' lang='lat' dir='ltr'>N</span> <span class='ocrx_word' id='word_1_781' title='bbox 1328 890 1350 910; x_wconf 83' lang='grc' dir='ltr'>σ</span> <span class='ocrx_word' id='word_1_782' title='bbox 1361 889 1388 910; x_wconf 84' lang='grc' dir='ltr'><strong><em>Μ</em></strong></span> <span class='ocrx_word' id='word_1_783' title='bbox 1401 890 1508 921; x_wconf 83' lang='lat' dir='ltr'>genere</span> <span class='ocrx_word' id='word_1_784' title='bbox 1520 881 1618 910; x_wconf 85' lang='lat' dir='ltr'>dicam</span> <span class='ocrx_word' id='word_1_785' title='bbox 1630 882 1641 910; x_wconf 84' lang='lat'>?</span> <span class='ocrx_word' id='word_1_786' title='bbox 1658 881 1711 920; x_wconf 87' lang='lat' dir='ltr'>qui</span> <span class='ocrx_word' id='word_1_787' title='bbox 1721 878 1798 920; x_wconf 88' lang='lat' dir='ltr'>quafi</span> <span class='ocrx_word' id='word_1_788' title='bbox 1809 879 1925 909; x_wconf 80' lang='lat' dir='ltr'>cultores</span> <span class='ocrx_word' id='word_1_789' title='bbox 1935 887 2009 908; x_wconf 75' lang='lat' dir='ltr'>terr-e</span> <span class='ocrx_word' id='word_1_790' title='bbox 2018 878 2190 913; x_wconf 81' lang='lat' dir='ltr'>constituti,</span> 
     </span>
     <span class='ocr_line' id='line_1_87' title="bbox 1233 919 2190 962; baseline -0.002 -10"><span class='ocrx_word' id='word_1_791' title='bbox 1233 932 1297 953; x_wconf 88' lang='lat' dir='ltr'>non</span> <span class='ocrx_word' id='word_1_792' title='bbox 1306 924 1458 962; x_wconf 87' lang='lat' dir='ltr'>patiuntur</span> <span class='ocrx_word' id='word_1_793' title='bbox 1472 931 1538 952; x_wconf 88' lang='lat' dir='ltr'>eam</span> <span class='ocrx_word' id='word_1_794' title='bbox 1551 931 1606 952; x_wconf 86' lang='lat' dir='ltr'>nec</span> <span class='ocrx_word' id='word_1_795' title='bbox 1618 923 1805 952; x_wconf 85' lang='lat' dir='ltr'>immanitate</span> <span class='ocrx_word' id='word_1_796' title='bbox 1815 921 1969 951; x_wconf 85' lang='lat' dir='ltr'>beluarum</span> <span class='ocrx_word' id='word_1_797' title='bbox 1981 919 2095 951; x_wconf 79' lang='lat' dir='ltr'>efferari</span> <span class='ocrx_word' id='word_1_798' title='bbox 2106 940 2115 954; x_wconf 84' lang='lat'><em>,</em></span> <span class='ocrx_word' id='word_1_799' title='bbox 2133 929 2190 952; x_wconf 83' lang='lat' dir='ltr'>nec</span> 
     </span>
     <span class='ocr_line' id='line_1_88' title="bbox 1234 962 2191 1004; baseline -0.002 -11"><span class='ocrx_word' id='word_1_800' title='bbox 1234 964 1373 1004; x_wconf 84' lang='lat' dir='ltr'>stirpium</span> <span class='ocrx_word' id='word_1_801' title='bbox 1386 963 1536 1003; x_wconf 87' lang='lat' dir='ltr'>asperitate</span> <span class='ocrx_word' id='word_1_802' title='bbox 1548 962 1654 993; x_wconf 81' lang='lat' dir='ltr'>vastari</span> <span class='ocrx_word' id='word_1_803' title='bbox 1667 973 1673 992; x_wconf 86' lang='lat'>:</span> <span class='ocrx_word' id='word_1_804' title='bbox 1691 972 1881 1003; x_wconf 89' lang='lat' dir='ltr'>quorumque</span> <span class='ocrx_word' id='word_1_805' title='bbox 1891 963 2032 1002; x_wconf 85' lang='lat' dir='ltr'>operibus</span> <span class='ocrx_word' id='word_1_806' title='bbox 2039 964 2099 1002; x_wconf 86' lang='lat' dir='ltr'>agri</span> <span class='ocrx_word' id='word_1_807' title='bbox 2109 981 2118 995; x_wconf 91' lang='lat'>,</span> <span class='ocrx_word' id='word_1_808' title='bbox 2138 963 2191 992; x_wconf 89' lang='lat' dir='ltr'>in-</span> 
     </span>
     <span class='ocr_line' id='line_1_89' title="bbox 1235 1003 2193 1045; baseline -0.001 -11"><span class='ocrx_word' id='word_1_809' title='bbox 1235 1006 1303 1036; x_wconf 83' lang='lat' dir='ltr'>sulae</span> <span class='ocrx_word' id='word_1_810' title='bbox 1315 1025 1324 1038; x_wconf 93' lang='lat'>‚</span> <span class='ocrx_word' id='word_1_811' title='bbox 1345 1005 1503 1045; x_wconf 89' lang='lat' dir='ltr'>littoraque</span> <span class='ocrx_word' id='word_1_812' title='bbox 1520 1005 1671 1035; x_wconf 88' lang='lat' dir='ltr'>collucent</span> <span class='ocrx_word' id='word_1_813' title='bbox 1684 1023 1693 1037; x_wconf 88' lang='lat'><em>‚</em></span> <span class='ocrx_word' id='word_1_814' title='bbox 1716 1003 1857 1034; x_wconf 64' lang='lat' dir='ltr'>difflueta</span> <span class='ocrx_word' id='word_1_815' title='bbox 1875 1004 1979 1038; x_wconf 61' lang='lat' dir='ltr'>tediis,</span> <span class='ocrx_word' id='word_1_816' title='bbox 1999 1004 2032 1035; x_wconf 90' lang='lat'>&amp;</span> <span class='ocrx_word' id='word_1_817' title='bbox 2051 1003 2193 1034; x_wconf 72' lang='lat' dir='ltr'>urbibus.</span> 
     </span>
     <span class='ocr_line' id='line_1_90' title="bbox 1235 1044 2192 1086; baseline -0.001 -10"><span class='ocrx_word' id='word_1_818' title='bbox 1235 1050 1309 1086; x_wconf 80' lang='lat' dir='ltr'>Qiae</span> <span class='ocrx_word' id='word_1_819' title='bbox 1329 1045 1349 1075; x_wconf 86' lang='lat' dir='ltr'>si</span> <span class='ocrx_word' id='word_1_820' title='bbox 1362 1066 1370 1078; x_wconf 90' lang='lat'>‚</span> <span class='ocrx_word' id='word_1_821' title='bbox 1391 1055 1424 1076; x_wconf 87' lang='lat' dir='ltr'>ut</span> <span class='ocrx_word' id='word_1_822' title='bbox 1442 1047 1552 1075; x_wconf 89' lang='lat' dir='ltr'>animis</span> <span class='ocrx_word' id='word_1_823' title='bbox 1565 1065 1574 1078; x_wconf 87' lang='lat'><em>,</em></span> <span class='ocrx_word' id='word_1_824' title='bbox 1604 1044 1642 1075; x_wconf 84' lang='lat' dir='ltr'>fic</span> <span class='ocrx_word' id='word_1_825' title='bbox 1660 1045 1757 1075; x_wconf 88' lang='lat' dir='ltr'>oculis</span> <span class='ocrx_word' id='word_1_826' title='bbox 1775 1045 1876 1075; x_wconf 88' lang='lat' dir='ltr'>videre</span> <span class='ocrx_word' id='word_1_827' title='bbox 1894 1044 2045 1085; x_wconf 79' lang='lat' dir='ltr'>poss&#39;emus</span> <span class='ocrx_word' id='word_1_828' title='bbox 2057 1065 2066 1079; x_wconf 92' lang='lat'>‚</span> <span class='ocrx_word' id='word_1_829' title='bbox 2095 1054 2192 1075; x_wconf 86' lang='lat' dir='ltr'>nemo</span> 
     </span>
     <span class='ocr_line' id='line_1_91' title="bbox 1234 1085 2195 1119; baseline -0.001 -1"><span class='ocrx_word' id='word_1_830' title='bbox 1234 1087 1375 1118; x_wconf 61' lang='lat' dir='ltr'>cundiam</span> <span class='ocrx_word' id='word_1_831' title='bbox 1392 1089 1513 1117; x_wconf 80' lang='lat' dir='ltr'>intuens</span> <span class='ocrx_word' id='word_1_832' title='bbox 1530 1095 1637 1117; x_wconf 88' lang='lat' dir='ltr'>terram</span> <span class='ocrx_word' id='word_1_833' title='bbox 1651 1105 1661 1119; x_wconf 85' lang='lat'>,</span> <span class='ocrx_word' id='word_1_834' title='bbox 1676 1085 1712 1116; x_wconf 88' lang='lat' dir='ltr'>de</span> <span class='ocrx_word' id='word_1_835' title='bbox 1727 1086 1830 1116; x_wconf 86' lang='lat' dir='ltr'>divina</span> <span class='ocrx_word' id='word_1_836' title='bbox 1841 1089 1958 1116; x_wconf 82' lang='lat' dir='ltr'>ratione</span> <span class='ocrx_word' id='word_1_837' title='bbox 1970 1087 2127 1117; x_wconf 87' lang='lat' dir='ltr'>dubitaret.</span> <span class='ocrx_word' id='word_1_838' title='bbox 2152 1088 2195 1117; x_wconf 81' lang='lat' dir='ltr'>At</span> 
     </span>
     <span class='ocr_line' id='line_1_92' title="bbox 1235 1126 2202 1169; baseline -0.001 -10"><span class='ocrx_word' id='word_1_839' title='bbox 1235 1128 1308 1160; x_wconf 76' lang='lat' dir='ltr'>verb</span> <span class='ocrx_word' id='word_1_840' title='bbox 1318 1137 1428 1169; x_wconf 81' lang='lat' dir='ltr'>quanta</span> <span class='ocrx_word' id='word_1_841' title='bbox 1448 1138 1473 1158; x_wconf 89' lang='lat' dir='ltr'><strong>M</strong></span> <span class='ocrx_word' id='word_1_842' title='bbox 1483 1137 1506 1157; x_wconf 83' lang='lat' dir='ltr'>A</span> <span class='ocrx_word' id='word_1_843' title='bbox 1516 1137 1538 1158; x_wconf 81' lang='lat' dir='ltr'>R</span> <span class='ocrx_word' id='word_1_844' title='bbox 1550 1137 1561 1157; x_wconf 89' lang='lat' dir='ltr'>r</span> <span class='ocrx_word' id='word_1_845' title='bbox 1574 1138 1587 1157; x_wconf 93' lang='lat' dir='ltr'>s</span> <span class='ocrx_word' id='word_1_846' title='bbox 1603 1126 1645 1157; x_wconf 87' lang='lat' dir='ltr'>est</span> <span class='ocrx_word' id='word_1_847' title='bbox 1653 1127 1845 1167; x_wconf 85' lang='lat' dir='ltr'>pulchritudo</span> <span class='ocrx_word' id='word_1_848' title='bbox 1855 1130 1865 1156; x_wconf 89' lang='lat'>?</span> <span class='ocrx_word' id='word_1_849' title='bbox 1875 1137 1940 1168; x_wconf 67' lang='lat' dir='ltr'>quat</span> <span class='ocrx_word' id='word_1_850' title='bbox 1951 1128 2061 1167; x_wconf 87' lang='lat' dir='ltr'>species</span> <span class='ocrx_word' id='word_1_851' title='bbox 2070 1130 2202 1164; x_wconf 47' lang='lat' dir='ltr'>univer&amp;</span> 
     </span>
     <span class='ocr_line' id='line_1_93' title="bbox 1236 1169 2195 1210; baseline 0 -10"><span class='ocrx_word' id='word_1_852' title='bbox 1236 1169 1256 1200; x_wconf 89' lang='lat' dir='ltr'>si</span> <span class='ocrx_word' id='word_1_853' title='bbox 1269 1174 1278 1200; x_wconf 91' lang='lat'>?</span> <span class='ocrx_word' id='word_1_854' title='bbox 1298 1180 1364 1210; x_wconf 84' lang='lat' dir='ltr'>quae</span> <span class='ocrx_word' id='word_1_855' title='bbox 1377 1169 1542 1200; x_wconf 84' lang='lat' dir='ltr'>multitudo</span> <span class='ocrx_word' id='word_1_856' title='bbox 1553 1188 1562 1203; x_wconf 90' lang='lat'>,</span> <span class='ocrx_word' id='word_1_857' title='bbox 1577 1169 1610 1198; x_wconf 77' lang='grc' dir='ltr'>δε</span> <span class='ocrx_word' id='word_1_858' title='bbox 1621 1171 1744 1199; x_wconf 85' lang='lat' dir='ltr'>varietas</span> <span class='ocrx_word' id='word_1_859' title='bbox 1753 1169 1919 1199; x_wconf 87' lang='lat' dir='ltr'>insularum</span> <span class='ocrx_word' id='word_1_860' title='bbox 1931 1172 1942 1198; x_wconf 88' lang='lat'>?</span> <span class='ocrx_word' id='word_1_861' title='bbox 1960 1179 2025 1209; x_wconf 84' lang='lat' dir='ltr'>quae</span> <span class='ocrx_word' id='word_1_862' title='bbox 2034 1171 2195 1200; x_wconf 78' lang='lat' dir='ltr'>amoenita-</span> 
     </span>
     <span class='ocr_line' id='line_1_94' title="bbox 1235 1210 2196 1251; baseline -0.002 -9"><span class='ocrx_word' id='word_1_863' title='bbox 1235 1221 1279 1242; x_wconf 88' lang='lat' dir='ltr'>tes</span> <span class='ocrx_word' id='word_1_864' title='bbox 1297 1221 1436 1244; x_wconf 84' lang='lat' dir='ltr'>orarum,</span> <span class='ocrx_word' id='word_1_865' title='bbox 1457 1211 1645 1242; x_wconf 83' lang='lat' dir='ltr'>&amp;litorum?</span> <span class='ocrx_word' id='word_1_866' title='bbox 1666 1219 1740 1251; x_wconf 91' lang='lat' dir='ltr'>quot</span> <span class='ocrx_word' id='word_1_867' title='bbox 1774 1220 1880 1244; x_wconf 87' lang='lat' dir='ltr'>enera‚</span> <span class='ocrx_word' id='word_1_868' title='bbox 1899 1220 2051 1251; x_wconf 85' lang='lat' dir='ltr'>quamque</span> <span class='ocrx_word' id='word_1_869' title='bbox 2068 1210 2196 1251; x_wconf 64' lang='lat' dir='ltr'>disparia</span> 
     </span>
     <span class='ocr_line' id='line_1_95' title="bbox 1236 1252 2197 1294; baseline -0.002 -11"><span class='ocrx_word' id='word_1_870' title='bbox 1236 1254 1344 1294; x_wconf 87' lang='lat' dir='ltr'>partim</span> <span class='ocrx_word' id='word_1_871' title='bbox 1366 1252 1585 1283; x_wconf 77' lang='lat' dir='ltr'>submersarum</span> <span class='ocrx_word' id='word_1_872' title='bbox 1597 1271 1606 1286; x_wconf 88' lang='lat'><em>,</em></span> <span class='ocrx_word' id='word_1_873' title='bbox 1624 1254 1731 1292; x_wconf 89' lang='lat' dir='ltr'>partim</span> <span class='ocrx_word' id='word_1_874' title='bbox 1775 1254 1935 1282; x_wconf 88' lang='lat' dir='ltr'>uitantium</span> <span class='ocrx_word' id='word_1_875' title='bbox 1948 1272 1959 1286; x_wconf 85' lang='lat'>,</span> <span class='ocrx_word' id='word_1_876' title='bbox 1977 1252 2197 1283; x_wconf 80' lang='lat' dir='ltr'>&amp;innantium</span> 
     </span>
     <span class='ocr_line' id='line_1_96' title="bbox 1236 1293 2199 1334; baseline -0.001 -9"><span class='ocrx_word' id='word_1_877' title='bbox 1236 1295 1406 1326; x_wconf 88' lang='lat' dir='ltr'>belluarum</span> <span class='ocrx_word' id='word_1_878' title='bbox 1426 1313 1435 1328; x_wconf 88' lang='lat'>‚</span> <span class='ocrx_word' id='word_1_879' title='bbox 1463 1296 1570 1334; x_wconf 87' lang='lat' dir='ltr'>partim</span> <span class='ocrx_word' id='word_1_880' title='bbox 1589 1293 1625 1324; x_wconf 88' lang='lat' dir='ltr'>ad</span> <span class='ocrx_word' id='word_1_881' title='bbox 1646 1293 1712 1324; x_wconf 88' lang='lat' dir='ltr'>saxa</span> <span class='ocrx_word' id='word_1_882' title='bbox 1731 1296 1840 1323; x_wconf 85' lang='lat' dir='ltr'>nativis</span> <span class='ocrx_word' id='word_1_883' title='bbox 1857 1293 1938 1324; x_wconf 87' lang='lat' dir='ltr'>testis</span> <span class='ocrx_word' id='word_1_884' title='bbox 1957 1294 2171 1323; x_wconf 70' lang='lat' dir='ltr'>inhaerentium</span> <span class='ocrx_word' id='word_1_885' title='bbox 2184 1295 2199 1324; x_wconf 70' lang='grc' dir='ltr'>ἓ</span> 
     </span>
     <span class='ocr_line' id='line_1_97' title="bbox 1238 1334 2196 1377; baseline -0.003 -10"><span class='ocrx_word' id='word_1_886' title='bbox 1238 1337 1339 1377; x_wconf 86' lang='lat' dir='ltr'>Ipsum</span> <span class='ocrx_word' id='word_1_887' title='bbox 1359 1345 1459 1366; x_wconf 89' lang='lat' dir='ltr'>autem</span> <span class='ocrx_word' id='word_1_888' title='bbox 1478 1345 1559 1366; x_wconf 92' lang='lat' dir='ltr'>mare</span> <span class='ocrx_word' id='word_1_889' title='bbox 1579 1334 1615 1365; x_wconf 76' lang='lat' dir='ltr'>sic</span> <span class='ocrx_word' id='word_1_890' title='bbox 1631 1344 1736 1366; x_wconf 82' lang='lat' dir='ltr'>terram</span> <span class='ocrx_word' id='word_1_891' title='bbox 1749 1344 1893 1375; x_wconf 83' lang='lat' dir='ltr'>appeteris</span> <span class='ocrx_word' id='word_1_892' title='bbox 1910 1335 2075 1365; x_wconf 59' lang='lat' dir='ltr'>nitoribus</span> <span class='ocrx_word' id='word_1_893' title='bbox 2087 1334 2196 1369; x_wconf 80' lang='lat' dir='ltr'>eludit.</span> 
     </span>
     <span class='ocr_line' id='line_1_98' title="bbox 1240 1376 2196 1409; baseline -0.002 -1"><span class='ocrx_word' id='word_1_894' title='bbox 1240 1389 1272 1409; x_wconf 87' lang='lat' dir='ltr'>ut</span> <span class='ocrx_word' id='word_1_895' title='bbox 1287 1388 1345 1408; x_wconf 88' lang='lat' dir='ltr'>una</span> <span class='ocrx_word' id='word_1_896' title='bbox 1358 1387 1396 1407; x_wconf 86' lang='lat' dir='ltr'>ex</span> <span class='ocrx_word' id='word_1_897' title='bbox 1408 1377 1523 1408; x_wconf 89' lang='lat' dir='ltr'>duabus</span> <span class='ocrx_word' id='word_1_898' title='bbox 1535 1379 1647 1407; x_wconf 86' lang='lat' dir='ltr'>naturis</span> <span class='ocrx_word' id='word_1_899' title='bbox 1656 1376 1784 1407; x_wconf 79' lang='lat' dir='ltr'>conflata</span> <span class='ocrx_word' id='word_1_900' title='bbox 1795 1377 1935 1407; x_wconf 82' lang='lat' dir='ltr'>videatur.</span> <span class='ocrx_word' id='word_1_901' title='bbox 1960 1376 2081 1408; x_wconf 84' lang='lat' dir='ltr'>Exinde</span> <span class='ocrx_word' id='word_1_902' title='bbox 2100 1385 2196 1406; x_wconf 77' lang='lat' dir='ltr'>MAru</span> 
     </span>
     <span class='ocr_line' id='line_1_99' title="bbox 1240 1417 2198 1460; baseline -0.001 -10"><span class='ocrx_word' id='word_1_903' title='bbox 1240 1429 1429 1452; x_wconf 71' lang='lat' dir='ltr'>Frui-rums</span> <span class='ocrx_word' id='word_1_904' title='bbox 1448 1428 1516 1448; x_wconf 77' lang='lat' dir='ltr'>AER</span> <span class='ocrx_word' id='word_1_905' title='bbox 1527 1437 1536 1452; x_wconf 83' lang='lat'><strong>.</strong></span> <span class='ocrx_word' id='word_1_906' title='bbox 1556 1418 1606 1448; x_wconf 88' lang='lat' dir='ltr'>die</span> <span class='ocrx_word' id='word_1_907' title='bbox 1616 1437 1625 1452; x_wconf 88' lang='lat'>‚</span> <span class='ocrx_word' id='word_1_908' title='bbox 1646 1418 1679 1448; x_wconf 90' lang='lat'>&amp;</span> <span class='ocrx_word' id='word_1_909' title='bbox 1699 1417 1788 1448; x_wconf 61' lang='lat' dir='ltr'>nodie</span> <span class='ocrx_word' id='word_1_910' title='bbox 1805 1418 2015 1460; x_wconf 87' lang='lat' dir='ltr'>distinguitur:</span> <span class='ocrx_word' id='word_1_911' title='bbox 2034 1418 2116 1458; x_wconf 87' lang='lat' dir='ltr'>isque</span> <span class='ocrx_word' id='word_1_912' title='bbox 2129 1427 2198 1449; x_wconf 84' lang='lat' dir='ltr'>tum</span> 
     </span>
     <span class='ocr_line' id='line_1_100' title="bbox 1240 1459 2197 1494; baseline -0.003 -2"><span class='ocrx_word' id='word_1_913' title='bbox 1240 1461 1321 1492; x_wconf 85' lang='lat' dir='ltr'>fusus</span> <span class='ocrx_word' id='word_1_914' title='bbox 1334 1480 1342 1494; x_wconf 85' lang='lat'>‚</span> <span class='ocrx_word' id='word_1_915' title='bbox 1354 1461 1388 1490; x_wconf 92' lang='lat'>&amp;</span> <span class='ocrx_word' id='word_1_916' title='bbox 1398 1469 1573 1490; x_wconf 76' lang='lat' dir='ltr'>eittenuatus</span> <span class='ocrx_word' id='word_1_917' title='bbox 1584 1459 1712 1489; x_wconf 88' lang='lat' dir='ltr'>sublime</span> <span class='ocrx_word' id='word_1_918' title='bbox 1721 1459 1830 1489; x_wconf 85' lang='lat' dir='ltr'>fertur:</span> <span class='ocrx_word' id='word_1_919' title='bbox 1843 1469 1907 1489; x_wconf 85' lang='lat' dir='ltr'>tum</span> <span class='ocrx_word' id='word_1_920' title='bbox 1918 1469 2019 1490; x_wconf 85' lang='lat' dir='ltr'>autem</span> <span class='ocrx_word' id='word_1_921' title='bbox 2028 1468 2197 1494; x_wconf 82' lang='lat' dir='ltr'>concretus.</span> 
     </span>
     <span class='ocr_line' id='line_1_101' title="bbox 1241 1501 2198 1543; baseline -0.001 -10"><span class='ocrx_word' id='word_1_922' title='bbox 1241 1505 1274 1533; x_wconf 92' lang='lat' dir='ltr'>in</span> <span class='ocrx_word' id='word_1_923' title='bbox 1295 1502 1402 1532; x_wconf 74' lang='lat' dir='ltr'>nube-is</span> <span class='ocrx_word' id='word_1_924' title='bbox 1420 1502 1557 1543; x_wconf 84' lang='lat' dir='ltr'>cogitur:</span> <span class='ocrx_word' id='word_1_925' title='bbox 1581 1501 1801 1540; x_wconf 89' lang='lat' dir='ltr'>humoremque</span> <span class='ocrx_word' id='word_1_926' title='bbox 1817 1503 1963 1541; x_wconf 87' lang='lat' dir='ltr'>colligens</span> <span class='ocrx_word' id='word_1_927' title='bbox 1982 1510 2091 1531; x_wconf 83' lang='lat' dir='ltr'>terram</span> <span class='ocrx_word' id='word_1_928' title='bbox 2109 1509 2198 1541; x_wconf 85' lang='lat' dir='ltr'>auget</span> 
     </span>
     <span class='ocr_line' id='line_1_102' title="bbox 1240 1541 2196 1575; baseline 0 -2"><span class='ocrx_word' id='word_1_929' title='bbox 1240 1543 1392 1574; x_wconf 85' lang='lat' dir='ltr'>imbribus</span> <span class='ocrx_word' id='word_1_930' title='bbox 1402 1553 1408 1572; x_wconf 78' lang='lat' dir='ltr'>z</span> <span class='ocrx_word' id='word_1_931' title='bbox 1418 1551 1482 1572; x_wconf 91' lang='lat' dir='ltr'>tum</span> <span class='ocrx_word' id='word_1_932' title='bbox 1493 1541 1618 1572; x_wconf 86' lang='lat' dir='ltr'>effluens</span> <span class='ocrx_word' id='word_1_933' title='bbox 1627 1543 1686 1572; x_wconf 86' lang='lat' dir='ltr'>huc</span> <span class='ocrx_word' id='word_1_934' title='bbox 1700 1561 1708 1575; x_wconf 89' lang='lat'>,</span> <span class='ocrx_word' id='word_1_935' title='bbox 1720 1541 1753 1571; x_wconf 88' lang='lat'>&amp;</span> <span class='ocrx_word' id='word_1_936' title='bbox 1764 1542 1836 1572; x_wconf 83' lang='lat' dir='ltr'>illuc</span> <span class='ocrx_word' id='word_1_937' title='bbox 1845 1561 1853 1575; x_wconf 88' lang='lat'>,</span> <span class='ocrx_word' id='word_1_938' title='bbox 1863 1552 1972 1572; x_wconf 84' lang='lat' dir='ltr'>ventos</span> <span class='ocrx_word' id='word_1_939' title='bbox 1981 1541 2083 1571; x_wconf 85' lang='lat' dir='ltr'>efficit.</span> <span class='ocrx_word' id='word_1_940' title='bbox 2106 1542 2196 1573; x_wconf 85' lang='lat' dir='ltr'>Idem</span> 
     </span>
     <span class='ocr_line' id='line_1_103' title="bbox 1241 1582 2197 1624; baseline 0 -9"><span class='ocrx_word' id='word_1_941' title='bbox 1241 1594 1353 1615; x_wconf 88' lang='lat' dir='ltr'>annuas</span> <span class='ocrx_word' id='word_1_942' title='bbox 1364 1583 1510 1624; x_wconf 83' lang='lat' dir='ltr'>frigorum</span> <span class='ocrx_word' id='word_1_943' title='bbox 1525 1604 1535 1616; x_wconf 85' lang='lat'><em>‚</em></span> <span class='ocrx_word' id='word_1_944' title='bbox 1554 1583 1586 1613; x_wconf 90' lang='lat'>&amp;</span> <span class='ocrx_word' id='word_1_945' title='bbox 1596 1584 1728 1613; x_wconf 83' lang='lat' dir='ltr'>calorum</span> <span class='ocrx_word' id='word_1_946' title='bbox 1739 1582 1809 1613; x_wconf 84' lang='lat' dir='ltr'>facit</span> <span class='ocrx_word' id='word_1_947' title='bbox 1819 1585 1972 1613; x_wconf 84' lang='lat' dir='ltr'>varietates</span> <span class='ocrx_word' id='word_1_948' title='bbox 1986 1595 1990 1612; x_wconf 90' lang='lat'>:</span> <span class='ocrx_word' id='word_1_949' title='bbox 2008 1583 2150 1624; x_wconf 87' lang='lat' dir='ltr'>idemque</span> <span class='ocrx_word' id='word_1_950' title='bbox 2161 1583 2197 1615; x_wconf 87' lang='lat'>&amp;</span> 
     </span>
     <span class='ocr_line' id='line_1_104' title="bbox 1239 1623 2198 1664; baseline -0.002 -8"><span class='ocrx_word' id='word_1_951' title='bbox 1239 1626 1356 1656; x_wconf 87' lang='lat' dir='ltr'>volatus</span> <span class='ocrx_word' id='word_1_952' title='bbox 1368 1625 1473 1655; x_wconf 87' lang='lat' dir='ltr'>alitum</span> <span class='ocrx_word' id='word_1_953' title='bbox 1488 1624 1611 1655; x_wconf 86' lang='lat' dir='ltr'>sustinet</span> <span class='ocrx_word' id='word_1_954' title='bbox 1621 1644 1631 1658; x_wconf 88' lang='lat'><em>‚</em></span> <span class='ocrx_word' id='word_1_955' title='bbox 1650 1626 1708 1654; x_wconf 80' lang='lat'>4&amp;</span> <span class='ocrx_word' id='word_1_956' title='bbox 1719 1625 1821 1664; x_wconf 82' lang='lat' dir='ltr'>spiritu</span> <span class='ocrx_word' id='word_1_957' title='bbox 1835 1624 1943 1655; x_wconf 57' lang='lat' dir='ltr'>dntibus</span> <span class='ocrx_word' id='word_1_958' title='bbox 1953 1625 2020 1658; x_wconf 82' lang='lat' dir='ltr'>alit,</span> <span class='ocrx_word' id='word_1_959' title='bbox 2036 1625 2069 1655; x_wconf 74' lang='grc' dir='ltr'>δε</span> <span class='ocrx_word' id='word_1_960' title='bbox 2081 1623 2198 1655; x_wconf 89' lang='lat' dir='ltr'>susten-</span> 
     </span>
     <span class='ocr_line' id='line_1_105' title="bbox 1241 1665 2262 1710; baseline -0.002 -12"><span class='ocrx_word' id='word_1_961' title='bbox 1241 1676 1281 1698; x_wconf 90' lang='lat' dir='ltr'>tat</span> <span class='ocrx_word' id='word_1_962' title='bbox 1296 1668 1486 1698; x_wconf 86' lang='lat' dir='ltr'>animanteis.</span> <span class='ocrx_word' id='word_1_963' title='bbox 1511 1665 1610 1696; x_wconf 86' lang='lat' dir='ltr'>Restat</span> <span class='ocrx_word' id='word_1_964' title='bbox 1628 1667 1774 1699; x_wconf 89' lang='lat' dir='ltr'>ultimus,</span> <span class='ocrx_word' id='word_1_965' title='bbox 1796 1667 1852 1696; x_wconf 81' lang='lat'>5&amp;</span> <span class='ocrx_word' id='word_1_966' title='bbox 1868 1666 1884 1696; x_wconf 72' lang='lat' dir='ltr'>a</span> <span class='ocrx_word' id='word_1_967' title='bbox 1904 1666 2070 1696; x_wconf 86' lang='lat' dir='ltr'>domiciliis</span> <span class='ocrx_word' id='word_1_968' title='bbox 2082 1665 2195 1697; x_wconf 84' lang='lat' dir='ltr'>nostris</span> <span class='ocrx_word' id='word_1_969' title='bbox 2212 1676 2262 1710; x_wconf 82' lang='lat'>40</span> 
     </span>
     <span class='ocr_line' id='line_1_106' title="bbox 1241 1707 2196 1747; baseline 0 -9"><span class='ocrx_word' id='word_1_970' title='bbox 1241 1707 1398 1739; x_wconf 87' lang='lat' dir='ltr'>altiffimus</span> <span class='ocrx_word' id='word_1_971' title='bbox 1408 1726 1417 1740; x_wconf 91' lang='lat'>‚</span> <span class='ocrx_word' id='word_1_972' title='bbox 1436 1709 1540 1737; x_wconf 90' lang='lat' dir='ltr'>omnia</span> <span class='ocrx_word' id='word_1_973' title='bbox 1553 1709 1676 1747; x_wconf 86' lang='lat' dir='ltr'>cingens</span> <span class='ocrx_word' id='word_1_974' title='bbox 1690 1726 1699 1740; x_wconf 89' lang='lat'><strong><em>,</em></strong></span> <span class='ocrx_word' id='word_1_975' title='bbox 1714 1707 1896 1736; x_wconf 68' lang='lat' dir='ltr'>&amp;coercens</span> <span class='ocrx_word' id='word_1_976' title='bbox 1914 1707 1979 1737; x_wconf 82' lang='lat' dir='ltr'>caeli</span> <span class='ocrx_word' id='word_1_977' title='bbox 1997 1707 2196 1747; x_wconf 86' lang='lat' dir='ltr'>complexus:</span> 
     </span>
     <span class='ocr_line' id='line_1_107' title="bbox 1241 1747 2198 1790; baseline 0.001 -12"><span class='ocrx_word' id='word_1_978' title='bbox 1241 1751 1293 1790; x_wconf 83' lang='lat' dir='ltr'>qui</span> <span class='ocrx_word' id='word_1_979' title='bbox 1307 1749 1389 1778; x_wconf 81' lang='lat' dir='ltr'>idem</span> <span class='ocrx_word' id='word_1_980' title='bbox 1405 1758 1436 1778; x_wconf 64' lang='grc' dir='ltr'>,ιε</span> <span class='ocrx_word' id='word_1_981' title='bbox 1447 1759 1465 1778; x_wconf 84' lang='grc' dir='ltr'><strong>τ</strong></span> <span class='ocrx_word' id='word_1_982' title='bbox 1474 1758 1495 1778; x_wconf 72' lang='lat' dir='ltr'>ri</span> <span class='ocrx_word' id='word_1_983' title='bbox 1506 1758 1525 1777; x_wconf 74' lang='lat' dir='ltr'>E</span> <span class='ocrx_word' id='word_1_984' title='bbox 1535 1759 1555 1777; x_wconf 71' lang='lat' dir='ltr'>a</span> <span class='ocrx_word' id='word_1_985' title='bbox 1575 1757 1697 1778; x_wconf 85' lang='lat' dir='ltr'>vocatur</span> <span class='ocrx_word' id='word_1_986' title='bbox 1706 1767 1714 1781; x_wconf 88' lang='lat'>,</span> <span class='ocrx_word' id='word_1_987' title='bbox 1735 1756 1870 1782; x_wconf 86' lang='lat' dir='ltr'>extrema</span> <span class='ocrx_word' id='word_1_988' title='bbox 1879 1757 1929 1777; x_wconf 88' lang='lat' dir='ltr'>ora</span> <span class='ocrx_word' id='word_1_989' title='bbox 1940 1768 1949 1781; x_wconf 89' lang='lat'>‚</span> <span class='ocrx_word' id='word_1_990' title='bbox 1969 1748 2002 1777; x_wconf 88' lang='lat'>&amp;</span> <span class='ocrx_word' id='word_1_991' title='bbox 2013 1747 2198 1779; x_wconf 83' lang='lat' dir='ltr'>determina-</span> 
     </span>
     <span class='ocr_line' id='line_1_108' title="bbox 1241 1788 2197 1830; baseline 0 -10"><span class='ocrx_word' id='word_1_992' title='bbox 1241 1800 1284 1821; x_wconf 85' lang='lat' dir='ltr'>tio</span> <span class='ocrx_word' id='word_1_993' title='bbox 1295 1789 1405 1819; x_wconf 90' lang='lat' dir='ltr'>mundi</span> <span class='ocrx_word' id='word_1_994' title='bbox 1417 1800 1421 1818; x_wconf 89' lang='lat'>:</span> <span class='ocrx_word' id='word_1_995' title='bbox 1441 1790 1474 1818; x_wconf 89' lang='lat' dir='ltr'>in</span> <span class='ocrx_word' id='word_1_996' title='bbox 1487 1799 1549 1829; x_wconf 90' lang='lat' dir='ltr'>quo</span> <span class='ocrx_word' id='word_1_997' title='bbox 1561 1799 1632 1819; x_wconf 89' lang='lat' dir='ltr'>cum</span> <span class='ocrx_word' id='word_1_998' title='bbox 1646 1789 1875 1819; x_wconf 86' lang='lat' dir='ltr'>admirabilitate</span> <span class='ocrx_word' id='word_1_999' title='bbox 1886 1790 2020 1819; x_wconf 87' lang='lat' dir='ltr'>maxima</span> <span class='ocrx_word' id='word_1_1000' title='bbox 2029 1792 2122 1830; x_wconf 88' lang='lat' dir='ltr'>igneae</span> <span class='ocrx_word' id='word_1_1001' title='bbox 2131 1788 2197 1820; x_wconf 84' lang='lat' dir='ltr'>for·</span> 
     </span>
     <span class='ocr_line' id='line_1_109' title="bbox 1244 1829 2199 1871; baseline 0.001 -10"><span class='ocrx_word' id='word_1_1002' title='bbox 1244 1842 1301 1862; x_wconf 86' lang='lat' dir='ltr'>mae</span> <span class='ocrx_word' id='word_1_1003' title='bbox 1315 1831 1415 1861; x_wconf 84' lang='lat' dir='ltr'>cursus</span> <span class='ocrx_word' id='word_1_1004' title='bbox 1425 1830 1580 1861; x_wconf 85' lang='lat' dir='ltr'>ordinatos</span> <span class='ocrx_word' id='word_1_1005' title='bbox 1589 1829 1748 1861; x_wconf 88' lang='lat' dir='ltr'>definiunt·</span> <span class='ocrx_word' id='word_1_1006' title='bbox 1772 1834 1797 1861; x_wconf 93' lang='lat' dir='ltr'>E</span> <span class='ocrx_word' id='word_1_1007' title='bbox 1807 1831 1916 1871; x_wconf 86' lang='lat' dir='ltr'>quibus</span> <span class='ocrx_word' id='word_1_1008' title='bbox 1932 1842 1944 1862; x_wconf 88' lang='lat' dir='ltr'>s</span> <span class='ocrx_word' id='word_1_1009' title='bbox 1952 1841 1972 1861; x_wconf 93' lang='lat' dir='ltr'>o</span> <span class='ocrx_word' id='word_1_1010' title='bbox 1980 1841 2001 1860; x_wconf 69' lang='lat' dir='ltr'>t,</span> <span class='ocrx_word' id='word_1_1011' title='bbox 2011 1851 2020 1865; x_wconf 88' lang='lat'><strong>,</strong></span> <span class='ocrx_word' id='word_1_1012' title='bbox 2034 1832 2120 1870; x_wconf 85' lang='lat' dir='ltr'>cujus</span> <span class='ocrx_word' id='word_1_1013' title='bbox 2131 1840 2199 1862; x_wconf 85' lang='lat' dir='ltr'>ma-</span> 
     </span>
     <span class='ocr_line' id='line_1_110' title="bbox 1243 1872 2198 1915; baseline 0.001 -13"><span class='ocrx_word' id='word_1_1014' title='bbox 1243 1872 1400 1915; x_wconf 85' lang='lat' dir='ltr'>gnitudine</span> <span class='ocrx_word' id='word_1_1015' title='bbox 1417 1872 1522 1903; x_wconf 87' lang='lat' dir='ltr'>multis</span> <span class='ocrx_word' id='word_1_1016' title='bbox 1541 1872 1671 1912; x_wconf 87' lang='lat' dir='ltr'>partibus</span> <span class='ocrx_word' id='word_1_1017' title='bbox 1690 1881 1764 1903; x_wconf 86' lang='lat' dir='ltr'>terra</span> <span class='ocrx_word' id='word_1_1018' title='bbox 1783 1873 1933 1912; x_wconf 83' lang='lat' dir='ltr'>superatur</span> <span class='ocrx_word' id='word_1_1019' title='bbox 1953 1892 1963 1906; x_wconf 91' lang='lat'>‚</span> <span class='ocrx_word' id='word_1_1020' title='bbox 1990 1874 2111 1907; x_wconf 88' lang='lat' dir='ltr'>circum.</span> <span class='ocrx_word' id='word_1_1021' title='bbox 2127 1882 2198 1905; x_wconf 75' lang='lat' dir='ltr'>eam</span> 
     </span>
     <span class='ocr_line' id='line_1_111' title="bbox 1243 1910 2211 1955; baseline 0 -10"><span class='ocrx_word' id='word_1_1022' title='bbox 1243 1915 1336 1955; x_wconf 90' lang='lat' dir='ltr'>ipsam</span> <span class='ocrx_word' id='word_1_1023' title='bbox 1347 1914 1488 1944; x_wconf 84' lang='lat' dir='ltr'>volvitur.</span> <span class='ocrx_word' id='word_1_1024' title='bbox 1504 1914 1586 1955; x_wconf 87' lang='lat' dir='ltr'>isque</span> <span class='ocrx_word' id='word_1_1025' title='bbox 1595 1915 1695 1944; x_wconf 84' lang='lat' dir='ltr'>oriens</span> <span class='ocrx_word' id='word_1_1026' title='bbox 1706 1933 1716 1947; x_wconf 86' lang='lat'>‚</span> <span class='ocrx_word' id='word_1_1027' title='bbox 1727 1914 1760 1944; x_wconf 88' lang='lat'>&amp;</span> <span class='ocrx_word' id='word_1_1028' title='bbox 1770 1913 1912 1945; x_wconf 87' lang='lat' dir='ltr'>occidens</span> <span class='ocrx_word' id='word_1_1029' title='bbox 1922 1935 1931 1948; x_wconf 91' lang='lat'>,</span> <span class='ocrx_word' id='word_1_1030' title='bbox 1942 1914 2026 1945; x_wconf 86' lang='lat' dir='ltr'>diem</span> <span class='ocrx_word' id='word_1_1031' title='bbox 2034 1934 2045 1949; x_wconf 82' lang='lat'><strong>,</strong></span> <span class='ocrx_word' id='word_1_1032' title='bbox 2055 1910 2211 1945; x_wconf 47' lang='lat' dir='ltr'>notarem?</span> 
     </span>
     <span class='ocr_line' id='line_1_112' title="bbox 1241 1955 2202 1998; baseline 0 -12"><span class='ocrx_word' id='word_1_1033' title='bbox 1241 1967 1298 1998; x_wconf 84' lang='lat' dir='ltr'>que</span> <span class='ocrx_word' id='word_1_1034' title='bbox 1309 1955 1434 1986; x_wconf 85' lang='lat' dir='ltr'>conficit</span> <span class='ocrx_word' id='word_1_1035' title='bbox 1446 1966 1451 1985; x_wconf 90' lang='lat'>:</span> <span class='ocrx_word' id='word_1_1036' title='bbox 1474 1956 1506 1986; x_wconf 90' lang='lat'>&amp;</span> <span class='ocrx_word' id='word_1_1037' title='bbox 1517 1955 1612 1986; x_wconf 91' lang='lat' dir='ltr'>modo</span> <span class='ocrx_word' id='word_1_1038' title='bbox 1621 1955 1762 1986; x_wconf 85' lang='lat' dir='ltr'>accedens</span> <span class='ocrx_word' id='word_1_1039' title='bbox 1773 1976 1782 1989; x_wconf 87' lang='lat'>,</span> <span class='ocrx_word' id='word_1_1040' title='bbox 1795 1964 1858 1985; x_wconf 92' lang='lat' dir='ltr'>turn</span> <span class='ocrx_word' id='word_1_1041' title='bbox 1869 1964 1968 1986; x_wconf 86' lang='lat' dir='ltr'>autem</span> <span class='ocrx_word' id='word_1_1042' title='bbox 1977 1956 2117 1986; x_wconf 84' lang='lat' dir='ltr'>recedens</span> <span class='ocrx_word' id='word_1_1043' title='bbox 2127 1976 2136 1990; x_wconf 89' lang='lat'>‚</span> <span class='ocrx_word' id='word_1_1044' title='bbox 2151 1956 2202 1987; x_wconf 88' lang='lat' dir='ltr'>bi-</span> 
     </span>
     <span class='ocr_line' id='line_1_113' title="bbox 1244 1995 2202 2038; baseline 0.001 -10"><span class='ocrx_word' id='word_1_1045' title='bbox 1244 2008 1296 2029; x_wconf 89' lang='lat' dir='ltr'>nas</span> <span class='ocrx_word' id='word_1_1046' title='bbox 1315 1999 1347 2028; x_wconf 92' lang='lat' dir='ltr'>in</span> <span class='ocrx_word' id='word_1_1047' title='bbox 1368 1997 1490 2038; x_wconf 77' lang='lat' dir='ltr'>singulis</span> <span class='ocrx_word' id='word_1_1048' title='bbox 1503 1999 1592 2027; x_wconf 89' lang='lat' dir='ltr'>annis</span> <span class='ocrx_word' id='word_1_1049' title='bbox 1605 1995 1785 2028; x_wconf 75' lang='lat' dir='ltr'>reversiones</span> <span class='ocrx_word' id='word_1_1050' title='bbox 1794 1996 1829 2028; x_wconf 89' lang='lat' dir='ltr'>ab</span> <span class='ocrx_word' id='word_1_1051' title='bbox 1840 2006 1977 2028; x_wconf 85' lang='lat' dir='ltr'>extremo</span> <span class='ocrx_word' id='word_1_1052' title='bbox 1984 2001 2145 2028; x_wconf 85' lang='lat' dir='ltr'>contrarias</span> <span class='ocrx_word' id='word_1_1053' title='bbox 2155 1997 2202 2030; x_wconf 86' lang='lat' dir='ltr'>fa-</span> 
     </span>
     <span class='ocr_line' id='line_1_114' title="bbox 1243 2037 2203 2080; baseline 0 -10"><span class='ocrx_word' id='word_1_1054' title='bbox 1243 2042 1284 2070; x_wconf 89' lang='lat' dir='ltr'>cit</span> <span class='ocrx_word' id='word_1_1055' title='bbox 1297 2049 1303 2069; x_wconf 78' lang='lat' dir='ltr'>z</span> <span class='ocrx_word' id='word_1_1056' title='bbox 1320 2049 1447 2080; x_wconf 86' lang='lat' dir='ltr'>quarum</span> <span class='ocrx_word' id='word_1_1057' title='bbox 1460 2039 1623 2070; x_wconf 83' lang='lat' dir='ltr'>intervallo</span> <span class='ocrx_word' id='word_1_1058' title='bbox 1636 2048 1701 2069; x_wconf 89' lang='lat' dir='ltr'>tum</span> <span class='ocrx_word' id='word_1_1059' title='bbox 1714 2037 1794 2080; x_wconf 85' lang='lat' dir='ltr'>quafi</span> <span class='ocrx_word' id='word_1_1060' title='bbox 1804 2038 1923 2070; x_wconf 84' lang='lat' dir='ltr'>tristitia</span> <span class='ocrx_word' id='word_1_1061' title='bbox 1934 2039 2069 2080; x_wconf 76' lang='lat' dir='ltr'>qua-,dam</span> <span class='ocrx_word' id='word_1_1062' title='bbox 2080 2049 2203 2071; x_wconf 90' lang='lat' dir='ltr'>contra-</span> 
     </span>
     <span class='ocr_line' id='line_1_115' title="bbox 1244 2079 2200 2115; baseline 0 -3"><span class='ocrx_word' id='word_1_1063' title='bbox 1244 2083 1288 2112; x_wconf 92' lang='lat' dir='ltr'>hit</span> <span class='ocrx_word' id='word_1_1064' title='bbox 1300 2090 1405 2112; x_wconf 86' lang='lat' dir='ltr'>terram</span> <span class='ocrx_word' id='word_1_1065' title='bbox 1418 2101 1426 2115; x_wconf 81' lang='lat'>‚</span> <span class='ocrx_word' id='word_1_1066' title='bbox 1438 2090 1502 2112; x_wconf 89' lang='lat' dir='ltr'>tum</span> <span class='ocrx_word' id='word_1_1067' title='bbox 1514 2079 1643 2112; x_wconf 83' lang='lat' dir='ltr'>viciffim</span> <span class='ocrx_word' id='word_1_1068' title='bbox 1652 2081 1781 2112; x_wconf 76' lang='lat' dir='ltr'>laetificat</span> <span class='ocrx_word' id='word_1_1069' title='bbox 1791 2101 1801 2115; x_wconf 85' lang='lat'>,</span> <span class='ocrx_word' id='word_1_1070' title='bbox 1817 2091 1848 2111; x_wconf 90' lang='lat' dir='ltr'>ut</span> <span class='ocrx_word' id='word_1_1071' title='bbox 1857 2081 1928 2112; x_wconf 73' lang='lat' dir='ltr'>cum</span> <span class='ocrx_word' id='word_1_1072' title='bbox 1939 2083 2014 2112; x_wconf 78' lang='lat' dir='ltr'>caelo</span> <span class='ocrx_word' id='word_1_1073' title='bbox 2024 2082 2143 2112; x_wconf 86' lang='lat' dir='ltr'>hilarata</span> <span class='ocrx_word' id='word_1_1074' title='bbox 2151 2083 2200 2112; x_wconf 87' lang='lat' dir='ltr'>vi-</span> 
     </span>
     <span class='ocr_line' id='line_1_116' title="bbox 1243 2122 2198 2164; baseline 0 -10"><span class='ocrx_word' id='word_1_1075' title='bbox 1243 2124 1354 2154; x_wconf 82' lang='lat' dir='ltr'>deatur.</span> <span class='ocrx_word' id='word_1_1076' title='bbox 1377 2125 1474 2153; x_wconf 73' lang='lat' dir='ltr'>LuNA</span> <span class='ocrx_word' id='word_1_1077' title='bbox 1484 2132 1582 2153; x_wconf 86' lang='lat' dir='ltr'>autem</span> <span class='ocrx_word' id='word_1_1078' title='bbox 1596 2143 1604 2156; x_wconf 82' lang='lat'><em>‚</em></span> <span class='ocrx_word' id='word_1_1079' title='bbox 1616 2133 1681 2164; x_wconf 82' lang='lat' dir='ltr'>quae</span> <span class='ocrx_word' id='word_1_1080' title='bbox 1692 2122 1734 2154; x_wconf 83' lang='lat' dir='ltr'>est</span> <span class='ocrx_word' id='word_1_1081' title='bbox 1744 2143 1753 2157; x_wconf 89' lang='lat'>‚</span> <span class='ocrx_word' id='word_1_1082' title='bbox 1767 2133 1800 2153; x_wconf 86' lang='lat' dir='ltr'>ut</span> <span class='ocrx_word' id='word_1_1083' title='bbox 1809 2122 1971 2154; x_wconf 84' lang='lat' dir='ltr'>ostendunt</span> <span class='ocrx_word' id='word_1_1084' title='bbox 1982 2124 2198 2158; x_wconf 77' lang='lat' dir='ltr'>mathematici.</span> 
     </span>
     <span class='ocr_line' id='line_1_117' title="bbox 1244 2164 2200 2206; baseline 0.001 -10"><span class='ocrx_word' id='word_1_1085' title='bbox 1244 2166 1341 2204; x_wconf 82' lang='lat' dir='ltr'>major</span> <span class='ocrx_word' id='word_1_1086' title='bbox 1353 2185 1363 2198; x_wconf 92' lang='lat'>,</span> <span class='ocrx_word' id='word_1_1087' title='bbox 1380 2165 1470 2205; x_wconf 73' lang='lat' dir='ltr'>quam</span> <span class='ocrx_word' id='word_1_1088' title='bbox 1490 2164 1618 2195; x_wconf 85' lang='lat' dir='ltr'>dimidia</span> <span class='ocrx_word' id='word_1_1089' title='bbox 1634 2175 1698 2205; x_wconf 87' lang='lat' dir='ltr'>pars</span> <span class='ocrx_word' id='word_1_1090' title='bbox 1717 2174 1818 2198; x_wconf 78' lang='lat' dir='ltr'>terrae,</span> <span class='ocrx_word' id='word_1_1091' title='bbox 1839 2165 1948 2195; x_wconf 87' lang='lat' dir='ltr'>iisdem</span> <span class='ocrx_word' id='word_1_1092' title='bbox 1961 2166 2058 2206; x_wconf 85' lang='lat' dir='ltr'>spatiis</span> <span class='ocrx_word' id='word_1_1093' title='bbox 2067 2174 2200 2206; x_wconf 80' lang='lat' dir='ltr'>vagatur,</span> 
     </span>
     <span class='ocr_line' id='line_1_118' title="bbox 1242 2206 2202 2247; baseline 0.001 -11"><span class='ocrx_word' id='word_1_1094' title='bbox 1242 2207 1351 2247; x_wconf 87' lang='lat' dir='ltr'>quibus</span> <span class='ocrx_word' id='word_1_1095' title='bbox 1361 2207 1420 2237; x_wconf 84' lang='lat' dir='ltr'>sol:</span> <span class='ocrx_word' id='word_1_1096' title='bbox 1433 2206 1481 2237; x_wconf 89' lang='lat' dir='ltr'>sed</span> <span class='ocrx_word' id='word_1_1097' title='bbox 1493 2215 1557 2237; x_wconf 90' lang='lat' dir='ltr'>tum</span> <span class='ocrx_word' id='word_1_1098' title='bbox 1567 2208 1766 2247; x_wconf 85' lang='lat' dir='ltr'>congrediens</span> <span class='ocrx_word' id='word_1_1099' title='bbox 1774 2217 1844 2237; x_wconf 91' lang='lat' dir='ltr'>cum</span> <span class='ocrx_word' id='word_1_1100' title='bbox 1855 2208 1928 2240; x_wconf 79' lang='lat' dir='ltr'>sole,</span> <span class='ocrx_word' id='word_1_1101' title='bbox 1939 2215 2004 2237; x_wconf 89' lang='lat' dir='ltr'>tum</span> <span class='ocrx_word' id='word_1_1102' title='bbox 2015 2207 2202 2247; x_wconf 78' lang='lat' dir='ltr'>digrediens,</span> 
     </span>
     <span class='ocr_line' id='line_1_119' title="bbox 1243 2247 2204 2290; baseline 0.001 -12"><span class='ocrx_word' id='word_1_1103' title='bbox 1243 2249 1352 2279; x_wconf 85' lang='lat' dir='ltr'>&amp;eam</span> <span class='ocrx_word' id='word_1_1104' title='bbox 1366 2248 1465 2278; x_wconf 88' lang='lat' dir='ltr'>lucem</span> <span class='ocrx_word' id='word_1_1105' title='bbox 1478 2268 1488 2282; x_wconf 92' lang='lat'><strong><em>,</em></strong></span> <span class='ocrx_word' id='word_1_1106' title='bbox 1507 2258 1599 2290; x_wconf 89' lang='lat' dir='ltr'>quam</span> <span class='ocrx_word' id='word_1_1107' title='bbox 1618 2250 1634 2278; x_wconf 77' lang='lat' dir='ltr'>a</span> <span class='ocrx_word' id='word_1_1108' title='bbox 1653 2248 1714 2279; x_wconf 80' lang='lat' dir='ltr'>sole</span> <span class='ocrx_word' id='word_1_1109' title='bbox 1733 2250 1864 2288; x_wconf 83' lang='lat' dir='ltr'>accepit,</span> <span class='ocrx_word' id='word_1_1110' title='bbox 1884 2250 1978 2279; x_wconf 86' lang='lat' dir='ltr'>mittit</span> <span class='ocrx_word' id='word_1_1111' title='bbox 1990 2250 2023 2279; x_wconf 89' lang='lat' dir='ltr'>in</span> <span class='ocrx_word' id='word_1_1112' title='bbox 2032 2256 2140 2282; x_wconf 50' lang='lat' dir='ltr'>terram</span> <span class='ocrx_word' id='word_1_1113' title='bbox 2163 2247 2204 2279; x_wconf 68' lang='grc' dir='ltr'>δε</span> 
     </span>
     <span class='ocr_line' id='line_1_120' title="bbox 1242 2290 2200 2330; baseline 0 -10"><span class='ocrx_word' id='word_1_1114' title='bbox 1242 2293 1337 2320; x_wconf 88' lang='lat' dir='ltr'>varias</span> <span class='ocrx_word' id='word_1_1115' title='bbox 1348 2291 1409 2330; x_wconf 88' lang='lat' dir='ltr'>ipsa</span> <span class='ocrx_word' id='word_1_1116' title='bbox 1420 2294 1605 2320; x_wconf 82' lang='lat' dir='ltr'>mutationes</span> <span class='ocrx_word' id='word_1_1117' title='bbox 1615 2290 1689 2321; x_wconf 83' lang='lat' dir='ltr'>lucis</span> <span class='ocrx_word' id='word_1_1118' title='bbox 1700 2290 1803 2320; x_wconf 84' lang='lat' dir='ltr'>habet:</span> <span class='ocrx_word' id='word_1_1119' title='bbox 1824 2298 1910 2330; x_wconf 87' lang='lat' dir='ltr'>atque</span> <span class='ocrx_word' id='word_1_1120' title='bbox 1921 2291 2010 2320; x_wconf 88' lang='lat' dir='ltr'>etiam</span> <span class='ocrx_word' id='word_1_1121' title='bbox 2021 2298 2085 2319; x_wconf 92' lang='lat' dir='ltr'>tum</span> <span class='ocrx_word' id='word_1_1122' title='bbox 2098 2290 2200 2328; x_wconf 85' lang='lat' dir='ltr'>subje-</span> 
     </span>
    </p>
   </div>
   <div class='ocr_carea' id='block_1_6' title="bbox 1222 2330 2200 2372">
    <p class='ocr_par' dir='ltr' id='par_1_8' title="bbox 1222 2330 2200 2372">
     <span class='ocr_line' id='line_1_121' title="bbox 1222 2330 2200 2372; baseline -0.002 -10"><span class='ocrx_word' id='word_1_1123' title='bbox 1222 2358 1224 2372; x_wconf 63' lang='lat' dir='ltr'>a</span> <span class='ocrx_word' id='word_1_1124' title='bbox 1243 2331 1289 2362; x_wconf 65' lang='lat' dir='ltr'>Sta</span> <span class='ocrx_word' id='word_1_1125' title='bbox 1301 2353 1311 2366; x_wconf 91' lang='lat'>‚</span> <span class='ocrx_word' id='word_1_1126' title='bbox 1330 2340 1416 2372; x_wconf 84' lang='lat' dir='ltr'>atque</span> <span class='ocrx_word' id='word_1_1127' title='bbox 1437 2330 1571 2372; x_wconf 80' lang='lat' dir='ltr'>opposita</span> <span class='ocrx_word' id='word_1_1128' title='bbox 1585 2332 1642 2362; x_wconf 88' lang='lat' dir='ltr'>soli</span> <span class='ocrx_word' id='word_1_1129' title='bbox 1652 2351 1661 2366; x_wconf 84' lang='lat'>‚</span> <span class='ocrx_word' id='word_1_1130' title='bbox 1680 2331 1782 2362; x_wconf 86' lang='lat' dir='ltr'>radios</span> <span class='ocrx_word' id='word_1_1131' title='bbox 1793 2332 1856 2370; x_wconf 88' lang='lat' dir='ltr'>ejus</span> <span class='ocrx_word' id='word_1_1132' title='bbox 1867 2351 1876 2364; x_wconf 87' lang='lat'><strong>,</strong></span> <span class='ocrx_word' id='word_1_1133' title='bbox 1897 2331 2044 2361; x_wconf 87' lang='lat' dir='ltr'>&amp;lumen</span> <span class='ocrx_word' id='word_1_1134' title='bbox 2054 2330 2200 2362; x_wconf 86' lang='lat' dir='ltr'>obscurat:</span> 
     </span>
    </p>
   </div>
   <div class='ocr_carea' id='block_1_7' title="bbox 1243 2371 2205 2706">
    <p class='ocr_par' dir='ltr' id='par_1_9' title="bbox 1243 2371 2205 2706">
     <span class='ocr_line' id='line_1_122' title="bbox 1244 2371 2203 2413; baseline -0.001 -8"><span class='ocrx_word' id='word_1_1135' title='bbox 1244 2383 1309 2405; x_wconf 91' lang='lat' dir='ltr'>tum</span> <span class='ocrx_word' id='word_1_1136' title='bbox 1320 2374 1382 2413; x_wconf 88' lang='lat' dir='ltr'>ipsa</span> <span class='ocrx_word' id='word_1_1137' title='bbox 1392 2374 1528 2403; x_wconf 84' lang='lat' dir='ltr'>incidens</span> <span class='ocrx_word' id='word_1_1138' title='bbox 1538 2375 1571 2404; x_wconf 89' lang='lat' dir='ltr'>in</span> <span class='ocrx_word' id='word_1_1139' title='bbox 1582 2373 1722 2403; x_wconf 87' lang='lat' dir='ltr'>umbram</span> <span class='ocrx_word' id='word_1_1140' title='bbox 1732 2381 1815 2402; x_wconf 84' lang='lat' dir='ltr'>terrae</span> <span class='ocrx_word' id='word_1_1141' title='bbox 1827 2392 1836 2406; x_wconf 88' lang='lat'>‚</span> <span class='ocrx_word' id='word_1_1142' title='bbox 1854 2372 1927 2403; x_wconf 69' lang='lat' dir='ltr'>ct‘im</span> <span class='ocrx_word' id='word_1_1143' title='bbox 1938 2371 1980 2402; x_wconf 81' lang='lat' dir='ltr'>est</span> <span class='ocrx_word' id='word_1_1144' title='bbox 1990 2371 2007 2402; x_wconf 79' lang='grc' dir='ltr'>ὲ</span> <span class='ocrx_word' id='word_1_1145' title='bbox 2019 2373 2141 2413; x_wconf 83' lang='lat' dir='ltr'>regione</span> <span class='ocrx_word' id='word_1_1146' title='bbox 2150 2373 2203 2404; x_wconf 88' lang='lat' dir='ltr'>so-</span> 
     </span>
     <span class='ocr_line' id='line_1_123' title="bbox 1246 2413 2202 2455; baseline 0 -10"><span class='ocrx_word' id='word_1_1147' title='bbox 1246 2416 1283 2445; x_wconf 90' lang='lat' dir='ltr'>lis</span> <span class='ocrx_word' id='word_1_1148' title='bbox 1293 2435 1302 2449; x_wconf 90' lang='lat'>‚</span> <span class='ocrx_word' id='word_1_1149' title='bbox 1323 2413 1496 2455; x_wconf 86' lang='lat' dir='ltr'>interpositu</span> <span class='ocrx_word' id='word_1_1150' title='bbox 1509 2414 1747 2455; x_wconf 67' lang='lat' dir='ltr'>,interjefiuque</span> <span class='ocrx_word' id='word_1_1151' title='bbox 1760 2422 1842 2444; x_wconf 81' lang='lat' dir='ltr'>terrae</span> <span class='ocrx_word' id='word_1_1152' title='bbox 1855 2434 1864 2447; x_wconf 92' lang='lat'>,</span> <span class='ocrx_word' id='word_1_1153' title='bbox 1883 2413 2003 2453; x_wconf 80' lang='lat' dir='ltr'>repente</span> <span class='ocrx_word' id='word_1_1154' title='bbox 2014 2413 2125 2444; x_wconf 71' lang='lat' dir='ltr'>deficit.</span> <span class='ocrx_word' id='word_1_1155' title='bbox 2147 2414 2202 2445; x_wconf 85' lang='lat' dir='ltr'>iis-</span> 
     </span>
     <span class='ocr_line' id='line_1_124' title="bbox 1247 2455 2200 2497; baseline 0 -11"><span class='ocrx_word' id='word_1_1156' title='bbox 1247 2457 1376 2497; x_wconf 86' lang='lat' dir='ltr'>demque</span> <span class='ocrx_word' id='word_1_1157' title='bbox 1397 2457 1493 2496; x_wconf 79' lang='lat' dir='ltr'>spatiis</span> <span class='ocrx_word' id='word_1_1158' title='bbox 1512 2457 1556 2486; x_wconf 84' lang='lat' dir='ltr'>hae</span> <span class='ocrx_word' id='word_1_1159' title='bbox 1575 2466 1588 2485; x_wconf 88' lang='lat' dir='ltr'>s</span> <span class='ocrx_word' id='word_1_1160' title='bbox 1599 2466 1618 2485; x_wconf 83' lang='grc' dir='ltr'>τ</span> <span class='ocrx_word' id='word_1_1161' title='bbox 1629 2465 1649 2485; x_wconf 78' lang='grc' dir='ltr'>ε</span> <span class='ocrx_word' id='word_1_1162' title='bbox 1658 2466 1679 2485; x_wconf 77' lang='grc' dir='ltr'>ι,</span> <span class='ocrx_word' id='word_1_1163' title='bbox 1690 2466 1710 2485; x_wconf 79' lang='lat' dir='ltr'>r.</span> <span class='ocrx_word' id='word_1_1164' title='bbox 1722 2465 1753 2485; x_wconf 63' lang='grc' dir='ltr'>Ε</span> <span class='ocrx_word' id='word_1_1165' title='bbox 1765 2475 1775 2488; x_wconf 83' lang='lat'>,</span> <span class='ocrx_word' id='word_1_1166' title='bbox 1798 2465 1870 2496; x_wconf 89' lang='lat' dir='ltr'>quas</span> <span class='ocrx_word' id='word_1_1167' title='bbox 1891 2465 1911 2486; x_wconf 88' lang='lat' dir='ltr'>v</span> <span class='ocrx_word' id='word_1_1168' title='bbox 1924 2464 1948 2485; x_wconf 74' lang='grc' dir='ltr'>Α</span> <span class='ocrx_word' id='word_1_1169' title='bbox 1957 2464 1977 2485; x_wconf 82' lang='lat' dir='ltr'>o</span> <span class='ocrx_word' id='word_1_1170' title='bbox 1988 2464 2012 2484; x_wconf 85' lang='lat' dir='ltr'><strong>A</strong></span> <span class='ocrx_word' id='word_1_1171' title='bbox 2021 2464 2035 2485; x_wconf 87' lang='lat' dir='ltr'>s</span> <span class='ocrx_word' id='word_1_1172' title='bbox 2054 2455 2200 2490; x_wconf 76' lang='lat' dir='ltr'>dicimus,</span> 
     </span>
     <span class='ocr_line' id='line_1_125' title="bbox 1243 2496 2202 2538; baseline 0 -10"><span class='ocrx_word' id='word_1_1173' title='bbox 1243 2500 1358 2529; x_wconf 88' lang='lat' dir='ltr'>circum</span> <span class='ocrx_word' id='word_1_1174' title='bbox 1379 2506 1485 2528; x_wconf 87' lang='lat' dir='ltr'>terram</span> <span class='ocrx_word' id='word_1_1175' title='bbox 1504 2497 1662 2531; x_wconf 84' lang='lat' dir='ltr'>feruntur,</span> <span class='ocrx_word' id='word_1_1176' title='bbox 1682 2497 1851 2538; x_wconf 86' lang='lat' dir='ltr'>eodemque</span> <span class='ocrx_word' id='word_1_1177' title='bbox 1870 2496 1964 2528; x_wconf 87' lang='lat' dir='ltr'>modo</span> <span class='ocrx_word' id='word_1_1178' title='bbox 1983 2498 2121 2528; x_wconf 81' lang='lat' dir='ltr'>oriuntur</span> <span class='ocrx_word' id='word_1_1179' title='bbox 2133 2516 2143 2532; x_wconf 86' lang='lat'><strong>,</strong></span> <span class='ocrx_word' id='word_1_1180' title='bbox 2166 2497 2202 2528; x_wconf 72' lang='grc' dir='ltr'>δε</span> 
     </span>
     <span class='ocr_line' id='line_1_126' title="bbox 1244 2539 2202 2581; baseline 0 -11"><span class='ocrx_word' id='word_1_1181' title='bbox 1244 2540 1395 2571; x_wconf 88' lang='lat' dir='ltr'>occidunt.</span> <span class='ocrx_word' id='word_1_1182' title='bbox 1418 2550 1543 2581; x_wconf 87' lang='lat' dir='ltr'>quarum</span> <span class='ocrx_word' id='word_1_1183' title='bbox 1565 2549 1665 2570; x_wconf 89' lang='lat' dir='ltr'>motus</span> <span class='ocrx_word' id='word_1_1184' title='bbox 1684 2549 1749 2570; x_wconf 85' lang='lat' dir='ltr'>turn</span> <span class='ocrx_word' id='word_1_1185' title='bbox 1768 2541 1948 2574; x_wconf 88' lang='lat' dir='ltr'>incitantur,</span> <span class='ocrx_word' id='word_1_1186' title='bbox 1969 2548 2035 2570; x_wconf 91' lang='lat' dir='ltr'>tum</span> <span class='ocrx_word' id='word_1_1187' title='bbox 2053 2539 2202 2570; x_wconf 87' lang='lat' dir='ltr'>retardan-</span> 
     </span>
     <span class='ocr_line' id='line_1_127' title="bbox 1244 2579 2205 2623; baseline -0.002 -11"><span class='ocrx_word' id='word_1_1188' title='bbox 1244 2591 1292 2613; x_wconf 89' lang='lat' dir='ltr'>tur</span> <span class='ocrx_word' id='word_1_1189' title='bbox 1301 2602 1311 2616; x_wconf 90' lang='lat'>‚</span> <span class='ocrx_word' id='word_1_1190' title='bbox 1330 2582 1402 2621; x_wconf 87' lang='lat' dir='ltr'>saepe</span> <span class='ocrx_word' id='word_1_1191' title='bbox 1412 2584 1501 2612; x_wconf 86' lang='lat' dir='ltr'>etiam</span> <span class='ocrx_word' id='word_1_1192' title='bbox 1511 2580 1659 2612; x_wconf 83' lang='lat' dir='ltr'>insistunt.</span> <span class='ocrx_word' id='word_1_1193' title='bbox 1683 2585 1752 2620; x_wconf 91' lang='lat' dir='ltr'>Quo</span> <span class='ocrx_word' id='word_1_1194' title='bbox 1757 2580 1912 2621; x_wconf 60' lang='lat' dir='ltr'>spestaculo</span> <span class='ocrx_word' id='word_1_1195' title='bbox 1922 2581 1995 2611; x_wconf 83' lang='lat' dir='ltr'>nihil</span> <span class='ocrx_word' id='word_1_1196' title='bbox 2005 2579 2098 2623; x_wconf 66' lang='grc' dir='ltr'><strong><em>ροιεὲἶ</em></strong></span> <span class='ocrx_word' id='word_1_1197' title='bbox 2107 2579 2205 2611; x_wconf 58' lang='lat' dir='ltr'>admi-</span> 
     </span>
     <span class='ocr_line' id='line_1_128' title="bbox 1244 2622 2204 2665; baseline -0.001 -12"><span class='ocrx_word' id='word_1_1198' title='bbox 1244 2623 1364 2654; x_wconf 68' lang='lat' dir='ltr'>rabilius·</span> <span class='ocrx_word' id='word_1_1199' title='bbox 1382 2622 1444 2661; x_wconf 77' lang='lat' dir='ltr'>effe,</span> <span class='ocrx_word' id='word_1_1200' title='bbox 1465 2624 1701 2664; x_wconf 73' lang='lat' dir='ltr'>mhilpulchrius.</span> <span class='ocrx_word' id='word_1_1201' title='bbox 1723 2625 1863 2665; x_wconf 83' lang='lat' dir='ltr'>Sequitur</span> <span class='ocrx_word' id='word_1_1202' title='bbox 1880 2632 2087 2654; x_wconf 54' lang='lat' dir='ltr'>samaritum&lt;</span> <span class='ocrx_word' id='word_1_1203' title='bbox 2101 2630 2204 2652; x_wconf 70' lang='lat' dir='ltr'>mnn-</span> 
     </span>
     <span class='ocr_line' id='line_1_129' title="bbox 1249 2662 2204 2706; baseline -0.002 -11"><span class='ocrx_word' id='word_1_1204' title='bbox 1249 2674 1409 2696; x_wconf 76' lang='lat' dir='ltr'>RANTluM</span> <span class='ocrx_word' id='word_1_1205' title='bbox 1423 2668 1558 2697; x_wconf 84' lang='lat' dir='ltr'>maxima</span> <span class='ocrx_word' id='word_1_1206' title='bbox 1569 2665 1746 2696; x_wconf 87' lang='lat' dir='ltr'>multitudo:</span> <span class='ocrx_word' id='word_1_1207' title='bbox 1756 2675 1882 2706; x_wconf 81' lang='lat' dir='ltr'>quatum</span> <span class='ocrx_word' id='word_1_1208' title='bbox 1893 2667 1932 2695; x_wconf 89' lang='lat' dir='ltr'>ita</span> <span class='ocrx_word' id='word_1_1209' title='bbox 1942 2664 2085 2705; x_wconf 85' lang='lat' dir='ltr'>descripta</span> <span class='ocrx_word' id='word_1_1210' title='bbox 2093 2662 2204 2694; x_wconf 81' lang='lat' dir='ltr'>distin-</span> 
     </span>
    </p>
   </div>
   <div class='ocr_carea' id='block_1_8' title="bbox 1225 2705 2203 2747">
    <p class='ocr_par' dir='ltr' id='par_1_10' title="bbox 1225 2705 2203 2747">
     <span class='ocr_line' id='line_1_130' title="bbox 1225 2705 2203 2747; baseline -0.004 -9"><span class='ocrx_word' id='word_1_1211' title='bbox 1225 2739 1227 2746; x_wconf 57' lang='lat'><em>,</em></span> <span class='ocrx_word' id='word_1_1212' title='bbox 1249 2707 1311 2738; x_wconf 66' lang='lat' dir='ltr'>&amp;io</span> <span class='ocrx_word' id='word_1_1213' title='bbox 1329 2705 1371 2738; x_wconf 88' lang='lat' dir='ltr'>est</span> <span class='ocrx_word' id='word_1_1214' title='bbox 1384 2727 1392 2740; x_wconf 88' lang='lat'><em>,</em></span> <span class='ocrx_word' id='word_1_1215' title='bbox 1413 2716 1446 2738; x_wconf 90' lang='lat' dir='ltr'>ut</span> <span class='ocrx_word' id='word_1_1216' title='bbox 1461 2717 1500 2738; x_wconf 85' lang='lat' dir='ltr'>ex</span> <span class='ocrx_word' id='word_1_1217' title='bbox 1520 2716 1660 2738; x_wconf 84' lang='lat' dir='ltr'>notarum</span> <span class='ocrx_word' id='word_1_1218' title='bbox 1680 2707 1840 2747; x_wconf 79' lang='lat' dir='ltr'>figurarum</span> <span class='ocrx_word' id='word_1_1219' title='bbox 1859 2705 2056 2738; x_wconf 85' lang='lat' dir='ltr'>similitudine</span> <span class='ocrx_word' id='word_1_1220' title='bbox 2075 2705 2203 2735; x_wconf 86' lang='lat' dir='ltr'>nomina</span> 
     </span>
    </p>
   </div>
   <div class='ocr_carea' id='block_1_9' title="bbox 1249 2747 2262 2791">
    <p class='ocr_par' dir='ltr' id='par_1_11' title="bbox 1249 2747 2262 2791">
     <span class='ocr_line' id='line_1_131' title="bbox 1249 2747 2262 2791; baseline -0.001 -12"><span class='ocrx_word' id='word_1_1221' title='bbox 1249 2750 1430 2779; x_wconf 86' lang='lat' dir='ltr'>invenerint.</span> <span class='ocrx_word' id='word_1_1222' title='bbox 1474 2753 1573 2790; x_wconf 81' lang='lat' dir='ltr'>Atque</span> <span class='ocrx_word' id='word_1_1223' title='bbox 1589 2750 1647 2779; x_wconf 87' lang='lat' dir='ltr'>hoc</span> <span class='ocrx_word' id='word_1_1224' title='bbox 1664 2749 1733 2779; x_wconf 90' lang='lat' dir='ltr'>loco</span> <span class='ocrx_word' id='word_1_1225' title='bbox 1751 2759 1803 2780; x_wconf 84' lang='lat' dir='ltr'>rrie</span> <span class='ocrx_word' id='word_1_1226' title='bbox 1822 2751 1959 2781; x_wconf 78' lang='lat' dir='ltr'>intuens,</span> <span class='ocrx_word' id='word_1_1227' title='bbox 1979 2750 2069 2780; x_wconf 79' lang='lat' dir='ltr'>Utar,</span> <span class='ocrx_word' id='word_1_1228' title='bbox 2089 2747 2202 2787; x_wconf 79' lang='lat' dir='ltr'>inquit,</span> <span class='ocrx_word' id='word_1_1229' title='bbox 2219 2757 2262 2791; x_wconf 79' lang='lat'>41</span> 
     </span>
    </p>
   </div>
   <div class='ocr_carea' id='block_1_10' title="bbox 1209 412 1239 2856">
    <p class='ocr_par' dir='ltr' id='par_1_12' title="bbox 1209 412 1239 2856">
     <span class='ocr_line' id='line_1_132' title="bbox 1209 412 1239 2856; baseline 0 0"><span class='ocrx_word' id='word_1_1230' title='bbox 1209 412 1239 2856; x_wconf 95' lang='lat' dir='ltr'> </span> 
     </span>
    </p>
   </div>
   <div class='ocr_carea' id='block_1_11' title="bbox 1248 2788 2216 2902">
    <p class='ocr_par' dir='ltr' id='par_1_13' title="bbox 1248 2788 2216 2902">
     <span class='ocr_line' id='line_1_133' title="bbox 1248 2788 2205 2832; baseline -0.005 -10"><span class='ocrx_word' id='word_1_1231' title='bbox 1248 2791 1433 2822; x_wconf 88' lang='lat' dir='ltr'>carminibus</span> <span class='ocrx_word' id='word_1_1232' title='bbox 1442 2794 1545 2825; x_wconf 89' lang='lat' dir='ltr'>Arati,</span> <span class='ocrx_word' id='word_1_1233' title='bbox 1565 2792 1606 2821; x_wconf 91' lang='lat' dir='ltr'>eis</span> <span class='ocrx_word' id='word_1_1234' title='bbox 1619 2811 1627 2824; x_wconf 84' lang='lat'>,</span> <span class='ocrx_word' id='word_1_1235' title='bbox 1649 2801 1714 2832; x_wconf 81' lang='lat' dir='ltr'>quae</span> <span class='ocrx_word' id='word_1_1236' title='bbox 1727 2790 1743 2821; x_wconf 72' lang='lat' dir='ltr'>a</span> <span class='ocrx_word' id='word_1_1237' title='bbox 1756 2800 1785 2821; x_wconf 91' lang='lat' dir='ltr'>te</span> <span class='ocrx_word' id='word_1_1238' title='bbox 1801 2789 1969 2821; x_wconf 84' lang='lat' dir='ltr'>admodum</span> <span class='ocrx_word' id='word_1_1239' title='bbox 1979 2788 2205 2819; x_wconf 83' lang='lat' dir='ltr'>adolescentulo</span> 
     </span>
     <span class='ocr_line' id='line_1_134' title="bbox 1249 2830 2216 2878; baseline -0.005 -14"><span class='ocrx_word' id='word_1_1240' title='bbox 1249 2833 1391 2865; x_wconf 66' lang='lat' dir='ltr'>conversa</span> <span class='ocrx_word' id='word_1_1241' title='bbox 1401 2852 1410 2867; x_wconf 86' lang='lat'>‚</span> <span class='ocrx_word' id='word_1_1242' title='bbox 1429 2834 1471 2864; x_wconf 79' lang='lat' dir='ltr'>ita</span> <span class='ocrx_word' id='word_1_1243' title='bbox 1480 2843 1532 2864; x_wconf 87' lang='lat' dir='ltr'>me</span> <span class='ocrx_word' id='word_1_1244' title='bbox 1541 2832 1688 2864; x_wconf 62' lang='lat' dir='ltr'>delefihnt</span> <span class='ocrx_word' id='word_1_1245' title='bbox 1697 2853 1708 2868; x_wconf 88' lang='lat'>‚</span> <span class='ocrx_word' id='word_1_1246' title='bbox 1721 2833 1791 2874; x_wconf 87' lang='lat' dir='ltr'>quia</span> <span class='ocrx_word' id='word_1_1247' title='bbox 1800 2834 1906 2864; x_wconf 78' lang='lat' dir='ltr'>Latina</span> <span class='ocrx_word' id='word_1_1248' title='bbox 1914 2830 1984 2862; x_wconf 68' lang='lat' dir='ltr'>suat</span> <span class='ocrx_word' id='word_1_1249' title='bbox 1993 2848 2002 2864; x_wconf 82' lang='lat'>‚</span> <span class='ocrx_word' id='word_1_1250' title='bbox 2018 2837 2051 2860; x_wconf 85' lang='lat' dir='ltr'>ut</span> <span class='ocrx_word' id='word_1_1251' title='bbox 2059 2830 2155 2860; x_wconf 87' lang='lat' dir='ltr'>multa</span> <span class='ocrx_word' id='word_1_1252' title='bbox 2164 2839 2216 2878; x_wconf 17' lang='lat' dir='ltr'>ex*</span> 
     </span>
     <span class='ocr_line' id='line_1_135' title="bbox 1860 2879 2205 2902; baseline -0.006 1"><span class='ocrx_word' id='word_1_1253' title='bbox 1860 2886 1864 2888; x_wconf 21' lang='grc' dir='ltr'><strong>Ἴ</strong></span> <span class='ocrx_word' id='word_1_1254' title='bbox 2163 2879 2205 2902; x_wconf 77' lang='lat' dir='ltr'>iis</span> 
     </span>
    </p>
   </div>
   <div class='ocr_carea' id='block_1_12' title="bbox 260 2922 2216 2938">
    <p class='ocr_par' dir='ltr' id='par_1_14' title="bbox 260 2922 2216 2938">
     <span class='ocr_line' id='line_1_136' title="bbox 260 2922 2216 2938; baseline 0 462"><span class='ocrx_word' id='word_1_1255' title='bbox 260 2922 2216 2938; x_wconf 95' lang='lat' dir='ltr'> </span> 
     </span>
    </p>
   </div>
   <div class='ocr_carea' id='block_1_13' title="bbox 262 2942 1211 3001">
    <p class='ocr_par' dir='ltr' id='par_1_15' title="bbox 262 2942 1211 3001">
     <span class='ocr_line' id='line_1_137' title="bbox 262 2942 1211 3001; baseline 0.009 -36"><span class='ocrx_word' id='word_1_1256' title='bbox 262 2983 276 3001; x_wconf 55' lang='grc' dir='ltr'><strong><em>ε</em></strong></span> <span class='ocrx_word' id='word_1_1257' title='bbox 307 2949 331 2965; x_wconf 85' lang='grc' dir='ltr'>ι.</span> <span class='ocrx_word' id='word_1_1258' title='bbox 349 2942 405 3000; x_wconf 50' lang='lat' dir='ltr'>‘Ti-‘m</span> <span class='ocrx_word' id='word_1_1259' title='bbox 422 2946 497 2968; x_wconf 73' lang='lat' dir='ltr'>ulum</span> <span class='ocrx_word' id='word_1_1260' title='bbox 514 2952 582 2970; x_wconf 74' lang='lat' dir='ltr'>iorum</span> <span class='ocrx_word' id='word_1_1261' title='bbox 602 2949 746 2983; x_wconf 58' lang='lat' dir='ltr'>cernerem]</span> <span class='ocrx_word' id='word_1_1262' title='bbox 767 2948 823 2975; x_wconf 80' lang='lat' dir='ltr'>Pal.</span> <span class='ocrx_word' id='word_1_1263' title='bbox 837 2956 901 2976; x_wconf 85' lang='lat' dir='ltr'>tert.</span> <span class='ocrx_word' id='word_1_1264' title='bbox 921 2949 1060 2975; x_wconf 83' lang='lat' dir='ltr'>&amp;Wouv.</span> <span class='ocrx_word' id='word_1_1265' title='bbox 1080 2957 1158 2975; x_wconf 87' lang='lat' dir='ltr'>unus.</span> <span class='ocrx_word' id='word_1_1266' title='bbox 1178 2955 1211 2974; x_wconf 77' lang='lat' dir='ltr'>tot</span> 
     </span>
     <span class='ocr_line' id='line_1_138' title="bbox 278 2985 395 3001; baseline 0 0"><span class='ocrx_word' id='word_1_1267' title='bbox 278 2985 374 3001; x_wconf 62' lang='lat' dir='ltr'>eruero!</span> <span class='ocrx_word' id='word_1_1268' title='bbox 389 2995 395 3001; x_wconf 87' lang='lat'><strong>.</strong></span> 
     </span>
    </p>
   </div>
   <div class='ocr_carea' id='block_1_14' title="bbox 297 3012 1211 3056">
    <p class='ocr_par' dir='ltr' id='par_1_16' title="bbox 297 3012 1211 3056">
     <span class='ocr_line' id='line_1_139' title="bbox 297 3012 1211 3056; baseline 0.01 -19"><span class='ocrx_word' id='word_1_1269' title='bbox 297 3020 328 3037; x_wconf 83' lang='lat'>2.</span> <span class='ocrx_word' id='word_1_1270' title='bbox 348 3015 397 3037; x_wconf 72' lang='lat' dir='ltr'>Hae</span> <span class='ocrx_word' id='word_1_1271' title='bbox 406 3012 457 3037; x_wconf 67' lang='lat' dir='ltr'>cion</span> <span class='ocrx_word' id='word_1_1272' title='bbox 465 3014 714 3051; x_wconf 53' lang='lat' dir='ltr'>vidurmnprosem]</span> <span class='ocrx_word' id='word_1_1273' title='bbox 736 3019 824 3046; x_wconf 85' lang='lat' dir='ltr'>Hodie</span> <span class='ocrx_word' id='word_1_1274' title='bbox 835 3018 942 3055; x_wconf 89' lang='lat' dir='ltr'>quidem</span> <span class='ocrx_word' id='word_1_1275' title='bbox 953 3019 1041 3056; x_wconf 79' lang='lat' dir='ltr'>paffim</span> <span class='ocrx_word' id='word_1_1276' title='bbox 1053 3019 1090 3047; x_wconf 84' lang='lat' dir='ltr'>ita</span> <span class='ocrx_word' id='word_1_1277' title='bbox 1099 3019 1211 3056; x_wconf 75' lang='lat' dir='ltr'>legitur.</span> 
     </span>
    </p>
   </div>
   <div class='ocr_carea' id='block_1_15' title="bbox 1251 2942 2221 3053">
    <p class='ocr_par' dir='ltr' id='par_1_17' title="bbox 1251 2942 2221 3053">
     <span class='ocr_line' id='line_1_140' title="bbox 1288 2942 2208 2982; baseline -0.002 -10"><span class='ocrx_word' id='word_1_1278' title='bbox 1288 2954 1315 2982; x_wconf 83' lang='lat'>3.</span> <span class='ocrx_word' id='word_1_1279' title='bbox 1333 2945 1574 2978; x_wconf 49' lang='lat' dir='ltr'>[autoribus-eludia]</span> <span class='ocrx_word' id='word_1_1280' title='bbox 1595 2946 1658 2971; x_wconf 84' lang='lat' dir='ltr'>Non</span> <span class='ocrx_word' id='word_1_1281' title='bbox 1679 2943 1766 2977; x_wconf 83' lang='lat' dir='ltr'>refugi</span> <span class='ocrx_word' id='word_1_1282' title='bbox 1777 2942 1920 2969; x_wconf 81' lang='lat' dir='ltr'>admittere</span> <span class='ocrx_word' id='word_1_1283' title='bbox 1938 2942 2093 2977; x_wconf 76' lang='lat' dir='ltr'>scriptur-ain</span> <span class='ocrx_word' id='word_1_1284' title='bbox 2105 2943 2208 2971; x_wconf 76' lang='lat' dir='ltr'>Palati-</span> 
     </span>
     <span class='ocr_line' id='line_1_141' title="bbox 1251 2978 2221 3013; baseline -0.003 -4"><span class='ocrx_word' id='word_1_1285' title='bbox 1251 2991 1345 3009; x_wconf 85' lang='lat' dir='ltr'>noruin</span> <span class='ocrx_word' id='word_1_1286' title='bbox 1358 2983 1491 3009; x_wconf 69' lang='lat' dir='ltr'>inventam</span> <span class='ocrx_word' id='word_1_1287' title='bbox 1506 2981 1571 3007; x_wconf 87' lang='lat' dir='ltr'>item</span> <span class='ocrx_word' id='word_1_1288' title='bbox 1583 2979 1749 3007; x_wconf 78' lang='lat' dir='ltr'>Lainbinoin</span> <span class='ocrx_word' id='word_1_1289' title='bbox 1761 2978 1821 3004; x_wconf 84' lang='lat' dir='ltr'>suis.</span> <span class='ocrx_word' id='word_1_1290' title='bbox 1846 2978 1950 3013; x_wconf 79' lang='lat' dir='ltr'>vulgata</span> <span class='ocrx_word' id='word_1_1291' title='bbox 1960 2979 2032 3004; x_wconf 74' lang='lat' dir='ltr'>cludit</span> <span class='ocrx_word' id='word_1_1292' title='bbox 2041 2978 2148 3006; x_wconf 63' lang='lat' dir='ltr'>insulse.</span> <span class='ocrx_word' id='word_1_1293' title='bbox 2219 3000 2221 3002; x_wconf 77' lang='lat'>.</span> 
     </span>
     <span class='ocr_line' id='line_1_142' title="bbox 1287 3012 2209 3053; baseline -0.003 -9"><span class='ocrx_word' id='word_1_1294' title='bbox 1287 3025 1316 3051; x_wconf 89' lang='lat'>4.</span> <span class='ocrx_word' id='word_1_1295' title='bbox 1336 3021 1461 3053; x_wconf 72' lang='lat' dir='ltr'>Etspi‘ritu</span> <span class='ocrx_word' id='word_1_1296' title='bbox 1471 3016 1581 3049; x_wconf 64' lang='lat' dir='ltr'>duem]</span> <span class='ocrx_word' id='word_1_1297' title='bbox 1602 3013 1716 3042; x_wconf 53' lang='lat' dir='ltr'>Victorii</span> <span class='ocrx_word' id='word_1_1298' title='bbox 1727 3012 1810 3040; x_wconf 80' lang='lat' dir='ltr'>editio</span> <span class='ocrx_word' id='word_1_1299' title='bbox 1813 3017 1917 3048; x_wconf 76' lang='lat' dir='ltr'>spiritus</span> <span class='ocrx_word' id='word_1_1300' title='bbox 1926 3026 1936 3047; x_wconf 90' lang='lat'>,-</span> <span class='ocrx_word' id='word_1_1301' title='bbox 1953 3014 2087 3050; x_wconf 85' lang='lat' dir='ltr'>quomodo</span> <span class='ocrx_word' id='word_1_1302' title='bbox 2097 3015 2125 3041; x_wconf 73' lang='lat' dir='ltr'>Sc</span> <span class='ocrx_word' id='word_1_1303' title='bbox 2135 3015 2166 3041; x_wconf 89' lang='lat' dir='ltr'>P.</span> <span class='ocrx_word' id='word_1_1304' title='bbox 2175 3013 2209 3042; x_wconf 67' lang='grc' dir='ltr'>ὃς</span> 
     </span>
    </p>
   </div>
   <div class='ocr_carea' id='block_1_16' title="bbox 261 3045 1526 3090">
    <p class='ocr_par' dir='ltr' id='par_1_18' title="bbox 261 3045 1526 3090">
     <span class='ocr_line' id='line_1_143' title="bbox 261 3045 1526 3090; baseline -0.006 -6"><span class='ocrx_word' id='word_1_1305' title='bbox 261 3045 309 3074; x_wconf 60' lang='lat' dir='ltr'>s‘d</span> <span class='ocrx_word' id='word_1_1306' title='bbox 321 3046 383 3073; x_wconf 63' lang='lat' dir='ltr'>Aldi</span> <span class='ocrx_word' id='word_1_1307' title='bbox 396 3055 467 3074; x_wconf 51' lang='lat' dir='ltr'>veum</span> <span class='ocrx_word' id='word_1_1308' title='bbox 479 3048 617 3083; x_wconf 59' lang='lat' dir='ltr'>‘&#39;di‘QQ‘</span> <span class='ocrx_word' id='word_1_1309' title='bbox 628 3052 677 3077; x_wconf 62' lang='lat' dir='ltr'>ctam</span> <span class='ocrx_word' id='word_1_1310' title='bbox 686 3054 881 3090; x_wconf 77' lang='lat' dir='ltr'>vidcrem,quod</span> <span class='ocrx_word' id='word_1_1311' title='bbox 891 3056 918 3081; x_wconf 86' lang='lat'>&amp;</span> <span class='ocrx_word' id='word_1_1312' title='bbox 930 3057 956 3082; x_wconf 88' lang='lat' dir='ltr'>in</span> <span class='ocrx_word' id='word_1_1313' title='bbox 968 3055 1070 3082; x_wconf 88' lang='lat' dir='ltr'>duobus</span> <span class='ocrx_word' id='word_1_1314' title='bbox 1080 3056 1209 3082; x_wconf 50' lang='lat' dir='ltr'>XVouv.&amp;</span> <span class='ocrx_word' id='word_1_1315' title='bbox 1252 3054 1310 3081; x_wconf 79' lang='lat' dir='ltr'>Pal.</span> <span class='ocrx_word' id='word_1_1316' title='bbox 1323 3053 1373 3080; x_wconf 83' lang='lat' dir='ltr'>sec.</span> <span class='ocrx_word' id='word_1_1317' title='bbox 1385 3062 1437 3080; x_wconf 87' lang='lat' dir='ltr'>non</span> <span class='ocrx_word' id='word_1_1318' title='bbox 1447 3051 1526 3078; x_wconf 77' lang='lat' dir='ltr'>male.</span> 
     </span>
    </p>
   </div>
   <div class='ocr_carea' id='block_1_17' title="bbox 259 3080 1212 3159">
    <p class='ocr_par' dir='ltr' id='par_1_19' title="bbox 259 3080 1212 3159">
     <span class='ocr_line' id='line_1_144' title="bbox 261 3080 1212 3148; baseline 0.012 -40"><span class='ocrx_word' id='word_1_1319' title='bbox 261 3080 448 3111; x_wconf 54' lang='lat' dir='ltr'>Pal-termnum</span> <span class='ocrx_word' id='word_1_1320' title='bbox 460 3083 499 3110; x_wconf 85' lang='lat' dir='ltr'>sec</span> <span class='ocrx_word' id='word_1_1321' title='bbox 511 3094 611 3148; x_wconf 47' lang='lat' dir='ltr'>&#39;nequ</span> <span class='ocrx_word' id='word_1_1322' title='bbox 620 3088 668 3126; x_wconf 64' lang='lat' dir='ltr'>elmi</span> <span class='ocrx_word' id='word_1_1323' title='bbox 679 3090 828 3123; x_wconf 50' lang='lat' dir='ltr'>”affininibus</span> <span class='ocrx_word' id='word_1_1324' title='bbox 841 3091 1010 3118; x_wconf 74' lang='lat' dir='ltr'>varietatibus</span> <span class='ocrx_word' id='word_1_1325' title='bbox 1020 3091 1077 3118; x_wconf 80' lang='lat' dir='ltr'>fei-e</span> <span class='ocrx_word' id='word_1_1326' title='bbox 1087 3091 1212 3124; x_wconf 84' lang='lat' dir='ltr'>inducor,</span> 
     </span>
     <span class='ocr_line' id='line_1_145' title="bbox 259 3119 1177 3159; baseline 0.011 -13"><span class='ocrx_word' id='word_1_1327' title='bbox 259 3125 291 3146; x_wconf 76' lang='grc' dir='ltr'>ιι</span> <span class='ocrx_word' id='word_1_1328' title='bbox 299 3125 392 3155; x_wconf 82' lang='lat' dir='ltr'>putem</span> <span class='ocrx_word' id='word_1_1329' title='bbox 402 3119 542 3149; x_wconf 80' lang='lat' dir='ltr'>verborum</span> <span class='ocrx_word' id='word_1_1330' title='bbox 552 3131 560 3150; x_wconf 87' lang='lat' dir='ltr'>i</span> <span class='ocrx_word' id='word_1_1331' title='bbox 575 3121 626 3150; x_wconf 71' lang='lat' dir='ltr'>lam</span> <span class='ocrx_word' id='word_1_1332' title='bbox 637 3128 734 3159; x_wconf 74' lang='lat' dir='ltr'>trigarii</span> <span class='ocrx_word' id='word_1_1333' title='bbox 744 3124 794 3152; x_wconf 79' lang='lat' dir='ltr'>effe</span> <span class='ocrx_word' id='word_1_1334' title='bbox 804 3126 822 3154; x_wconf 72' lang='lat' dir='ltr'>‘a</span> <span class='ocrx_word' id='word_1_1335' title='bbox 829 3126 898 3155; x_wconf 77' lang='lat' dir='ltr'>mala</span> <span class='ocrx_word' id='word_1_1336' title='bbox 907 3126 1077 3157; x_wconf 76' lang='lat' dir='ltr'>librariorum</span> <span class='ocrx_word' id='word_1_1337' title='bbox 1087 3136 1177 3157; x_wconf 80' lang='lat' dir='ltr'>mauu.</span> 
     </span>
    </p>
   </div>
   <div class='ocr_carea' id='block_1_18' title="bbox 1253 3085 2214 3192">
    <p class='ocr_par' dir='ltr' id='par_1_20' title="bbox 1253 3085 2214 3192">
     <span class='ocr_line' id='line_1_146' title="bbox 1271 3085 2207 3124; baseline -0.002 -8"><span class='ocrx_word' id='word_1_1338' title='bbox 1271 3108 1275 3110; x_wconf 33' lang='lat' dir='ltr'>v</span> <span class='ocrx_word' id='word_1_1339' title='bbox 1290 3099 1316 3124; x_wconf 92' lang='lat'>5.</span> <span class='ocrx_word' id='word_1_1340' title='bbox 1335 3093 1368 3116; x_wconf 78' lang='lat' dir='ltr'>Et</span> <span class='ocrx_word' id='word_1_1341' title='bbox 1377 3088 1394 3115; x_wconf 70' lang='grc' dir='ltr'><em>ἃ</em></span> <span class='ocrx_word' id='word_1_1342' title='bbox 1404 3087 1522 3114; x_wconf 71' lang='lat' dir='ltr'>domiciliis</span> <span class='ocrx_word' id='word_1_1343' title='bbox 1541 3086 1622 3119; x_wconf 71' lang='lat' dir='ltr'>nostris</span> <span class='ocrx_word' id='word_1_1344' title='bbox 1640 3085 1788 3120; x_wconf 65' lang='lat' dir='ltr'>alnffimue]</span> <span class='ocrx_word' id='word_1_1345' title='bbox 1811 3085 1916 3112; x_wconf 88' lang='lat' dir='ltr'>Horum</span> <span class='ocrx_word' id='word_1_1346' title='bbox 1938 3085 2005 3112; x_wconf 85' lang='lat' dir='ltr'>nihil</span> <span class='ocrx_word' id='word_1_1347' title='bbox 2023 3086 2100 3113; x_wconf 87' lang='lat' dir='ltr'>habet</span> <span class='ocrx_word' id='word_1_1348' title='bbox 2120 3085 2207 3114; x_wconf 75' lang='lat' dir='ltr'>codex</span> 
     </span>
     <span class='ocr_line' id='line_1_147' title="bbox 1253 3120 2214 3192; baseline -0.002 -39"><span class='ocrx_word' id='word_1_1349' title='bbox 1253 3134 1321 3154; x_wconf 81' lang='lat' dir='ltr'>unus</span> <span class='ocrx_word' id='word_1_1350' title='bbox 1333 3123 1489 3158; x_wconf 76' lang='lat' dir='ltr'>Wouverii,</span> <span class='ocrx_word' id='word_1_1351' title='bbox 1500 3123 1527 3150; x_wconf 70' lang='grc' dir='ltr'>δε</span> <span class='ocrx_word' id='word_1_1352' title='bbox 1538 3120 1625 3150; x_wconf 83' lang='lat' dir='ltr'>nescio</span> <span class='ocrx_word' id='word_1_1353' title='bbox 1635 3124 1717 3158; x_wconf 68' lang='lat' dir='ltr'>quam</span> <span class='ocrx_word' id='word_1_1354' title='bbox 1728 3122 1818 3150; x_wconf 77' lang='lat' dir='ltr'>animo</span> <span class='ocrx_word' id='word_1_1355' title='bbox 1827 3131 1886 3151; x_wconf 87' lang='lat' dir='ltr'>meo</span> <span class='ocrx_word' id='word_1_1356' title='bbox 1897 3131 1951 3151; x_wconf 89' lang='lat' dir='ltr'>nori</span> <span class='ocrx_word' id='word_1_1357' title='bbox 1960 3121 2090 3159; x_wconf 77' lang='lat' dir='ltr'>placeant.</span> <span class='ocrx_word' id='word_1_1358' title='bbox 2102 3166 2115 3187; x_wconf 53' lang='grc' dir='ltr'><strong><em>ι</em></strong></span> <span class='ocrx_word' id='word_1_1359' title='bbox 2138 3159 2214 3192; x_wconf 52' lang='lat' dir='ltr'>om-</span> 
     </span>
    </p>
   </div>
   <div class='ocr_carea' id='block_1_19' title="bbox 2320 0 2379 3400">
    <p class='ocr_par' dir='ltr' id='par_1_21' title="bbox 2320 0 2379 3400">
     <span class='ocr_line' id='line_1_148' title="bbox 2320 0 2379 3400; baseline 0 0"><span class='ocrx_word' id='word_1_1360' title='bbox 2320 0 2379 3400; x_wconf 95' lang='lat' dir='ltr'> </span> 
     </span>
    </p>
   </div>
  </div>
 </body>
</html>
