2360 3400
641 76 797 110 seu
868 76 961 109 nn
1034 63 1622 114 Sunuci-ure.

153 151 306 187 putarent:
326 150 393 173 tum
411 139 496 183 qubd
516 140 722 182 spernerentur
740 142 778 173 ab
798 144 853 176 iis,
873 141 888 172 ὲ
902 141 1012 184 quibus
1023 142 1117 174 essent

154 188 216 218 coli
226 187 315 217 soliti⁴
327 186 380 225 qui
390 185 468 215 milii
481 193 543 214 non
555 183 585 215 id
596 184 778 215 videbantur
787 185 918 215 accusare
929 205 938 218 ,
949 184 1029 226 quod
1043 183 1113 215 esset

152 227 363 259 accusandum.
388 236 458 257 nam
471 224 489 256 si
500 226 530 256 id
541 227 626 266 culpa
636 226 796 257 senectutis
807 226 952 257 accideret
963 247 973 260 ‚
986 230 994 246 ¹
1007 226 1111 257 eadem

152 270 231 299 mihi
243 269 295 299 usu
307 270 475 301 evenirent,
487 268 667 308 reliquisque
677 269 833 302 omnibus,
846 268 1011 308 majoribus
1023 277 1092 299 natu
1106 279 1111 297 .·

196 320 284 341 orum
302 320 359 351 ego
380 310 545 340 multorum
562 312 693 350 cognovi
708 310 891 341 seneciutem
904 309 963 340 sine
976 310 1111 350 querela:

151 354 204 393 qui
221 352 250 383 se
262 354 278 382 ἐι
291 351 456 382 libidinum
470 352 602 382 vinculis
619 352 732 382 laxatos
751 350 808 381 efse
824 362 887 381 non
907 350 1035 381 moleste
1052 351 1112 381 fer-

151 402 218 424 tent
228 413 237 428 ‚
259 404 314 424 nec
333 394 349 425 ὲ
368 394 427 424 suis
446 394 669 433 despicerentur
680 404 686 423 :
708 393 757 424 sed
776 397 921 423 omnium
941 392 1111 424 istiusmodi

152 436 343 476 querelarum
360 438 393 466 in
410 434 532 465 moribus
546 434 587 465 est
599 436 703 475 culpa,
724 445 788 465 non
802 437 834 465 in
844 444 937 465 aetate.
961 435 1109 465 moderati

152 479 236 507 enim
249 497 257 511 ‚
269 477 302 508 ὅ(
313 488 368 508 nec
378 477 517 508 difficiles
528 497 537 510 ,
559 486 613 507 nec
623 478 785 507 inhumani
796 477 880 507 senes
893 488 901 510 3
921 476 1109 507 tolerabilem

149 528 241 560 agunt
250 519 446 550 seneffiutem.
462 528 716 549 lMPORTuNITAS
726 528 826 550 autem
840 539 849 552 ‚
863 519 895 549 &
905 520 1111 549 inhumanitas

149 564 165 581 ²
177 563 354 592 omnieetati
366 560 493 592 molesta
511 561 562 591 est.
586 562 680 591 Lm..
697 560 748 592 Est
761 581 769 594 .
791 571 823 591 ut
833 561 907 591 dicis
923 581 932 594 ‚
952 563 1037 591 Cato.
1062 560 1111 591 sed

149 601 270 633 for-:affe
280 604 389 634 dixerit
400 603 546 644 quispiam
559 622 568 636 ‚
591 603 646 633 tibi
657 612 779 643 propter
789 613 861 643 opes
873 623 882 636 ‚
896 603 928 633 δε
938 604 1037 642 copias
1048 622 1055 636 ‚
1079 602 1112 632 &

148 645 327 685 dignitatem
341 655 434 679 tuam,
447 645 680 674 tolerabiliorem
693 644 876 675 sene&utem
889 645 1002 675 videri:
1017 644 1048 674 id
1059 654 1113 674 au-

150 695 213 716 tem
224 696 287 716 non
298 686 379 726 poste
392 687 495 716 multis
505 688 691 727 contingere.
713 689 812 717 Cin-0.
829 686 879 717 Est
890 685 964 717 istuc
972 687 1108 727 quidem,

149 727 243 761 Laeii,
256 729 369 768 aliquid
380 740 389 762 3
402 728 450 758 sed
462 738 649 768 nequaquam
662 730 692 758 in
702 727 761 759 isto
772 728 840 758 sunt
850 730 955 758 omnia
968 740 972 757 :
986 737 1017 758 ut
1026 729 1110 758 The-

149 768 302 800 mistocles
313 769 405 799 fertur
412 771 550 808 Seriphio
559 770 678 799 cuidam
691 771 831 810 injurgio
841 768 1109 810 respondiffe,cum

114 818 116 821 ’
147 812 201 841 ille
211 809 330 841 dixisset
342 832 350 845 ,
363 822 413 840 non
425 812 547 852 eums'ua
558 831 565 843 ,
577 811 996 851 sedpatriaegi'oriasplendorem
1004 810 1108 849 affecta-

147 859 211 882 tum
220 863 231 880 .·
245 855 313 893 Qc
323 852 439 886 hercule,
454 854 562 892 inquit,
578 853 678 893 3fiego
689 853 830 894 Seriphius
840 853 928 890 effim,
942 852 1111 882 nobam-nec

147 894 407 936 tufi-Atheniensis
424 893 485 932 effes
494 914 503 927 ,
524 893 615 922 clarus
625 905 764 935 umquam
776 894 885 934 fuiffis.
908 896 989 936 quod
1000 895 1108 925 eodem

149 936 246 966 modo
256 936 292 967 de
304 935 457 974 senetstute
466 935 563 976 potest
572 936 643 966 dici.
668 938 700 966 N
712 946 732 966 E
743 946 794 974 Qu
806 946 826 966 ε
844 939 929 966 enim
944 939 977 967 in
991 938 1110 967 summa

148 979 254 1018 inopia
265 978 341 1008 levis
354 976 409 1008 effe
424 977 560 1008 senectus
569 976 666 1018 potest
676 998 684 1012 ‚
705 988 742 1008 ne
753 979 875 1018 sapienti
886 979 1029 1019 quidem:
1054 989 1109 1009 nec

147 1018 300 1060 insipienti
312 1022 401 1050 etiam
411 1021 443 1050 in
454 1020 572 1050 summa
580 1022 667 1060 copia
676 1030 738 1050 non
746 1021 853 1061 gravis.
866 1025 891 1050 A
902 1031 918 1050 1>
926 1032 945 1050 τ
957 1031 967 1050 1
979 1030 991 1050 s
1001 1027 1036 1051 st
1049 1030 1076 1050 M
1084 1030 1107 1050 A

146 1063 280 1092 omnino
297 1062 365 1092 sunt
380 1082 388 1096 ‚
409 1064 510 1102 Scipio
522 1082 530 1096 ‚
551 1062 585 1092 &
599 1062 674 1092 Laeli
691 1081 700 1095 ,
718 1072 800 1092 arma
819 1062 980 1093 senectutis
993 1082 1002 1097 ,
1021 1071 1108 1096 artes,

144 1104 433 1145 exercitationesque
444 1108 590 1145 virtutum
601 1114 607 1133 ι
617 1113 685 1144 (μιν,
695 1105 727 1134 in
738 1107 826 1134 omni
835 1113 916 1134 aetate
926 1105 1026 1138 cultae,
1036 1104 1107 1135 cum

144 1145 282 1176 multum
296 1165 304 1180 ,
325 1146 438 1186 diuque
448 1147 561 1176 vixeris
571 1166 580 1179 ‚
595 1143 741 1176 mirificos
749 1144 1022 1181 effermrstufilus,
1042 1157 1107 1177 non

145 1187 247 1219 solum
266 1190 337 1229 quia
355 1198 523 1228 numquam
544 1187 702 1221 deserunt,
723 1198 762 1217 ne
778 1189 812 1218 in
826 1197 964 1218 extremo
981 1188 1105 1229 quidem

144 1237 281 1270 tempore
295 1231 388 1260 aetatis
400 1251 409 1264 ,
427 1230 622 1271 (quamquam
638 1229 670 1259 id
683 1231 855 1260 maximum
870 1229 924 1270 est)
944 1229 1050 1260 verum
1065 1240 1108 1261 et-

145 1272 207 1302 iam
217 1273 287 1312 quia
302 1281 321 1301 c
330 1281 349 1301 o
359 1281 380 1301 N
389 1281 402 1301 s
413 1281 432 1301 c
444 1282 453 1301 1
466 1281 485 1301 Ε
493 1281 514 1301 N
524 1282 543 1301 τ
555 1282 566 1301 1
576 1281 599 1301 A
613 1271 689 1301 bene
699 1271 770 1302 aetae
779 1274 848 1302 vitae
857 1292 865 1305 ,
877 1272 1107 1313 multorumque

104 1320 129 1352 4
144 1312 373 1344 benefactorum
386 1313 554 1344 recordatio
564 1333 573 1347 ,
591 1311 804 1353 iucundiffima
818 1313 872 1344 est.
918 1316 981 1355 Ego
993 1317 1030 1352 Q.
1041 1316 1108 1344 Ma-

139 1356 280 1389 ximum,
292 1365 363 1386 eum
375 1374 385 1389 ,
396 1359 447 1396 qui
458 1358 625 1385 Tarentum
636 1356 745 1395 recepit
757 1375 765 1389 ‚
780 1355 951 1386 adolescens
964 1358 1002 1386 ita
1012 1356 1108 1386 dilexi

143 1397 258 1431 senem,
271 1406 302 1428 ut
312 1399 467 1438 aequalem.
484 1406 544 1427 erat
553 1398 636 1427 enim
649 1398 680 1427 in
692 1397 747 1427 illo
759 1399 824 1427 viro
834 1399 977 1428 comitate
988 1396 1109 1428 condita

141 1441 268 1480 gravitas
280 1450 286 1468 z
300 1449 320 1469 N
331 1449 352 1468 E
361 1448 380 1468 c
394 1437 529 1469 senectus
540 1448 641 1468 mores
652 1447 827 1468 mutaverat.
840 1449 1025 1480 quamquam
1036 1449 1106 1470 eum

142 1481 243 1512 colere
254 1482 333 1521 coepi
347 1489 411 1510 non
423 1479 592 1510 admodum
606 1479 749 1521 grandem
763 1489 833 1510 natu
845 1500 854 1513 ‚
876 1481 924 1510 sed
935 1481 1106 1520 tarnenjam

142 1531 228 1553 aetate
236 1521 429 1562 prove&um.
451 1526 469 1549 4
478 1530 560 1551 anno
570 1531 654 1551 enim
666 1519 734 1561 post
744 1541 752 1555 ‚
771 1521 877 1552 consul
890 1522 1027 1561 primum
1043 1521 1109 1553 fue-

142 1573 207 1597 rat,
228 1562 319 1605 quam
340 1573 397 1605 ego
415 1572 501 1594 natus
520 1563 606 1594 sum:
626 1562 759 1603 cumque
776 1572 813 1593 eo
830 1572 969 1604 quartum
984 1564 1107 1598 consule

141 1606 384 1637 adolescentulus
393 1605 482 1635 miles
492 1604 643 1646 profectus
653 1604 718 1635 sum
730 1604 765 1635 ad
776 1607 906 1645 Capuam
918 1624 926 1638 ‚
939 1606 1107 1646 quintoque

142 1657 226 1679 anno
236 1651 249 1675 5
257 1647 324 1688 post
335 1647 369 1677 ad
377 1650 544 1678 Tarentum
556 1645 694 1687 quaestor:
705 1645 814 1677 deinde
824 1646 932 1680 aedilis,
942 1647 1107 1687 quadrien-

142 1691 200 1720 nio
212 1689 280 1729 post
293 1688 389 1720 faetus
401 1689 468 1719 sum
482 1697 607 1729 praetor:
629 1697 720 1728 quem
732 1687 934 1728 magistratum
950 1686 1020 1728 geffi
1029 1698 1107 1719 con-

133 1729 258 1762 'sulibus
268 1731 426 1762 Tuditano
436 1750 446 1765 ‚
458 1731 491 1761 δε
501 1731 644 1770 Cethego,
656 1727 727 1759 curn
738 1729 863 1770 quidem
874 1730 927 1760 ille
937 1730 1104 1761 admodum

141 1773 254 1807 senex,
276 1773 376 1804 suasor
394 1773 468 1814 legis
479 1773 594 1802 Cinciae
614 1771 651 1801 de
670 1771 784 1805 donis,
803 1770 1026 1801 &muneribus
1035 1771 1104 1802 fuit.

139 1816 203 1847 Hic
212 1814 246 1845 &
257 1825 276 1845 B
287 1824 334 1845 Et.
344 1825 364 1845 L
374 1824 396 1845 A
410 1814 528 1856 gerebat
538 1833 548 1849 ,
559 1823 592 1844 ut
601 1813 773 1844 adolescens
783 1832 792 1847 ‚
802 1812 874 1844 cum
883 1812 971 1854 plane
982 1813 1102 1854 grandis

2002 83 2127 130 Ῑίὶῗῗ

1136 162 1140 206 J
1157 140 1245 189 effer:
1260 142 1292 172 δε
1303 141 1676 183 Annibalemjuveniliter
1684 142 1882 176 exsultantem
1893 142 1910 167 ⁶
1920 145 2060 185 patientia
2070 148 2120 179 sun

1135 207 1138 222 ‚
1155 184 1330 214 molliebat:
1345 185 1382 214 de
1392 195 1454 225 quo
1464 185 1602 225 praeclare
1612 185 1768 217 familiaris
1779 186 1880 219 noster
1890 188 2028 220 Ennius:

1133 284 1136 365 l

1246 228 1329 255 Unus
1340 237 1391 268 qm
1401 225 1473 256 nebu
1487 226 1638 257 cunctando
1649 227 1771 264 restituit
1780 239 1846 258 rem.

1246 269 1319 309 Qu
1331 266 1448 309 ponebat
1459 270 1532 298 enim
1545 280 1665 299 rumores
1674 277 1738 300 ante
1746 271 1882 311 fizlutem.

1245 311 1318 349 Ergo
1326 309 1438 352 postque
1448 331 1455 343 ‚
1471 312 1618 354 magiflque
1629 312 1688 341 viri
1698 323 1770 342 nunc
1775 313 1871 353 gsoria
1881 313 1977 344 claret.

1152 352 1319 380 Tarentum
1335 353 1407 382 vero
1421 362 1478 392 qua
1489 355 1642 393 vigilantia
1655 374 1663 388 ‚
1682 364 1744 395 quo
1753 354 1880 385 consilio
1890 357 2024 396 recepit?
2037 355 2109 388 cum

1151 392 1274 436 quidem
1287 412 1296 426 ,
1317 403 1367 422 me
1385 396 1524 424 audiente
1537 414 1545 428 2
1565 396 1744 430 Salinatori,
1767 399 1818 437 qui
1833 417 1840 430 ,
1860 397 1966 428 amisso
1984 400 2112 438 oppidot

1153 439 1167 462 7
1178 437 1290 474 ingerat
1301 437 1332 464 in
1343 445 1439 465 arcem
1451 455 1459 469 ‚
1478 436 1636 476 glorianti,
1651 440 1732 478 atqui
1743 440 1782 469 ita
1792 439 1920 469 dicenti:
1936 441 2008 470 Mea
2018 448 2109 482 opera,

1153 474 1276 515 Qfabi
1286 496 1293 508 ‚
1305 477 1458 505 Tarentum
1469 477 1606 520 re'cepisti:
1618 480 1694 510 Certe*
1704 500 1711 513 ‚
1724 482 1823 521 inquit
1833 481 1934 511 ridens
1947 492 1952 511 1
1965 492 2031 511 nam
2040 502 2048 516 ,
2058 483 2114 523 mlx*

1151 524 1185 546 tu
1202 517 1331 558 amififfes
1342 539 1349 552 ‚
1370 529 1529 560 numquam
1547 521 1703 562 recepiffem.
1730 524 1795 552 Nec
1805 522 1878 552 verb
1890 525 1920 552 in
1934 526 2024 554 armis
2035 534 2113 564 prae-

1151 558 1290 593 stantior,
1308 564 1399 600 quam
1411 563 1443 590 in
1456 570 1541 601 toga:
1560 564 1727 603 quiconsul
1739 566 1846 594 iterum
1860 585 1868 598 ,
1890 560 1961 605 8Sp.
1976 567 2110 596 Carvilio

1153 602 1268 642 collega
1278 602 1447 642 quiescente
1457 622 1465 636 ,
1485 606 1518 633 C.
1532 605 1684 635 Flaminio
1696 606 1819 636 tribuno
1828 607 1869 646 pl.
1880 607 1979 648 quoad
1997 610 2107 647 potuit„

1150 642 1257 673 restitit
1268 662 1276 676 ,
1289 653 1390 684 agrum
1403 646 1546 675 Picenum
1559 666 1568 679 ‚
1581 647 1613 676 δε
1626 648 1776 678 Gallicum
1788 650 1904 678 viritim
1916 658 2018 679 contra
2028 650 2112 679 sena-

1150 693 1197 714 tus
1206 683 1414 715 au&01·itatem
1426 686 1573 717 dividenti
1587 698 1752 730 :augurque
1763 689 1835 720 cum
1848 689 1918 721 esset
1927 710 1935 723 ,
1947 691 2044 721 dicere
2056 701 2110 721 au·

1150 726 1197 756 sus
1208 726 1250 756 est
1261 746 1269 760 ‚
1285 737 1304 757 0
1313 737 1330 756 Ρ
1340 738 1359 756 τ
1372 737 1382 756 1
1395 738 1421 757 M
1435 738 1443 756 i
1455 738 1467 757 s
1480 729 1603 767 auspicm
1613 741 1644 759 ea
1651 732 1714 771 geri
1725 751 1733 765 ,
1755 742 1813 772 quae
1824 741 1870 773 pro
1883 733 1948 773 reip.
1957 732 2112 773 fhlutege-

1151 776 1275 797 ferentur
1289 781 1299 796 -'
1320 779 1379 810 quae
1399 777 1495 798 contra
1513 781 1596 812 Temp-
1613 773 1755 810 ferrenlllr
1775 781 1871 802 COHTTAE
1890 774 2013 813 tluffpst'la
2025 774 2112 814 fissi.

1151 810 1248 840 Multa
1260 813 1291 840 in
1302 821 1338 840 eo
1350 813 1416 841 viro
1428 812 1562 850 praeclara
1572 816 1704 854 cognovi
1718 825 1722 843 :
1744 814 1792 844 secl
1804 817 1881 845 nihil
1893 816 1934 846 est
1947 816 2112 848 admirabi÷

1146 852 1204 882 lius
1216 872 1224 886 ,
1237 862 1327 893 quam
1337 853 1557 893 quomodo-ille
1569 865 1697 885 moi-tem
1718 858 1761 886 M.
1774 856 1828 886 filii
1850 858 1935 892 tulit,
1954 859 2024 889 clari
2039 859 2111 893 viri,

1150 895 1182 924 &
1193 895 1365 925 consularis.
1381 894 1465 925 estin
1477 897 1617 927 manibus
1627 898 1758 928 laudatio
1769 909 1774 927 z
1786 909 1876 939 quam
1886 899 1957 930 cum
1971 900 2113 940 legimus,

1145 945 1235 976 quem
1247 937 1464 976 philosophum
1480 947 1544 967 non
1561 942 1810 970 contemnimus?
1833 943 1899 971 Nec
1909 941 1981 972 vero
1992 942 2044 971 ille
2062 952 2073 972 1
2086 951 2109 971 N

1148 988 1169 1007 t.
1179 987 1201 1008 u
1213 987 1232 1008 c
1245 988 1264 1007 E
1283 978 1377 1008 modo
1389 998 1397 1011 ,
1412 988 1498 1019 atque
1507 982 1539 1009 in
1552 981 1650 1011 oeulis
1659 983 1772 1011 civium
1785 992 1929 1024 magnus:
1953 984 2109 1017 sedimus,

1146 1020 1293 1061 domique
1311 1019 1504 1060 praestantior.
1527 1024 1580 1062 qui
1600 1023 1719 1053 sermo?
1736 1034 1802 1064 quae
1817 1028 1982 1065 praecepta?
2001 1034 2111 1066 quanta

1146 1063 1256 1092 notitia
1265 1064 1449 1103 antiquitatis
1466 1065 1475 1091 ?
1490 1066 1505 1089 9
1516 1073 1580 1103 quae
1591 1065 1793 1105 scientiajuris
1804 1069 1916 1107 augurii
1929 1070 1938 1096 ?
1950 1069 2052 1097 multae
2064 1076 2110 1097 et-

1147 1106 1207 1134 iam
1217 1123 1225 1137 ‚
1238 1113 1270 1134 ut
1281 1106 1451 1134 inhomine
1460 1106 1604 1136 Romano
1615 1107 1728 1137 litterae.
1746 1110 1852 1138 omnia
1863 1111 2013 1140 memoria
2024 1119 2111 1139 tene-

1148 1145 1195 1175 bat
1205 1165 1215 1180 ‚
1228 1155 1292 1176 non
1301 1145 1465 1176 domestica
1478 1146 1576 1177 solum
1590 1168 1599 1180 ,
1614 1148 1662 1178 sed
1675 1151 1763 1179 etiam
1775 1159 1899 1180 eitternzi
1910 1151 2003 1180 bella:
2023 1152 2110 1190 cujus

1146 1187 1284 1218 sermone
1303 1192 1343 1219 ita
1361 1197 1426 1218 tum
1446 1189 1554 1227 cupide
1567 1189 1704 1224 fruebar,
1724 1190 1871 1231 quasijam
1884 1192 2052 1222 divinarem
2066 1193 2110 1226 id.

1144 1230 1226 1270 quod
1243 1232 1346 1260 evenit
1358 1251 1366 1265 ‚
1385 1231 1429 1259 illo
1448 1229 1596 1266 exstuat-0,
1611 1232 1675 1271 fore
1694 1233 1764 1262 unde
1789 1233 1916 1273 differam
1935 1236 2107 1264 neminem.

1146 1272 1298 1313 Qotsum
1309 1274 1400 1313 igitur
1412 1274 1474 1302 iiaec
1486 1281 1545 1303 tam
1557 1279 1652 1304 multa
1663 1274 1699 1304 de
1711 1277 1875 1305 Maximo?
1894 1278 1963 1316 quia
1970 1275 2113 1316 Ρῑοῑεᾶὶὸ
2128 1280 2151 1311 5

1146 1315 1255 1344 videtis
1266 1334 1273 1347 ,
1291 1324 1311 1344 N
1323 1324 1342 1343 E
1351 1324 1369 1343 F
1378 1323 1400 1343 Α
1410 1324 1422 1344 s
1436 1312 1494 1344 effe
1505 1314 1587 1345 dieta
1599 1335 1607 1349 ‚
1621 1317 1759 1346 miseram
1770 1315 1859 1348 fuiffe
1870 1319 1962 1348 talem
1972 1317 2111 1349 senech—

1147 1365 1218 1386 tem.
1243 1358 1309 1386 Nec
1321 1365 1422 1387 tamen
1432 1366 1541 1387 omnes
1550 1356 1738 1397 poss'untesse
1750 1361 1906 1399 Scipiones
1917 1379 1925 1393 ‚
1946 1370 1996 1390 aut
2007 1362 2112 1390 Maxi-

1146 1400 1211 1432 mi,
1232 1407 1264 1428 ut
1283 1398 1404 1429 urbium
1419 1401 1676 1439 expugnationes,
1697 1410 1728 1430 ut
1740 1400 1921 1440 pedestreis,
1942 1402 2111 1432 navaleisve

1143 1449 1256 1480 pugnas
1268 1459 1277 1473 ,
1299 1449 1331 1469 ut
1350 1440 1427 1470 bella
1438 1439 1453 1469 a
1465 1441 1493 1470 se
1507 1440 1586 1482 gesta
1596 1461 1604 1475 ,
1627 1444 1658 1461 ¹0
1668 1443 1896 1483 triumphosque
1906 1443 2110 1474 recordentur.

1145 1480 1188 1511 est
1199 1483 1288 1511 etiam
1301 1482 1401 1522 quiete
1413 1502 1422 1516 ,
1443 1483 1475 1513 &
1485 1483 1557 1523 pure
1569 1502 1578 1516 ,
1599 1483 1631 1513 &
1642 1484 1791 1524 eleganter
1799 1483 1870 1514 τιθεῖ,
1881 1487 1974 1515 aetatis
1984 1485 2113 1525 placida,

1144 1533 1177 1553 ac
1188 1523 1264 1553 lenis
1278 1522 1414 1553 sene&us
1424 1533 1429 1551 t
1441 1525 1562 1565 qualem
1573 1527 1743 1564 accepimus
1754 1525 1886 1555 Platonis
1897 1546 1905 1559 ‚
1917 1528 1968 1566 qui
1982 1537 2044 1556 uno
2055 1546 2064 1560 ,
2078 1527 2112 1556 δε

1145 1563 1331 1604 ofitogesimo
1351 1574 1432 1595 anno
1450 1566 1582 1597 scribens
1601 1576 1740 1596 mortuus
1754 1565 1805 1596 est.
1829 1567 1949 1607 qualem
1962 1567 2112 1602 Isocratis,

1142 1608 1195 1646 qui
1205 1616 1275 1636 eum
1289 1606 1401 1636 librum
1412 1626 1420 1640 ‚
1440 1609 1493 1648 qui
1503 1608 1737 1638 Panathenaicus
1749 1607 1921 1639 inscribitur
1932 1629 1940 1643 ‚
1964 1613 1989 1629 ¹¹
2003 1619 2110 1650 quarto

1146 1650 1179 1678 ὅτ
1190 1646 1386 1689 nonagesimo
1396 1658 1477 1679 anno
1486 1647 1625 1690 scripfiffe
1636 1649 1746 1680 dicitur
1756 1671 1765 1684 ,
1785 1652 1922 1691 vixitque
1941 1653 2116 1693 quinquen-

1145 1691 1234 1720 nium
1252 1689 1369 1730 postea:
1391 1691 1476 1730 cujus
1487 1690 1629 1732 magister
1638 1693 1811 1722 Leontinus
1823 1694 1948 1733 Gorgias
1959 1712 1968 1726 2
1985 1703 2116 1727 centum·

1147 1730 1180 1761 &
1190 1731 1304 1771 septem
1314 1733 1482 1772 complevit
1491 1742 1604 1763 annos:
1626 1742 1723 1773 neque
1735 1743 1879 1774 umquam
1892 1737 1925 1764 in
1936 1735 1990 1765 suo
2000 1734 2118 1770 studio,

1147 1781 1233 1812 atque
1244 1782 1332 1812 opere
1343 1772 1472 1804 ceflavit.
1496 1776 1547 1815 qui
1559 1793 1567 1807 ‚
1587 1773 1658 1804 cum
1671 1785 1708 1804 ex
1718 1785 1755 1805 eo
1764 1785 1945 1815 quaereretut
1956 1796 1964 1810 ,
1977 1787 2025 1806 cur
2035 1785 2113 1807 tam-

1143 1813 1195 1845 diu
1213 1815 1295 1844 vellet
1308 1814 1357 1853 effi
1369 1815 1399 1844 in
1413 1816 1505 1846 vita?
1528 1816 1616 1845 Nihil
1632 1814 1736 1852 habeo,
1755 1819 1855 1858 inquit
1866 1837 1874 1852 2
1894 1818 2114 1859 qood—incusem*

2029 1862 2109 1901 fine-

177 1935 201 1953 1.
221 1927 310 1952 Eadem
320 1927 376 1952 mihi
385 1926 427 1958 ufh
438 1928 572 1956 evenirent,
581 1925 650 1959 &c.]
664 1924 799 1950 Palatinus
815 1933 880 1950 unus
891 1923 1012 1959 praefert.
1022 1926 1102 1950 eadem

136 1965 216 1989 onmia
224 1964 283 1988 mihi
290 1963 333 1996 κβ
342 1965 477 1994 evenirent,
486 1962 626 1996 reliquisque
635 1961 764 1994 majoribus
772 1968 844 1986 natu.
865 1969 950 1995 neque
961 1960 1044 1988 leetio
1053 1961 1101 1989 illa

139 1999 282 2026 temeraria
292 1998 339 2024 est.

175 2043 204 2061 2.
222 2037 290 2061 Omni
298 2034 389 2070 Μηνὶ]
410 2033 530 2061 Malebat
539 2031 702 2059 Gulielmius
716 2052 723 2065 ‚
738 2031 810 2058 suasu
820 2032 923 2068 aliquot
943 2031 1020 2059 codd.
1040 2031 1100 2059 suo-

137 2079 210 2103 rum,
220 2077 299 2097 atate.
318 2071 432 2097 alterum
446 2070 527 2098 restat
544 2070 570 2096 iu
583 2069 708 2096 Palatinis
728 2070 755 2095 Sc
767 2067 829 2096 edd.
847 2068 971 2095 omnibus
984 2088 992 2101 ‚
1014 2078 1100 2105 neque

137 2106 203 2144 quid
212 2107 240 2134 in
252 2117 284 2134 eo
296 2107 367 2133 vitii.

175 2151 202 2179 3.
219 2147 246 2170 Si
255 2153 289 2177 ego
299 2144 422 2176 smithius·
431 2144 495 2176 ffm
508 2161 514 2174 ,
525 2141 634 2175 nubium]
658 2141 738 2168 Alter
748 2140 886 2168 Palatinus
898 2160 907 2173 ,
917 2151 969 2168 non
981 2141 1101 2176 agnoscit

136 2178 185 2206 illa
198 2181 275 2214 stega.
294 2181 321 2206 &
333 2180 397 2206 vero
409 2179 425 2205 si
437 2180 497 2205 hinc
509 2178 639 2205 tollantur
650 2197 658 2209 ‚
674 2177 819 2205 auferenda
837 2176 896 2204 sunt
907 2177 985 2204 etiam
1008 2178 1099 2214 paullo

135 2215 204 2252 post.
224 2216 346 2243 ceterum
364 2216 455 2242 nobisis.
481 2225 531 2241 non
551 2214 635 2241 exstat
653 2215 679 2241 in
692 2214 761 2240 Pali.
780 2221 826 2240 aut
842 2213 900 2240 aliis
913 2213 1072 2241 membranis
1085 2216 1100 2241 a

135 2251 287 2279 Gulielmio
299 2251 473 2285 exoussis,se.i
479 2251 582 2284 ignobilis
591 2254 671 2277 autin
680 2252 772 2281 nobilis,
783 2249 854 2284 quod
866 2250 889 2276 ei
902 2259 952 2276 non
964 2249 1098 2286 displicet;

134 2288 266 2325 praecipue
278 2288 294 2316 fi
305 2296 431 2324 praeterea
446 2287 584 2323 sequamur
595 2286 778 2314 Celberdensis
791 2286 851 2312 libri
862 2286 1017 2321 scripturam
1029 2296 1100 2313 mar-

132 2324 251 2360 ginalem
265 2335 271 2352 ι
294 2328 383 2360 *ὶζςῳιε
401 2326 461 2350 enim
469 2327 496 2350 in
508 2324 604 2356 stimma
613 2325 693 2356 inopia
710 2332 756 2348 non
763 2323 822 2349 levia
839 2323 881 2355 effe
891 2324 1100 2356 Jknefimpoteft‘3

132 2361 239 2394 fflpienti
255 2362 365 2395 quidem:
385 2369 426 2386 nec
442 2361 561 2393 insipienti
577 2361 650 2385 etiam
668 2362 694 2385 in
706 2359 801 2393 summa
811 2362 875 2392 copia
885 2368 929 2384 non
943 2360 1040 2391 gravis.
1059 2360 1100 2387 At

133 2405 163 2424 re
184 2405 267 2433 ugnat
277 2397 338 2423 huic
356 2396 491 2423 senteiitiae
502 2395 580 2421 Plato
589 2395 699 2432 aliique.
720 2394 781 2421 Scio
793 2413 801 2427 ,
819 2394 908 2430 iuquit
921 2413 928 2426 ,
948 2394 990 2421 sed
1010 2403 1098 2423 tamen

112 2450 115 2453 ·
134 2433 161 2460 vi
182 2442 208 2465 e,
219 2443 252 2460 ne
263 2435 332 2460 Cato
342 2431 460 2459 &senex
474 2451 482 2464 ‚
493 2433 520 2458 ὅ(
534 2432 561 2458 iti
574 2431 652 2458 rebus
663 2431 763 2458 Graecis
776 2450 784 2463 ,
795 2440 858 2466 quas
869 2430 926 2457 sert}
937 2431 1040 2467 attigit,
1052 2441 1100 2459 vo-

132 2468 239 2496 luntate
249 2471 277 2495 8<
288 2468 432 2495 commodo
441 2468 583 2494 Ciceronis
596 2468 763 2494 halucinctur
776 2467 914 2493 memoria.
933 2475 1006 2494 certe
1024 2467 1095 2495 idem

132 2504 160 2532 in
172 2508 420 2538 Laeitestercorante,
434 2505 461 2530 ὃ(
471 2506 543 2530 ‘Pelia
554 2507 639 2530 mom
650 2523 657 2535 ‚
669 2502 714 2530 usu
727 2503 749 2530 ei
761 2503 874 2530 evenisse
885 2503 975 2539 negari
987 2514 1037 2531 uon
1050 2514 1099 2540 po-

130 2541 183 2568 test
202 2541 230 2567 δε
242 2540 311 2567 unde
320 2541 383 2567 alias
402 2541 429 2567 in
441 2539 565 2566 oinnibus
584 2540 703 2566 omnium
718 2558 726 2571 ,
746 2549 796 2566 nori
810 2538 910 2575 scriptis
930 2539 1011 2566 modo
1025 2559 1033 2572 ‚
1054 2540 1097 2568 sed

129 2578 210 2603 etiam
222 2584 283 2603 ante
293 2577 359 2603 hanc
367 2574 538 2612 pervertendi
549 2576 637 2602 omnia
650 2575 784 2602 licentiam
797 2594 805 2607 ,
818 2574 945 2611 impreffis
959 2575 1094 2604 codicibus

129 2612 198 2640 istud
207 2613 323 2646 ignobisu.
344 2613 446 2639 Verum
458 2611 523 2638 nihil
538 2611 692 2647 praejudico.
707 2611 833 2638 haetenus
845 2611 1019 2639 Gulielmius.
1041 2614 1095 2640 Pu-

130 2655 225 2677 teanus
244 2648 315 2684 quod
336 2658 387 2675 non
409 2647 498 2675 fuisset
515 2657 569 2674 vox
588 2649 693 2681 ignobilis
708 2648 733 2674 in
754 2657 808 2675 uuo
830 2648 915 2674 veteri
935 2648 1024 2676 codice
1038 2651 1093 2677 Da-

128 2685 229 2717 nieli-‘³7
242 2685 288 2711 nisi
299 2686 314 2711 :i
325 2694 403 2712 manu
415 2684 514 2711 recenti
528 2703 536 2715 ,
546 2684 573 2710 in
583 2684 670 2711 altero
682 2685 745 2711 vero
763 2683 829 2710 nihil
839 2684 913 2711 illius
925 2684 1001 2717 loco‚·
1022 2685 1095 2713 arbi-

128 2721 251 2749 trabatur
262 2721 344 2758 repeti
356 2721 426 2758 poffe
445 2722 494 2749 ἀπὸ
504 2725 536 2747 τὲ
545 2725 608 2747 xviv&
626 2722 708 2753 clarus
720 2739 728 2753 ,
750 2720 975 2756 quemadmodum
987 2723 1015 2747 Sc
1025 2722 1094 2758 apud

104 2758 109 2766 ⁵
128 2757 269 2785 Platonem
280 2756 324 2784 ubi
340 2758 393 2784 haec
403 2757 533 2784 sententia
542 2757 654 2784 effertur
665 2776 673 2789 ‚
693 2756 730 2783 est
743 2775 751 2788 ,
763 2759 875 2789 ὀνομκςὶς
887 2776 894 2789 ,
905 2757 972 2792 apud
984 2758 1092 2786 Plutar-

125 2794 204 2821 chum
213 2794 333 2830 ’2'v30215’2
346 2795 436 2830 itaque
447 2792 637 2820 restituendum
652 2792 775 2829 putabat,
784 2795 910 2826 seriphim
919 2794 985 2828 effim
996 2814 1004 2827 ‚
1015 2802 1092 2822 nei-Au

127 2832 147 2857 ΙῘ
153 2833 314 2865 ιΑἳΙιεηίεηβε
324 2833 408 2857 clarus
417 2839 532 2864 unquam.
552 2830 593 2856 cui
606 2829 746 2856 subscribo.

161 2874 191 2900 4.
211 2870 294 2896 &nno
303 2870 364 2893 enim
371 2870 425 2900 poft'
433 2867 706 2900 confitlprimiimsuerat
718 2885 726 2897 ,
736 2868 810 2900 quom
821 2874 855 2898 ego
864 2866 1023 2901 παίω-[ἰωὴ]
1047 2867 1090 2893 Sic

125 2903 259 2930 tres-Pali.
270 2902 298 2928 &
308 2911 362 2930 tres
373 2902 548 2930 Gulielmiani
563 2921 570 2934 ‚
582 2911 666 2937 neque
677 2901 755 2928 aliter
765 2901 849 2928 editio
860 2901 1024 2929 Victoriana.
1045 2912 1087 2930 re—

123 2940 228 2966 centius
239 2946 268 2966 ut
278 2940 306 2965 &
315 2939 452 2976 antiquius
468 2938 597 2975 publicati
610 2940 746 2972 ‚postquam
753 2938 854 2970 primum
864 2939 996 2972 confialsuit
1004 2950 1012 2965 :
1022 2948 1088 2966 con-

125 2981 166 3002 tra
184 2975 312 3002 chronolo
333 2976 384 3002 iam
397 2995 405 3008 ‚
434 2983 464 3002 ut
483 2974 592 3011 egregi-e
611 2974 724 3002 ostendit
743 2974 897 3000 Vincentius
917 2976 1086 3002 Centarenus

122 3011 262 3039 Variarum
282 2985 429 3045 legionum
451 3011 520 3038 libro
533 3020 589 3047 cap.
601 3018 647 3044 24.
672 3011 699 3037 &
719 3017 780 3037 ante
792 3009 873 3046 ipsum
886 3011 1000 3037 Carolus
1013 3012 1085 3039 Lan-

119 3048 191 3083 gius.
213 3047 291 3075 habet
302 3055 389 3075 tanien
401 3049 484 3075 altera
496 3047 624 3084 scriptura
636 3047 691 3074 suas
703 3047 831 3078 rationes,
842 3055 907 3082 quas
919 3047 1085 3082 persequitur

118 3084 230 3120 Pighius
242 3084 327 3111 noster
338 3084 364 3111 in
377 3084 458 3116 Fastis
470 3083 519 3110 suis
530 3093 600 3110 auno
612 3084 642 3110 1³.
656 3084 692 3109 R.
705 3085 738 3109 C.
751 3092 835 3110 nxxi.
858 3083 902 3117 qui
915 3083 1055 3110 adeantur.

153 3128 179 3153 5.
193 3123 252 3148 Par?
263 3120 295 3147 ad
305 3121 434 3148 Tarentum
443 3121 555 3156 Qaestor,
566 3120 647 3148 deinde
656 3119 772 3154 fidilis,
782 3120 936 3156 quadriennio
941 3121 1086 3156 tonsaeque

1124 1927 1301 1958 .Jiimpr.etor:
1320 1935 1387 1960 quem
1400 1927 1573 1959 magistratum,
1587 1924 1654 1959 dra]
1674 1924 1798 1959 Pighius,
1808 1934 1994 1952 annonxmx.
2014 1935 2108 1953 emen-

1139 1961 1256 1988 dandum
1267 1962 1376 1997 putabat
1388 1982 1396 1994 ,
1411 1964 1464 1995 pot?
1474 1962 1508 1987 ad
1514 1963 1643 1987 Tarentum
1653 1965 1664 1987 3
1682 1963 1785 1994 Qaestor
1794 1962 1875 1987 deinde
1885 1963 2042 1995 quadriennio
2055 1966 2110 1996 pof?

1136 1998 1299 2031 saHusfiim5
1320 2008 1386 2032 quem
1396 1999 1559 2031 magistratum
1571 2016 1578 2029 ‚
1598 1997 1650 2028 &c-
1670 1997 1781 2024 exclusis
1793 1998 1841 2023 illo
1852 1998 1957 2025 tAEdilis
1972 1999 1999 2023 δε
2009 2001 2108 2024 Prmr.

1143 2034 1275 2061 Puteanus
1286 2033 1403 2061 :idhaeret
1421 2034 1563 2069 Langianae
1584 2032 1746 2060 correaurae
1758 2052 1766 2065 ,
1785 2034 1819 2059 ad
1836 2036 1978 2059 Tarentum:
1997 2035 2110 2067 Qxssor,

1122 2071 1123 2080 ¹
1139 2079 1204 2104 quem
1216 2072 1441 2104 magistratumgiffi
1450 2089 1458 2102 ,
1476 2071 1528 2101 &aa
1547 2069 1624 2096 erasis
1635 2069 1689 2095 illis
1702 2088 1710 2101 ‚
1732 2071 1815 2095 deinde
1822 2070 1894 2095 adisis
1903 2071 1978 2103 quad.
1985 2072 2106 2104 por-isael

1132 2107 1186 2140 sum
1196 2114 1277 2139 prator
1289 2118 1294 2132 :
1305 2115 1364 2142 quae
1374 2106 1482 2142 quidem
1491 2106 1518 2132 in
1531 2106 1608 2132 unius
1621 2105 1716 2131 veteris
1728 2105 1825 2132 codicis
1838 2115 1916 2141 quem
1929 2105 1996 2132 vidit
2007 2106 2107 2132 Putea·-

1138 2151 1185 2168 nus
1199 2161 1207 2174 ‚
1218 2150 1346 2169 contextu
1358 2152 1411 2169 non
1422 2142 1482 2169 sunt
1494 2162 1502 2175 ‚
1513 2141 1554 2168 sed
1566 2141 1597 2168 ad
1609 2150 1680 2169 oram
1693 2142 1780 2177 postea
1789 2141 1929 2169 alia-manu
1947 2141 2078 2178 adscripta
2089 2144 2106 2170 ὦ

1137 2177 1254 2240 stultliioso
1266 2198 1275 2211 ,
1295 2186 1324 2206 ut
1333 2179 1458 2215 opinatur
1470 2198 1479 2212 ‚
1498 2180 1543 2215 qui
1555 2186 1657 2206 ceteros
1667 2178 1780 2206 Catonis
1800 2178 1974 2214 magistratus
1987 2179 2107 2206 indicare

1140 2223 1170 2241 ve
1194 2222 1231 2242 et.

1153 2272 1155 2275 .
1175 2251 1204 2277 6.
1222 2253 1353 2278 Patientia
1364 2252 1413 2285 sua
1430 2250 1571 2285 molliebat]
1593 2249 1713 2286 Laugius
1732 2251 1870 2276 moliebatur
1888 2258 1926 2277 ex
1942 2259 1995 2277 uno
2013 2250 2106 2282 libr05

1138 2287 1211 2322 quod
1221 2297 1272 2314 nou
1291 2287 1431 2323 displicet:
1453 2287 1496 2314 sed
1517 2287 1656 2323 vulgatam
1675 2285 1818 2312 leSRiouem
1835 2286 1894 2312 loco
1912 2296 1964 2313 nou
1981 2287 2054 2314 nimi
2071 2287 2112 2314 ob

1139 2322 1290 2350 consensum
1301 2323 1421 2350 codicum
1435 2343 1444 2356 ‚
1463 2325 1489 2350 8<
1502 2323 1589 2350 locum
1602 2324 1636 2349 T.
1647 2322 1722 2349 Livii
1736 2323 1790 2348 111.
1802 2322 1903 2348 Histor.
1923 2325 2052 2356 Propalam
2063 2325 2106 2349 oh-

1137 2362 1206 2385 ·viam
1224 2363 1259 2386 ire
1273 2361 1400 2393 cupiditati
1416 2370 1460 2386 nvn
1472 2361 1523 2393 aust
1534 2379 1542 2391 ,
1561 2359 1778 2393 obse‘oundandoque
1796 2360 1880 2384 mollire
1896 2361 2006 2391 impetum
2019 2368 2105 2392 aggra-

1138 2396 1248 2422 diuntur.
1268 2396 1398 2432 Agnoscit
1408 2397 1436 2422 δε
1454 2398 1567 2422 molliebat
1578 2395 1697 2422 Nonius.
1717 2396 1815 2430 Sicque
1825 2396 1853 2420 Sc
1866 2394 1966 2420 Accius
1978 2395 2101 2431 Telepho

1137 2440 1213 2459 mons
1222 2431 1320 2459 dicitur
1332 2434 1415 2459 mollire
1425 2441 1490 2458 mare
1501 2451 1509 2464 ,
1521 2431 1592 2468 quod
1603 2430 1702 2457 fluetus
1713 2430 1845 2466 infringat
1856 2431 1883 2457 Sc
1895 2429 2022 2457 retundat
2033 2431 2105 2458 mole

1137 2466 1182 2494 sua
1194 2479 1200 2495 :
1221 2470 1340 2503 Remisque
1349 2471 1403 2495 nixi
1408 2472 1538 2501 properiter
1547 2476 1633 2494 navem
1642 2470 1668 2493 in
1674 2468 1760 2500 fugam
1768 2467 1870 2493 tradunt
1881 2485 1891 2499 ,
1904 2468 1992 2500 Jiibur
1992 2469 2009 2501 J
2011 2468 2062 2494 'axa
2071 2468 2106 2494 ad

1137 2505 1221 2530 laam
1231 2504 1279 2538 quei
1290 2514 1354 2530 mons
1364 2514 1429 2531 mare
1440 2506 1559 2531 Mollibat.
1579 2503 1754 2531 Gulielmius.

1173 2548 1201 2575 7.
1223 2544 1323 2573 Fugerat
1332 2544 1358 2567 in
1368 2541 1472 2574 arcem]
1495 2539 1631 2566 Rescribit
1640 2537 1816 2570 Gulielmius,
1824 2538 1911 2571 fuerat
1921 2541 1947 2564 in
1956 2547 2037 2565 arcem
2048 2558 2056 2571 ‚
2067 2547 2107 2568 ex

1137 2576 1195 2602 mis.
1205 2575 1320 2603 duobus.
1339 2577 1368 2603 &
1382 2577 1444 2603 vei-6
1457 2576 1513 2603 Pal.
1524 2575 1650 2603 secundus
1660 2574 1759 2601 diserte
1769 2574 1846 2600 habet
1858 2593 1866 2606 ,
1881 2575 1969 2607 suerat
1978 2577 2021 2608 <vel
2029 2576 2104 2609 fuge-

1136 2620 1189 2639 rat.
1208 2613 1308 2649 primus
1319 2613 1390 2639 enim
1403 2632 1411 2645 ,
1440 2613 1608 2646 egeransmffi
1618 2615 1643 2638 in
1662 2619 1739 2637 arcem
1749 2610 1854 2637 distum
1872 2610 1950 2643 vult5
1973 2619 2003 2638 ut
2017 2612 2102 2645 iuti-a,

1135 2651 1262 2681 infor-tum
1275 2650 1387 2684 futurus.
1408 2648 1450 2675 sed
1463 2649 1527 2675 niliil
1538 2656 1627 2675 tamen
1639 2655 1727 2674 muto.

1173 2684 1200 2711 8.
1220 2689 1261 2719 Sp.
1280 2687 1388 2711 Carvilio
1406 2686 1486 2718 collega
1504 2685 1652 2719 quiescente,
1679 2686 1709 2710 C.
1729 2684 1844 2709 Haminio
1856 2702 1864 2715 ,
1883 2683 1935 2713 &a
1954 2683 2099 2719 disiacum]

1136 2721 1246 2756 Pighius
1257 2721 1285 2747 d.
1306 2721 1365 2748 loco
1384 2721 1486 2747 haecita
1497 2729 1572 2757 putat
1591 2719 1732 2756 supplenda
1751 2729 1786 2746 ex
1797 2719 1935 2746 Charino:
1960 2721 2101 2754 quiescente„

1113 2762 1115 2778 ³
1133 2760 1162 2784 C.
1173 2760 1282 2784 Carvilio
1293 2759 1321 2789 ά
1331 2760 1359 2783 C.
1372 2760 1488 2783 Flaminio
1499 2776 1507 2790 ‚
1527 2757 1577 2788 &a
1589 2757 1764 2782 dividentibm.
1790 2765 1843 2790 quo
1853 2756 1908 2792 ipl'o
1920 2757 1999 2782 tacite
2010 2755 2107 2782 deela-

1134 2801 1209 2820 ratur
1220 2803 1266 2820 cui·
1276 2795 1321 2831 Sp.
1331 2794 1481 2830 quieverit:
1505 2802 1538 2820 ue
1550 2792 1650 2820 scilicet
1668 2791 1863 2827 consanguineo
1881 2799 1927 2819 aut
1939 2792 2038 2828 gentili
2052 2791 2102 2820 ad·-

1133 2829 1292 2857 versaretur.

1166 2874 1195 2900 9.
1214 2867 1269 2899 ‚Qae
1281 2867 1384 2900 seientia
1394 2866 1461 2901 juris
1478 2868 1573 2899 augurii·
1585 2865 1617 2899 ἓ]
1636 2864 1705 2891 Pali.
1726 2871 1780 2891 tres
1798 2863 1982 2892 destituuntur
2003 2863 2100 2891 vocula

1127 2902 1247 2938 principe
1260 2922 1268 2933 ,
1286 2902 1394 2929 fir'mant
1414 2910 1501 2928 tamen
1523 2910 1615 2928 vocem
1636 2901 1771 2928 ultimam.
1791 2909 1852 2928 nam
1877 2900 2008 2928 editiones
2027 2901 2106 2933 alite,⁴

1128 2938 1207 2965 etiam
1223 2938 1348 2970 Victorii,
1359 2938 1506 2972 augurandi.

1127 3010 1145 3036 d
1172 2984 1213 3001 io.
1234 2976 1410 3010 miumphofiffle
1423 2975 1609 3010 recordentur.]
1632 2973 1777 3002 Pall.trias
1790 2993 1799 3006 ‚
1819 2980 1848 2999 ut
1870 2974 2002 3007 triumphos
2020 2982 2100 2999 recor-

1144 3019 1226 3038 enlur.

1167 3057 1175 3073 i
1186 3057 1208 3074 1.
1230 3049 1321 3081 Qario
1330 3047 1495 3081 &nonagesimo
1505 3047 1682 3080 annoftripfiffe
1690 3045 1869 3080 dicitur.]1’al.
1886 3054 1927 3081 pt.
1939 3045 1967 3071 St
1977 3043 2030 3070 duo
2042 3044 2102 3069 Gu-

1104 3098 1105 3105 .
1127 3082 1255 3110 liclmiani
1269 3103 1277 3114 ‚
1293 3084 1406 3117 J'cripstſje
1418 3085 1445 3117 Je
1462 3084 1531 3111 dicit.
1551 3093 1603 3112 nou
1615 3083 1695 3113 male.
1715 3092 1775 3112 nain
1786 3080 2038 3119 ipseineziibcrates
2050 3079 2102 3106 hoc

1124 3119 1158 3148 de
1168 3119 1199 3149 se
1208 3129 1261 3149 uon
1272 3119 1353 3148 semel
1372 3127 1505 3149 autumat.
2093 3153 2098 3159 ι

1988 3165 2010 3184 3.
2023 3155 2110 3184 &pacm
