2297 3389
13 1204 23 1262 -.;.„.
11 1132 21 1190 ,ιυιιι
12 1075 21 1115 s.-
11 1002 23 1065 =„l..—-
10 835 23 984 ’,ἐν-...4,Ᾰῆ
18 801 23 821 ,Α
21 753 23 791 .-„.
18 722 23 738 ΑΔ.
21 703 23 708 Δ
21 682 23 689 Δ
20 630 24 670 „ie
22 613 23 618 Α

507 126 785 170 ORATIO
833 137 953 169 PRo
1001 124 1056 173 A.
1090 125 1452 172 Canarii-10
1490 128 1718 175 Ανῑτο.

139 208 194 251 ipsi
203 204 536 240 ambituscondemnati
551 214 558 233 ε
579 212 656 244 quos
670 213 725 245 ego
738 212 802 233 non
820 203 933 234 idcirco
946 201 1003 233 effe
1014 204 1092 234 arbi-

139 260 202 281 tror
210 253 244 280 in
253 252 402 290 integrum
412 246 573 278 restitutos,
584 243 666 286 quod
675 246 800 284 planum
811 244 939 274 fecerint
949 264 956 277 ‚
969 245 1038 274 illos
1049 245 1089 274 ob

137 302 204 323 rem
214 290 403 332 judicandam
412 288 581 328 ‘pecuniam
594 284 753 325 accepisse:
773 285 823 316 sed
840 285 922 326 quod
937 285 1090 324 judicibus

133 333 293 374 ,probarint
303 351 312 366 ,
322 329 403 371 quod
413 332 446 358 in
456 328 565 359 eodem
573 329 679 369 genere
689 347 700 360 ,
712 329 745 357 111
754 337 815 368 quo
824 326 877 366 ipsi
887 325 1089 360 offendissent,

137 375 214 405 ahos
223 368 476 413 reprehendissent
485 389 493 404 ‚
515 370 543 400 se
559 370 595 399 ad
607 370 728 409 praemia
737 369 811 410 legis
823 369 927 398 venire
940 376 1088 407 oportere.

138 419 323 455 Qapropter
330 413 489 443 neminem
498 411 632 441 dubitare
640 409 785 440 existimo
796 429 805 443 ‚
824 411 899 450 quin
909 409 961 439 illa
971 408 1091 437 damna-

135 458 179 486 tio
186 454 310 484 ambitus
320 454 404 483 nulla
412 463 450 483 ex
459 462 538 493 parte
546 463 616 483 cum
625 452 707 482 causa
716 452 859 484 Cluentii,
870 450 1026 490 vestroque
1036 451 1088 488 ju-

136 497 219 527 dicio
235 494 397 534 conjunfih
415 494 471 524 effe
481 493 578 534 postit.
602 493 683 534 Qud
694 513 702 527 ,
720 492 804 534 quod
813 492 949 523 Stalenus
958 491 1000 521 est
1013 501 1088 521 con-

137 538 296 567 demnatus
307 539 317 565 ?
334 546 398 566 non
408 536 477 569 dico
487 537 545 566 iioc
555 545 701 575 tempore,
709 536 720 574 j
727 534 837 566 udices,
850 533 882 563 id
895 533 976 574 quod
986 533 1089 563 nescio

136 589 175 609 an
186 578 244 609 dici
254 587 402 618 oporteat,
421 578 512 607 illum
525 577 683 617 majestatis
692 574 749 606 ess'e
758 577 931 606 damnatum
943 586 949 604 :
967 585 1031 604 non
1042 584 1086 604 re-

133 622 197 651 cito
209 620 378 650 testimonia
391 621 554 649 hominum
564 617 844 648 honestissimorum
856 637 864 650 ‚
876 627 942 657 qua-3
954 618 986 646 in
997 616 1088 646 Stale-

137 671 214 692 num
226 662 292 691 sunt
301 660 381 691 dista
390 661 426 691 ab
435 663 471 690 iis
482 681 490 694 ,
508 663 560 701 qui
571 663 618 690 M.
629 659 757 690 AEmilio
766 679 775 693 ,
785 657 946 689 clarissimo
956 660 1033 690 viro,
1046 657 1089 686 le-

136 704 195 745 gati
203 722 212 736 ,
225 704 258 734 &
267 702 398 743 praefeffl
408 722 416 736 ,
434 703 466 733 &
476 703 589 732 tribuni
600 702 742 731 militares
752 700 889 730 fuerunt:
903 709 1033 739 quorum
1045 707 1088 727 te-

137 745 292 775 stimoniis
309 744 432 790 planum
451 743 565 773 fastum
579 742 622 772 est
633 763 642 777 ‚
666 740 799 780 maxime
810 743 873 780 ejus
883 751 972 780 opera
984 761 992 774 ‚
1015 739 1087 770 cum

136 785 265 827 quaestor
273 785 353 819 esset,
366 787 399 815 in
408 787 538 815 exercitu
543 784 707 824 seditionem
715 782 774 812 ess'e
784 781 953 812 conflatam.
977 784 1025 811 Ne
1039 781 1092 811 illa

101 857 106 861 ,
136 827 261 868 quidem
271 826 442 857 testimonia
450 828 552 859 recito,
563 835 628 866 quae
637 824 718 854 dieta
727 825 805 856 sunt,
816 823 853 853 de
867 833 919 853 ωε
933 833 991 853 100
1003 834 1011 858 3
1022 833 1087 863 quae

135 869 188 898 ille
208 868 280 899 curn
297 866 450 908 accepisset
469 869 596 897 nomine
603 867 614 905 j
621 864 881 899 udiciiSafiniani;
901 864 1015 895 sicutin
1026 867 1088 903 Op-

122 912 246 950 ,pianici
261 910 378 950 judicio
388 908 507 949 postea,
528 909 669 941 retinuit.
689 916 775 948 atque
784 905 947 947 suppressit.
970 908 1088 936 Omitto

137 953 171 981 &
187 953 248 982 haec
260 971 268 984 ,
293 951 391 982 &alia
408 950 572 990 permulta,
595 959 660 990 quae
678 949 734 979 illo
750 948 869 988 judicio
886 951 918 977 in
930 948 1083 978 Stalenum

135 992 217 1023 dieta
232 993 315 1023 sunt:
338 993 396 1022 hoc
415 992 483 1022 dico
495 1011 503 1025 ‚
522 991 646 1021 eandem
659 999 725 1020 tum
734 988 820 1019 fuisse
837 993 868 1020 P.
885 990 918 1019 &
934 992 969 1019 L.
981 990 1088 1018 Comi-

135 1036 214 1068 niis,
232 1033 382 1074 equitibus
399 1035 438 1064 R.
457 1031 671 1063 honestissimis
682 1032 863 1062 hominibus
875 1051 884 1065 ,
905 1031 938 1061 &
958 1030 1083 1063 disertis,

131 1074 366 1106 controversiam
374 1084 444 1105 cum
452 1076 572 1105 Staleno
583 1094 592 1107 ,
612 1084 702 1114 quem
716 1073 889 1103 accusabant
899 1093 908 1107 ,
928 1082 994 1113 quae
1005 1082 1087 1102 nunc

137 1118 217 1146 mihi
226 1116 269 1146 est
278 1126 347 1146 cum
359 1119 454 1146 Attio.
478 1117 615 1146 Cominii
626 1115 762 1145 dicebant
771 1115 853 1144 idem
864 1135 871 1148 ,
884 1114 964 1155 quod
975 1124 1030 1154 ego
1040 1113 1088 1142 di-

136 1168 191 1188 co:
210 1159 363 1188 Stalenum
381 1158 417 1188 ab
436 1159 602 1198 Oppianico
615 1158 773 1197 pecuniam
784 1155 943 1196 accepisse,
964 1155 1085 1195 utjudi·

133 1201 219 1229 cium
229 1209 447 1239 corrumperet:
458 1199 593 1229 Stalenus
603 1203 613 1218 ¹
625 1198 796 1227 concilianda
800 1199 902 1238 grariae
911 1197 994 1227 causa
1003 1197 1031 1226 se
1040 1206 1088 1226 ac-

134 1239 243 1281 cepisse
252 1241 377 1271 dicebat.
401 1240 577 1270 Irridebatur
586 1242 649 1270 liaec
660 1240 741 1269 illius
750 1240 965 1272 reconciliatio,
980 1239 1013 1268 δε
1022 1247 1089 1277 per-

136 1283 272 1312 sonaviri
283 1282 358 1312 boni
368 1282 507 1322 susceptis
519 1301 527 1315 ‚
546 1280 617 1311 sicut
629 1284 661 1311 in
673 1280 772 1311 statuis
782 1283 921 1310 inauratis
931 1301 939 1314 ‚
951 1290 1022 1320 quas
1032 1289 1086 1318 po-

137 1325 195 1354 suit
210 1323 245 1354 ad
261 1325 412 1365 Juturnae:
437 1323 547 1364 quibus
566 1321 730 1362 subscripsit
747 1342 756 1357 ‚
790 1325 900 1352 Renes
926 1331 968 1351 AB
987 1331 1023 1350 st:
1048 1328 1087 1350 1N

138 1374 300 1395 GRATIAM
312 1374 382 1394 Essa
391 1373 570 1395 REDuc-ros.
582 1364 810 1404 Exagitabantur
818 1373 925 1393 omnes
933 1365 997 1403 ejus
1006 1362 1087 1392 frau-

137 1406 189 1436 des
202 1427 211 1441 ,
234 1416 320 1447 atque
337 1405 474 1436 fallaciae:
495 1414 555 1435 tota
564 1407 625 1435 vita
639 1408 671 1434 in
689 1405 839 1445 ejusmodi
853 1407 966 1434 ratione
980 1405 1090 1434 versata

134 1448 332 1488 aperiebatur:
357 1446 466 1488 egestas
483 1446 662 1480 domestica,
686 1446 813 1488 quaestus
829 1445 952 1476 forensis
972 1448 1005 1476 in
1023 1456 1090 1475 me-

136 1490 222 1519 dium
238 1488 455 1529 proferebatur:
480 1489 658 1517 nummarius
677 1489 807 1529 interpres
818 1490 911 1530 pacis,
932 1488 967 1520 ἐφ’
982 1497 1088 1516 concor-

131 1530 202 1564 dia,
225 1541 276 1560 non
293 1529 474 1572 probabatur.
511 1533 613 1571 Itaque
633 1539 700 1560 tum
721 1531 856 1560 Staienus
874 1549 882 1563 ‚
910 1529 982 1559 cum
1004 1528 1088 1558 idem

135 1571 310 1602 defenderet
327 1592 337 1606 ,
360 1571 442 1612 quod
469 1573 568 1601 Attius
581 1593 589 1605 ,
613 1572 831 1602 condemnatus
854 1570 906 1601 est.
951 1572 1090 1600 Cominii

134 1616 208 1644 cum
218 1614 276 1644 hoc
284 1622 403 1654 agerent
412 1634 420 1647 ,
430 1613 512 1654 quod
522 1623 579 1643 nos
589 1615 622 1643 in
631 1623 691 1644 tota
699 1613 782 1644 causa
792 1615 908 1654 egimus
920 1633 928 1645 ,
945 1612 1089 1652 probave-

135 1663 214 1686 runt.
237 1654 445 1697 Qamobrem
455 1653 476 1684 fi
486 1655 798 1685 Stalenidamnatione
807 1675 815 1688 ,
831 1656 1030 1693 Oppianicum
1038 1655 1048 1693 j
1054 1664 1088 1683 u-

134 1697 250 1727 dicium
260 1706 450 1736 corrumpere
457 1695 584 1726 voluiss'e
595 1717 604 1731 ‚
625 1698 825 1737 Oppianicum
832 1696 928 1735 judici
938 1695 973 1725 ad
984 1705 1090 1725 emen-

135 1738 186 1769 das
205 1738 364 1768 sententias
383 1737 494 1768 dediffe
509 1740 684 1778 pecuniam,
710 1739 873 1777 judicatum
885 1736 944 1767 est:
962 1735 1034 1766 cum
1050 1738 1089 1767 ita

134 1779 335 1810 constitutum
346 1778 380 1809 sit
392 1799 400 1813 ,
411 1782 456 1809 uti
471 1782 504 1810 in
516 1780 569 1809 illa
581 1781 666 1821 culpa
674 1789 723 1810 aut
733 1780 890 1810 Cluentius
902 1778 934 1808 sit
945 1798 953 1812 ,
964 1788 1014 1808 aut
1027 1780 1089 1817 Op-

137 1823 286 1862 pianicus:
307 1822 439 1851 Cluentii
457 1831 602 1852 nummus
618 1821 720 1852 nullus
728 1821 823 1862 judici
832 1821 916 1850 datus
926 1821 990 1850 ullo
1000 1819 1090 1850 vesti-

135 1865 189 1909 gio
204 1864 364 1902 reperitur:
382 1865 539 1902 Oppianici
556 1865 680 1903 pecunia
698 1863 764 1903 post
777 1862 927 1902 judicium
946 1861 1060 1891 fa&um
1075 1861 1091 1892 a

133 1904 235 1945 Judice
244 1903 336 1934 ablata
345 1903 404 1934 est:
424 1903 520 1943 potest
537 1903 595 1934 ess'e
612 1905 740 1934 dubium
753 1925 762 1938 ,
784 1906 859 1945 quin
872 1905 922 1933 illa
937 1904 1091 1934 damnatio

136 1946 249 1976 Staleni
259 1965 267 1978 ‚
277 1955 339 1974 non
351 1944 445 1974 modo
457 1955 520 1975 non
530 1944 564 1975 sit
573 1954 675 1976 contra
685 1946 860 1976 Cluentium
871 1965 879 1978 ‚
895 1945 943 1975 sed
954 1945 1088 1974 maxime

81 1993 96 2025 3
108 1992 125 2026 7
140 1986 270 2017 nostram
282 1987 397 2016 causam
411 2006 419 2019 ‚
431 1985 696 2027 defensionemque
703 1986 890 2016 confirmet?
905 1989 983 2027 Ergo
994 1985 1090 2015 adhuc

133 2028 379 2070 Juniijudicium
388 2028 476 2057 video
486 2025 544 2057 ess‘e
552 2028 703 2063 ejusmodi
713 2048 721 2062 ,
738 2037 770 2058 ut
779 2026 979 2057 incursionem
990 2029 1090 2066 potius

139 2069 294 2100 seditionis
305 2089 313 2102 ,
329 2070 391 2097 vim
400 2069 591 2098 multitudinis
601 2089 609 2103 ,
621 2072 769 2109 impetum
780 2069 982 2101 tribunitium,
999 2067 1090 2108 quarn

135 2110 286 2152 judicium
295 2110 504 2150 appellandum
514 2120 628 2150 putem.
651 2111 742 2152 Qod
751 2109 772 2140 si
781 2112 847 2151 quis
857 2109 1090 2149 illudjudicium

137 2152 265 2192 appellet
274 2172 282 2185 ,
294 2161 394 2182 tamen
404 2153 461 2181 hoc
471 2152 647 2182 confiteatur
656 2151 769 2182 necesse
780 2152 821 2182 est
830 2172 838 2185 ‚
850 2152 936 2181 nullo
947 2151 1040 2181 modo
1051 2151 1089 2180 il-

137 2194 199 2224 lam
209 2194 416 2233 multam,quae
426 2192 543 2234 {Junio
551 2196 642 2233 petita
651 2192 767 2227 sit,cum
777 2194 909 2224 Cluentii
918 2193 1000 2223 causa
1009 2191 1091 2232 poss'e

138 2237 293 2276 conjungi.
315 2234 394 2264 Illud
405 2236 680 2275 igitur-Junianum‚
691 2245 742 2274 per
751 2237 816 2265 vim
825 2234 938 2264 frustum
950 2233 1006 2264 est:
1019 2234 1090 2263 Bul-

137 2278 190 2310 bi,
203 2277 236 2306 &
245 2276 365 2316 Popillii
376 2295 385 2309 ‚
401 2276 434 2305 &
445 2278 544 2306 Guttae
554 2297 563 2309 ,
578 2285 679 2306 contra
689 2277 864 2307 Cluentium
877 2286 940 2306 non
949 2275 1007 2306 est:
1027 2279 1090 2306 Sta-

137 2318 211 2351 leni,
226 2320 315 2348 etiam
323 2327 378 2358 pro
389 2319 529 2348 Cluentio
543 2317 595 2347 est.
617 2318 781 2348 Videamus
793 2317 909 2358 ecquod
918 2317 997 2347 aliud
1009 2318 1016 2355 j
1022 2317 1089 2346 udi-

139 2361 223 2390 cium
234 2379 243 2393 ,
262 2359 344 2400 quod
353 2368 407 2398 pro
416 2359 556 2389 Cluentio
565 2358 599 2389 sit
606 2379 614 2393 ‚
635 2359 765 2399 proferre
774 2359 927 2400 poffimus.
958 2360 1089 2388 Dixitne

139 2401 262 2431 tandem
276 2400 392 2431 causam
410 2403 442 2431 C.
454 2401 654 2431 Fidiculanius
673 2401 789 2432 Falcula
797 2421 806 2434 ,
826 2402 876 2442 qui
888 2402 1087 2441 Oppianicum

139 2442 353 2473 condemnarat
361 2461 369 2474 ,
383 2441 452 2471 cum
463 2443 623 2482 praesertim
634 2463 642 2476 ,
661 2443 691 2473 id
702 2443 782 2484 quod
793 2443 850 2473 fuit
862 2445 896 2472 in
909 2443 964 2472 illo
972 2443 981 2481 j
986 2442 1088 2471 udicio

138 2483 382 2524 invidiofiffimum
399 2503 407 2517 ‚
432 2487 446 2503 ²
457 2494 566 2524 paucos
584 2484 648 2514 dies
665 2495 702 2514 ex
722 2485 932 2515 subsortitione
950 2481 1086 2514 sediffet?

137 2526 235 2557 dixit,
248 2526 280 2554 ὃς
291 2525 335 2554 bis
344 2525 468 2565 quidem
477 2526 567 2556 dixit.
591 2529 626 2555 In
637 2527 788 2556 summam
799 2530 882 2555 enim
897 2528 932 2556 L.
944 2527 1088 2566 Qintius

139 2566 289 2596 invidiam
297 2568 498 2598 concionibus
506 2577 576 2597 eum
589 2568 772 2608 quocidianis
783 2587 791 2601 ,
809 2566 952 2597 seditiosis
963 2587 971 2600 ,
985 2567 1016 2596 &
1028 2575 1088 2596 tur-

141 2608 274 2639 bulentis
286 2607 456 2640 adduxerat.
486 2612 559 2641 Uno
569 2609 687 2650 judicio
703 2610 797 2640 multa
814 2607 857 2639 est
872 2609 908 2640 ab
927 2618 963 2639 eo
980 2610 1070 2648 petita
1081 2628 1089 2642 ,

180 2745 204 2762 1.
223 2735 375 2762 σοηεὶίὶαηιίι
387 2738 470 2769 gratie
487 2736 585 2771 causa]
605 2736 766 2763 Gulielmius
776 2736 921 2763 arbitratur
931 2735 999 2762 illud
1013 2738 1098 2769 gratie

142 2771 264 2798 adsutum
275 2772 306 2798 ab
315 2772 460 2809 interprete
469 2771 569 2807 aliquo.

179 2817 206 2834 2.
225 2812 317 2834 Paucos
326 2809 374 2833 dies
383 2807 599 2842 exsubsbrtitione]
610 2808 724 2843 Vulgata
733 2808 876 2839 recentior,
884 2810 935 2840 por?
941 2815 1027 2840 paucos
1039 2808 1097 2833 dies.

140 2842 186 2870 sed
196 2854 248 2870 uon
258 2844 295 2870 ita
305 2853 410 2879 quoque
419 2844 598 2879 antiquiores:
612 2843 774 2880 exclusitque
785 2845 850 2870 item
861 2843 927 2870 liber
938 2843 1096 2869 &Vicini-is.

180 2888 207 2915 3.
226 2883 306 2913 Neque
315 2880 354 2906 vis
365 2898 373 2910 ,
385 2889 457 2914 neque
465 2881 564 2913 turba]
584 2879 732 2907 Manutiaui
743 2879 889 2907 excludunt
898 2889 970 2914 neque
980 2880 1018 2905 vis
1031 2899 1038 2911 ‚
1054 2878 1096 2905 sed

140 2923 236 2942 contra
246 2914 307 2941 edd.
316 2914 506 2951 antiquissimas
518 2934 525 2947 ,
537 2916 564 2941 8<
575 2915 633 2942 mss.

178 2958 208 2984 4.
225 2953 258 2977 Ob
267 2961 313 2976 rem
313 2951 470 2985 judicandam
480 2954 600 2984 pecuniam
611 2970 619 2983 ,
629 2960 701 2986 quam
710 2959 803 2985 captam
812 2952 926 2986 nufipcam
935 2953 1045 2976 stalenm
1054 2960 1094 2976 ea-

144 2987 206 3017 dem,
214 2987 279 3021 &c.]
300 2988 366 3013 Haec
375 2986 481 3022 quidem
492 2987 527 3013 est
538 2987 618 3014 Ιεξὶίο
628 2995 732 3024 recepta
744 3007 751 3020 ,
771 2987 814 3013 sed
826 2998 876 3014 nou
887 2987 966 3014 etiam
977 2987 1094 3022 antiqua.

146 3021 304 3049 Pau.nostri
316 3032 406 3049 omnes
418 3023 474 3048 heic
484 3023 599 3049 mutilati
614 3023 673 3050 suut
692 3026 798 3060 integro
807 3023 885 3050 folio.
905 3032 985 3058 quare
1003 3031 1094 3049 eorum

143 3056 224 3097 fidem
235 3067 285 3084 non
295 3057 421 3094 produco.
440 3066 466 3084 at
477 3059 650 3091 Gulielmius,
664 3061 800 3087 annotavit
810 3060 864 3096 legi
874 3060 900 3086 iu
911 3059 1006 3095 scripto
1017 3058 1094 3084 5.νί-

144 3091 228 3118 &oris
240 3111 249 3124 ,
265 3094 291 3118 ob
309 3103 355 3118 rem
365 3095 520 3127 juditaoidam
531 3102 648 3127 captanus
657 3105 727 3130 quam
735 3098 855 3122 stalenm.
875 3104 909 3122 ex
927 3095 960 3122 iis
981 3094 1094 3129 vestigiis

143 3127 225 3157 fiuxit
235 3128 377 3157 Lambinus
388 3130 414 3155 δε
426 3130 525 3166 recepit
534 3130 562 3159 iu
572 3138 727 3160 contextum
739 3151 747 3165 ,
756 3134 878 3165 pecuniam
888 3141 959 3167 quam
967 3132 1077 3159 scalenus
1088 3149 1096 3163 ,
1115 3164 1118 3167 Δ

1135 204 1352 252 sicutabJunio
1363 226 1372 240 ,
1390 206 1473 247 quod
1489 218 1552 239 non
1566 210 1624 240 suae
1635 209 1762 242 decuriae
1773 219 1914 245 munere,
1934 219 2033 252 neque
2051 220 2091 243 ex

1133 246 1201 293 lege·
1213 246 1337 277 sedisset.
1359 250 1461 288 paullo
1472 250 1612 281 sedatiore
1623 260 1757 292 tempore
1766 252 1809 282 est
1819 253 1965 284 accusatus
1975 273 1982 286 ,
1993 254 2087 294 quam

1131 288 1240 334 Junius
1252 309 1260 322 ,
1279 289 1327 319 secl
1336 290 1438 321 eadem
1448 290 1510 322 fere
1521 293 1584 334 lege
1595 313 1603 326 ‚
1616 293 1649 324 δε
1658 296 1795 325 crimine.
1819 296 1896 335 Quia
1906 294 1988 325 nulla
1999 297 2029 324 in
2036 295 2048 334 j
2052 304 2088 324 u-

1134 328 1214 374 dicio
1225 330 1329 360 seditio
1339 351 1348 363 ,
1371 335 1383 358 3
1398 342 1495 372 neque
1504 336 1550 363 vis
1562 355 1570 367 ‚
1582 344 1678 376 neque
1692 336 1775 366 turba
1785 332 1895 367 versita
1910 335 1969 370 est,
1988 337 2085 376 prima

1131 368 1250 414 a-&ione
1259 370 1405 403 facillime
1417 374 1459 404 est
1472 375 1632 406 absolutus.
1657 379 1732 407 Non
1745 387 1873 408 numero
1883 379 1959 408 hanc
1966 378 2085 409 absolu-

1132 417 1260 457 tionem.
1284 413 1485 445 nihilominus
1504 418 1588 446 enim
1605 418 1702 457 potest
1711 438 1720 452 ,
1742 428 1774 449 ut
1787 420 1870 449 illam
1883 420 2009 449 multam
2021 428 2085 449 non

1132 452 1319 497 commiserit
1329 473 1337 486 ‚
1348 455 1488 495 accepiss'e
1498 466 1598 488 tamen
1610 463 1627 485 4
1638 459 1677 489 ob
1687 470 1750 490 rem
1763 460 1952 499 judicandam
1965 481 1973 494 ‚
1992 470 2085 502 pecu·

1132 501 1234 540 niam,
1252 502 1343 540 quatri
1360 505 1474 542 capt-am
1491 499 1636 539 nusquam
1653 502 1788 531 Staienus
1804 502 1909 532 eadem
1920 503 1982 544 lege
1993 502 2084 532 dixit.

1132 542 1287 581 proprium
1297 545 1413 582 crimen
1422 538 1497 567 illud
1507 540 1681 578 quaestionis
1690 542 1754 577 ejus
1764 553 1827 573 non
1835 543 1903 573 fuit.
1934 543 2085 574 Fidicula*

1134 584 1202 620 nius
1211 575 1284 615 quid
1296 575 1396 606 rcciffe
1406 578 1577 609 dicebatur?
1596 582 1735 622 accepiss'e
1745 584 1759 614 a
1770 585 1910 615 Cluentio
1923 595 1976 615 5-5
1988 593 2083 614 cccc-

1133 619 1225 655 Cujus
1236 625 1295 646 erat
1304 617 1418 647 ordinis
1430 622 1440 647 ?
1457 620 1593 650 senatorii
1606 642 1613 655 ‚
1630 633 1686 663 qua
1698 625 1760 665 lege
1771 628 1804 655 in
1814 636 1850 655 eo
1859 637 1966 666 genere
1977 626 1993 656 ὲ
2004 626 2086 656 sena-

1133 665 1195 687 tore
1205 660 1277 688 ratio
1287 661 1379 698 repeti
1390 660 1481 693 solet,
1500 661 1536 691 de
1547 667 1680 701 pecuniis
1697 667 1884 706 repetundis,
1905 678 1938 698 ea
1958 668 2020 709 lege
2037 677 2087 698 ac-

1131 699 1265 732 cusatus,
1277 699 1487 746 'honestissime
1498 702 1540 732 est
1557 703 1717 735 absolutus.
1753 708 1826 738 Αξὶῑι
1844 708 1885 739 est
1902 711 1987 739 enim
2005 709 2088 739 causa

1133 750 1206 769 more
1223 751 1381 779 majorum,
1400 741 1460 772 fine
1479 745 1532 778 vi,
1557 743 1616 774 sine
1627 755 1727 779 metu,
1748 747 1806 778 fine
1815 751 1965 788 periculo:
1983 749 2063 780 dieta
2076 769 2085 782 .

1134 783 1167 812 ὃς
1185 781 1314 822 exposita
1332 803 1341 817 ‚
1363 784 1396 813 δε
1413 783 1613 816 demonstrata
1631 787 1697 817 sunt
1716 791 1836 819 omnia:
1867 791 1986 821 adduffi
2006 791 2088 829 judi«

1132 833 1180 853 ces
1198 824 1267 854 sunt
1275 844 1283 857 ‚
1297 834 1361 854 non
1371 825 1466 855 modo
1475 826 1602 865 potuiss'e
1612 828 1737 859 honeste
1751 830 1787 859 ab
1797 841 1833 860 eo
1843 842 1926 863 reum
1937 833 2084 862 condem-

1133 867 1213 912 nari,
1226 867 1278 906 qui
1288 876 1353 896 non
1361 867 1506 907 perpetuo
1518 867 1633 900 sedisset
1643 890 1650 902 ¹
1668 870 1715 900 sed
1727 890 1734 904 ‚
1747 869 1768 900 fi
1777 872 1857 902 aliud
1869 874 1995 912 isjudex
2007 874 2085 903 1111111

1133 905 1226 936 scisset
1238 926 1246 940 ‚
1264 906 1319 937 nisi
1329 927 1336 940 ‚
1347 918 1412 948 quae
1425 909 1594 948 praejudicia
1602 911 1638 940 de
1650 922 1686 941 eo
1694 911 1772 942 fafita
1781 912 1837 942 esse
1846 913 2023 948 constarent,
2033 924 2085 944 au-

1132 948 1195 994 dire
1203 957 1339 987 praeterea
1349 951 1427 979 nihil
1437 949 1579 981 debuiss'e.
1613 955 1697 982 Tum
1708 955 1797 983 etiam
1809 955 1853 983 illi
1862 957 1996 995 quinque
2007 977 2014 987 ,
2033 958 2084 996 qui

1132 992 1343 1028 imperitorum
1361 992 1526 1022 hominum
1543 995 1733 1024 rumusculos
1749 999 1902 1035 aucupati,
1922 1005 1987 1026 tuin
1998 997 2086 1027 illurn

1132 1031 1334 1065 absolverunt,
1345 1033 1407 1071 jam
1423 1033 1503 1063 suam
1514 1034 1705 1066 clementiam
1718 1036 1828 1066 laudari
1839 1047 2018 1077 magnopere
2030 1048 2085 1067 iio·

1132 1072 1244 1102 lebant.
1267 1073 1401 1113 aquibus
1416 1073 1489 1115 siqui
1502 1085 1642 1116 quaereret
1654 1097 1661 1111 ‚
1682 1077 1859 1108 sedissentne
1874 1079 1990 1118 judices
2009 1081 2039 1108 in
2052 1083 2084 1109 C.

1133 1114 1302 1144 Fabricium
1315 1126 1321 1144 ;
1338 1115 1441 1145 sedisse
1458 1116 1487 1145 se
1505 1118 1648 1148 dicerent.
1681 1118 1700 1148 si
1720 1121 1969 1161 interrogarentur
1981 1141 1988 1153 ‚
2010 1131 2084 1151 num

1132 1165 1193 1196 quo
1204 1158 1333 1186 crimine
1348 1158 1373 1185 is
1392 1156 1463 1187 ess'et
1479 1159 1626 1189 accusatus
1637 1180 1644 1193 ‚
1664 1170 1858 1202 praeterquam
1875 1164 1985 1192 veneni
2001 1163 2064 1199 ejus
2077 1183 2084 1195 .

1132 1196 1214 1237 quod
1225 1196 1381 1238 quaefitum
1393 1201 1485 1228 Avito
1495 1199 1639 1230 diceretur
1651 1211 1655 1230 :
1674 1211 1822 1242 negarent.
1846 1202 1867 1232 si
1877 1203 1985 1233 deinde
1995 1202 2087 1233 essent

1130 1241 1222 1279 rogati
1234 1258 1242 1272 ,
1262 1239 1334 1279 quid
1349 1239 1544 1279 judicass'ent:
1562 1241 1772 1273 condemnasse
1784 1245 1812 1274 se
1821 1244 1964 1275 dicerent.
1990 1255 2084 1275 nemo

1132 1283 1215 1310 enim
1225 1280 1360 1311 absolvit.
1394 1282 1510 1311 Eodem
1522 1283 1616 1313 modo
1626 1284 1781 1325 quaesitum
1792 1284 1813 1314 si
1823 1284 1892 1316 esset
1901 1286 1937 1316 de
1946 1289 2087 1317 Scaman*

1133 1321 1186 1351 dro
1194 1342 1203 1355 ‚
1224 1324 1301 1352 certe
1315 1322 1396 1352 idem
1406 1323 1624 1362 respondissent
1637 1336 1642 1354 :
1663 1325 1776 1356 tametsi
1794 1327 1846 1356 ille
1865 1337 1924 1357 una
1942 1329 2086 1358 sententia

1131 1362 1173 1392 est
1182 1363 1351 1393 absolutus:
1365 1364 1413 1394 sed
1423 1366 1507 1395 illam
1519 1375 1609 1396 unam
1621 1377 1713 1397 nemo
1725 1377 1790 1398 tum
1800 1367 1926 1399 istorum
1935 1369 2016 1399 suam
2027 1369 2083 1399 dici

1131 1404 1230 1434 vellet.
1253 1408 1329 1434 Uter
1337 1407 1428 1446 igitur
1435 1405 1552 1436 facilius
1571 1408 1628 1438 suae
1645 1409 1797 1439 sententiae
1815 1412 1962 1440 rationem
1980 1410 2071 1441 redde

1132 1455 1175 1475 ret
1187 1446 1266 1476 :isne
1276 1466 1284 1479 ‚
1296 1447 1386 1489 quise
1396 1447 1429 1477 &
1440 1446 1493 1477 sibi
1505 1469 1513 1481 ,
1525 1449 1753 1489 &1·eijudicatae
1764 1450 1926 1481 constitisse
1940 1451 2030 1482 dicit:
2046 1462 2084 1482 an

1129 1487 1193 1521 ille,
1204 1491 1256 1527 qui
1265 1488 1335 1518 sein
1347 1489 1498 1530 principem
1510 1489 1640 1529 maleficii
1652 1512 1660 1525 ,
1675 1492 1777 1521 lenem:
1797 1494 1830 1522 in
1840 1493 1989 1531 adjutores
2000 1495 2061 1533 ejus
2073 1514 2082 1526 .

1133 1529 1166 1559 ὃς
1174 1529 1312 1559 conscios
1332 1549 1339 1562 ,
1360 1530 1658 1562 vehementissimum
1677 1532 1734 1563 ess'e
1750 1534 1922 1573 respondit?
1945 1537 2083 1576 Qorum

1131 1580 1184 1611 ego
1195 1570 1232 1600 de
1243 1571 1387 1601 sententia
1397 1581 1460 1601 non
1471 1572 1567 1603 debeo
1577 1573 1731 1613 disputare.
1755 1585 1852 1616 neque
1861 1577 1946 1606 enim
1957 1576 2063 1606 dubito
2073 1596 2082 1610 ‚

1130 1614 1206 1652 quin
1216 1614 1237 1641 ii
1247 1612 1318 1642 tales
1328 1615 1382 1642 viri
1396 1633 1403 1645 ‚
1412 1614 1563 1652 suspicione
1571 1616 1668 1656 aliqua
1679 1615 1802 1655 perculsi
1808 1619 1971 1656 repentina,
1984 1617 2019 1647 de
2030 1617 2085 1648 sta*

1131 1663 1162 1683 tu
1173 1654 1225 1683 suo
1236 1653 1422 1683 declinarint.
1446 1658 1543 1696 Qiare
1552 1666 1658 1687 eorum
1668 1677 1676 1691 ,
1687 1660 1739 1698 qui
1747 1658 1938 1688 absolverunt
1949 1679 1957 1692 ,
1969 1659 2088 1689 miseri-⁵

1130 1695 1264 1725 cordiam
1275 1705 1340 1725 non
1352 1697 1552 1735 reprehendo:
1575 1708 1679 1728 eorum
1691 1719 1699 1732 ,
1722 1701 1774 1739 qui
1788 1701 1820 1729 in
1831 1699 1990 1738 judicando
2002 1702 2089 1740 supe-

1130 1739 1207 1766 riora
1215 1736 1327 1774 judicia
1336 1737 1426 1767 secuti
1436 1738 1503 1768 sunt
1514 1739 1561 1769 sua
1571 1740 1685 1779 sponte,
1699 1750 1762 1770 non
1769 1742 1879 1771 Staieni
1889 1741 2001 1775 fraude,
2012 1752 2087 1772 con*²

1132 1777 1267 1808 stantiam
1277 1779 1445 1817 comprobo
1457 1790 1462 1808 z
1472 1789 1578 1810 eorum
1590 1781 1727 1822 vero,qui
1738 1781 1791 1811 sibi
1803 1792 1866 1812 non
1880 1783 1993 1823 liquere
2001 1784 2089 1813 dixe-

1131 1828 1203 1849 runt
1213 1840 1221 1852 ,
1230 1820 1401 1858 fhpicnrt'am
1411 1820 1499 1850 laudo
1513 1831 1518 1850 ε
1538 1823 1591 1862 qui
1601 1823 1750 1853 absolvere
1761 1832 1831 1853 eum
1843 1844 1851 1856 ‚
1869 1834 1962 1864 quem
1974 1835 2089 1856 nocen—

1132 1859 1276 1891 tissimum
1285 1871 1460 1902 cognorant,
1473 1863 1505 1892 &
1515 1873 1606 1903 quem
1616 1863 1668 1903 ipsi
1679 1864 1723 1893 bis
1736 1866 1796 1903 jam
1807 1874 1889 1895 antea
1899 1866 2086 1896 condemna-

1132 1911 1210 1935 rant,
1231 1903 1318 1932 nullo
1329 1903 1424 1933 modo
1434 1913 1568 1943 poterant
1581 1916 1585 1933 z
1604 1905 1821 1938 condemnare,
1841 1905 1913 1936 cum
1924 1916 2002 1937 tanta
2010 1918 2086 1938 con-

1133 1942 1189 1973 silii
1205 1944 1330 1974 infamia
1340 1964 1347 1976 .
1360 1944 1393 1974 &
1403 1954 1462 1974 tam
1472 1948 1578 1976 atrocis
1588 1948 1630 1976 rei
1640 1947 1765 1986 suspicio
1775 1946 1974 1983 ess'etinie&a.
1983 1950 2085 1988 paullo

1131 1984 1278 2024 posterius
1291 1985 1482 2024 patefactam,
1493 1988 1672 2017 maluerunt.
1697 1991 1739 2018 Ac
1750 1998 1787 2018 ne
1795 1988 1917 2028 exfan
1931 1990 2030 2020 solum
2043 1990 2087 2020 sa·-

1131 2028 1259 2066 pienteis
1271 2026 1487 2065 illosjudicetis
1497 2047 1504 2060 ,
1518 2028 1586 2058 ⁵¹sed
1595 2031 1685 2059 etiam
1698 2040 1735 2059 ex
1746 2028 1902 2059 nominibus
1914 2030 1988 2070 ipsis,
2002 2032 2086 2071 quod

1132 2070 1155 2097 ii
1172 2067 1316 2100 fecerint,
1345 2067 1503 2099 rectissime
1517 2089 1525 2102 ,
1545 2080 1578 2100 ac
1588 2070 1795 2110 sapientiffime
1804 2071 1919 2102 faetum
1935 2073 2065 2112 probetis
2079 2084 2084 2102 ;

1132 2110 1198 2151 quis
1218 2111 1249 2139 P.
1263 2108 1389 2139 Ostavio
1399 2110 1491 2139 Balbo
1509 2112 1633 2152 ingenio
1653 2113 1848 2152 prudentior,
1865 2114 1930 2153 jure
1940 2116 2063 2153 peritior
2075 2136 2084 2148 ,.

1135 2150 1192 2180 lide
1202 2170 1211 2184 ‚
1229 2151 1376 2191 religione
1386 2170 1395 2184 ,
1407 2150 1510 2181 officio
1523 2173 1531 2186 ,
1543 2153 1737 2193 diligentior,
1754 2163 1804 2184 aut
1813 2154 1940 2185 sanetior
1947 2165 2086 2186 commc—

1134 2194 1246 2222 morari
1263 2191 1376 2232 potest?
1397 2202 1460 2223 non
1470 2193 1605 2224 absolvit.
1637 2198 1713 2236 Qis
1724 2198 1782 2235 Qu.
1793 2194 1936 2228 Considio
1946 2196 2085 2227 constan-

1132 2236 1213 2263 tior?
1228 2233 1486 2274 quisjudiciorutn
1497 2254 1506 2269 ‚
1517 2243 1604 2276 atque
1613 2238 1677 2276 ejus
1688 2238 1839 2279 dignitatis
1849 2257 1858 2272 ‚
1874 2248 1939 2278 quae
1958 2243 1991 2268 111
2005 2239 2084 2277 judi-

1130 2278 1185 2305 ciis
1194 2276 1322 2316 publicis
1331 2275 1437 2305 versari
1447 2275 1552 2311 debet,
1567 2279 1710 2317 peritior?
1727 2281 1795 2319 quis
1806 2281 1914 2309 virtute
1925 2300 1934 2313 ,
1944 2279 2084 2313 consilio¹⁷

1130 2317 1302 2347 au&oritate
1320 2316 1523 2356 praestantior?
1539 2329 1577 2349 ne
1597 2321 1621 2349 is
1636 2320 1763 2360 quidem
1774 2320 1909 2351 absolvit.
1939 2323 2085 2363 Longum

1130 2357 1174 2388 est
1184 2358 1221 2388 de
1230 2356 1413 2399 singulorum
1424 2361 1533 2390 virtute
1549 2362 1588 2391 ita
1596 2360 1694 2391 dicere
1705 2373 1711 2390 :
1722 2372 1799 2402 quat,
1809 2364 1878 2403 quia
1888 2365 2006 2403 cognita
2016 2363 2086 2393 sunt

1129 2400 1166 2431 ab
1177 2400 1322 2430 omnibus
1333 2419 1341 2433 ,
1359 2399 1506 2430 verborum
1516 2411 1676 2432 ornamenta
1686 2413 1749 2433 non
1758 2412 1905 2444 quaerunt.
1927 2404 2029 2444 Qalis
2040 2407 2088 2434 vir

1132 2443 1345 2483 M.Juventius
1355 2442 1434 2472 Pedo
1444 2441 1503 2473 fuit
1520 2453 1558 2473 ex
1574 2453 1672 2474 vetere
1686 2445 1738 2475 illa
1750 2445 1889 2484 judicum
1905 2444 2062 2485 disciplina
2073 2448 2086 2475 ?

1131 2486 1226 2524 qualis
1241 2486 1276 2513 L.
1288 2484 1407 2513 Caulius
1425 2486 1567 2524 Mergus?
1584 2487 1630 2515 M.
1641 2484 1773 2516 Basilus?
1792 2488 1826 2515 C.
1838 2486 2011 2516 Caudinus?
2028 2488 2084 2527 qui

1133 2535 1242 2555 omnes
1255 2527 1288 2554 in
1302 2525 1424 2563 judiciis
1439 2525 1567 2565 publicis
1578 2546 1586 2559 ,
1600 2527 1662 2566 jam
1681 2536 1746 2556 tum
1763 2525 1889 2557 florente
1900 2537 1961 2568 rep.
1973 2527 2084 2558 florue-

1134 2576 1211 2597 runt.
1233 2570 1280 2597 Ex
1297 2567 1405 2596 eodem
1419 2577 1547 2596 numero
1557 2569 1592 2597 L.
1605 2566 1713 2598 Caffius
1724 2588 1733 2601 ‚
1752 2566 1767 2587 ⁶
1778 2570 1832 2597 Cu.
1845 2569 1957 2608 Hejus‚
1974 2572 2036 2610 pari
2049 2570 2082 2599 δε

1134 2610 1299 2650 integritate
1309 2628 1317 2642 ‚
1332 2608 1364 2638 &
1375 2607 1531 2648 prudentia
1544 2619 1548 2636 ι
1558 2619 1688 2649 quorum
1698 2609 1810 2639 nullius
1820 2609 1965 2641 sententia
1973 2610 2016 2641 est
2026 2614 2087 2651 Op-

1949 2662 2088 2694 pianicus

1137 2738 1179 2769 qui
1189 2736 1284 2768 cansam
1293 2736 1406 2768 nusquam
1416 2736 1493 2760 cadem
1503 2738 1545 2767 lege
1554 2737 1624 2761 dixit.
1645 2746 1696 2762 non
1706 2743 1812 2772 poterat
1821 2738 1926 2774 propius
1937 2738 1968 2764 ad
1981 2739 2086 2766 littei-as

1139 2773 1165 2797 ὃ(
1177 2770 1298 2806 syllabas.
1318 2771 1478 2797 Gulielmius
1491 2771 1553 2797 nihil
1566 2771 1702 2804 mutabat,
1721 2771 1763 2798 sed
1780 2772 1869 2799 divisis
1890 2774 1993 2801 vocibus
2014 2776 2088 2811 lege-

1138 2806 1194 2838 bat,
1204 2809 1229 2832 ob
1239 2817 1284 2833 rem
1287 2807 1445 2839 judicandam
1456 2826 1464 2838 ,
1474 2815 1554 2839 capta.
1564 2809 1687 2842 nusquam.
1697 2809 1807 2834 stult-nm·
1815 2810 1892 2834 eadem
1901 2811 1952 2841 (lys.
1972 2813 2087 2847 antiqua*

1137 2842 1199 2869 edd.
1209 2844 1234 2868 ob
1243 2852 1291 2868 rem
1293 2843 1450 2877 judicandam
1460 2851 1552 2875 captam
1561 2845 1674 2877 nusquam
1683 2846 1793 2869 stalcnm
1802 2845 1878 2870 eadem
1891 2865 1898 2876 ‚
1908 2846 1960 2876 ὼε.
1979 2848 2024 2873 Fr,
2035 2848 2088 2874 Sil-

1141 2879 1196 2904 vius
1210 2878 1362 2905 restituebat
1373 2889 1378 2904 :
1392 2880 1418 2903 ob
1428 2888 1474 2902 rem
1477 2880 1635 2909 judicandam
1642 2883 1766 2912 pecuniam
1776 2881 1899 2913 accitfiitm·
1908 2884 1951 2907 εξῖ.

1177 2923 1203 2948 5.
1222 2916 1266 2940 Scri
1274 2917 1344 2939 ctiam
1355 2924 1383 2939 ex
1392 2916 1522 2939 nominibm
1531 2915 1609 2948 ipſsa]
1631 2917 1658 2941 S.
1670 2915 1785 2942 Viam-is
1796 2916 1930 2952 exemplar
1939 2920 2069 2944 hominibus
2080 2937 2089 2950 ‚

1138 2951 1301 2986 arripuitque
1312 2949 1466 2976 Lambinus.
1487 2950 1552 2976 nihil
1570 2947 1635 2977 mihi
1651 2952 1675 2978 iu
1687 2961 1719 2978 eo
1732 2952 1834 2979 videtur
1845 2962 1891 2979 cui·
1904 2953 2010 2989 vulgato
2021 2963 2089 2989 pri:-

1139 2986 1238 3013 feritur
1250 2998 1255 3013 ε
1270 2985 1365 3012 nedum
1377 2994 1422 3011 cur
1434 2992 1570 3022 tantopere
1580 2987 1737 3023 proedicetur
1747 2988 1890 3019 Lambino,
1908 2989 2089 3026 placueritque

1138 3023 1202 3049 item
1213 3024 1308 3048 Bruto.
1327 3020 1476 3048 adversatur
1487 3024 1556 3049 enirn
1568 3026 1589 3049 ei
1602 3023 1729 3050 vocaliter
1739 3024 1885 3060 praecedens
1895 3026 1953 3050 illos.

1173 3059 1199 3084 6.
1220 3060 1264 3083 Cn.
1275 3058 1371 3091 Hejm]
1384 3058 1425 3083 Ita
1435 3057 1502 3084 Pali.
1513 3059 1541 3084 &
1551 3060 1579 3085 S.
1589 3059 1705 3086 Victoris
1719 3079 1726 3091 ‚
1737 3060 1911 3095 :illuduntque
1921 3061 2022 3087 ultiiuae
2032 3062 2085 3086 ori-

1137 3094 1207 3129 ginis
1218 3093 1359 3123 editiones.
1371 3094 1397 3120 'in
1408 3093 1501 3128 quibus
1512 3096 1611 3129 Heujm.
1632 3095 1700 3122 unde
1711 3096 1864 3131 posteriores
1876 3095 2025 3124 formarunt
2035 3100 2088 3122 Nx—

1138 3133 1196 3157 ·»wr
1207 3148 1215 3161 ,
1226 3128 1297 3166 quod
1308 3129 1335 3157 iu
1346 3129 1414 3158 huuc
1423 3128 1494 3159 diem
1505 3130 1585 3168 usque
1596 3132 1724 3166 regnavit

1586 3167 1675 3197 222

1973 3168 2091 3193 LPJA-
