2316 3395
222 208 353 253 palaestra
363 209 415 253 qui
427 211 439 233 ἰ
452 209 538 243 taedas
549 211 718 243 candentcis
728 212 835 251 accipit
844 229 852 243 ‚
865 207 989 240 celerior
997 204 1040 236 est
1050 206 1083 235 in
1092 203 1178 236 cursu

221 255 372 284 continuo
384 273 391 286 ‚
415 253 506 294 quam
517 254 568 283 ille
580 273 588 287 ,
600 256 651 295 qui
662 253 748 284 tradit
760 263 764 280 :
784 254 823 281 ita
835 251 944 281 melior
953 251 1113 288 imperator
1122 257 1180 277 no-

222 296 344 336 vus‚qui
354 296 460 335 accipit
468 294 738 335 exercitum‚quam
749 294 810 327 ille,
823 294 875 333 qui
885 290 1002 322 decedit
1014 301 1018 319 :
1028 297 1182 330 propterea

222 335 306 378 qued
317 335 490 377 defatigatus
500 337 601 366 cursor
609 339 725 376 integro
734 334 829 365 facem
841 354 849 368 ,
873 334 922 362 hic
932 334 1042 373 peritus
1052 333 1180 371 impera-

224 385 272 407 tor
284 379 424 417 imperito
433 380 597 408 exercitum
609 377 707 407 tradit.
729 378 787 406 hoc
805 374 864 405 fine
884 373 976 405 simili
995 374 1062 404 satis
1081 372 1181 417 plane,

223 418 258 448 &
268 419 420 459 perspicue
433 440 441 449 .
455 420 486 449 Sc
496 419 688 458 probabiliter
695 418 756 448 dici
765 419 864 458 potuit
875 437 883 451 ‚
895 418 953 447 hoc
966 415 1077 446 modo:
1098 417 1112 434 ²
1125 417 1185 443 Dt-

223 468 311 494 cmw,
324 464 425 490 minus
437 461 533 490 bonos
545 469 735 499 imperatores
746 459 761 489 a
772 459 950 489 melioribus
961 458 1125 488 exercitum
1137 466 1184 485 ac-

222 504 321 542 cipere
335 503 426 532 solei’e
437 522 444 535 ,
458 502 505 532 sed
517 502 643 531 ornandi
653 502 735 532 causa
744 500 839 531 simile
850 501 984 531 sumtum
996 498 1038 529 est
1048 518 1056 532 ‚
1077 507 1110 528 ut
1119 508 1184 527 ora—

223 546 303 573 tioni
314 544 440 584 dignitas
450 544 584 584 quaedam
595 552 790 583 comparetur.
815 542 943 573 Dfflum
960 540 1004 571 est
1022 549 1123 571 autem
1134 549 1186 579 per

222 583 417 616 contrarium.
441 587 523 615 Nam
536 594 606 615 tunc
617 584 782 615 similitudo
794 585 920 614 sumitur
928 593 979 624 per
987 584 1182 614 contrarium,

225 626 297 655 cum
309 628 335 655 ei
349 628 402 658 rei,
413 636 503 667 quam
515 637 570 656 nos
580 627 886 667 probamus,aliquam
896 636 960 656 rem
972 633 1115 665 negamus
1125 622 1183 653 effe

224 665 357 697 similem
368 687 376 700 ‚
389 676 421 697 ut
430 667 532 707 paullo
541 668 609 698 ante
621 689 629 702 ‚
649 668 721 700 cum
732 669 768 698 de
777 668 945 698 cursoribus
956 665 1182 697 differebamus.

223 711 280 739 Per
290 711 480 749 negationem
492 710 608 740 dicetur
619 731 627 744 ‚
639 710 784 750 probandi
795 711 877 740 causa
886 711 943 739 hoc
952 708 1047 738 modo
1059 718 1064 736 ¹.
1085 709 1185 747 Neque

222 760 311 791 equus
321 750 500 783 indomitus.
525 753 641 781 uamvis
652 761 754 782 natura
762 752 838 782 bene
848 750 1030 791 compositus
1041 748 1101 782 sit,3
1116 750 1183 778 ido-

223 801 301 822 neus
310 791 406 832 potest
415 792 471 823 esse
483 762 576 823 ageas
587 795 728 824 utilitates
739 813 748 827 ,
762 804 828 834 quae
839 792 1038 823 desiderantur
1047 792 1083 821 ab
1093 800 1182 831 equo,

222 843 322 874 neque
333 835 429 864 homo
441 834 592 868 indoems,
604 838 741 876 quamvis
754 834 786 865 sit
796 838 826 865 in
849 835 980 868 eniosus,
991 833 1025 863 ad
1039 835 1182 863 virtutem

223 875 323 915 potest
331 878 495 916 pervenire.
529 880 598 906 Hoc
606 877 788 917 probabilius
798 877 826 908 fa
847 879 911 906 tum
921 876 963 906 est
975 896 982 909 ‚
1002 880 1019 902 4
1029 874 1109 916 quod
1121 883 1185 903 ma-

224 919 272 958 gis
283 917 326 948 est
334 917 495 948 verisimile
505 939 513 953 ,
529 929 592 948 non
602 918 682 959 poss'e
693 922 835 949 virtutem
846 918 905 948 sine
916 917 1052 948 do&i·iiia
1062 925 1185 955 compa-

222 961 300 993 rari,
314 962 457 1001 quoniam
468 970 507 989 ne
516 971 609 1000 equus
620 961 744 1001 quidem
754 960 922 991 indomitus
932 980 940 994 ,
963 959 1089 989 idoneus
1099 955 1185 997 poffit

222 999 294 1030 esse.
318 1011 388 1042 ergo
398 1002 531 1032 sumtum
541 1001 584 1032 est
593 1002 738 1042 probandi
748 1004 841 1033 causa.
874 1002 1003 1032 Dictum
1023 1000 1066 1031 est
1082 1009 1183 1029 autem

225 1051 279 1082 per
298 1045 502 1084 negationem.
535 1044 566 1073 id
578 1046 660 1074 enim
671 1044 859 1084 perspicuum
872 1043 914 1074 est
924 1044 960 1073 de
970 1045 1070 1083 primo
1079 1040 1185 1072 simili-

151 1080 205 1127 ’47
227 1084 340 1114 tudinis
353 1085 455 1115 verbo.
500 1089 662 1115 5Sumetur
674 1086 707 1115 &
717 1088 844 1126 apertius
856 1085 976 1116 dicendi
987 1085 1068 1115 causa
1078 1082 1185 1113 simili-

227 1126 300 1157 tudo
309 1136 362 1167 per
371 1127 556 1161 brevitatem,
567 1128 625 1157 hoc
635 1127 730 1158 modo
742 1138 748 1157 :
767 1131 801 1157 In
811 1128 943 1157 amicitia
953 1126 1080 1167 gerenda
1092 1146 1100 1158 ‚
1113 1124 1184 1154 sicut

222 1169 259 1198 in
268 1170 432 1198 certamine
441 1169 589 1202 currendi,
602 1179 665 1199 non
677 1172 717 1199 ita
727 1171 872 1200 convenit
880 1170 1023 1201 exerceri,
1035 1166 1181 1208 ut‚quoad

222 1209 341 1240 necesse
351 1209 394 1244 fit,
406 1213 560 1250 pervenire
569 1209 657 1251 poffis
670 1221 676 1240 :
694 1211 744 1242 sed
754 1220 788 1241 ut
797 1210 960 1252 procinetus
971 1209 1080 1244 studio,
1093 1209 1125 1238 &
1135 1210 1182 1238 vi-

222 1251 308 1282 ribus
319 1272 327 1284 ‚
341 1252 415 1281 ultra
425 1251 510 1282 facile
519 1262 683 1292 procurras:
706 1256 788 1283 Nam
799 1255 856 1283 hoc
867 1251 963 1282 simile
973 1251 1014 1281 est
1025 1272 1034 1285 ,
1057 1260 1090 1281 ut
1099 1260 1181 1291 aper-

221 1301 283 1323 tius
294 1294 476 1334 intelligatur
485 1314 493 1327 ,
516 1295 593 1324 mala
602 1297 715 1325 ratione
725 1294 819 1325 facere
829 1296 880 1335 qui
891 1293 1108 1334 reprehendant
1117 1301 1179 1325 eos,

222 1336 277 1376 qui
289 1355 298 1367 ,
308 1335 393 1365 verbi
403 1336 486 1366 causa
496 1357 504 1369 ‚
512 1335 570 1378 post
579 1344 696 1366 mortem
705 1339 795 1367 amici
808 1337 916 1366 liberos
926 1337 989 1376 ejus
1001 1334 1179 1367 custodiant,

221 1385 378 1417 propterea
394 1376 477 1418 quod
494 1380 526 1408 in
538 1378 653 1408 cursore
665 1388 780 1409 tantum
791 1379 956 1408 velocitatis
967 1376 1025 1408 ess'e
1036 1385 1179 1417 oporteat,

221 1426 259 1448 ut
267 1417 403 1449 efferatur
415 1420 505 1460 usque
514 1419 549 1449 ad
561 1419 653 1450 finem
667 1431 672 1449 z
694 1423 726 1450 in
737 1422 835 1451 amico
845 1418 860 1439 ⁶
872 1429 987 1450 tantum
999 1419 1181 1449 benivolen-

222 1461 284 1493 tiae,
297 1468 330 1490 ut
338 1461 423 1494 ultra,
433 1461 523 1502 quam
535 1464 649 1491 amicus
658 1463 766 1492 sentire
776 1461 871 1502 poffit‚
883 1470 1034 1502 procurrat
1042 1462 1181 1491 amicitia:

224 1500 338 1532 studio.
358 1502 486 1533 Didium
496 1512 595 1534 autem
606 1502 701 1535 simile
710 1504 753 1534 est
762 1514 813 1544 per
823 1504 1008 1534 brevitatem.
1020 1513 1085 1533 non
1094 1504 1179 1532 enim

221 1546 276 1577 fita,
288 1545 363 1573 utin
372 1547 482 1574 caeteris
493 1545 590 1579 rebus,
601 1555 647 1576 res
657 1546 693 1576 ab
702 1556 732 1576 re
744 1547 866 1587 separata
875 1545 917 1577 est
927 1566 935 1580 ‚
947 1545 996 1576 sed
1006 1554 1126 1586 utraque
1136 1554 1181 1575 res

223 1586 296 1625 conj
301 1584 392 1616 υηᾶὲ
411 1591 425 1614 7
436 1586 469 1616 δε
487 1586 610 1618 confuse
627 1597 804 1628 comparata.
828 1591 906 1618 Ante
923 1588 1028 1618 oculos
1046 1586 1182 1627 ponendi

221 1629 340 1668 negotii
350 1628 444 1661 causa.
456 1629 589 1659 sumetur
597 1628 762 1660 similitudo
771 1640 823 1670 per
832 1630 1039 1663 collationem,
1051 1627 1098 1660 sic:
1112 1631 1179 1659 Uri

221 1677 465 1700 ‹tiri-iAROEDus
476 1690 486 1705 ,
506 1669 577 1700 cum
588 1671 729 1711 prodierit
739 1672 854 1712 optime
865 1671 1000 1705 vestium,
1010 1671 1086 1712 palla
1095 1672 1182 1701 inau-

220 1718 284 1741 rata
293 1710 417 1741 indutus
427 1731 436 1745 ,
447 1712 518 1742 cum
529 1713 688 1753 chlamyde
696 1723 840 1753 purpurea
851 1735 859 1749 ‚
872 1713 1023 1744 coloribus
1033 1714 1121 1743 variis
1133 1715 1181 1743 in-

221 1761 306 1782 texta
316 1773 325 1786 ‚
348 1753 381 1783 &
399 1763 469 1783 cum
487 1764 598 1785 corona
615 1765 699 1785 aurea
708 1751 722 1774 8
734 1758 848 1797 magnis
857 1755 1040 1797 fulgentibus
1049 1757 1180 1797 gemmis

222 1794 406 1829 illuminata,
416 1796 558 1826 citharam
567 1805 673 1827 tenens
683 1796 934 1827 exornatiffimam
947 1818 954 1831 ,
965 1808 1036 1827 auro
1047 1799 1079 1828 &
1089 1797 1179 1827 ebore

223 1835 398 1867 distin&am
411 1857 419 1870 ‚
431 1838 491 1877 ipse
500 1847 637 1877 praeterea
645 1838 743 1869 forma
753 1840 786 1869 &
796 1840 890 1882 specie
909 1838 943 1869 fit
962 1840 994 1869 &
1006 1839 1111 1869 statura
1128 1849 1180 1879 ap-

220 1877 315 1918 posita
324 1878 359 1908 ad
371 1878 546 1920 dignitatem
559 1892 567 1914 3
579 1878 609 1914 si,
622 1879 694 1910 cum
704 1891 844 1922 magnam
855 1882 967 1922 populo
977 1883 1179 1911 commoverit

220 1921 271 1949 his
291 1920 378 1949 rebus
396 1920 647 1960 exspeftationem
660 1942 668 1956 ,
691 1922 939 1962 repentefflentio
947 1922 1027 1953 fafito
1038 1944 1046 1957 ‚
1069 1933 1179 1953 vocem

219 1963 342 1991 emittat
358 1961 575 1993 acerbiffimam
594 1974 665 1994 cum
679 1963 845 2004 turpissimo
855 1967 986 2005 corporis
997 1974 1082 1995 motu
1094 1976 1099 1994 :
1119 1975 1180 2006 quo

221 2003 336 2033 melius
346 2012 477 2037 ornatus,
488 2005 521 2034 ὃς
533 2008 624 2046 magis
634 2005 918 2047 fueritexspeEhitus
928 2028 936 2041 ,
947 2017 988 2037 eo
999 2009 1092 2048 magis
1101 2007 1180 2037 deri-

222 2045 272 2075 sus
285 2045 317 2075 &
326 2054 508 2080 contemtus,
519 2047 655 2086 ejicitur:
675 2050 714 2078 ira
723 2047 744 2078 fi
754 2051 820 2089 quis
831 2051 863 2079 in
873 2049 991 2079 excelso
1002 2050 1069 2079 loco
1081 2069 1089 2083 ‚
1102 2049 1178 2079 &in

224 2088 344 2127 magnis
354 2098 385 2117 ac
396 2089 596 2128 locupletibus
606 2091 701 2129 copiis
711 2091 872 2121 collocatus
884 2111 892 2125 ,
906 2089 1033 2121 foriunae
1043 2092 1180 2121 muneri—

220 2126 280 2158 bus
291 2148 299 2162 ‚
320 2129 354 2158 δε
362 2137 472 2159 naturae
480 2131 653 2160 commodis
662 2131 807 2161 omnibus
818 2132 980 2162 abundabit
991 2144 997 2161 :
1020 2132 1040 2161 fi
1050 2133 1178 2165 virtutis,

221 2169 259 2199 &
267 2171 387 2204 artium,
399 2180 464 2210 quae
475 2172 591 2200 virtum
600 2170 732 2211 magistrae
742 2173 818 2206 sunt,
829 2173 928 2213 egebit
939 2183 943 2201 :
954 2183 1015 2213 quo
1025 2175 1119 2214 magis
1128 2182 1179 2202 ce-

220 2213 293 2240 teris
303 2212 390 2241 rebus
400 2214 455 2242 erit
465 2214 601 2252 copiosus
613 2234 621 2246 ,
635 2213 840 2243 &industrius
851 2234 859 2247 ‚
873 2214 904 2244 &
913 2214 1097 2254 exi'peetatus
1109 2234 1117 2247 .
1140 2224 1178 2244 eo

219 2253 431 2283 vehementius
442 2253 565 2287 derisus,
578 2255 610 2285 &
620 2258 801 2288 contemtus,
813 2266 851 2285 ex
862 2258 948 2285 omni
960 2264 1111 2286 conventu
1123 2255 1178 2285 bo-

220 2304 335 2324 norum
353 2296 498 2334 ejicietur.
533 2299 601 2326 Hoc
620 2295 716 2326 simile
726 2301 741 2323 9
752 2299 948 2327 exornatione
960 2298 1112 2338 utriusque
1121 2299 1174 2330 rei,

216 2335 256 2366 &
275 2336 394 2367 alterius
412 2339 526 2368 inerti-x
535 2337 671 2373 artificis,
692 2338 811 2369 alterius
822 2338 954 2369 stultitiae
964 2337 1054 2369 simili
1064 2340 1178 2369 ratione

266 2439 287 2455 i.
307 2431 544 2464 7‘aecias·ca71dcnres.j
565 2432 688 2458 Lambini
709 2434 836 2463 ardentem
855 2435 974 2457 exitatiii
988 2436 1054 2457 l‘all.
1066 2437 1180 2466 aliquot,

221 2464 267 2491 sed
285 2465 330 2490 alii
352 2465 467 2491 retinent
478 2466 541 2491 item
552 2467 677 2493 alterum.
697 2467 805 2502 quintus
815 2475 942 2503 praeterea
951 2477 980 2493 ac
990 2467 1076 2493 lsi-nil.
1088 2467 1182 2503 praefe-

221 2508 288 2528 nint
299 2501 406 2526 cadentes
419 2520 426 2532 ,
446 2501 516 2537 quod
530 2502 631 2529 reustum
642 2503 692 2529 effe
702 2503 771 2539 poss‘c
782 2504 919 2530 annotarit
930 2503 1103 2529 Gulielmius.
1117 2507 1120 2510 ’

262 2546 291 2562 2.
311 2538 405 2562 Dicitur
422 2540 501 2562 mium-
518 2540 615 2573 bonos.]
639 2541 699 2566 Vox
710 2540 798 2565 dicitnr
807 2539 874 2567 abest
886 2539 1007 2566 fluitem
1019 2539 1075 2566 Pal.
1087 2546 1183 2575 quarto

225 2571 258 2599 δι’
269 2572 342 2598 sexto
354 2581 362 2602 ς
383 2581 442 2598 meo
452 2574 540 2599 :inimo
551 2574 635 2601 resse.

264 2615 290 2643 3.
310 2608 408 2633 Manem
419 2609 499 2634 micas
507 2612 624 2636 militares
634 2620 683 2644 qua
695 2630 703 2642 ‚
723 2611 791 2645 ἀι]
814 2611 909 2637 Deleri
927 2610 991 2637 duas
1013 2611 1116 2637 voculas
1129 2630 1137 2643 ,
1154 2612 1183 2642 ὲ·

221 2650 298 2677 aptus
308 2662 316 2675 ,
336 2651 452 2679 repertas
464 2652 566 2671 tantum
577 2647 603 2673 iii
614 2656 667 2673 uno
678 2646 799 2674 Palatino
810 2666 818 2679 ,
837 2656 896 2674 cuni
908 2647 1062 2674 haberemus
1073 2646 1128 2673 sex.
1140 2646 1181 2673 sed

223 2689 310 2716 neque
321 2679 437 2706 exstabat
448 2680 473 2706 iii
485 2682 570 2707 Bru'il.

261 2723 289 2747 4.
309 2716 376 2749 Qud
383 2716 454 2749 magis
463 2719 497 2742 cf?
503 2718 704 2752 'verisimile‚&c.]
726 2719 871 2746 Lambinus
882 2718 955 2745 libris
966 2718 1087 2746 omnibus
1099 2718 1181 2745 recla-

223 2751 356 2777 mantibus
367 2751 498 2787 supposuit
508 2756 586 2778 mlnm
598 2773 604 2784 ‚
616 2764 667 2780 non
679 2755 828 2781 necessario.
849 2755 1011 2782 Gulielmius
1023 2755 1121 2782 re6tius
1131 2765 1181 2791 pu-

221 2787 294 2814 tabat
305 2786 458 2823 scripturam
470 2789 484 2814 a
495 2789 612 2816 Suffi'ido
622 2797 724 2816 erutam
738 2811 744 2819 ,
765 2800 793 2816 ac
801 2792 873 2823 magis
885 2810 892 2822 .,
911 2793 962 2822 &aa

266 2832 291 2856 5.
310 2826 419 2848 Sumam·
436 2824 464 2854 ἐν
481 2828 587 2856 σΓειτίω
596 2826 895 2860 dicendtcaifiaefimisttudo
902 2835 944 2861 per
955 2847 963 2860 ,
981 2828 1048 2862 ὠή]
1070 2828 1181 2855 Secutus

223 2858 281 2886 suni
294 2858 361 2885 Pall.
372 2868 464 2887 omues
475 2861 521 2886 ΒΓ.
534 2860 589 2886 Lil.
599 2862 627 2886 &
640 2862 737 2888 l'erfini
749 2861 826 2889 codd.

258 2895 287 2920 6.
305 2896 406 2920 rantum
414 2897 581 2928 bcnhoknhae,
591 2904 617 2922 u!
626 2899 693 2923 ultra
705 2917 711 2929 ‚
723 2897 794 2932 qufim
804 2899 987 2932 amiemfintire
992 2901 1056 2933 poffit
1068 2919 1075 2930 ‚
1081 2906 1181 2932 procur-

221 2937 265 2956 rat
275 2932 488 2965 amicitiaestudio]
502 2931 716 2965 Restidistudium
727 2953 735 2964 ,
746 2934 816 2969 quod
828 2935 886 2960 aliis
898 2935 1008 2970 positum
1019 2936 1074 2970 post
1084 2937 1180 2961 beni-»0-

216 2967 294 2992 lentiae
304 2985 312 2998 ,
331 2967 508 3002 pra-euntibus
528 2968 585 2994 Pal.
605 2978 645 3004 pr.
656 2978 684 2994 ac
694 2968 742 2994 sec.
755 2969 770 2995 ii
783 2978 868 3001 tamen
880 2971 1013 3006 sequimur
1023 2971 1080 2998 Pal.
1092 2977 1179 3007 quart.

221 3003 250 3028 ὅ(
263 3001 330 3029 sext.
342 3011 449 3029 necnon
462 3005 508 3029 ΒΓ.
520 3011 582 3029 tunc
593 3003 783 3031 rescribendum
797 3007 847 3032 erit
861 3026 867 3037 ‚
878 3014 958 3032 tamen
966 3008 1180 3038 beniuolentiaellu-

218 3038 286 3112 ἔφη
297 3057 305 3068 ,
324 3045 350 3064 ut
360 3038 474 3071 efferatur
482 3042 548 3065 ultra
552 3042 627 3074 finem
638 3060 646 3073 ‚
665 3042 760 3068 ceteris
770 3041 866 3068 ominis
876 3042 999 3071 munibus
1013 3063 1021 3075 ,
1032 3053 1116 3080 neque
1126 3042 1179 3069 dis-

250 3081 312 3100 icet.

256 3117 285 3143 7.
303 3112 338 3142 Et
345 3111 433 3144 confuse
442 3112 603 3146 comparata]
612 3111 660 3146 ‚sic
670 3112 726 3140 Pal.
737 3120 826 3151 quart.
837 3113 926 3147 sextus
936 3114 1024 3144 Bru'il.
1034 3123 1095 3143 nam
1105 3113 1177 3153 prius

221 3145 273 3177 cufi
285 3164 295 3181 ,
312 3153 414 3182 utraque
422 3147 451 3179 <ly
458 3148 546 3181 census}
555 3151 722 3182 pronunciata.

608 135 700 181 An
737 131 1169 182 Haurit-itum,
1206 125 1411 175 Lmen
1445 124 1787 188 Quum-us.

1226 204 1333 236 collata
1345 222 1354 238 ,
1374 203 1428 235 sub
1435 203 1587 246 aspectum
1598 207 1742 237 omniurn
1752 214 1817 236 rem
1829 202 1957 246 subjecit
1991 202 2123 237 Dietum
2134 211 2187 236 ω·

1228 255 1289 277 tem
1301 245 1343 278 est
1353 256 1404 287 per
1413 247 1619 282 collationem,
1632 257 1786 289 propterea
1794 247 1877 289 quod
1886 246 2033 289 proposita
2044 246 2187 278 similitu-

1229 288 1310 322 dine,
1322 290 1400 328 paria
1409 288 1477 319 sunt
1486 290 1590 320 omnia
1598 292 1694 320 relata.
1725 291 1762 320 In
1772 287 1919 320 similibus
1930 290 2083 320 observare
2095 298 2187 329 opor-
2204 283 2249 328 48

1229 330 1303 360 tebit
1312 331 1488 372 diligenter:
1507 339 1549 365 ut,
1560 329 1630 361 cum
1641 341 1706 362 rem
1716 329 1875 362 afferamus
1887 329 2016 362 similem
2029 350 2037 365 ,
2049 331 2133 370 cujus
2144 331 2190 361 rei

1231 372 1313 402 causa
1322 371 1553 402 similitudinem
1563 374 1763 407 attulerimus,
1775 373 1864 403 verba
1894 383 1992 414 uoque
2000 373 2036 404 ad
2047 371 2190 402 slmilitu-

1229 413 1334 443 dinem
1353 413 1515 444 habeamus
1531 415 1769 445 accommodata.
1800 414 1832 444 id
1851 383 1895 445 ea
1913 414 2089 455 hujusmodi
2101 424 2107 442 :
2135 416 2192 444 Ur

1230 465 1444 486 iiiimunxusss
1462 455 1565 486 aestivo
1584 465 1719 496 tempore
1739 455 1845 496 praesto
1863 457 1932 486 sunt
1941 477 1950 491 ,
1969 456 2079 497 frigore
2097 455 2190 495 pulsae

1228 497 1379 527 recedunt.
1408 506 1447 527 ex
1465 498 1568 528 eadem
1588 496 1785 528 similitudine
1804 507 1886 528 nunc
1903 508 1955 538 per
1964 497 2187 528 transsationem

1228 539 1319 569 verba
1328 539 1476 569 sumimus
1488 549 1494 568 t
1516 539 1636 579 itafalfi
1643 540 1733 569 amici
1744 539 1848 570 sereno
1858 541 1927 570 vitae
1936 548 2071 579 tempore
2080 536 2187 578 praesto

1230 582 1296 611 sunt
1307 591 1312 610 :
1335 579 1509 622 simulatque
1528 582 1665 610 hiemem
1684 580 1813 611 fortunae
1830 580 1961 611 viderint
1970 601 1978 615 ‚
2002 580 2144 612 devolant
2152 589 2188 610 o-

1229 632 1326 652 mnes.
1344 622 1402 652 Sed
1413 624 1552 653 'inventio
1562 621 1708 652 similium
1716 621 1813 652 facilis
1823 624 1888 656 erit,
1901 621 1988 663 fiquis
2000 621 2055 652 sibi
2064 622 2187 652 omneis

1229 675 1274 694 res
1284 666 1427 694 animatas
1439 684 1447 698 ‚
1460 665 1492 694 ὃς
1504 666 1680 695 inanimatas
1691 685 1699 698 ‚
1712 673 1808 694 mutas
1819 664 1852 694 &
1863 665 2029 705 loquenteis
2040 684 2050 698 ‚
2068 663 2142 694 seras
2153 663 2188 694 δε

1229 707 1406 739 mansuetas,
1418 705 1589 739 terrestreis,
1603 706 1636 736 &
1644 705 1796 739 caelesteis,
1809 706 1841 736 ὅτ.
1852 708 2017 737 maritimas
2028 726 2037 739 ,
2048 704 2187 739 artificio,

1229 749 1306 781 casu,
1320 757 1422 778 natura
1432 757 1622 788 comparatas,
1635 747 1760 781 usitatas,
1771 756 1856 788 atque
1867 746 2015 778 inufitatas
2026 768 2035 782 ,
2045 747 2187 788 frequen-

1229 798 1272 819 ter
1281 798 1347 820 ante
1357 790 1462 819 oculos
1472 792 1579 830 poterit
1588 800 1698 829 ponere
1709 810 1718 824 ,
1738 790 1771 820 ὃς
1780 799 1818 820 ex
1828 791 1874 819 his
1883 790 2012 831 aliquam
2031 790 2133 820 venari
2150 786 2188 818 fi-

1230 831 1438 861 militudinem
1449 851 1457 864 ,
1469 842 1534 872 quae
1542 840 1591 862 aut
1601 842 1705 862 ornare
1715 851 1723 865 ‚
1743 840 1793 862 aut
1802 832 1909 862 docere
1921 851 1929 866 ,
1949 840 1998 862 aut
2006 833 2187 871 apertiorem.

1228 883 1293 902 rem
1301 872 1396 903 facere
1406 893 1415 906 ‚
1427 882 1475 903 aut
1485 883 1595 913 ponere
1604 882 1671 903 ante
1681 874 1785 904 oculos
1793 872 1888 913 poffit.
1909 875 1974 903 Non
1984 875 2058 903 enim
2068 882 2112 903 res
2124 880 2187 903 tota

1230 917 1283 944 toti
1294 917 1336 945 rei
1346 913 1461 944 necelse
1472 915 1515 945 est
1525 914 1629 946 similis
1640 914 1672 945 sit
1683 935 1691 948 ,
1704 916 1753 945 sed
1765 916 1800 946 ad
1811 916 1909 956 ipsum
1923 936 1931 948 ‚
1942 916 1977 946 ad
1989 915 2069 956 quod
2079 913 2186 945 confe-

1228 965 1317 990 retur,
1329 955 1558 987 similitudinem
1569 957 1673 988 habeat
1681 965 1807 997 oportet.
1848 960 2046 988 EXEMPLUM
2057 977 2066 991 ‚
2077 955 2121 987 est
2130 956 2186 986 ali-
2201 958 2247 993 42

1227 999 1311 1038 cujus
1328 998 1400 1028 faeti
1411 1018 1419 1032 ,
1440 1007 1489 1029 aut
1507 998 1581 1029 dieti
1599 1000 1738 1038 praeteriti
1756 1009 1826 1029 cum
1838 1008 1909 1030 certi
1918 999 2046 1030 auctoris
2056 1000 2187 1029 nomine

1227 1039 1400 1080 propositio.
1423 1041 1457 1070 Id
1468 1041 1595 1071 sumitur
1605 1041 1713 1071 iisdem
1725 1041 1761 1071 de
1772 1040 1872 1075 causis,
1883 1042 1992 1082 quibus
2003 1040 2183 1071 similitudo.

1228 1084 1309 1112 Rem
1320 1084 1502 1112 ornatiorem
1512 1082 1592 1116 facit,
1604 1080 1675 1113 cum
1686 1084 1799 1113 nullius
1809 1085 1864 1117 rei,
1876 1082 1932 1113 nisi
1941 1083 2104 1124 dignitatis,
2115 1092 2186 1113 cau-

1227 1124 1255 1154 sa
1266 1125 1411 1154 sumitur:
1431 1126 1621 1164 Apertiorem
1632 1144 1641 1158 ‚
1661 1123 1732 1155 cum
1743 1125 1785 1158 id,
1797 1125 1878 1165 quod
1888 1124 1922 1155 sit
1931 1126 2085 1156 obscurius
2098 1144 2107 1158 ‚
2119 1133 2186 1155 ma-

1226 1167 1269 1206 gis
1280 1165 1450 1195 dilucidum
1461 1166 1559 1196 reddit
1570 1177 1575 1195 z
1593 1166 1839 1200 probabiliorem,
1852 1166 1923 1196 cum
1934 1169 2027 1209 magis
2038 1165 2185 1197 verisimi-

1227 1211 1288 1236 lem
1299 1207 1370 1237 facit
1382 1218 1386 1236 :
1409 1210 1486 1237 Ante
1498 1208 1602 1237 oculos
1612 1209 1710 1247 ponit,
1722 1206 1795 1238 cum
1805 1210 1948 1248 exprimit
1957 1211 2062 1239 omnia
2070 1209 2185 1249 perspi-

1225 1249 1280 1278 cue
1291 1269 1300 1282 ‚
1318 1258 1352 1279 ut
1360 1259 1405 1278 res
1417 1248 1495 1280 dreia
1502 1248 1595 1290 prope
1607 1259 1698 1280 manu
1708 1252 1813 1280 tentari
1822 1248 1917 1290 poffit.
1940 1250 2184 1291 Uniuscujusque

1225 1293 1342 1331 generis
1370 1289 1482 1332 singula
1502 1289 1727 1331 subjecissemus
1744 1292 1883 1332 exempla
1892 1311 1900 1325 ‚
1928 1290 1984 1322 nisi
2002 1292 2182 1332 exemplum

1224 1332 1306 1373 quod
1317 1342 1411 1374 genus
1422 1332 1505 1366 ess'et,
1515 1335 1547 1362 in
1556 1333 1744 1373 expolitione
1753 1332 2037 1366 demonstrassemus
2047 1354 2056 1368 ‚
2070 1334 2103 1364 &
2112 1344 2182 1364 cau-

1224 1376 1266 1405 sas
1276 1374 1415 1405 sumendi
1425 1377 1457 1404 in
1467 1373 1664 1405 similitudine
1672 1374 1892 1416 aperuissemus.
1904 1378 2001 1418 Qare
2011 1377 2181 1409 noluimus,

1225 1427 1321 1457 neque
1331 1426 1431 1457 pauca,
1442 1427 1503 1458 quo
1514 1419 1616 1447 minus
1625 1418 1851 1459 intelligeretur,
1864 1427 2005 1459 neque,re
2015 1416 2180 1452 intellesta,

1225 1459 1308 1499 plura
1317 1459 1514 1489 conscribere.
1534 1462 1651 1500 Imago,
1662 1458 1705 1490 est
1713 1460 1830 1494 formae,
1841 1470 1911 1490 cum
1921 1459 2020 1491 forma
2028 1470 2098 1491 cum
2108 1469 2182 1500 qua-

1225 1501 1294 1530 dam
1305 1499 1501 1531 similitudine
1510 1501 1642 1531 collatio.
1672 1503 1745 1531 Haec
1756 1502 1882 1532 sumitur
1890 1510 1940 1532 aut
1948 1502 2043 1532 laudis
2056 1522 2064 1535 ,
2075 1510 2124 1532 aut
2133 1502 2182 1532 vi-

1224 1544 1418 1583 tuperationis
1427 1544 1517 1574 causa-
1530 1542 1642 1573 Laudis
1651 1542 1786 1576 causa,sic
1799 1555 1805 1573 :
1817 1546 1847 1563 ¹0
1854 1542 1922 1575 Ibat
1931 1544 2183 1584 inproelium,cor-

1226 1594 1309 1625 pore,
1321 1586 1395 1615 tauri
1403 1583 1588 1619 validiffimi,
1599 1587 1724 1625 impetu,
1735 1586 1832 1616 leonis
1840 1587 1980 1616 acerrimi
1990 1584 2104 1616 fimilis.
2124 1587 2181 1616 Vi·-

1225 1628 1428 1667 tuperationis,
1449 1629 1523 1657 utin
1532 1627 1651 1661 odium,
1662 1635 1711 1658 aut
1719 1629 1754 1659 in
1762 1627 1911 1659 invidiam
1921 1647 1930 1662 ‚
1941 1629 2033 1659 autin
2042 1635 2180 1659 contem-

1225 1672 1342 1700 tionem
1353 1669 1485 1700 adducat.
1508 1671 1593 1700 Utin
1602 1669 1722 1703 odium,
1732 1670 1791 1701 hoc
1800 1669 1895 1700 modo
1906 1680 1912 1699 :
1933 1668 1986 1706 Iste
1995 1669 2121 1711 quotidie
2128 1678 2182 1709 per

1224 1711 1327 1742 forum
1344 1711 1482 1741 medium
1493 1731 1502 1745 ,
1522 1719 1674 1752 tamquam
1681 1711 1800 1751 jubatus
1810 1711 1898 1743 draco
1912 1713 2018 1752 serpit,
2039 1712 2181 1742 dentibus

1223 1754 1359 1786 aduncis,
1373 1756 1398 1772 ¹¹
1411 1753 1529 1794 aspediu
1537 1762 1696 1788 venenato,
1706 1753 1808 1793 spiritu
1816 1752 2183 1794 i·abido‚circumspe6tans

1224 1797 1293 1829 huc,
1305 1795 1432 1828 &illuc,
1442 1793 1554 1836 siquem
1565 1797 1690 1836 reperiat
1699 1814 1708 1828 ‚
1727 1797 1776 1825 cui
1786 1795 1898 1835 aliquid
1909 1795 1982 1826 mali
1990 1794 2127 1826 faucibus
2136 1793 2182 1825 af-

1224 1836 1292 1868 flare
1302 1856 1312 1871 ,
1332 1840 1360 1856 ¹²
1370 1846 1420 1867 ore
1431 1840 1573 1878 attingere
1583 1857 1592 1871 ‚
1613 1836 1753 1867 dentibus
1762 1837 1890 1867 insecare
1900 1856 1909 1870 ,
1922 1837 2024 1878 lingua
2032 1837 2182 1878 aspergere

1223 1877 1318 1920 poffit.
1342 1881 1384 1909 Ut
1395 1881 1426 1908 in
1437 1880 1584 1909 invidiam
1594 1878 1718 1909 adducat
1729 1898 1737 1911 ,
1749 1879 1807 1908 hoc
1817 1879 1912 1908 modo
1923 1889 1928 1907 z
1951 1877 2004 1915 Iste
2014 1899 2023 1913 ‚
2034 1880 2089 1920 qui
2098 1879 2179 1909 divi-

1224 1924 1277 1952 tias
1288 1921 1351 1951 suas
1358 1919 1448 1960 jafiat
1458 1941 1466 1954 ,
1479 1919 1551 1950 ficut
1560 1921 1663 1951 Gallus
1673 1920 1689 1949 ὲ
1702 1921 1826 1961 Phrygia
1837 1940 1846 1954 ,
1857 1929 1906 1950 aut
1914 1921 2023 1951 ariolus
2034 1921 2182 1961 quispiam

1223 1961 1421 2004 depressus,&
1430 1971 1569 1993 oneratus
1576 1972 1659 1996 auro,
1672 1965 1681 1981 ¹
1690 1965 1701 1989 3
1713 1962 1828 1995 clamat,
1840 1961 1873 1991 &
1882 1963 2000 2002 dejerat.
2012 1965 2055 1993 Ut
2065 1964 2098 1992 in
2107 1972 2183 1992 con-

1223 2007 1406 2036 temtionem
1414 2002 1598 2039 adducanfic:
1609 2003 1672 2040 Iste,
1685 2007 1715 2031 ¹4
1737 2004 1767 2033 ui
1778 2013 1931 2044 tamquam
1942 2003 2181 2038 coclea,absc0n-

1223 2048 1297 2078 dens
1308 2055 1433 2078 retentat
1441 2047 1501 2077 sese
1511 2048 1625 2080 tacitus,
1636 2056 1697 2087 quo
1719 2055 1741 2075 it
1750 2055 1829 2075 tutus
1839 2065 1849 2078 ‚
1868 2045 2039 2076 comeditur
2046 2056 2116 2076 cum
2127 2045 2183 2076 do-

1224 2100 1278 2120 mo
1287 2090 1346 2123 sua,
1359 2090 1392 2119 &
1401 2088 1540 2118 aufertur.
1565 2086 1688 2118 Effictio
1697 2087 1741 2118 est
1750 2106 1759 2121 ‚
1780 2086 1852 2116 cum
1862 2088 2041 2126 exprimitur
2050 2087 2084 2117 δε
2094 2085 2183 2117 effin-

1223 2133 1302 2172 gitur
1311 2131 1420 2162 verbis,
1433 2131 1565 2169 corporis
1576 2129 1740 2168 cujuspiam
1750 2127 1847 2158 forma
1858 2148 1865 2162 ‚
1877 2128 1958 2168 quod
1969 2128 2035 2158 satis
2046 2127 2080 2159 sit
2087 2129 2123 2160 ad
2132 2130 2182 2159 in-

1223 2171 1433 2212 telligendum,
1444 2172 1502 2200 hoc
1514 2170 1608 2200 modo
1620 2181 1626 2198 :
1644 2172 1728 2198 Hunc
1736 2169 1793 2199 dico
1805 2189 1813 2203 ‚
1822 2170 1937 2209 judices
1948 2190 1956 2204 ,
1968 2170 2104 2205 rubrum,
2115 2170 2184 2201 bre-

1223 2223 1305 2247 vem,
1318 2215 1488 2246 incurvum,
1499 2222 1620 2245 canum,
1633 2211 1827 2251 subcrispum‚
1838 2210 1967 2245 caefium,
1979 2215 2027 2242 cui
2037 2212 2104 2243 sane
2116 2222 2183 2243 ma-

1224 2265 1281 2295 gna
1298 2254 1341 2284 est
1351 2256 1384 2284 in
1395 2263 1501 2284 mento
1511 2255 1632 2283 cicatrix
1641 2273 1649 2287 ,
1675 2251 1696 2282 si
1706 2253 1863 2293 quomodo
1873 2253 1969 2294 potest
1977 2254 2063 2284 vobis
2072 2256 2105 2285 in
2115 2264 2182 2285 me-

1227 2298 1357 2327 moriam
1368 2295 1471 2325 redire.
1505 2295 1604 2327 Habet
1622 2296 1685 2324 haec
1703 2297 1860 2325 exornatio
1878 2294 1950 2325 cum
1960 2296 2120 2326 utilitatem
2132 2316 2140 2330 ‚
2160 2295 2183 2328 fi

1226 2348 1318 2379 quem
1327 2338 1402 2368 velis
1412 2336 1568 2367 ostendere
1579 2347 1585 2365 ι
1609 2345 1675 2368 tum
1684 2336 1882 2371 venustatem,
1894 2335 1915 2367 si
1924 2337 2051 2371 breviter
2059 2338 2092 2369 δε
2102 2338 2183 2369 dilu-

2113 2380 2183 2411 cide

1223 2466 1237 2492 f
1257 2432 1284 2456 8.
1305 2436 1402 2491 Agagms
1412 2431 1656 2464 Jiilgcntae'busgemmit
1667 2449 1675 2462 ,
1687 2431 1755 2466 &ej
1777 2431 1845 2457 Pall.
1857 2430 1939 2457 iidem
1949 2432 1976 2457 ὅ(
1988 2431 2075 2458 Bruil.
2084 2440 2181 2466 magua.

1236 2467 1309 2493 orlan
1339 2476 1396 2492 ene.

1258 2511 1275 2537 9
1282 2522 1287 2528 .
1308 2505 1466 2528 Exornatione
1475 2503 1594 2538 utriusque
1604 2505 1648 2535 rei,
1657 2503 1686 2533 ὠ·
1695 2504 1795 2529 alter-im
1803 2505 1893 2529 inertiae
1900 2503 2184 2537 artijfirikstltcriusstul-

1222 2539 1361 2573 tiiiae‚&·c.]
1375 2539 1439 2564 Haee
1449 2539 1483 2565 est
1495 2538 1576 2565 lcfitio
1588 2539 1631 2564 Pal
1639 2560 1644 2564 .
1655 2539 2006 2575 quarti‚quiiiti,sexti,item
2017 2539 2103 2566 Bruil.
2133 2549 2183 2566 uo-

1226 2583 1283 2600 rum
1296 2573 1350 2600 duo
1361 2583 1419 2600 cuin
1431 2574 1541 2600 habeant
1552 2576 1744 2608 arrifirisscilicet
1753 2575 1780 2600 δε
1791 2574 1895 2611 ριιηξὶὶε
1906 2576 2006 2602 notarit
2017 2575 2102 2602 Bruil.
2112 2575 2119 2601 i
2134 2575 2183 2602 lud

1215 2611 1306 2643 Jrilicet
1318 2629 1326 2641 ,
1346 2609 1458 2646 suspicor
1468 2609 1551 2636 adhuc
1561 2609 1736 2644 abjiciendum
1746 2611 1860 2637 alterum
1871 2612 1973 2645 artificis
1985 2631 1992 2643 ‚
2011 2618 2042 2637 ut
2060 2611 2132 2638 locus
2151 2612 2185 2640 fit

1223 2657 1395 2686 perpurgatus
1408 2653 1515 2681 5inerria
1525 2650 1582 2676 heic
1590 2650 1625 2677 est
1636 2648 1783 2690 αἷπΓχνία.
1802 2650 1878 2687 supi-a
1887 2651 1966 2677 etiam
1979 2649 2092 2689 rescripsi
2102 2653 2131 2683 &⁴
2140 2654 2184 2678 In-

1221 2690 1337 2722 dusinus,
1348 2689 1391 2715 ubi
1402 2696 1477 2716 antea
1488 2697 1545 2716 erat
1554 2691 1582 2721 ὼ·
1591 2692 1695 2724 ἱΙΙιιβνιῗς,
1706 2691 1796 2718 iisdem
1806 2690 1938 2717 codicibus
1951 2690 2111 2718 volentibus.

1262 2734 1302 2751 10.
1323 2728 1375 2751 Ibat
1384 2729 1410 2751 in
1423 2729 1529 2758 praelium
1541 2746 1548 2757 ‚
1567 2727 1634 2762 cmc]
1656 2728 1699 2754 Sic
1709 2728 1778 2754 Pall.
1791 2736 1882 2754 omnes
1895 2746 1903 2759 ,
1915 2726 1961 2753 nili
1973 2725 2043 2764 quod
2052 2736 2092 2764 pr.
2103 2729 2186 2755 Inibat

1219 2763 1335 2793 prelium,
1347 2761 1416 2797 quod
1428 2763 1454 2787 &
1467 2762 1491 2788 iii
1503 2762 1553 2789 suis
1565 2763 1663 2798 reperit
1674 2765 1805 2790 Petreius.

1262 2806 1303 2823 ii.
1323 2800 1422 2830 Aspeflu
1431 2805 1545 2823 *venenato
1557 2817 1564 2830 ,
1578 2801 1671 2832 spiritu
1689 2801 1795 2835 rabida]
1819 2801 1861 2826 Ita
1872 2809 1962 2826 omnes
1973 2799 2041 2826 Pau.
2052 2799 2098 2826 nifi
2110 2799 2183 2836 quod

1222 2841 1288 2859 unus
1307 2834 1334 2859 &
1354 2834 1423 2859 ulter
1444 2835 1534 2866 rapida
1556 2844 1614 2861 nam
1635 2835 1770 2862 ViEtorius
1781 2835 1989 2868 edidei·at‚fi·›7⁷ir
2000 2838 2092 2869 aspeffu
2102 2837 2184 2863 rabido

1220 2871 1404 2902 cit-cumspel‘lat.
1423 2870 1479 2901 alii,
1490 2871 1598 2903 adspeffle
1608 2872 1688 2897 rabirio
1700 2892 1707 2903 ,
1721 2874 1811 2906 spirim
1820 2879 1944 2898 venenato.
1964 2881 2015 2897 non
2028 2871 2109 2898 male.

1261 2913 1269 2929 1
1276 2914 1302 2929 2.
1323 2910 1366 2930 ore
1375 2907 1518 2940 attinge›·e.]'
1528 2907 1698 2935 Praemittunt
1707 2908 1764 2934 aliae
1774 2907 1836 2935 edd.
1845 2917 1922 2942 quem.
1941 2905 1984 2932 sed
1994 2906 2078 2933 difflo
2087 2917 2118 2935 ea
2126 2917 2180 2937 non

1221 2940 1305 2966 exstat
1316 2941 1341 2966 in
1354 2941 1421 2967 Pali.
1433 2949 1547 2976 quatuor
1556 2950 1601 2968 aut
1611 2943 1697 2970 Bruil.
1934 2948 1936 2951 ’

1261 2984 1302 3011 13.
1322 2977 1453 3007 Clamat&
1462 2977 1575 3012 Atym-at]
1596 2979 1640 3007 Sic
1655 2988 1762 3015 ,quoque
1780 2978 1933 3008 Vifioriana
1945 2998 1953 3010 ,
1972 2978 2129 3015 respondent
2149 2988 2182 3007 ue

1222 3011 1368 3047 Pal.qu:irt.
1380 3013 1407 3038 ὃ(
1418 3012 1486 3038 sext.
1498 3013 1541 3038 alii
1554 3020 1640 3040 tamen
1650 3015 1820 3051 delirat,quod
1831 3015 1858 3040 ὃ(
1870 3014 1895 3040 iii
1907 3015 2029 3054 primitus
2040 3015 2123 3051 inipre
2146 3025 2180 3044 is-

1261 3055 1303 3080 14.
1322 3049 1369 3080 βω·
1379 3056 1495 3080 tanquam
1504 3051 1591 3074 cochlea
1599 3051 1750 3083 abscondens,
1759 3051 1825 3085 εἶχε]
1838 3049 1936 3079 Nescio
1945 3060 1975 3077 an
1989 3048 2127 3081 habeamus
2139 3051 2180 3078 le-

1221 3082 1337 3110 &ionem
1357 3083 1474 3110 :utitor-is
1493 3085 1645 3118 genuinam.
1666 3096 1724 3112 nani
1736 3087 1803 3117 inire
1815 3085 1916 3112 variant
1928 3086 1994 3113 Pali.
2006 3089 2020 3119 ζι
2031 3087 2125 3122 quibus
2136 3096 2180 3124 pr.

1221 3118 1309 3151 habet,
1324 3122 1366 3153 Iste
1375 3123 1417 3153 qui
1426 3127 1469 3145 um
1474 3129 1542 3153 quam
1551 3121 1663 3154 testudose
1673 3124 1762 3147 cochlea
1771 3122 1909 3154 absbondens
1918 3122 1946 3155 ἐς·
1955 3129 2057 3150 retentat
2059 3124 2108 3158 sese
2117 3126 2182 3150 taci-

1223 3162 1264 3183 ιω
1272 3165 1323 3184 cum
1332 3158 1358 3184 in
1366 3156 1479 3192 dtmofiaea
1487 3162 1552 3184 totus
1560 3164 1587 3184 nt
1596 3158 1728 3187 comedatur
1736 3161 1857 3193 aufertur.

2102 3203 2113 3222 i
2121 3213 2127 3221 .
2135 3196 2182 3223 Sed
