2295 3400
176 133 276 183 324
581 114 1076 165 M.Tur.1.1-1

176 201 374 231 Cleomenem
384 191 719 240 acerrime'pugnantem
729 198 765 228 ab
775 198 820 228 his
830 195 970 228 relifflim
988 194 1045 226 effe
1054 215 1063 229 ‚
1083 202 1127 225 at-

175 252 234 283 que
251 242 416 272 desertum:
436 249 600 270 nummum
618 240 658 270 ob
677 240 856 279 sepulturam
876 238 979 269 datum
1000 238 1128 267 nemini.

176 294 242 325 qua:
254 283 273 313 si
283 283 362 314 dices
372 302 379 315 ,
393 281 539 311 tenebere.
563 280 606 311 sin
616 282 672 311 alia
681 281 777 311 dices:
792 290 859 321 quae
871 280 887 310 a
898 290 947 309 me
955 279 1035 309 dista
1046 279 1111 309 sunt
1120 298 1128 312 ‚

113 335 161 366 52
178 335 242 355 non
253 324 402 354 refutabis.
425 321 482 353 Hic
493 332 523 352 tu
535 325 624 352 etiam
636 323 731 353 dicere
741 322 874 355 audebis,
887 321 942 352 Est
953 319 1129 360 injudicibm

126 1954 141 1981 5

154 1966 164 1985 2

177 366 383 405 iucsamrmu
394 373 467 393 mens
480 385 487 397 ,
498 363 540 394 est
550 374 686 403 paternus
696 366 809 394 amicus
819 363 893 392 ille?
912 373 975 393 non
986 383 994 396 ‚
1006 372 1038 392 ut
1047 362 1130 403 quis-

177 418 234 449 que
246 409 379 436 maxime
391 405 449 439 est,
469 415 593 446 quicum
606 406 661 435 tibi
674 405 787 446 aliquid
800 403 848 438 sit,
867 409 875 424 ¹
890 407 928 435 ita
938 406 981 434 tui
993 404 1129 444 hujusce-

178 449 410 479 modicriminis
423 447 556 477 maximi:
572 457 644 476 eum
656 446 769 486 pudet?
787 449 925 477 Paternus
943 447 1057 476 amicus
1074 444 1128 475 est.

176 491 242 530 Ipse
252 488 529 529 patcrsijudicaret,
551 498 602 528 per
621 488 692 518 deos
712 488 929 521 immormleis,
948 487 1020 528 quid
1037 486 1132 517 facere

176 529 284 572 poffis,
302 530 372 560 cum
393 531 447 560 tibi
470 532 529 560 haec
547 530 679 560 diceret?
697 533 750 560 Tu
769 540 804 559 ru
820 539 1010 560 PROVINCIA
1029 529 1133 568 populi

178 575 313 603 Romani
334 582 439 612 praetor
449 592 457 605 ‚
479 581 550 601 cum
564 571 617 601 tibi
628 573 820 601 maritimum
832 571 946 601 bellum
956 569 1027 600 effet
1035 570 1134 600 admi-

177 613 367 644 nistrandum
380 633 388 646 ,
410 615 613 646 Mamertinis,
634 624 672 643 ex
682 612 794 643 foedere
810 623 899 653 quam
919 612 1061 642 deberent
1078 621 1130 640 na-

176 657 248 686 vem
260 675 268 687 ,
292 665 343 694 per
353 657 518 684 nienmum
529 654 683 684 remisisti:
701 655 755 684 tibi
765 654 842 694 apud
851 654 973 684 eosdem
992 655 1131 693 privatim

178 699 264 727 navis
284 698 417 726 oneraria
439 698 570 726 maxima
587 695 706 736 publice
718 695 758 726 est
768 694 908 726 aedificata
920 707 924 724 :
937 704 967 725 tu
980 696 995 725 {1
1005 696 1135 725 civitati-

178 738 235 769 bus
246 740 385 778 pecunias
395 737 485 767 claffis
502 747 629 768 nomine
640 737 762 778 coegisti
777 748 783 766 z
801 747 831 767 tu
843 739 938 777 pretio
948 739 1075 776 remiges
1085 734 1132 765 di-

178 778 302 810 misisti:
324 789 354 809 tu
366 799 374 813 ,
395 778 467 809 cum
478 782 563 809 navis
574 778 644 809 ess'et
653 780 667 809 a
677 779 819 820 quaestore
831 800 838 812 ‚
859 779 892 809 ὃς
902 779 938 809 ab
949 779 1044 819 legato
1054 786 1134 816 capta

177 821 356 862 praedonum
369 841 376 853 ‚
387 823 591 860 archipiratam
602 821 637 851 ab
648 821 789 851 omni'um
800 819 1061 850 oculisremovisti
1073 830 1077 847 z
1090 828 1132 851 tu,

177 864 230 904 qui
241 858 320 893 civ'es
332 865 424 893 Rom.
443 861 500 893 ess'e
511 862 678 892 dicerentur
688 883 695 895 ‚
717 865 768 903 qui
779 862 794 892 a
806 862 908 892 multis
919 862 1135 901 cognosceren-

178 914 244 938 tur,
259 905 351 934 securi
361 903 448 934 ferire
463 903 598 944 potuisti:
620 914 652 934 tu
663 913 744 934 tuam
756 904 884 933 domurn
895 905 1001 943 piratas
1008 902 1135 932 adduce-

178 956 211 976 re
221 965 230 980 ,
243 947 274 976 in
284 946 434 985 judicium
445 947 649 985 archipiratam
660 945 754 975 domo
764 945 925 984 producere
937 945 1024 974 ausus
1031 953 1061 973 es
1074 954 1079 971 ;
1101 952 1134 972 tu
1155 956 1157 974 !

178 989 214 1018 in
231 990 385 1027 provincia
404 996 463 1017 tam
484 987 656 1026 splendida,
675 987 750 1026 apud
763 988 857 1016 socios
869 984 1071 1018 fidelissimos,
1092 986 1135 1014 ci-

179 1031 245 1060 veis
258 1032 351 1060 Rom.
372 1027 611 1061 honestfflimos,
640 1030 669 1057 in
689 1036 784 1062 mera,
799 1028 991 1068 periculoque
1011 1028 1135 1067 provin—

179 1072 235 1101 ciae
245 1091 252 1103 ,
265 1070 327 1100 dies
337 1072 500 1100 continuos
516 1071 699 1109 complureis
710 1072 742 1099 in
754 1071 840 1099 litore
849 1090 857 1103 ,
879 1069 1084 1109 conviviisque
1092 1069 1136 1106 ja-

178 1111 283 1142 cuisti:
305 1121 332 1141 te
343 1122 392 1152 pei·
402 1122 453 1141 eos
463 1111 526 1141 dies
540 1121 632 1141 nemo
644 1111 729 1141 dorni
741 1120 798 1141 tuae
816 1112 974 1143 convenire,
996 1120 1089 1139 nemo
1104 1110 1137 1138 in

179 1153 250 1185 foro
260 1153 359 1183 videre
370 1155 483 1193 potuit:
496 1162 527 1183 tu
538 1153 787 1193 sociorum,atque
799 1155 965 1182 amicorum
974 1151 1009 1182 ad
1019 1162 1051 1181 ea
1060 1160 1135 1181 con·
1155 1169 1158 1182 ι

178 1197 264 1226 vivia
281 1193 520 1224 matresfamilias
540 1193 699 1224 adhibuisti
720 1205 724 1223 :
755 1204 786 1224 tu
804 1197 881 1224 inter
898 1193 1049 1232 ejusmodi
1068 1202 1138 1222 mu-

178 1237 268 1266 lieres
287 1245 494 1276 praetextatum
512 1245 599 1265 tuum
619 1234 717 1265 filium
731 1256 739 1269 ‚
762 1245 902 1276 nepotem
919 1244 1023 1264 meum
1041 1255 1049 1268 ‚
1073 1234 1138 1264 col-

180 1277 334 1308 locavisti:
353 1278 471 1307 utictati
488 1275 614 1306 maxim&
632 1276 756 1310 lubrica,
777 1287 862 1318 atque
873 1279 991 1307 ineertae
1001 1276 1139 1315 exempla

181 1321 326 1360 nequitiae
347 1321 475 1359 parentis
488 1321 550 1350 vita
566 1319 708 1359 praeberet
726 1330 732 1348 :
758 1328 788 1348 tu
807 1327 914 1359 praetor
931 1320 964 1348 in
983 1319 1138 1358 provincia

180 1371 254 1392 cum
263 1363 361 1390 tunica
372 1381 380 1394 ‚
396 1361 547 1401 pallioque
556 1370 704 1401 purpureo
713 1361 794 1390 visus
807 1371 839 1390 es
851 1371 856 1388 :
877 1370 907 1390 tu
923 1369 1042 1400 propter
1053 1369 1137 1389 amo-

180 1412 266 1436 rem,
290 1402 512 1443 libidinemque
530 1411 630 1436 tuam,
652 1404 815 1442 imperium
832 1404 957 1432 navium
970 1402 1065 1443 legato
1083 1410 1138 1441 po-

179 1445 352 1485 puliRom.
369 1444 525 1477 ademisti,
545 1445 724 1483 syracusano
735 1443 895 1474 tradidisti:
914 1445 957 1473 tui
976 1444 1088 1473 milites
1106 1444 1139 1471 in

180 1487 338 1526 provincia
347 1486 445 1516 Sicilia
455 1485 590 1527 frugibus
599 1506 607 1520 ‚
619 1485 832 1526 frumentoque
841 1495 957 1516 caruere
969 1496 973 1514 :
989 1494 1038 1515 tua
1048 1485 1139 1514 luxu-

180 1529 226 1558 ria
235 1548 244 1561 ‚
264 1536 350 1568 atque
359 1530 478 1558 avaritia
486 1526 578 1557 claffis
587 1528 691 1567 populi
701 1530 795 1557 Rom.
808 1529 824 1557 a
833 1527 1023 1567 praedonibus
1033 1535 1114 1567 capta
1125 1545 1133 1558 1

180 1569 347 1599 &incensa
358 1568 416 1599 est:
437 1569 503 1609 post
512 1570 663 1607 Syracusas
680 1569 834 1602 conditas,
855 1579 945 1609 quem
964 1570 997 1598 in
1016 1577 1138 1608 portum

181 1620 338 1651 nunquam
349 1609 441 1641 hostis
451 1609 648 1644 accesserar,in
658 1621 706 1643 eo,
718 1619 745 1640 te
754 1618 888 1650 praetore,
900 1610 1035 1650 primum
1044 1610 1142 1650 pirata

180 1653 411 1693 ¹amw'garn.⁷ru‚rit.·
432 1662 528 1692 neque
540 1654 599 1682 haec
611 1661 666 1685 tot,
681 1661 817 1692 tantaque
826 1650 1140 1682 dedecoravdiffimula-

181 1696 267 1724 tione
279 1703 325 1724 tua
334 1714 342 1726 ,
354 1704 448 1733 neque
459 1694 616 1724 oblivione
625 1695 800 1727 hominum,
812 1704 842 1724 ac
854 1695 1049 1724 taciturnitate
1060 1701 1139 1733 tege-

180 1746 213 1766 Je
225 1735 363 1766 voluisti:
383 1736 431 1765 sed
444 1737 533 1766 etiam
544 1737 668 1766 navium
680 1735 834 1775 pressei-Iros
845 1733 906 1765 sine
916 1735 975 1765 ulla
984 1735 1067 1765 causa
1078 1739 1093 1753 2'
1103 1734 1139 1764 de

181 1778 347 1818 complexu
356 1779 524 1817 parentium
537 1777 657 1807 suorum
668 1797 676 1810 ‚
692 1778 845 1817 hospitum
857 1785 977 1807 tuorum
989 1797 997 1810 ,
1008 1776 1042 1806 ad
1055 1786 1137 1806 mor-

181 1828 246 1849 tem
258 1840 266 1852 ,
281 1821 504 1860 cruciatumque
512 1818 631 1858 rapuisti
644 1829 649 1847 z
673 1821 809 1859 nequein
820 1828 976 1858 parentum
989 1818 1081 1851 iustu,
1098 1826 1141 1848 at-

184 1871 243 1902 que
254 1861 392 1900 lacrymis
404 1881 412 1894 ‚
433 1869 461 1890 te
472 1862 533 1890 mei
545 1862 681 1890 nominis
699 1862 955 1891 commemoratio
973 1861 1139 1900 mitigavit:

182 1902 240 1932 tibi
259 1903 422 1932 hominum
440 1901 629 1931 innocentium
641 1902 756 1941 fiznguss
776 1912 842 1933 non
867 1901 962 1932 modo
982 1901 1139 1941 voleeprati,

153 1954 163 1962 ⁴
186 1944 234 1974 sed
244 1946 333 1973 etiam
347 1942 460 1984 quastui
469 1943 535 1973 fuit.
573 1946 644 1973 Haec
655 1941 673 1972 si
683 1940 738 1973 tibi
750 1952 816 1973 tuus
826 1953 929 1983 parens
940 1943 1061 1976 diceret,
1072 1943 1140 1982 pos—

186 1986 230 2016 ses
240 1985 276 2015 ab
284 1995 321 2015 eo
329 1987 449 2015 veniam
459 1987 579 2025 petere?
600 1983 697 2025 poss'es
707 2005 715 2018 ,
736 1993 770 2014 ut
778 1985 834 2014 tibi
844 1986 1009 2026 ignosceret
1018 2005 1027 2018 ,
1038 1983 1141 2024 postu-

186 2027 246 2057 lare
260 2030 272 2056 ,⁷
293 2028 367 2057 Satis
378 2026 420 2056 est
428 2025 541 2056 fastum
551 2027 658 2056 Siculis
669 2047 677 2060 ,
691 2027 756 2057 satis
766 2025 893 2060 officio,-
909 2036 941 2057 ac
951 2024 1141 2056 neceffitudi-

186 2072 219 2099 ni
229 2088 236 2101 2
250 2068 367 2108 judices
379 2089 387 2101 ‚
406 2069 472 2098 satis
480 2067 627 2108 promisso
637 2068 755 2102 nostro,
767 2078 798 2099 ac
807 2077 937 2110 recepto.
960 2069 1089 2110 Reliqua
1099 2067 1141 2099 est

184 2120 220 2140 ea
228 2111 312 2140 causa
322 2130 330 2143 ‚
340 2110 454 2148 judices
467 2131 475 2143 ‚
487 2120 552 2150 quae
562 2111 693 2150 nonjam
705 2120 817 2151 recepta
827 2131 834 2144 ,
846 2111 894 2141 sed
906 2114 1022 2141 innata:
1042 2121 1140 2151 neque

183 2151 281 2182 delata
296 2151 331 2181 ad
346 2161 396 2181 me
406 2171 414 2185 ,
435 2152 528 2182 sedin
537 2154 638 2182 anima
648 2172 664 2185 ,v
678 2153 821 2193 sensuque
834 2163 903 2182 meo
913 2155 1031 2192 penitus
1040 2151 1138 2185 affixa,

184 2201 270 2233 atque
286 2191 371 2223 insita
384 2192 441 2223 est:
466 2203 532 2234 quae
542 2203 605 2223 non
614 2193 649 2223 ad
660 2194 809 2223 sociorum
823 2194 944 2224 salutem
958 2215 965 2226 ,
989 2194 1038 2224 sed
1048 2194 1083 2224 ad
1095 2196 1139 2224 ci-

183 2235 268 2264 vium
281 2236 568 2268 Romanoruthoc
579 2234 672 2268 est,ad
680 2235 896 2276 uniuftujufijue
904 2234 1023 2271 nostram
1033 2239 1138 2269 vitam,

183 2277 219 2306 ὃ(
233 2277 410 2316 sanguinem
429 2278 566 2316 pertinet.
590 2279 626 2306 ln
636 2287 694 2317 qua
703 2278 798 2306 nolite
809 2276 825 2306 a
834 2287 883 2306 me
895 2296 903 2310 ‚
923 2275 1002 2317 quasi
1011 2277 1140 2307 dubium

182 2316 220 2348 fit
229 2317 352 2358 aliquid,
362 2318 681 2359 argumenta,judices‚
693 2317 870 2358 exspeehre.
889 2319 1005 2352 omnia,
1016 2328 1082 2359 quae
1093 2318 1140 2348 di-

181 2369 250 2390 cam
262 2358 297 2388 de
312 2359 458 2399 supplicio
469 2361 583 2389 civium
595 2362 806 2390 Romanorum
817 2357 855 2389 fic
864 2368 951 2389 erunt
959 2360 1044 2393 clara,
1058 2360 1138 2389 &11-

182 2400 287 2432 lustria
299 2421 307 2434 ‚
329 2409 362 2430 ut
378 2399 414 2430 ad
433 2410 466 2431 ea
478 2400 628 2440 probanda
642 2401 876 2431 totamSiciliam
888 2400 992 2431 testem
1003 2400 1141 2430 adhibere
1157 2401 1159 2412 ¹

181 2441 305 2483 poffim.
337 2445 432 2472 Furor
444 2445 527 2472 enirn
537 2442 660 2482 quidam
674 2462 682 2476 ‚
698 2443 814 2473 sceleris
823 2463 833 2475 ,
846 2443 879 2472 ὃς
888 2442 1015 2472 audaciae
1024 2452 1137 2475 comm,
1157 2466 1159 2480 ,

183 2484 273 2514 ,istius
284 2482 460 2513 effrenatum
471 2486 609 2514 animum
621 2504 628 2516 ,
641 2486 906 2525 importunamque
915 2493 1050 2514 naturam
1061 2493 1141 2513 tanta
1157 2488 1159 2515 l

184 2523 324 2566 oppreffit
333 2527 464 2555 amentia
474 2547 483 2559 ,
506 2534 539 2555 ut
550 2535 717 2565 numquam
729 2526 875 2556 dubitaret
885 2527 916 2555 in
928 2534 1079 2555 conventu
1090 2535 1140 2564 pa-

184 2566 248 2597 lam
268 2567 407 2607 supplicia
416 2587 425 2601 ‚
445 2577 511 2607 quae
529 2569 562 2597 in
576 2566 715 2596 conmissus
728 2567 861 2606 maleficii
874 2568 916 2607 fir
922 2578 966 2596 vos
982 2566 1141 2597 constituta

184 2609 265 2641 sunt,
277 2618 310 2638 ea
321 2619 352 2638 in
362 2611 453 2638 civeis
463 2611 622 2639 Romanos
634 2619 824 2649 expromere.
848 2611 947 2650 Virgis
957 2608 1048 2649 quam
1060 2608 1140 2637 mul-

184 2657 233 2680 tos
243 2650 390 2683 ceciderit,
402 2650 473 2691 quid
484 2660 538 2692 ego
548 2660 791 2682 commemorem
802 2655 814 2680 ἒ
825 2653 959 2681 Tantum
973 2648 1140 2680 brevissime

185 2691 254 2721 dico
266 2711 274 2725 ,
294 2690 421 2731 judices.
453 2693 573 2722 nullum
586 2691 643 2722 fuit
652 2694 801 2726 omnino,
821 2691 878 2722 isto
885 2701 1008 2732 praetore
1019 2712 1027 2726 ‚
1041 2693 1073 2721 in
1083 2692 1141 2721 hoc

183 2742 292 2773 genere
312 2732 480 2763 discrimen.
516 2736 616 2774 Itaque
628 2735 686 2770 jam
696 2744 731 2764 co
746 2734 912 2764 isuetudiiie
921 2733 956 2763 ad
967 2743 1090 2774 corpora
1099 2734 1141 2762 ci-

184 2776 272 2804 vium
285 2776 497 2804 Romanorum
508 2777 598 2805 etiam
609 2774 669 2805 sme
679 2775 711 2805 11³
719 2786 764 2805 ius
775 2784 851 2805 nutu
869 2774 1016 2805 ferebatur
1033 2784 1141 2804 manus

118 2825 172 2858 54
187 2816 248 2856 ipsa
257 2814 381 2862 liftoris.
424 2819 508 2846 Num
520 2826 603 2856 potes
612 2818 671 2847 hoc
681 2827 796 2857 negare,
810 2820 926 2850 Verres,
937 2818 970 2846 in
979 2815 1047 2846 foro
1056 2817 1142 2855 Lily-

188 2857 257 2890 baei,
280 2866 418 2886 maximo
427 2867 577 2888 conventu
589 2878 597 2891 ‚
618 2861 650 2889 C.
662 2859 825 2889 Servilium
835 2879 844 2892 ,
855 2860 954 2888 civem
966 2861 1142 2888 Romanum

186 2901 222 2929 in
231 2905 384 2928 conventu
393 2901 608 2929 Panormitano
619 2919 627 2933 ,
642 2909 773 2930 veterem
784 2908 1000 2942 negotiatorem
1011 2919 1020 2933 ,
1042 2899 1076 2929 ad
1089 2901 1142 2929 rri-

187 2940 280 2974 bunal
290 2959 298 2974 ,
310 2949 376 2971 ante
386 2940 476 2980 pedes
488 2950 554 2971 tuos
564 2961 573 2975 ,
593 2941 628 2972 ad
639 2950 745 2973 terram
756 2963 765 2976 ,
785 2944 880 2983 virgis
893 2962 902 2976 ‚
926 2942 959 2973 δε
970 2941 1141 2972 verberibus

1156 112 1688 162 Cret-nosus

1172 194 1323 236 abje8u1m
1337 200 1349 226 ἒ
1359 196 1433 227 aude
1444 197 1501 228 hoc
1510 196 1645 238 primum
1655 204 1759 237 negare
1771 216 1779 231 ,
1792 195 1817 227 fi,
1825 202 1918 237 potes.
1941 203 2035 226 nemo
2045 191 2135 236 Liiyss

1175 238 1231 268 baei
1241 237 1308 271 fuit,
1321 240 1395 278 quin
1406 238 1515 269 viderit
1526 249 1531 267 z
1544 249 1637 269 nemo
1648 241 1681 268 in
1691 239 1800 272 Sicilia,
1819 240 1893 279 quin
1903 237 2037 269 audierit.
2063 238 2130 268 Pla-

1174 281 1218 321 gis
1229 279 1405 310 const-&um
1420 279 1489 310 dico
1503 280 1519 310 a
1529 280 1684 310 liEtoribus
1694 282 1753 310 tuis
1764 282 1862 311 civem
1873 282 2132 310 Romanum-ante

1175 321 1281 351 oculos
1291 330 1358 351 tuos
1369 320 1543 351 concidisse.
1568 321 1614 351 Ob
1624 331 1714 362 quam
1725 323 1850 355 causam,
1867 320 1908 351 dii
1925 320 2129 350 immortales!

1176 362 1289 393 tametsi
1300 364 1443 402 injuriam
1454 362 1533 392 facio
1550 364 1711 392 communi
1728 364 1817 393 causae
1829 383 1837 396 ,
1861 363 1893 393 δε
1910 364 1969 401 juri
1989 363 2130 392 civitatis.

1175 403 1253 444 quasi
1264 406 1347 434 enim
1357 402 1444 444 poffit
1455 403 1513 434 esse
1524 405 1581 433 ulla
1591 405 1674 444 caufiz
1685 423 1693 438 ‚
1711 414 1762 434 cur
1776 406 1833 435 hoc
1846 406 1984 445 cuiquam
1994 406 2054 433 civi
2064 405 2131 433 Ro-

1178 456 1268 475 mano
1280 447 1341 481 iure
1351 445 1462 476 accidat
1473 466 1482 478 ,
1493 447 1536 476 ita
1547 456 1647 486 quaero
1658 465 1665 478 ,
1681 455 1747 486 quae
1756 447 1789 475 in
1800 446 1926 475 Servilio
1935 444 2017 475 causa
2027 443 2130 476 fuerit.

1176 488 1323 527 Ignoscite
1334 489 1366 516 in
1376 488 1432 517 hoc
1443 497 1516 521 uno,
1526 487 1653 527 judices.
1677 489 1710 516 in
1718 489 1820 517 ceteris
1832 489 1988 516 enimrnon
2002 495 2131 526 magno-

1176 538 1243 567 pere
1253 529 1350 558 causas
1361 530 1517 569 requiram.
1540 531 1673 558 Locutus
1682 538 1741 558 erat
1750 527 1870 556 libm'm·
1876 529 1911 558 de
1920 527 2004 558 istius
2014 530 2129 567 impro-

1177 570 1265 599 bitate
1276 589 1284 603 ,
1295 579 1382 610 atque
1393 572 1534 610 nequitia.
1558 570 1648 612 Qod
1660 569 1707 599 isti
1718 569 1840 600 simulac
1849 572 2058 599 renunciatum
2069 568 2128 600 est:

1177 612 1338 640 hominem
1360 611 1446 650 jubet
1468 611 1637 650 Lilybaeum
1660 611 1872 641 vadimonium
1893 613 2024 641 Venerio
2044 611 2129 641 servo

1153 682 1155 691 Ι
1176 654 1362 692 promittere.
1378 654 1540 683 Promittit.
1556 653 1726 692 Lilybaeum
1738 655 1864 682 venitur.
1875 663 1979 693 cogere
1990 663 2061 682 eum
2069 661 2131 682 coe-

1178 696 1232 733 pit,
1246 693 1316 723 cum
1327 703 1423 734 agei-et
1432 704 1535 728 nemo>
1547 704 1640 724 nemo
1652 694 1811 733 postularet
1821 714 1829 728 ‚
1843 704 1896 724 u-s
1908 687 2024 724 duobus
2034 695 2129 724 milli-

1178 736 1233 764 bus
1244 734 1433 775 sponsionem
1447 735 1539 766 facere
1550 746 1619 765 cum
1631 735 1739 765 hewse
1750 736 1801 766 suo
1811 756 1819 769 ‚
1835 739 1881 766 N1
1898 745 2018 765 Puni-is
2033 745 2131 772 (ΨΕ-

1178 786 1268 806 ετυΜ
1287 786 1450 806 FACERET.
1482 779 1718 817 Recuperatores
1726 777 1762 807 de
1772 779 1894 807 cohorte
1904 778 1953 807 sua
1963 777 2035 807 dicit
2045 777 2131 807 datu-

1178 828 1254 847 rum.
1277 819 1420 848 Servilius
1431 819 1464 848 &
1474 819 1601 849 recusare
1613 839 1621 853 ‚
1637 819 1669 848 &
1681 819 1839 858 deprecari,
1853 829 1890 848 ne
1902 818 2133 859 iniquisjudici-

1179 860 1243 892 bus,
1256 860 1342 889 nullo
1354 860 1527 893 adversario,
1536 861 1687 900 judicium
1697 863 1801 899 capitis
1812 863 1843 890 in
1855 861 1881 890 se
1891 861 2128 891 constitueretur.

1180 899 1333 931 Haeccum
1344 901 1479 932 maxime
1499 902 1692 942 loqueretur,
1712 903 1762 932 sex
1776 902 1895 931 Iistores
1914 913 1984 931 eum
2003 904 2133 932 circum-

1179 941 1282 972 sistunt
1291 941 1482 972 valentiffimi
1494 964 1502 976 ‚
1516 943 1548 973 δε
1561 943 1596 973 ad
1606 943 1766 983 pulsandos
1779 965 1787 976 ,
1811 944 2066 984 verberandosque
2076 945 2133 973 ho-

1179 986 1278 1013 mines
1297 983 1528 1014 exercitatissimi
1541 996 1545 1014 :
1569 985 1686 1015 caedunt
1708 986 1850 1015 acerrime
1871 987 1961 1026 virgis
1975 996 1980 1014 ;
2003 986 2133 1026 denique

1179 1027 1336 1064 proximus
1356 1025 1445 1055 Iistor
1461 1025 1508 1064 (de
1518 1036 1579 1066 quo
1590 1027 1731 1066 saepejam
1743 1027 1819 1066 dixi)
1835 1026 1944 1056 Sestius
1957 1048 1976 1059 ‚.
1987 1028 2133 1057 converso

1180 1067 1299 1101 bacillo,
1312 1068 1417 1097 oculos
1427 1068 1536 1097 misero
1547 1068 1671 1098 tundere
1682 1067 1940 1098 vehementissime
1953 1071 2054 1108 coepit.
2078 1071 2136 1099 Ita-

1180 1118 1238 1149 que
1247 1109 1292 1137 illi
1303 1107 1374 1138 cum
1385 1109 1501 1149 sanguis
1515 1118 1548 1138 os
1558 1129 1565 1142 ‚
1585 1110 1749 1150 oculosque
1768 1109 1956 1149 compless‘et:
1983 1110 2134 1140 concidit:

1178 1149 1249 1180 curn
1261 1150 1308 1179 illi
1319 1151 1417 1179 nihilo
1427 1152 1531 1180 minus
1539 1153 1646 1187 iacenti
1657 1151 1742 1180 latera
1753 1152 1991 1185 tunderentur‚ut
2000 1152 2136 1192 aliquan-

1179 1191 1349 1230 dospondere
1356 1192 1385 1221 se
1395 1191 1515 1222 diceret.
1523 1194 1571 1222 Sic
1580 1193 1632 1221 ille
1640 1191 1862 1225 affe&us,illinc
1874 1202 1936 1222 tum
1949 1203 2002 1232 pro
2013 1203 2137 1224 mortuo

1179 1234 1318 1265 sublatus,
1331 1233 1413 1263 brevi
1423 1232 1523 1272 postea
1531 1232 1573 1262 est
1584 1243 1730 1263 mortuus.
1754 1234 1810 1264 Iste
1820 1243 1918 1264 autem
1930 1235 2136 1264 homo-Vene-

1180 1277 1240 1304 rius
1253 1294 1261 1307 ,
1275 1275 1307 1305 δε
1317 1273 1442 1304 affluens
1452 1277 1540 1304 omni
1550 1274 1648 1315 lepore
1660 1295 1668 1309 ‚
1679 1276 1711 1305 &
1721 1275 1873 1306 venustate
1884 1296 1891 1309 ‚
1907 1275 1944 1305 de
1956 1277 2042 1306 bonis
2052 1277 2135 1306 illius

1180 1318 1212 1346 in
1231 1316 1295 1346 aede
1314 1318 1439 1346 Veneris
1457 1325 1629 1358 argenteum
1651 1317 1833 1357 Cupidinem
1854 1318 1962 1357 posuit.
1988 1320 2034 1348 Sic
2045 1320 2134 1348 etiam

1180 1357 1309 1388 fortunis
1327 1358 1491 1388 hominum
1510 1357 1681 1387 abutebatur
1697 1359 1732 1390 ad
1750 1358 1896 1389 noblurna
1916 1369 1983 1389 vota
1991 1359 2136 1399 cupidita-

1180 1409 1245 1430 tum
1256 1400 1382 1429 suarum.
1427 1402 1508 1430 Nam
1528 1400 1600 1441 quid
1621 1411 1674 1442 ego
1688 1401 1725 1430 de
1735 1404 1839 1430 ceteris
1850 1403 1963 1430 civium
1976 1404 2134 1431 Romano-

1180 1451 1248 1471 rum
1260 1441 1410 1481 suppliciis
1421 1440 1591 1483 singillatim
1602 1441 1704 1482 potius
1714 1463 1722 1477 ‚
1742 1442 1831 1482 quam
1842 1445 2004 1482 generatim
2017 1463 2025 1477 ‚
2048 1452 2135 1484 atque

1183 1483 1319 1513 universe
1334 1483 1456 1523 loquar?
1469 1486 1572 1514 Carcer
1582 1485 1643 1518 ille,
1655 1486 1708 1525 qui
1719 1484 1761 1514 est
1771 1486 1785 1514 a
1795 1483 1996 1514 crudelissimo
2008 1493 2145 1524 tyranno

1180 1523 1329 1564 Dionysio
1339 1523 1433 1554 faElus
1443 1524 1667 1566 Syracusisquae
1676 1528 1837 1555 Laurumtae
1851 1527 2040 1560 vocantur,in
2050 1526 2136 1557 istius

1180 1568 1309 1605 imperio
1326 1566 1502 1595 domicilium
1519 1569 1634 1597 civium
1655 1570 1867 1598 Romanorum
1881 1567 1946 1598 fuit.
1973 1569 2138 1609 utquisque

1180 1607 1264 1637 istius
1272 1609 1410 1638 animum
1421 1628 1429 1641 ‚
1441 1617 1490 1638 aut
1499 1608 1603 1638 oculos
1614 1608 1776 1640 offenderat
1787 1612 1841 1643 ,vin
1852 1611 2024 1640 Lautumias
2035 1609 2135 1641 statim

1180 1649 1403 1688 conjiciebatur.
1428 1649 1662 1691 Indignumhoc
1671 1650 1762 1680 video
1772 1651 1867 1681 videri
1878 1651 2023 1680 omnibus
2035 1671 2042 1685 ,
2052 1651 2137 1691 judi-

1179 1701 1244 1721 ces:
1258 1692 1291 1721 δε
1304 1690 1334 1720 id
1343 1692 1410 1730 jam
1420 1693 1517 1731 priore
1526 1691 1656 1725 afflone,
1669 1692 1741 1722 cum
1752 1693 1814 1722 haec
1823 1692 1910 1723 testes
1920 1693 2051 1723 dicerent
2064 1713 2072 1726 ‚
2085 1695 2137 1723 in-

1180 1733 1293 1762 tellexi.
1316 1734 1436 1762 retineri
1454 1735 1538 1763 enim
1556 1737 1665 1773 putatis
1684 1744 1820 1775 oportere
1836 1737 1902 1774 jura
1917 1735 2060 1764 libertatis
2070 1744 2136 1765 non

1181 1773 1276 1804 modo
1286 1772 1334 1804 hic
1344 1793 1352 1807 ‚
1382 1775 1434 1804 ubi
1444 1775 1557 1805 tribuni
1567 1776 1662 1815 plebis
1673 1776 1759 1809 sunt,
1778 1776 1830 1806 ubi
1841 1778 1928 1806 ceteri
1939 1775 2133 1817 magistratus,
2166 1806 2168 1809 ,

1180 1816 1366 1887 ubisplenum
1375 1814 1475 1846 forum
1482 1817 1667 1856 judiciorum
1680 1838 1687 1851 ‚
1703 1818 1756 1848 ubi
1768 1818 1883 1848 senatus
1893 1817 2051 1847 auditorum
2063 1837 2071 1851 ‚
2083 1818 2136 1848 ubi

1179 1859 1228 1888 exi
1258 1859 1364 1887 imario
1372 1859 1477 1898 populi
1489 1861 1633 1892 Romani,
1648 1859 1680 1888 &
1691 1859 1875 1900 frequentia:
1890 1859 2138 1900 sed‚ubicumque

1181 1909 1322 1930 terrarum
1343 1899 1376 1929 &
1396 1903 1531 1941 gentium
1544 1921 1553 1934 ,
1574 1902 1722 1931 violatum
1737 1903 1785 1940 jus
1796 1903 1912 1931 civium
1923 1904 2139 1931 Romanorum

1180 1940 1212 1971 fit
1223 1961 1231 1975 ,
1244 1940 1368 1971 statuitis
1378 1942 1406 1971 id
1416 1943 1562 1981 pertinere
1572 1943 1612 1971 ad
1619 1944 1919 1983 communemcaufizm»
1928 1941 2064 1972 libertatis
2073 1962 2081 1976 ‚
2103 1943 2139 1974 δῦ

1180 1983 1342 2023 dignitatis.
1364 1985 1402 2012 In
1413 1993 1609 2014 excernorum
1619 1985 1832 2018 hominum,&
1843 1983 2061 2018 maleficorum,
2073 1984 2136 2014 sce-

1180 2025 1410 2065 leratorumque,
1422 2027 1454 2054 in
1464 2025 1651 2065 praedonum,
1664 2026 1858 2068 hostiumque
1866 2025 2014 2056 custodias
2028 2035 2060 2056 tu
2069 2035 2136 2056 tan-

1180 2075 1247 2097 tum
1267 2075 1428 2096 numerum
1448 2069 1562 2097 civium
1582 2070 1793 2098 Romanorum
1815 2068 1968 2098 includere
1981 2068 2066 2097 ausus
2080 2078 2110 2097 es
2123 2070 2136 2097 Ξ·

1180 2118 1387 2149 numquamne
1399 2109 1454 2138 tibi
1465 2109 1584 2148 judicii,
1599 2120 1765 2151 numquam
1773 2111 1932 2140 concionis
1942 2129 1950 2142 ‚
1963 2119 2137 2149 numquam>

1179 2151 1269 2185 huius
1287 2159 1374 2180 tanrae
1394 2150 1569 2191 frequentiae
1580 2172 1588 2184 ‚
1611 2162 1677 2191 quae
1691 2162 1770 2181 nunc
1779 2153 1882 2181 animo
1896 2160 1922 2180 te
1934 2149 2133 2190 iniquiffimo‚

1181 2190 1428 2232 infestissimoque
1440 2194 1580 2225 intuetur,
1592 2195 1718 2222 venitin
1729 2201 1865 2222 mentem
1876 2195 1887 2221 ?
1900 2202 2067 2232 numquam
2078 2192 2135 2222 tibi

1180 2233 1284 2273 populi
1304 2235 1438 2262 Romani
1456 2233 1585 2263 absentis
1602 2234 1731 2274 dignitas
1743 2254 1752 2267 ,
1771 2243 1938 2275 numquam
1951 2234 2059 2273 species
2073 2234 2135 2273 ipsa

1180 2274 1388 2314 hujuscemodi
1397 2275 1613 2309 multitudinis,
1624 2286 1656 2305 in
1667 2276 1941 2316 oculis‚animoque
1952 2276 2060 2306 versata
2069 2274 2111 2306 est
2121 2278 2134 2305 ἓ

1178 2325 1346 2356 numquam
1356 2325 1385 2346 te
1395 2317 1427 2345 in
1436 2317 1546 2346 horum
1557 2317 1751 2357 conspefifflm
1759 2317 1945 2351 rediturum«,
1967 2326 2134 2358 numquam

1178 2360 1210 2387 in
1221 2357 1323 2387 forum
1333 2357 1437 2397 populi
1448 2360 1581 2388 Romani
1589 2368 1752 2388 venturum
1761 2379 1770 2392 ,
1789 2369 1958 2400 numquam
1965 2357 2019 2399 sub
2028 2359 2135 2399 legum,

1179 2399 1212 2431 ὼ
1219 2398 1393 2437 judiciorum
1400 2398 1561 2439 potestatem
1570 2411 1601 2429 ca
1599 2401 1701 2440 ficrum
1710 2399 1767 2431 effe
1778 2400 1884 2441 putasti
1897 2403 1908 2430 ?
1951 2404 1990 2431 At
1999 2411 2064 2441 quae
2074 2409 2134 2431 erat

1178 2439 1231 2470 ista
1240 2440 1336 2469 libido
1345 2441 1524 2472 crudelitatis
1532 2443 1727 2472 exercendae?
1748 2453 1813 2483 quae
1828 2451 1872 2473 tot
1889 2442 2034 2472 scelerum
2042 2442 2133 2472 susci-

1177 2481 1357 2521 piendorum
1368 2483 1471 2512 causa?
1491 2484 1585 2517 nulla,
1595 2485 1723 2524 judices,
1733 2483 1996 2524 practer-praedandi
2005 2493 2130 2517 novam.

1179 2523 1413 2564 singularemque
1425 2526 1582 2555 rationem.
1615 2528 1695 2556 Nam
1706 2535 1738 2556 ut
1750 2526 1796 2556 illi
1806 2546 1815 2559 ,
1834 2526 1935 2567 quosa
1945 2527 2042 2566 po'e'tis
2051 2535 2133 2556 acce-

1179 2567 1278 2604 pimus
1289 2584 1297 2598 ‚
1320 2563 1550 2606 sinusquosdam
1562 2566 1684 2606 obfidiffe
1695 2570 1864 2598 maritimos
1873 2588 1882 2601 ,
1898 2577 1948 2598 aut
1960 2567 2055 2608 aliqua
2063 2576 2134 2608 pro-

1180 2607 1332 2636 montoria
1344 2626 1351 2640 ‚
1364 2616 1412 2636 aut
1421 2617 1566 2648 praerupta
1576 2609 1642 2639 saxa
1654 2607 1778 2639 tenuiffe
1789 2608 1928 2639 dicuntur
1939 2629 1947 2643 ‚
1959 2617 1991 2639 ut
2001 2619 2051 2639 eos
2060 2629 2069 2643 ‚
2081 2609 2134 2650 qui

1179 2647 1272 2678 essent
1281 2647 1391 2692 appulsi
1399 2651 1525 2690 navigiis
1535 2670 1544 2683 ‚
1558 2649 1721 2680 interficere
1731 2649 1848 2690 poffent
1858 2671 1866 2684 ‚
1881 2649 1918 2681 fic
1927 2649 1981 2680 iste
1988 2652 2021 2680 in
2031 2651 2136 2681 omnia

1181 2691 1272 2719 maria
1291 2689 1417 2719 infestus
1438 2700 1476 2720 ex
1493 2692 1640 2721 omnibus
1658 2693 1768 2722 Siciliae
1788 2692 1918 2732 partibus
1938 2692 2135 2722 imminebat-

1181 2734 1387 2771 Qaecumque
1397 2735 1481 2762 navis
1493 2743 1530 2762 ex
1540 2732 1604 2764 Asia
1614 2754 1622 2767 ,
1638 2744 1675 2763 ex
1687 2736 1768 2773 Syria
1779 2746 1787 2768 5
1806 2744 1871 2775 quae
1881 2737 1974 2773 Tyro,
1991 2743 2055 2774 quae
2064 2733 2136 2764 Ale-

1182 2772 1306 2803 xandria
1315 2783 1451 2808 venerat,
1467 2773 1567 2805 statim
1578 2777 1665 2805 certis
1676 2775 1827 2806 indicibus
1837 2796 1846 2809 ‚
1867 2776 1899 2805 δε
1909 2774 2082 2806 custodibus
2092 2783 2139 2805 te-

1183 2815 1307 2845 nebatur
1326 2825 1331 2843 2
1354 2814 1490 2846 veestores
1513 2826 1621 2846 omnes
1639 2819 1672 2846 in
1698 2818 1858 2847 lautumias
1878 2816 2136 2856 conjiciebantur:

1183 2866 1272 2886 onera
1282 2876 1290 2889 ,
1312 2865 1398 2896 atque
1417 2867 1531 2887 merces
1548 2860 1580 2887 in
1592 2860 1759 2898 praetoriam
1772 2859 1900 2888 domurn
1911 2857 2118 2889 deferebantur
2128 2866 2139 2887 t

1183 2898 1357 2927 Versabatur
1366 2900 1399 2927 in
1412 2899 1510 2928 Sicilia
1524 2899 1615 2940 longo
1626 2900 1784 2930 intervallo
1795 2900 1868 2929 alter
1878 2920 1886 2933 ‚
1899 2909 1963 2929 non
1974 2897 2138 2940 Dionysius

1181 2940 1234 2970 ille
1244 2959 1252 2973 ,
1273 2949 1330 2970 nec
1349 2940 1478 2971 Phalaris
1495 2940 1576 2980 (tulit
1588 2943 1672 2972 enim
1681 2941 1733 2972 illa
1741 2940 1894 2982 quondam
1908 2941 2003 2972 insula
2011 2941 2136 2974 multos,

2028 2983 2061 3014 &
2071 2991 2138 3013 cru-

225 3070 248 3089 1.
267 3065 308 3088 Ita
325 3065 362 3088 tui
378 3064 528 3097 hujuftemoda'
538 3067 640 3091 criminis
650 3068 750 3092 maxime
764 3077 814 3093 eum
828 3068 936 3101 pudc1?]
956 3069 997 3094 Ita
1007 3067 1035 3093 δε
1047 3066 1141 3093 ViS‘w-

184 3097 268 3126 tiana.
288 3097 329 3124 sed
342 3100 496 3126 vetustiores
507 3101 534 3126 δι
545 3100 613 3126 Pall.
631 3105 671 3129 Ita
681 3110 702 3127 te
711 3104 863 3137 hujuscemodi
878 3107 974 3129 crimine
983 3103 1084 3129 maxime
1093 3104 1143 3136 ejus

185 3133 266 3166 pudet.
286 3134 445 3171 Cujacianu:
456 3155 468 3172 ³
475 3138 513 3163 ita
522 3143 543 3164 te
551 3140 577 3165 in
587 3138 740 3173 hujusumoda*
748 3142 842 3169 crimme
852 3141 900 3175 {jus
910 3139 1109 3174 maximepudctr

1223 3075 1252 3092 2.
1271 3069 1304 3092 De
1313 3068 1428 3098 complexu
1433 3067 1796 3100 parcntiumfiwrum‚hospitum
1806 3068 1923 3102 tuoruum]
1937 3067 2007 3099 Estj't
2014 3063 2138 3097 Prisdani

1187 3101 1235 3131 lib.
1246 3111 1304 3132 vn.
1319 3102 1438 3139 vulgata,
1444 3103 1684 3139 parcmumfiuorum,
1694 3105 1849 3142 hospitumque
1857 3111 1958 3133 marm.

2062 3182 2088 3202 r.
2098 3174 2137 3200 Ex
