2360 3400
508 134 583 166 an
618 116 686 164 M.
725 112 1040 162 T·ur.1.1vM
1074 114 1497 170 CicERoirEM,
1534 117 1660 162 L113.
1688 114 1834 163 Vm.

197 197 294 234 modo
311 210 375 232 non
391 198 482 233 fecit,
501 197 552 229 sed
564 216 573 231 ,
591 194 663 227 cum
677 193 713 225 de
728 191 833 223 hostiis
849 201 999 234 ageretur,
1019 191 1154 233 &posset

194 251 261 275 rem*
279 243 446 284 impedire,
470 238 510 273 fi,
534 248 567 269 ut
587 245 834 267 numerarentur,
852 234 1031 274 postularet,
1051 237 1150 264 tacuit.

194 285 448 317 Tantumczitoni
455 279 585 313 affensus
594 278 637 309 est
645 298 653 312 ‚
665 279 715 319 qui
727 277 760 307 ὃς
769 277 886 307 locutus
895 274 1075 308 honorifice,
1088 285 1152 305 non

195 327 326 359 decrerat
335 325 576 366 supplicationes.
600 323 721 351 Tei-tius
739 318 775 349 ad
794 320 849 348 hos
859 319 1008 348 Favonius
1027 316 1151 348 acceffit.

194 371 294 411 Qare
302 377 357 408 pro
365 366 509 406 cujusque
518 373 621 394 natura
631 382 639 396 ‚
660 360 839 392 &instituto
850 380 860 393 ,
878 361 976 400 gratiae
986 359 1053 390 sunt
1063 367 1151 400 ageri-

194 410 259 441 dae:
278 411 324 439 his
335 429 344 443 ,
365 407 447 449 qubd
461 415 578 436 tantum
590 405 780 434 voluntatem
791 401 1002 432 ostenderunt:
1020 409 1075 440 pro
1086 400 1153 431 sen-

194 452 307 485 tentia,
329 449 401 480 cum
421 448 569 488 impedire
588 444 723 487 possent,
742 454 806 474 non
823 450 1007 484 pugnarunt:
1026 443 1153 488 Curioni

192 491 287 526 verb,
307 491 390 533 quod
406 491 443 521 de
460 491 579 520 suarum
598 487 755 518 aestionum
772 485 916 516 cursutua
924 483 1007 514 causa
1017 482 1150 513 deflexit.

193 537 279 565 Nam
288 535 434 566 Furnius,
454 532 488 562 δε
501 531 668 563 Lentulus,
689 537 722 559 ut
740 527 925 558 debuerunt,
947 523 1026 566 quasi
1045 534 1150 554 eorum

192 585 240 607 res
250 574 323 606 effet
331 594 340 609 ,
351 575 410 605 una
421 574 581 604 nobiscum
590 572 804 602 circumierunt
813 588 822 602 ‚
830 568 868 597 &
879 567 1056 596 laborarunt.
1067 566 1151 611 Balbi

193 627 317 658 quoque
327 617 462 647 Cornelii
476 624 596 655 operam
611 633 619 647 ‚
637 613 670 643 δε
683 611 868 642 sedulitatem
887 607 1002 638 laudare
1019 606 1149 647 possum.

194 661 277 689 Nam
288 669 358 689 cum
369 661 500 688 Curione
510 658 704 687 vehementer
713 654 829 682 locutus
838 649 881 681 est
896 648 943 678 2&
953 648 1060 682 eum,fi
1068 649 1152 679 aliter

190 699 325 734 fecisset,
344 701 486 740 injuriam
497 699 600 728 Caesari
618 695 767 726 finiturum
784 692 882 722 dixit:
900 699 964 720 turn
979 692 1043 730 ejus
1058 689 1150 722 fidem

190 745 226 773 in
238 742 440 782 suspicionem
455 741 589 771 adduxit.
613 740 680 768 Nec
690 737 808 765 deerant
817 732 942 773 quidem
953 751 961 765 ‚
981 733 1035 772 qui
1052 742 1150 773 neque

191 784 309 825 transigi
320 784 472 816 volebant,
484 781 636 813 Domitii,
647 779 802 817 Scipiones
811 794 822 822 ³.
831 773 941 814 quibus
951 774 1004 803 hac
1014 783 1043 803 re
1054 773 1089 820 ad
1101 784 1145 803 in·

191 825 401 856 tercess'ionem
422 822 603 855 avocandam
625 817 883 858 interpellantibus
903 834 912 848 ,
945 814 1148 845 venustiffim&

192 870 287 898 Curio
304 867 476 907 respondit,
497 865 525 895 se
545 872 582 892 eo
601 860 744 890 libentius
762 868 828 888 non
845 856 1025 887 intercedere
1037 877 1045 891 ,
1066 855 1148 898 quod

189 910 355 950 quosdam,
375 910 427 949 qui
446 907 658 937 decernerent,
679 901 795 931 videret
812 898 923 929 confici
941 899 1034 928 nolle.
1058 899 1149 940 Qod

190 951 228 982 ad
238 961 332 990 remp.
343 953 465 981 attinet,
485 949 519 977 in
536 954 628 975 utiam
648 943 765 974 causam
785 942 887 971 omnis
905 942 1062 970 contentio
1075 950 1149 971 con—

187 992 270 1033 jeaa
278 992 321 1023 est
329 1012 338 1026 ‚
354 991 390 1021 de
399 990 564 1031 provinciis
576 997 581 1016 :
600 991 633 1016 in
645 995 734 1027 quam
744 983 840 1014 adhuc
849 981 1016 1012 incubuisse
1024 992 1094 1013 curn
1106 982 1149 1013 se-

193 1043 266 1065 natu
277 1033 437 1073 Pompejus
456 1030 574 1060 videtur
585 1049 594 1062 ,
608 1032 625 1048 ‘¹
637 1037 669 1057 υτ
683 1027 776 1057 Caesar
787 1023 1000 1055 Id.›N0vemb.
1018 1024 1148 1055 decedat.

192 1078 285 1107 Curio
295 1075 399 1105 omnia
408 1073 511 1113 potius
520 1071 616 1102 subire
626 1068 802 1101 constituit,
820 1066 912 1108 quam
922 1065 953 1096 id
963 1068 1031 1106 pati.
1041 1075 1150 1097 ceteras

190 1117 256 1149 suas
265 1116 372 1156 abjecit
381 1116 526 1146 actiones.
549 1111 653 1143 Nostri
663 1109 753 1151 porrb
763 1130 771 1144 ‚
784 1119 861 1150 quos
872 1117 904 1138 tu
915 1108 990 1138 bene
1001 1107 1081 1138 nosti
1094 1128 1102 1142 ,
1113 1107 1149 1138 ad

191 1167 364 1189 extremum
384 1165 536 1187 certamen
553 1164 618 1184 rem
632 1152 778 1183 deducere
789 1160 853 1181 non
864 1149 983 1180 audent.
1006 1153 1100 1180 Scena
1108 1151 1150 1180 rei

190 1202 285 1230 totius
301 1201 384 1234 haec;
404 1197 566 1237 Pompeius
583 1204 724 1235 tanquam
736 1193 877 1223 Caesarem
896 1201 961 1221 non
979 1193 1148 1233 impugnet,

188 1242 240 1273 sed
251 1261 259 1275 ,
274 1242 356 1283 quod
366 1241 411 1270 illi
422 1248 542 1281 aequum
552 1246 646 1278 putet,
655 1235 827 1268 constituat,
840 1236 880 1264 ait
890 1235 1055 1263 Curionem
1066 1244 1149 1274 quae-

186 1293 252 1314 rere
261 1282 432 1314 discordias.
455 1280 550 1311 Valde
559 1288 660 1311 autem
671 1288 734 1308 non
746 1277 810 1306 vult
818 1295 827 1309 ,
847 1276 879 1305 δε
888 1275 976 1315 plane
988 1278 1075 1305 timet
1087 1278 1148 1305 Cae-

186 1325 281 1355 sarem
292 1327 358 1355 Cos.
370 1322 493 1364 Defign.
504 1320 587 1362 prius
598 1340 607 1354 ‚
626 1320 718 1361 quarn
727 1319 894 1348 exercitum
912 1318 944 1347 ὃς
962 1319 1149 1356 provinciam

186 1367 349 1397 tradiderit.
371 1367 524 1404 Accipitur
542 1363 609 1393 satis
629 1361 708 1391 male
729 1361 744 1390 ἐι
763 1361 914 1390 Curione:
933 1358 966 1388 &
986 1368 1067 1388 totus
1085 1361 1149 1398 ejus

184 1408 332 1439 secundus
339 1407 510 1438 consulatus
522 1412 693 1444 exagitatur.
717 1404 786 1432 Hoc
800 1401 853 1430 tibi
869 1400 954 1430 dico:
974 1398 993 1429 si
1004 1401 1148 1430 omnibus

184 1450 273 1480 rebus
281 1456 420 1489 prement
430 1449 597 1478 Curionem
608 1457 617 1479 3
632 1444 725 1474 Caesar
734 1442 920 1473 defendetur.
943 1440 965 1472 si
974 1441 1148 1473 intercesso-

183 1501 250 1521 rem
260 1511 271 1525 .
287 1489 380 1531 (quod
391 1488 542 1528 videntur)
553 1486 776 1517 reformidarint
794 1485 906 1519 ·‚Caesai·
915 1504 923 1518 ‚
944 1484 1042 1524 quoad
1052 1484 1145 1518 volet,

184 1533 333 1563 manebit.
356 1534 456 1570 Quam
467 1530 591 1572 quisque
600 1529 781 1558 sententiam
791 1527 921 1560 dixerit,
940 1529 970 1555 in
986 1535 1147 1557 commen-

183 1577 262 1605 tario
271 1573 314 1604 est
323 1583 425 1604 rerum
436 1573 617 1602 urbanarum
629 1581 634 1599 z
646 1580 684 1599 ex
693 1579 755 1610 quo
764 1577 796 1599 tu
809 1588 817 1603 ‚
829 1578 895 1610 quae
904 1568 997 1608 digna
1006 1568 1091 1602 sunt,
1103 1569 1147 1599 se-

182 1616 255 1658 lige.
279 1616 374 1646 multa
388 1613 473 1646 tranfi
484 1633 492 1648 ,
512 1615 546 1643 in
554 1613 662 1653 primis
673 1611 814 1641 ludorum
826 1608 1016 1651 explofiones
1025 1630 1033 1645 ‚
1052 1611 1086 1640 &
1097 1609 1146 1642 fu-

184 1667 295 1688 nerum
314 1677 323 1691 ‚
353 1657 386 1687 &
404 1657 586 1697 ineptiarum
605 1662 782 1685 cete-rarum.
812 1653 922 1693 *plura
942 1651 1030 1682 habet
1051 1653 1147 1684 utilia.

184 1701 327 1741 Denique
339 1699 421 1730 malo
431 1701 463 1729 in
477 1698 551 1727 hanc
560 1705 674 1737 partem
683 1705 778 1726 errare
786 1714 795 1729 ‚
815 1704 847 1724 ut
857 1714 866 1728 ,
884 1704 951 1734 quae
959 1704 1025 1724 non
1033 1693 1146 1725 defide-

182 1751 229 1774 ras
237 1761 246 1776 ,
257 1741 357 1771 audias
369 1761 377 1775 ‚
388 1750 478 1781 quam
490 1739 654 1781 quidquam
665 1756 675 1771 ‚
686 1737 769 1778 quod
779 1746 855 1776 opus
864 1737 906 1767 est
915 1756 923 1771 ,
935 1738 1147 1776 praetermitta-

183 1792 242 1815 tur.
265 1783 341 1813 Tibi
359 1792 438 1812 curae
459 1780 546 1812 fuiffe
560 1781 601 1810 de
618 1781 746 1810 Sittiano
765 1779 905 1820 negotio,
927 1777 1052 1817 gaudeo.
1075 1779 1144 1813 Sed,

182 1834 282 1867 quum
293 1823 445 1863 suspicaris
454 1843 464 1857 ‚
485 1821 591 1853 minus
600 1830 678 1852 certa
689 1819 748 1851 fide
757 1830 808 1851 eos
819 1820 875 1850 tibi
885 1820 965 1851 visos
977 1829 984 1849 2
1003 1828 1145 1861 tanquam

189 1864 521 1908 procurator,sicagas‚
534 1873 616 1905 rogo.

378 1917 597 1946 ceELIUs
619 1915 895 1947 CICERONI,
922 1915 949 1944 S.

271 1970 303 1997 U
311 1977 331 1997 n
339 1977 359 1997 E
368 1978 388 1996 τ
408 1976 457 1996 me
468 1966 522 1996 tibi
532 1963 668 1996 confiteri
680 1985 688 1999 ,
699 1965 732 1995 δε
742 1965 825 2006 queri
837 1964 872 1994 de
883 1964 989 2004 Appii,
1009 1962 1145 1994 hominis

265 2007 452 2050 ingratiffimi
463 2028 472 2043 ,
484 2009 615 2048 injuriis,
625 2009 680 2048 qui
690 2017 740 2037 me
750 2005 844 2037 odisse
853 2026 862 2040 ‚
873 2009 943 2047 quia
952 2015 1059 2047 magna
1069 2007 1145 2036 mihi

186 2051 313 2081 debebat
325 2049 466 2087 beneficia
477 2070 486 2084 ‚
512 2051 618 2089 coepit:
640 2049 672 2080 &
681 2048 753 2079 curn
766 2049 860 2078 homo
869 2058 973 2078 avarus
983 2067 992 2081 ‚
1004 2057 1077 2078 urea
1088 2047 1146 2078 sol-

181 2100 267 2122 veret
277 2112 286 2126 ,
308 2091 360 2122 fibi
380 2094 524 2132 imperare
543 2101 608 2121 non
626 2089 721 2131 posset
732 2110 741 2124 ‚
761 2090 917 2120 occultum
937 2089 1053 2121 bellum
1066 2090 1146 2119 mihi

183 2133 315 2164 indixit:
337 2135 377 2163 ita
387 2134 541 2164 occultum
553 2141 674 2167 tamen,
690 2133 822 2162 utmulti
833 2133 911 2161 mihi
924 2133 1144 2164 renunciarent,

185 2174 222 2204 ὃς
237 2176 298 2215 ipse
316 2174 405 2206 facile
421 2175 689 2206 animadverterem
700 2194 709 2207 ‚
730 2174 809 2205 male
819 2184 888 2203 eum
901 2173 937 2204 de
948 2183 997 2203 me
1006 2175 1143 2214 cogitare.

181 2216 376 2258 Posteaquam
388 2217 461 2248 verb
472 2218 605 2257 comperi
620 2226 691 2247 eum
703 2216 864 2258 collegium
877 2213 999 2246 tentass'e
1011 2226 1016 2244 ;
1034 2214 1144 2245 deinde

181 2258 282 2298 aperte
293 2269 362 2289 cuni
373 2259 552 2300 quibusdam
562 2260 698 2289 locutum
710 2269 716 2287 :
726 2268 796 2288 cum
807 2259 991 2288 L-Domitio
1001 2277 1010 2291 ,
1022 2266 1145 2287 utnunc

185 2299 228 2330 est
239 2320 248 2334 ,
260 2301 337 2330 mihi
351 2299 560 2331 inimiciffimo
571 2301 698 2330 homine
706 2319 715 2334 ,
727 2300 889 2330 deliberare
901 2299 995 2330 :velle
1005 2300 1064 2329 hoc
1075 2308 1144 2328 mu-

185 2342 346 2372 nusculum
357 2342 470 2373 deferre
480 2345 536 2373 Cn.
547 2343 693 2382 Pompejo
707 2342 822 2382 :ipsum
833 2340 1079 2381 reprehenderem
1091 2360 1100 2373 ‚
1112 2340 1144 2370 &

183 2383 222 2413 ab
239 2393 278 2413 eo
290 2383 458 2425 deprecarer
468 2386 611 2425 injuriam
622 2404 630 2418 ,
651 2393 744 2425 quem
755 2386 846 2413 vitam
857 2383 935 2413 mihi
944 2382 1051 2413 debere
1061 2390 1145 2422 puta-

182 2434 246 2456 ram
259 2445 268 2459 ‚
287 2427 446 2466 impetrare
463 2426 479 2457 ὲ
498 2437 549 2457 me
567 2436 632 2457 non
650 2427 748 2466 potui.
773 2424 855 2466 Qid
868 2434 939 2465 ergo
949 2423 1012 2454 est?
1034 2427 1046 2451 3
1060 2427 1142 2455 Tum

228 2467 308 2498 idem
330 2467 445 2509 aliquot
462 2470 587 2503 amicis,
606 2469 659 2509 qui
670 2467 756 2498 testes
765 2476 847 2498 erant
857 2476 998 2496 meorum
1009 2467 1042 2496 in
1053 2466 1142 2495 illum

221 2511 364 2539 :ritorum
375 2529 384 2543 ,
402 2511 520 2540 locutus
531 2511 607 2541 sui-n.
630 2508 821 2550 posteaquam
833 2508 922 2539 illum
935 2527 945 2542 ‚
964 2518 1024 2542 ne,
1041 2509 1090 2538 cui
1101 2507 1142 2537 sa-

183 2549 329 2582 tisfaceret
339 2551 462 2592 quidem
473 2571 482 2586 ‚
495 2561 545 2582 me
553 2552 681 2594 dignum
691 2552 798 2582 habere
807 2548 882 2581 sensi
892 2569 901 2585 ,
914 2549 1008 2580 malui
1019 2549 1142 2590 collega:

1190 193 1254 232 ejus
1262 212 1270 226 ‚
1283 193 1404 223 homini
1413 192 1594 225 alieniffimo
1605 195 1696 228 mihi,
1709 194 1741 225 δε
1749 204 1870 236 propter
1879 194 2046 227 amicitiam
2059 203 2153 229 tuam,

1190 238 1253 264 non
1266 234 1451 276 aequiffimo,
1484 246 1534 265 mc
1545 236 1675 276 obligare
1687 256 1696 270 ‚
1715 239 1806 278 quam
1825 238 1907 268 illius
1925 235 2018 268 simiae
2033 237 2152 267 vultum

1191 275 1299 317 subire.
1323 276 1357 307 Id
1371 276 1529 318 postquam
1551 278 1667 311 resciit,
1688 279 1810 309 canduit
1820 299 1829 313 ,
1854 279 1886 309 δε
1896 289 1945 309 me
1954 278 2071 309 causam
2090 280 2155 308 ini-

1190 318 1373 348 micitiarum
1391 329 1522 390 qluaerere
1543 320 1708 350 clamitavit
1717 340 1725 354 ,
1748 330 1780 350 ut
1791 319 1811 351 si
1822 322 1899 351 mihi
1912 323 1943 351 in
1953 322 2078 362 pecunia
2090 322 2152 350 mi·⁷

1189 357 1247 388 nus
1266 359 1390 389 satisfeci
1417 359 1465 394 et,
1485 371 1536 400 per
1554 362 1628 392 hanc
1637 362 1767 402 speciem
1787 361 1941 393 simultatis
1959 372 2028 392 eum
2039 363 2146 393 conse-

1189 398 1291 429 Eizirer.
1314 400 1417 432 Postea
1427 412 1491 432 non
1500 402 1612 433 destitit
1621 403 1764 433 accersere
1773 404 1869 444 palam
1881 406 2017 435 Servium
2030 414 2099 435 accu
2105 404 2148 435 sa-

1188 449 1284 471 torem
1296 461 1305 475 ,
1324 443 1401 472 inire
1417 453 1485 473 cum
1498 446 1641 475 Domitio
1658 444 1796 475 consilia:
1816 446 1928 487 quibus
1947 456 2019 476 curn
2040 456 2144 485 parurn

1187 483 1374 529 procederet,
1399 492 1431 513 ut
1440 485 1501 513 ulla
1511 485 1573 525 lege
1584 487 1661 515 mihi
1672 496 1819 526 ponerent
1830 488 2029 518 accusatorem
2041 507 2050 520 .
2061 498 2141 518 com-

1188 523 1332 568 pellariea
1342 524 1404 565 lege
1415 535 1464 554 me
1478 526 1638 557 voluerunt
1650 547 1658 561 ‚
1680 538 1737 568 qua
1746 528 1843 559 dicere
1854 539 1917 559 non
1928 538 2072 569 poterant.
2097 532 2148 559 In-

1189 563 1378 595 solentiffimi
1387 567 1529 596 homines
1538 568 1665 597 summis
1676 569 1859 601 Circensibus
1870 570 1948 601 ludis
1960 571 2037 600 meis
2046 570 2149 610 postu-

1188 605 1312 636 landum
1323 616 1373 636 me
1386 607 1449 647 lege
1458 611 1608 639 Scantinia
1621 620 1730 640 curant.
1745 614 1805 641 Vix
1815 613 1872 643 hoc
1883 621 1943 643 erat
1959 612 2148 652 praelocutus,

1179 648 1258 678 'cum
1275 658 1330 687 ego
1348 651 1482 688 Appium
1494 650 1649 680 censorem
1660 651 1763 682 eadem
1785 654 1847 693 lege
1867 653 2027 694 postulavi.
2058 656 2146 694 Qod

1188 689 1298 719 melius
1315 689 1448 724 caderet,
1470 691 1549 720 nihil
1565 691 1637 720 vidi.
1662 694 1743 722 Nam
1757 693 1791 723 sic
1802 695 1868 725 esta
1878 696 1991 735 populo
2002 716 2010 730 ‚
2035 694 2068 726 &
2081 705 2146 725 non

1186 729 1298 760 infimo
1316 741 1438 772 quoque
1453 732 1646 771 approbatum
1659 752 1667 766 ‚
1687 742 1720 763 υτ
1737 737 1881 774 majorem
1895 740 1992 777 Appio
2006 736 2146 767 dolorem

1185 772 1266 803 fama
1275 792 1283 806 ‚
1297 774 1388 813 quarn
1399 772 1561 813 postulatio
1573 794 1580 807 ,
1594 775 1733 805 attulerit.
1758 778 1893 807 Praeterea
1903 781 1979 818 coepi
1990 779 2145 813 sacellum,

1188 816 1220 845 in
1230 814 1269 844 do
1276 825 1327 844 mo
1338 815 1420 855 quod
1429 814 1471 845 est
1483 836 1491 849 ,
1512 816 1548 846 ab
1561 826 1598 845 eo
1607 826 1714 856 petere.
1745 818 1908 848 Conturbat
1919 830 1967 849 me
1978 830 2062 850 mora
2072 820 2147 850 servi

1187 857 1275 896 hujus
1287 876 1295 890 ‚
1316 859 1367 897 qui
1385 856 1441 887 tibi
1452 858 1562 887 litteras
1572 859 1682 887 attulit.
1707 860 1787 888 Nam
1798 862 1922 899 acceptis
1936 862 2084 899 prioribus
2096 862 2147 892 lir-

1186 900 1254 928 teris
1263 918 1271 931 ,
1282 902 1299 925 4
1309 898 1438 938 amplius
1448 899 1640 940 quadraginta
1650 898 1765 930 mansit.
1779 901 1861 942 Qiid
1873 901 1928 931 tibi
1940 902 2075 936 scribam,
2093 914 2148 933 ne-

1186 940 1256 970 scio.
1280 940 1334 970 scis
1346 941 1581 971 Domitiodieni
1592 942 1696 971 timori
1705 940 1772 972 esse.
1798 942 1944 982 Exspeeh
1956 952 1982 973 te
1993 944 2094 976 valde,
2114 946 2146 975 δε

1185 982 1277 1022 quam
1294 983 1429 1022 primum
1449 982 1551 1012 videre
1571 986 1670 1023 cupio.
1694 987 1760 1014 Are
1779 993 1869 1023 peto,
1890 993 1921 1015 ut
1932 994 2012 1014 meas
2026 987 2147 1024 injurias

1185 1024 1313 1095 prpinde
1331 1023 1433 1095 dqleas
1443 1044 1451 1058 ,
1473 1034 1504 1055 ut
1515 1034 1563 1055 me
1573 1024 1730 1057 existimas
1740 1026 1772 1056 &
1782 1026 1883 1057 dolere
1894 1046 1903 1061 ,
1926 1026 1960 1057 δε
1971 1026 2073 1057 ulcisci
2084 1036 2147 1058 tuas

1187 1066 1217 1096 so
1233 1075 1291 1096 ere.
1314 1068 1358 1096 Va
1372 1075 1397 1095 e.

1382 1118 1595 1148 COELIUS
1625 1120 1898 1152 CICERONI,
1921 1121 1950 1149 S.

1195 1154 1270 1232 G
1284 1160 1313 1189 R
1322 1168 1344 1187 A
1352 1168 1372 1188 τ
1381 1168 1405 1189 u
1414 1168 1434 1188 L
1443 1169 1462 1189 o
1474 1168 1495 1189 R
1510 1159 1565 1189 tibi
1575 1158 1717 1190 affinitate
1729 1162 1787 1190 viri
1797 1161 1915 1191 medius
1926 1159 2016 1191 fidius
2025 1160 2148 1201 optimi.

1278 1202 1359 1230 Nam
1372 1202 1430 1230 hoc
1439 1210 1494 1242 ego
1504 1200 1540 1231 de
1551 1202 1606 1231 illo
1617 1201 1770 1232 existimo.
1795 1205 1896 1232 Cetera
1911 1212 1999 1243 porro
2011 1222 2019 1236 ,
2039 1202 2151 1242 quibus

1186 1241 1282 1272 adhuc
1292 1243 1343 1272 ille
1356 1241 1409 1272 fibi
1418 1252 1524 1282 parum
1535 1243 1618 1274 utilis
1628 1243 1687 1273 fuit
1696 1263 1704 1276 ‚
1727 1244 1760 1274 &
1773 1247 1787 1271 5
1796 1253 1878 1274 aetate
1888 1245 1952 1285 jam
1963 1242 2030 1274 sunt
2040 1245 2149 1274 decur-

1186 1284 1213 1314 sa
1225 1303 1232 1316 ,
1245 1283 1279 1313 8:
1287 1284 1504 1315 consuetudine
1513 1305 1521 1318 ‚
1541 1294 1626 1326 atque
1635 1285 1808 1316 auetoritate
1817 1295 1867 1316 tua
1877 1306 1886 1319 ‚
1898 1286 1931 1316 &
1941 1286 2056 1326 pudore
2067 1285 2146 1316 Tul-

1185 1326 1232 1355 liae
1245 1345 1254 1359 ,
1274 1324 1294 1355 fi
1304 1335 1362 1366 qua
1371 1325 1521 1357 rest-abunt
1530 1347 1539 1360 ,
1558 1325 1682 1358 confido
1692 1327 1826 1358 celeriter
1836 1328 1988 1359 sublatum
1998 1329 2046 1358 iri.
2070 1329 2102 1357 N
2105 1337 2147 1358 on

1186 1366 1229 1397 est
1238 1368 1322 1397 enim
1333 1377 1454 1410 pugnax
1463 1371 1496 1399 in
1505 1370 1591 1400 vitiis
1602 1389 1610 1403 ‚
1624 1379 1720 1410 neque
1732 1369 1822 1400 hebes
1832 1369 1909 1400 adid
1919 1389 1928 1403 ‚
1943 1368 2027 1410 quod
2038 1369 2148 1399 melius

1185 1407 1219 1439 fit
1227 1429 1236 1443 ‚
1247 1410 1490 1451 intelligendum.
1509 1410 1631 1441 Deinde
1642 1411 1733 1452 (quod
1744 1413 1918 1441 maximum
1929 1412 1984 1451 est)
1992 1421 2048 1452 ego
2059 1410 2146 1440 illum

1185 1451 1270 1481 valde
1281 1461 1361 1482 amo.
1378 1450 1395 1472 ⁶
1404 1452 1506 1482 Velles
1515 1455 1720 1483 C.Curi0nem
1730 1452 1868 1484 nostrum
1880 1454 1996 1483 lautum
2006 1452 2147 1482 interces-

1184 1491 1275 1522 sionis
1292 1493 1329 1524 de
1344 1495 1510 1533 provinciis
1527 1496 1647 1525 exitum
1661 1493 1802 1525 habuisse.
1828 1497 1910 1525 Nam
1920 1504 1992 1524 cum
2003 1493 2144 1524 deinter-

1183 1533 1310 1565 ceffione
1320 1535 1491 1570 referretur,
1514 1546 1582 1577 quae
1594 1537 1696 1567 relatio
1707 1536 1793 1567 fiebat
1803 1546 1843 1566 ex
1855 1546 1878 1566 s.
1893 1546 1922 1566 c.
1932 1537 2088 1576 primaque
2098 1536 2144 1566 M.

1184 1577 1320 1606 Marcelli
1329 1577 1474 1607 sententia
1484 1580 1675 1618 pronuntiata
1684 1577 1756 1609 efl'et
1766 1598 1774 1613 ,
1786 1580 1839 1620 qui
1849 1578 2003 1618 agendum
2013 1587 2083 1609 curn
2095 1579 2150 1608 tri-

1186 1618 1275 1649 bunis
1285 1618 1381 1659 plebis
1390 1619 1545 1650 censebat:
1564 1619 1705 1661 frequens
1724 1620 1840 1651 senatus
1856 1621 1889 1650 in
1911 1619 1969 1650 alia
1981 1621 2087 1650 omnia
2101 1620 2146 1649 iit.

1183 1662 1344 1691 Stomacho
1353 1659 1397 1692 est
1406 1661 1518 1692 scilicet
1525 1664 1639 1702 Pompe
1639 1662 1651 1702 j
1655 1672 1688 1692 us
1699 1664 1827 1704 Magnus
1837 1671 1920 1692 nunc
1929 1663 1969 1692 ita
1980 1662 2134 1703 languenti
2139 1681 2149 1695 0

1184 1711 1216 1732 ut
1231 1703 1285 1733 vix
1300 1702 1330 1733 id
1341 1723 1350 1737 ,
1373 1702 1455 1744 quod
1465 1701 1518 1734 sibi
1528 1704 1639 1744 placeat
1650 1723 1659 1739 ‚
1682 1706 1839 1744 reperiant.
1862 1702 2146 1736 Transierantilluc.

1183 1753 1217 1775 ut
1233 1747 1310 1775 ratio
1327 1743 1398 1776 ess'et
1415 1746 1478 1784 ejus
1493 1745 1718 1787 habendasqui
1733 1755 1831 1787 neque
1841 1747 2008 1776 exercitum
2020 1764 2029 1779 ‚
2049 1754 2149 1785 neque

1182 1788 1353 1826 provincias
1373 1788 1485 1817 tradere
1504 1788 1604 1818 vellet.
1628 1787 1843 1830 Qemadmod
1849 1798 1901 1818 um
1916 1788 1974 1817 hoc
1984 1789 2149 1827 pompejus

1183 1830 1294 1858 laturus
1312 1827 1346 1858 sit
1356 1848 1366 1861 ,
1384 1828 1456 1859 cum
1470 1830 1629 1871 cognoscat
1639 1849 1648 1864 ,
1663 1829 1816 1871 quidnam
1827 1828 1941 1869 reipub.
1952 1828 2089 1858 futurum
2099 1827 2145 1861 sit.

1184 1868 1204 1898 fi
1213 1878 1262 1899 aut
1271 1879 1337 1899 non
1346 1869 1434 1909 poffit
1444 1890 1453 1904 ,
1468 1881 1517 1901 aut
1527 1881 1591 1901 non
1601 1881 1684 1902 curet
1695 1891 1704 1905 ,
1720 1881 1774 1901 vos
1786 1870 1986 1901 senes-divites
1997 1869 2145 1900 videritis.

1184 1913 1243 1952 Q.
1254 1910 1432 1942 Hortenfius
1442 1931 1451 1945 ,
1469 1911 1542 1942 curn
1552 1914 1603 1943 has
1612 1913 1723 1943 litteras
1731 1910 1828 1953 scripsi
1837 1932 1846 1947 ‚
1866 1913 2002 1943 animam
2013 1912 2125 1954 agebat.

1379 1966 1591 1996 C'OELIUS
1622 1965 1897 1998 CICERONI,
1920 1966 1948 1995 S.

1286 2008 1372 2037 Axi·
1383 2016 1394 2036 1
1415 2016 1479 2037 non
1496 2005 1555 2036 fuit
1572 2006 1699 2037 Arsacen
1718 2016 1839 2046 capere,
1857 2006 2025 2037 Seleuciam
2045 2014 2142 2045 expu-

1217 2059 1220 2062 ’
1278 2058 1366 2089 gnare
1378 2068 1387 2082 ‚
1406 2057 1440 2078 ut
1448 2057 1549 2078 earum
1559 2057 1658 2078 rerum
1670 2068 1679 2082 ,
1699 2058 1764 2089 quae
1776 2046 1822 2078 hic
1831 2047 1917 2088 gestae
1929 2048 1997 2078 sunt
2006 2067 2014 2082 ,
2032 2046 2147 2087 specla-

1181 2090 1252 2119 culo
1262 2099 1383 2120 careres-
1406 2100 1573 2131 numquam
1583 2089 1637 2119 tibi
1650 2088 1904 2120 oculidoluiss'ent
1914 2110 1922 2123 ,
1943 2087 1964 2118 si
1979 2091 2010 2119 in
2022 2087 2141 2129 'repullit

1183 2132 1319 2161 Domitii
1339 2132 1461 2162 vultum
1480 2129 1612 2161 vidisses.
1637 2141 1743 2172 magna
1752 2132 1803 2161 illa
1812 2133 1938 2162 comitia
1945 2130 2070 2160 fuerunt
2079 2150 2089 2163 ,
2110 2130 2144 2160 &

1182 2173 1270 2213 plane
1279 2172 1375 2203 studia
1387 2183 1424 2203 ex
1434 2175 1562 2213 partium
1574 2173 1656 2203 sensu
1669 2182 1880 2214 apparuerunt:
1895 2174 2030 2214 perpauci
2042 2171 2149 2202 neces?

1183 2213 1344 2245 fitudinem
1363 2215 1454 2246 secuti
1477 2213 1614 2245 officium
1634 2215 1844 2255 ptaestiterunt.
1879 2217 1981 2256 Itaque
2001 2214 2081 2244 mihi
2101 2209 2144 2243 est

1182 2255 1577 2288 Domitiusinimiciffimus
1587 2277 1596 2290 ‚
1611 2261 1624 2285 7
1635 2266 1665 2287 υτ
1678 2267 1716 2286 ne
1725 2255 1906 2287 familiarem
1917 2255 2041 2297 quidem
2055 2256 2142 2286 suum

1182 2309 1365 2340 quemquam
1378 2308 1436 2329 tam
1448 2299 1546 2330 oderit
1557 2319 1566 2332 ,
1585 2298 1675 2339 quam
1691 2308 1739 2329 me
1753 2309 1758 2327 :
1776 2307 1862 2339 atque
1876 2309 1913 2328 eo
1927 2300 2022 2339 magis
2033 2317 2041 2330 ‚
2061 2295 2144 2337 quod.

1181 2350 1232 2380 per
1243 2342 1386 2380 injuriam
1396 2340 1449 2370 sibi
1460 2349 1540 2381 putat
1549 2349 1685 2380 creptum
1698 2360 1706 2374 ‚
1718 2341 1827 2381 qtiojus
1836 2350 1891 2381 ego
1904 2340 2008 2370 au&or
2020 2338 2141 2368 fuerim.

1183 2385 1274 2412 Nunc
1283 2381 1354 2412 furit
1364 2402 1372 2417 ,
1393 2393 1452 2413 tim
1467 2383 1583 2424 gavisos
1595 2384 1737 2413 homines
1748 2383 1836 2412 suum
1847 2382 1985 2412 dolorem
1997 2401 2005 2414 ,
2027 2389 2142 2410 unum-

1181 2434 1240 2465 que
1254 2434 1304 2454 me
1319 2422 1527 2455 studiosiorem
1539 2426 1678 2454 Antonii.
1703 2424 1784 2454 Nam
1795 2426 1850 2454 Cn.
1862 2425 2057 2455 Saturninum
2070 2420 2144 2452 ado-

1182 2466 1341 2496 lescentem
1352 2486 1362 2501 ,
1375 2467 1436 2507 ipse
1448 2468 1666 2496 CniDomitius
1676 2475 1762 2496 reum
1771 2465 1843 2495 fecit
1852 2485 1860 2498 ‚
1874 2465 1940 2495 sane
1951 2464 2043 2504 quam
2055 2463 2142 2503 supe·

1181 2510 1259 2538 riore
1275 2507 1291 2538 a
1305 2509 1366 2539 vita
1379 2508 1578 2538 invidiosum.
1602 2507 1838 2548 quodjudicium
1851 2508 1975 2536 nuncin
1989 2505 2142 2545 exspeeka-

1182 2552 1265 2580 tione
1274 2569 1284 2584 ‚
1303 2546 1318 2570 ὃ
1328 2550 1404 2581 inest
1414 2552 1505 2580 etiam
1515 2551 1548 2579 in
1560 2550 1637 2579 bona
1650 2549 1698 2589 spe
1710 2568 1720 2582 ,
1739 2546 1805 2588 post
1815 2550 1894 2577 Sext.
1908 2547 2041 2617 Pedilicaei
2053 2546 2142 2577 abso-

1988 2598 2129 2619 urionem

219 2668 244 2686 1.
264 2662 380 2694 UtCaesar
397 2660 433 2686 ld.
444 2662 555 2687 Novemh.
574 2659 694 2692 decedam]
716 2658 865 2693 Vulgatur:
887 2663 943 2682 ante
959 2657 1016 2683 Idm
1025 2660 1137 2692 'Rp-nm-

181 2696 234 2722 bres
243 2697 348 2723 decedat.
368 2695 409 2721 sed
423 2703 451 2723 ut
462 2695 545 2729 edidi,
556 2703 613 2722 ernt
624 2696 650 2721 in
662 2693 776 2720 Vifflorii
787 2692 905 2720 editione
916 2702 944 2718 :ic
955 2693 1011 2718 Pal.
1023 2695 1120 2728 prii-iio.

218 2739 246 2757 ².
262 2734 344 2758 *Plura
353 2734 422 2758 habet
431 2733 529 2766 utilia]
551 2731 633 2758 Peck.
643 2732 718 2757 ltalia
727 2740 733 2755 :
743 2729 812 2756 unde
823 2729 985 2756 Gulielmius
996 2728 1138 2764 legendum

183 2766 279 2801 probat
285 2771 357 2795 talia.
369 2768 458 2804 paullo
468 2768 524 2804 post
544 2768 600 2794 Pal.
611 2776 652 2802 pr.
666 2766 732 2802 legit
744 2786 752 2797 ,
763 2769 866 2799 Denique
875 2767 934 2790 mala
942 2768 969 2790 in
977 2766 1098 2798 bacparie
1107 2775 1141 2790 me

182 2809 273 2830 arrato.
291 2807 361 2840 quod
374 2804 437 2830 mihi
449 2805 559 2831 iiiiiiim‘e
569 2802 756 2839 aspernandum
769 2801 886 2828 videtur.

223 2845 247 2872 3.
267 2843 324 2865 vum
331 2841 424 2874 quidem
434 2842 522 2875 aliquot
532 2840 640 2874 amicum]
662 2840 704 2865 lta
715 2838 828 2864 Victorii
839 2836 933 2863 editio.
945 2845 1004 2863 nam
1016 2835 1073 2862 Pal.
1104 2836 1141 2861 ri-

184 2879 260 2900 mus‘:
280 2882 357 2901 tamen
365 2878 434 2910 quast
441 2878 529 2910 aliquot
542 2875 652 2909 tl’eck'ro
665 2881 803 2910 excerpta,
813 2873 917 2908 aliquid)
929 2873 1020 2899 amicis.
1039 2873 1079 2899 Vu
1092 2881 1141 2908 ga-

186 2914 219 2934 !ae
228 2907 357 2937 editiones
369 2922 375 2938 ι
396 2919 445 2938 tum
454 2912 546 2946 quidem
555 2922 606 2937 eum
614 2914 703 2945 a'iquoi
714 2911 807 2941 amicis,
816 2910 868 2941 ὼε.

217 2951 247 2976 4.
263 2947 370 2978 Amplius
387 2947 548 2982 quadraginta
563 2948 675 2983 mansit]
696 2947 784 2973 Securi
804 2946 892 2972 sumus
911 2944 976 2971 hanc
995 2943 1139 2970 lectionem

184 2978 254 3019 Pali.
282 2989 294 3006 r
313 2982 430 3009 Vaticani
442 3002 451 3014 ,
469 2983 645 3019 editionisque
666 2982 837 3009 v-ifitoriauoe.
855 2982 883 3007 &
903 2981 1023 3008 omnium
1034 2981 1136 3016 priiuoe.

183 3015 240 3052 Qi
271 3015 336 3042 ecss'e
346 3017 443 3053 ahquid
455 3026 595 3054 putarunt,
607 3019 656 3045 Ales
667 3018 839 3045 intruserunt.

221 3060 248 3085 ς.
258 3053 484 3087 «Amet-jamsunt
493 3055 615 3088 deeursa.]
637 3056 667 3081 ln
678 3055 831 3081 Palatinum
850 3053 965 3090 primum
977 3051 1078 3088 irrepsit
1090 3051 1139 3078 hu-

175 3085 223 3121 ]us
235 3087 286 3113 loci
296 3088 402 3122 gemina
418 3098 447 3115 ac
456 3088 557 3117 diversa
567 3091 666 3117 lectio:
687 3090 935 3126 scribiturquippe:
955 3088 1141 3122 antejamfimt

180 3123 272 3156 dccuffa
282 3126 324 3148 vel
331 3123 422 3157 desumi:
432 3126 467 3156 ό·
475 3126 633 3159 confussudiaee
647 3133 721 3161 nque
732 3146 741 3160 ,
750 3128 809 3158 ,(ἶχι.
834 3135 947 3162 quorum
969 3133 1058 3151 utrum
1082 3133 1112 3150 ne
1123 3125 1138 3150 a

182 3158 294 3188 vestibus
303 3158 469 3197 desumptum
480 3161 546 3189 mihi
555 3160 606 3190 effe
617 3161 721 3191 videtui·
732 3173 740 3192 z
759 3162 793 3190 de
803 3162 859 3192 suin
869 3163 941 3192 enim
950 3161 1048 3190 ‘sordes
1076 3170 1140 3189 ccu-

1183 2658 1308 2687 tiuntur;
1328 2657 1446 2691 itemque
1457 2655 1574 2681 floccatae
1592 2663 1623 2681 ac
1634 2652 1733 2680 villosae
1742 2652 1933 2680 detondeiitur.
1953 2652 2042 2679 Potest
2052 2651 2141 2680 aliun-

1183 2693 1216 2720 de
1226 2702 1332 2728 quoque
1343 2693 1458 2718 constare
1471 2691 1549 2718 ratio.
1944 2718 1949 2721 μ

1220 2730 1248 2754 6.
1271 2730 1339 2754 Velles
1347 2731 1376 2753 C.
1386 2731 1508 2753 Curionem
1516 2728 1616 2755 nostrum
1625 2728 1718 2752 Iunctum
1729 2745 1737 2757 ‚
1756 2726 1824 2761 θα]
1845 2724 1889 2751 Sic
1897 2723 1982 2751 edidit
1990 2723 2141 2756 Visturius,

1183 2764 1255 2800 quod
1266 2764 1367 2799 sequuti
1380 2763 1484 2790 sumus:
1508 2763 1642 2789 Palatinus
1663 2762 1836 2789 nihilominus
1854 2761 1954 2797 primus
1967 2780 1976 2793 ‚
1996 2761 2078 2787 l‘eck.
2089 2770 2139 2787 «x-

1184 2809 1285 2836 ccrpta,
1296 2802 1396 2826 Veneta
1408 2799 1450 2825 seu
1461 2798 1543 2835 prisca
1553 2798 1637 2825 editio
1649 2817 1657 2830 ,
1669 2799 1732 2825 Volet
1745 2817 1752 2831 ‚
1762 2800 1851 2829 Cicero,
1860 2799 1995 2829 Curionem,
2006 2798 2058 2829 ὼε.
2080 2795 2139 2824 viil-

1182 2846 1219 2873 go
1231 2848 1236 2863 :
1259 2837 1337 2867 Vides,
1347 2839 1435 2867 Cicero,
1447 2838 1575 2861 cicerem-m
1584 2837 1694 2865 mstrum.

1224 2880 1251 2905 7.
1273 2875 1301 2897 Ui
1311 2881 1338 2897 ne
1352 2873 1500 2905 familiar-cm
1518 2871 1610 2904 quidem
1622 2870 1694 2904 finam
1709 2879 1848 2905 quemquam
1865 2877 1916 2896 tam
1932 2869 2032 2904 oderim]
2053 2868 2139 2895 Nolui

1182 2907 1316 2934 discedere
1328 2910 1343 2934 a
1354 2908 1473 2933 Palatino
1484 2907 1570 2942 primo
1582 2925 1591 2938 ‚
1602 2905 1700 2932 l‘cckio
1710 2906 1843 2942 excerptis
1855 2925 1864 2938 ‚
1883 2905 1996 2932 vietor-'ii
2017 2905 2138 2933 editione

1184 2945 1212 2970 &
1223 2943 1480 2979 omiiiumpiiiiiaria
1500 2944 1610 2969 Veneta.
1634 2942 1780 2978 Vulgarum
1800 2942 1836 2969 est
1850 2961 1857 2973 ,
1881 2943 2030 2975 familiarem
2048 2941 2140 2976 quidem

1176 2981 1249 3013 Jimm
1260 2998 1269 3011 ,
1278 2989 1344 3013 quem
1352 2981 1408 3011 nosti
1420 2997 1427 3009 ,
1435 2986 1488 3004 tam
1496 2978 1579 3004 oderit.
1598 2977 1688 3014 paullo
1697 2977 1752 3014 post
1763 2977 1847 3014 scripsi
1866 2986 1900 3004 cx
1920 2977 2042 3005 Palatino
2053 2977 2140 3013 primo

1183 3016 1211 3040 ὅ(
1224 3014 1326 3041 Peckio
1336 3014 1467 3050 excerptis
1480 3016 1612 3047 :super-iore
1622 3014 1637 3040 zi
1648 3017 1705 3040 vita
1717 3023 1795 3047 ,cum
1816 3013 1951 3041 Vmor-ius
1973 3022 2061 3041 tamen
2080 3013 2140 3039 edi-

1183 3051 1254 3078 derit
1265 3061 1271 3077 :
1293 3049 1489 3085 qutimsupcrioris
1499 3051 1556 3076 vita*
1563 3051 1714 3084 invidio-liam.

1226 3086 1255 3113 8.
1273 3089 1338 3114 luen
1346 3090 1416 3112 eiiam
1425 3089 1451 3113 in
1458 3085 1590 3120 bonaspe]
1613 3087 1648 3113 Et
1658 3086 1690 3113 fic
1698 3086 1820 3119 distinxi,
1831 3086 1859 3113 &
1870 3084 2009 3112 emendavi
2019 3093 2053 3112 ex
2064 3085 2142 3111 Pala-

1183 3123 1241 3150 tino
1251 3123 1338 3159 primo
1349 3132 1357 3153 5
1369 3121 1486 3149 Victorii
1497 3123 1614 3149 editione
1626 3123 1653 3148 &
1663 3124 1774 3150 Veneta.
1796 3123 1877 3158 vulgo
1888 3141 1897 3154 ‚
1916 3125 2012 3148 nuncin
2020 3123 2143 3155 exspeHa-

1182 3163 1242 3188 nme
1250 3161 1286 3187 eff
1293 3177 1305 3194 ,
1322 3161 1394 3187 mam
1401 3161 1429 3187 in
1439 3159 1543 3195 bonaspe
1550 3161 1602 3225 [ὖνῦ
1609 3163 1675 3187 Sext.
1685 3160 1790 3188 Pcdum'
1800 3168 1809 3192 5
1830 3158 1919 3196 paullo
1929 3158 2014 3187 statim
2020 3177 2028 3191 ‚
2040 3166 2071 3184 ex
2084 3156 2141 3196 Bal.

1590 3203 1606 3223 V
1618 3203 1631 3223 V
1643 3204 1661 3226 V
2061 3201 2144 3228 prim.

2057 129 2162 181 705·

2172 1130 2208 1163 ¹3

2167 1992 2210 2024 14
