2360 3400
583 88 677 119 DE

127 158 194 193 ina,
206 165 272 198 quae
281 154 402 186 videtur
412 153 535 185 utilium
549 153 613 185 fieri
622 164 692 185 curn
707 152 840 184 honestis
854 153 929 193 saepe
940 151 1089 184 dissensio.

127 203 202 241 Qae
212 197 405 237 dijudicanda
415 197 493 227 sunt.
517 207 581 227 non
591 199 675 227 enim
689 216 699 230 ,
720 205 751 226 ut
761 205 962 236 quaereremus
974 215 982 229 ‚
995 205 1088 235 expo-

126 243 244 273 suimus
257 260 264 274 ‚
287 239 335 270 sed
347 248 378 269 ut
388 239 617 279 explicaremus.
641 241 715 268 Non
726 239 816 278 igitur
831 237 948 268 videtur
960 247 1016 267 nec
1024 237 1088 268 fru-

126 282 351 313 mentariusille
364 280 505 311 Rhodius
515 301 523 314 ,
544 291 600 311 nec
614 281 662 311 hic
673 280 785 310 aedium
796 279 940 310 venditor
953 298 962 313 ,
981 279 1087 312 celare,
1104 290 1106 316 ς

125 333 258 355 emtores
274 322 418 353 debuisse.
441 325 562 363 NEQF.
581 332 666 353 enim
688 322 718 352 id
740 320 782 351 est
803 322 916 354 celare,
937 320 1087 361 quidquid

124 369 263 397 reticeas:
279 365 324 395 sed
336 365 405 395 cum
420 385 428 399 ‚
450 366 532 406 quod
544 375 575 395 tu
587 365 657 395 scias
668 383 676 397 ,
698 363 728 393 id
740 365 873 403 ignorare
885 364 1088 392 emolumenti

125 410 170 438 tui
197 408 279 438 causa
298 408 372 437 velis
396 416 466 440 eos,
486 416 617 448 quorum
636 404 749 436 intersit
759 405 790 434 id
801 406 883 435 scire.
908 406 978 434 Hoc
987 413 1087 434 autem

85 477 90 481 ,
123 449 240 481 celandi
252 459 346 489 genus
357 449 443 490 quale
454 448 486 479 sit
499 469 506 482 ,
524 448 556 479 &
567 449 652 488 cujus
662 448 800 478 hominis
811 466 818 480 ‚
839 448 906 487 quis
917 455 981 476 non
993 446 1088 476 videt?

124 493 206 522 certe
217 501 280 521 non
297 494 408 531 aperti,
430 501 494 521 non
504 489 649 530 simplicis
661 509 669 523 ,
687 490 888 529 noningenui
900 508 908 521 ‚
930 498 992 518 non
1007 487 1086 525 justi,
1106 484 1108 532 ξ

120 541 191 564 *non
203 535 259 563 viri
273 534 363 564 boni:
380 532 601 573 versutipotius
611 551 619 566 ‚
632 532 763 564 obscuri,
777 531 876 564 astuti,
887 529 1011 564 fallacis,
1024 540 1087 561 rna-
1106 564 1107 567 Ἰ

69 598 72 599 ⁷
125 575 215 606 litiofi
227 595 235 609 ‚
261 575 381 609 callidi,
401 577 575 605 veteratoris
587 594 595 608 ‚
611 573 696 604 vafri·
721 575 836 603 haectot
848 592 856 606 ,
877 572 910 602 ὃ(
923 573 979 602 alia
993 573 1087 612 plura,

68 624 111 657 14
126 627 230 648 nonne
249 618 357 648 inutile
376 616 418 647 est
440 619 586 647 vitiorum
607 616 704 646 subire
718 617 867 645 nomina?
888 613 977 655 Qod
991 624 1019 643 si
1034 623 1088 644 vr-·

125 669 322 689 TUPERANDI
346 660 413 690 sunt
426 678 434 691 ‚
455 660 700 699 quireticuerunt
711 668 715 673 ·
728 657 801 697 quid
814 656 850 686 de
862 659 897 686 iis
909 655 1089 686 existimari-

124 700 198 730 dum
211 700 253 731 est
264 720 271 733 ‚
294 703 346 741 qui
359 703 504 731 orationis
515 702 677 732 vanitatem
689 699 909 729 adhibuerunt?
931 699 1018 734 Caius
1030 700 1085 728 Ca-

125 744 214 775 nius,
237 752 326 782 eques
346 745 525 776 Romanus,
550 751 606 772 nec
625 740 789 773 infacetus,
811 741 843 770 ὃς
856 741 921 770 satis
932 741 1087 774 litteratus,

122 783 193 814 curn
208 784 236 813 se
247 785 397 823 Syracusas
408 784 524 814 otiandi
550 784 594 822 (ut
607 783 666 823 ipse
675 784 774 813 dicere
784 782 914 815 solebat,
930 783 939 820 )
959 792 1021 812 non
1034 791 1086 811 ne-

123 826 259 867 gotiandi
271 826 354 855 causa
366 846 374 859 ,
389 824 562 855 contuliss'et
574 844 581 858 ,
593 824 746 855 &estuabat
758 845 766 857 ‚
782 824 808 853 se
820 824 957 853 hortulos
968 824 1086 864 aliquos

120 868 201 898 velle
224 878 325 897 emere
344 866 406 907 quo
426 868 554 896 invitare
565 869 701 899 amicos,
720 866 812 896 &ubi
830 866 857 895 se
868 865 1087 895 oblectaresme

121 909 396 949 interpellatoribus
410 907 515 949 posset.
539 908 621 949 quod
633 907 703 938 cum
715 906 923 947 percrebuiss'et
934 927 942 941 ‚
961 909 1086 947 Pythius

119 953 147 981 ei
158 951 279 991 quidam
290 970 298 985 ,
309 961 361 991 qui
372 952 567 992 argentariam
578 949 685 980 faceret
698 949 843 990 Syracusis
855 969 863 983 ,
875 950 1005 980 venaleis
1015 951 1085 990 qui-

759 73 1213 124 OFF1c,1rs

1295 78 1337 123 L
1373 93 1390 123 1
1428 95 1470 125 Β.
1553 80 1645 125 ΙΙΙ.
1970 96 2094 143 1247

1126 157 1327 188 ematmelius
1340 179 1348 192 ‚
1362 169 1416 190 nec
1427 168 1458 191 ut
1468 160 1587 194 vendat,
1599 160 1763 203 quidquam
1777 160 1938 195 simulabit,
1948 170 1999 193 aut
2009 161 2092 193 diff-

1130 200 1257 230 mulabit
1269 220 1276 234 ‚
1296 203 1343 231 vir
1355 201 1464 232 bonus.
1489 205 1587 244 Atque
1598 203 1650 234 iste
1661 205 1749 234 dolus
1761 204 1857 234 malus
1870 205 1960 235 etiam
1975 205 2091 246 legibus

1127 250 1188 270 erat
1205 242 1374 273 vindicatus
1389 263 1397 277 ‚
1418 253 1449 274 ut
1469 246 1558 275 tutela
1569 254 1609 275 xi
1620 255 1644 275 1.
1656 246 1764 276 tabulis
1779 266 1788 280 ‚
1807 246 1838 276 &
1850 246 2090 287 circumscriptio

1126 282 1360 316 adolescentium
1374 286 1435 327 lege
1447 288 1575 317 Laetoria
1590 298 1595 316 2
1607 287 1638 318 δε
1650 286 1710 317 sine
1722 289 1785 330 lege
1797 308 1805 321 ,
1819 288 1940 328 judiciis
1949 307 1958 322 ,
1979 290 2010 318 in
2021 291 2090 330 qui-

1128 323 1183 370 hus
1199 325 1316 355 additur
1326 346 1334 360 ,
1358 337 1398 357 ex
1412 337 1493 358 finit
1504 338 1591 358 BONA
1602 339 1747 360 AG1TUR.
1770 331 1973 371 Reliquorum
1986 339 2088 361 autem

1105 365 1312 405 !Jiid1cioru1n
1333 369 1394 398 baec
1413 370 1498 400 verba
1519 372 1655 401 maxime
1675 372 1849 406 excellunt3
1870 375 1900 402 in
1912 372 2088 403 arbitriorei

1128 410 1241 438 uxoriae
1255 429 1263 442 ‚
1291 420 1421 441 MELius
1432 431 1440 444 ‚
1466 421 1557 451 AEQii
1565 423 1598 442 us
1612 423 1617 442 z
1630 416 1662 443 iii
1675 412 1782 444 fiducia
1795 434 1803 447 ,
1816 424 1855 444 ui-
1871 424 1977 444 INTER
1988 424 2088 444 Bonos

1127 458 1213 479 amr.
1234 460 1355 480 Ainea.
1389 454 1470 494 Qid
1490 464 1560 495 ergo
1581 460 1591 485 ?
1618 464 1667 485 aut
1688 457 1719 484 in
1738 465 1774 485 eo
1795 475 1803 489 ,
1833 457 1914 496 quod
1936 466 2085 489 MELIUS,

1129 500 1221 531 AEQii
1231 502 1263 522 us
1278 503 1282 521 τ
1297 493 1391 532 potest
1403 496 1461 525 ulla
1470 505 1534 535 pars
1545 495 1635 527 inefl'e
1646 496 1780 527 fraudis?
1801 507 1849 528 aut
1860 517 1868 531 ‚
1881 497 1951 528 cum
1965 498 2085 528 dicitur:

1106 568 1108 575 Ι
1131 542 1235 580 1eriziz
1249 544 1347 564 nouos
1359 546 1444 566 naun
1456 546 1578 568 Acrisii:
1593 539 1757 580 quidquam
1770 542 1813 580 agi
1824 539 1928 569 dolose
1942 560 1949 573 ‚
1962 549 2011 570 aut
2021 549 2086 570 ma-

1106 577 1108 623 :
1125 575 1227 621 litiose
1249 577 1369 615 potest?
1393 580 1492 609 Dolus
1509 590 1609 610 autem
1633 583 1729 611 malus
1749 579 1958 615 simulatione,
1980 590 2011 612 ut
2034 591 2089 616 ait,

1127 617 1269 657 Aquilius
1283 638 1291 651 ‚
1318 623 1500 651 continetur.
1525 623 1696 652 tollendum
1709 622 1751 653 est
1761 625 1850 664 igitur
1861 632 1900 653 ex
1910 623 1997 653 rebus
2007 633 2082 654 con-

1106 660 1107 664 ’
1126 659 1275 689 trahendis
1296 670 1388 691 omne
1404 662 1609 694 mendacium.
1633 668 1723 694 fnon
1738 666 1916 696 licitatorem
1928 663 2083 697 venditor,

1126 698 1142 720 ⁶
1155 711 1211 731 nec
1219 704 1269 742 qui
1284 712 1386 733 contra
1398 704 1425 734 se
1436 704 1559 735 liceatur
1569 726 1578 739 ‚
1591 715 1690 737 emtor
1701 714 1849 746 opponet:
1862 716 1984 747 uterque
1998 727 2006 740 ,
2017 705 2036 736 si
2047 708 2084 737 ad

1125 743 1456 783 eloquendumvenerit
1470 766 1478 780 ‚
1500 757 1563 777 non
1573 748 1657 787 plus,
1680 753 1769 789 quam
1784 749 1894 782 semel,
1916 750 2082 790 eloquetur.

1105 806 1106 810 ,
1124 786 1161 823 Q.
1173 785 1296 825 quidem
1310 788 1451 820 scaevoia,
1463 791 1495 818 P.
1510 787 1601 822 filius,
1614 789 1685 819 curn
1697 789 1868 829 postulasset
1879 811 1887 825 ,
1901 800 1933 821 ut
1950 789 2002 821 fibi
2013 789 2083 821 fun-

1124 826 1179 856 dus
1189 846 1198 860 ,
1219 828 1303 873 cuius
1314 837 1412 858 emtor
1425 839 1501 863 erat,
1524 831 1616 861 semel
1629 832 1809 862 indicaretur
1819 852 1827 866 ,
1842 833 1932 873 idque
1943 833 2085 863 venditor

1126 870 1166 899 ita
1183 868 1318 900 fecisset:
1338 870 1434 904 dixit,
1456 873 1485 902 se
1503 873 1596 911 pluris
1616 872 1782 904 aestimare:
1804 874 1943 905 7addidit
1956 884 2083 904 centum

1123 911 1230 941 millia.
1254 921 1349 941 NEMO
1364 922 1428 946 Esr,
1441 916 1493 954 qui
1506 916 1561 945 hoc
1573 916 1712 945 boniviri
1723 914 1809 945 fuiss'c
1822 926 1919 956 neget,
1932 917 2081 956 sapientis,

1121 962 1248 993 negant:
1271 963 1302 983 ut
1325 953 1343 983 si
1369 957 1496 986 minoris
1515 976 1522 990 ,
1543 966 1632 998 quam
1645 956 1986 997 potuissetvendidiffet.
2012 960 2086 988 Haec

120 992 190 1024 dem
210 994 238 1023 se
259 994 363 1023 hortos
374 1003 436 1022 non
448 992 554 1023 habere
567 1012 576 1025 ‚
598 992 646 1022 sed
658 993 749 1022 licere
759 994 801 1021 uti
813 993 908 1021 Camo
920 1011 928 1025 ι
951 990 969 1020 fi
982 993 1083 1024 vellet,
1102 986 1104 999 Α
1121 995 1212 1035 igitur
1223 994 1265 1026 est
1278 996 1327 1025 illa
1338 999 1485 1035 pernicies
1496 1018 1503 1031 ‚
1517 999 1599 1039 quod
1612 1008 1708 1029 Amos
1720 1000 1829 1032 bonos,
1840 1001 1915 1029 alios
1926 1000 2084 1039 sapienteis

119 1044 154 1065 ut
164 1035 224 1065 suis
239 1046 244 1064 :
258 1035 289 1065 ὃς
301 1033 388 1065 simul
398 1035 433 1064 ad
444 1044 549 1065 cenam
566 1035 728 1064 hominem
741 1035 771 1063 in
783 1034 889 1063 hortos
899 1036 1039 1064 invitavit
1052 1044 1082 1063 in
1100 1064 1102 1080 4
1119 1035 1305 1067 existimant.
1328 1048 1366 1067 ex
1376 1049 1439 1079 quo
1450 1042 1568 1070 Ennius
1581 1061 1588 1074 ,
1601 1043 1645 1069 Ne
1654 1041 2080 1084 quicquamsaperefizpienrem‚

117 1076 272 1117 posterum
293 1077 387 1107 diem.
410 1077 482 1107 cum
494 1077 546 1106 ille
559 1074 741 1116 promisisset
753 1094 760 1108 ,
782 1085 848 1105 tum
861 1076 983 1115 Pythius
996 1095 1005 1108 ‚
1029 1077 1082 1116 qui
1100 1093 1101 1115 1
1118 1079 1171 1119 qui
1182 1077 1239 1118 fibi
1250 1079 1424 1121 ipfiproa'effl’
1432 1083 1567 1122 nequiret.
1594 1086 1670 1112 Vere
1682 1083 1710 1112 id
1723 1083 1862 1123 quidem,
1875 1083 1904 1116 si,
1916 1084 1989 1124 quid
2000 1082 2081 1115 effer,

119 1117 208 1152 efl'et,
231 1130 262 1149 ut
273 1121 453 1159 argentarius
468 1140 476 1153 ,
494 1120 570 1158 apud
582 1119 701 1148 omneis
716 1117 837 1147 ordines
847 1118 989 1158 gratiosus
1000 1137 1008 1150 ‚
1019 1118 1080 1157 pis·
1100 1156 1101 1163 ἵ
1119 1130 1278 1150 pnonessss
1291 1142 1298 1155 ‚
1322 1124 1478 1153 niihicuni
1493 1127 1595 1154 Ennio
1607 1128 1796 1155 conveniret.
1817 1128 2005 1156 Hecatonem
2015 1127 2084 1166 qui-

115 1169 229 1191 catores
249 1161 283 1191 ad
308 1162 336 1191 se
355 1163 557 1194 convocavit;
579 1161 611 1190 &
630 1160 666 1190 ab
687 1161 733 1189 his
743 1161 870 1199 petivit,
892 1168 923 1190 ut
933 1168 999 1189 ante
1015 1161 1083 1190 suos
1099 1182 1100 1200 i
1119 1162 1188 1192 dem
1205 1163 1561 1205 Rhodium,discipulum
1577 1167 1845 1200 Panaetii,videoin
1859 1167 2081 1207 iislibri3‚quos

115 1203 253 1233 hortulos
274 1202 418 1243 postridie
441 1204 623 1243 piscarentur
633 1222 641 1236 ,
666 1201 803 1242 dixitque
815 1221 824 1236 2
843 1201 914 1242 quid
926 1211 977 1231 eos
986 1201 1080 1232 facere
1117 1204 1153 1234 de
1168 1203 1287 1235 Officiis
1299 1205 1408 1246 scripsit
1418 1208 1626 1246 QTubeioni
1642 1229 1649 1241 ‚
1663 1209 1771 1242 dicere,
1784 1209 1927 1250 Sapientis
1937 1207 1995 1245 effi,
2006 1208 2079 1237 iiiiu'l

114 1245 217 1274 vellet.
242 1246 288 1275 Ad
309 1255 415 1275 cenam
426 1254 560 1285 tempore
571 1246 654 1274 venit
664 1246 790 1274 Canius:
810 1244 958 1284 opiparea
970 1245 1079 1283 Pythio
1098 1251 1099 1259 ¹
1118 1254 1213 1275 contra
1224 1248 1402 1288 mot-es‚leges‚
1414 1247 1716 1289 iusti'tutafaci'eutcm‚
1735 1249 1830 1279 habere
1841 1251 2084 1287 rarionemieisa-

114 1295 284 1326 apparatum
298 1289 480 1317 convivium
495 1298 500 1316 :
523 1291 532 1306 ¹
549 1286 725 1326 cymbarum
741 1294 809 1316 ante
820 1286 926 1316 oculos
937 1288 1079 1316 multitu·
1097 1288 1098 1331 l
1116 1288 1249 1317 miliar-is.
1263 1289 1320 1330 neffi'
1332 1290 1506 1330 enimfiii'um
1517 1290 1710 1321 uobisdivi'rei
1718 1292 1768 1330 effe
1779 1286 2082 1331 volumus,s?eii[1beri's,

114 1328 167 1358 do.
187 1338 243 1368 pro
263 1329 289 1359 se
310 1329 436 1370 quisque
449 1329 531 1370 quod
541 1337 665 1368 ceperat,
678 1326 814 1358 afferebat
826 1337 907 1357 :ante
919 1327 1007 1367 pedes
1019 1330 1076 1368 Py·
1096 1339 1097 1343 ¹
1108 1331 1285 1372 propinqum,
1307 1333 1419 1366 araim,
1440 1343 1621 1376 maximeque
1642 1335 1706 1375 reip.
1715 1335 1890 1375 fingulorum
1900 1336 1973 1364 euim
1983 1333 2079 1374 facul-

113 1370 170 1400 thii
188 1371 282 1410 pisces
300 1371 527 1410 abjiciebantur.
552 1374 636 1401 Tum
657 1371 768 1400 Canius
780 1388 788 1403 ‚
812 1369 921 1411 Qaeso
935 1389 942 1403 ,
963 1371 1076 1410 inquit,
1095 1374 1097 1406 ζ
1117 1379 1198 1406 rates,
1211 1373 1344 1415 &copim
1358 1375 1545 1414 divitiaesunr
1554 1377 1690 1405 civitatis.
1707 1379 1787 1406 Huic
1798 1377 1938 1407 Scaevolae
1948 1376 2076 1411 fastum,

111 1413 185 1452 quid
198 1412 240 1442 est
251 1414 309 1454 hoc
321 1414 427 1452 Pythi,
451 1421 609 1442 tantumne
625 1413 753 1452 piscium
766 1431 774 1445 ,
787 1420 945 1441 tantumne
955 1411 1078 1451 cymba·

112 1457 201 1484 rum?
225 1457 262 1484 Et
273 1455 336 1488 ille,
349 1453 431 1495 Qud
444 1455 575 1483 mirum?
596 1455 707 1493 inquit,
720 1454 856 1483 hocloco
867 1452 920 1486 est,
932 1452 1078 1493 Syracusis

111 1496 258 1536 quidquid
271 1495 314 1526 est
324 1497 452 1535 piscium
467 1493 533 1524 :hic
546 1497 680 1535 aquatio:
696 1496 747 1524 hac
757 1494 831 1524 villa
847 1493 895 1524 isti
904 1504 1002 1524 carere
1012 1505 1076 1524 non

110 1536 243 1577 poss'unt.
268 1537 410 1567 Incensus
429 1539 539 1567 Canius
559 1536 742 1576 cupiditate,
761 1536 1074 1575 contenditaPythiQ

112 1588 146 1609 ut
166 1579 317 1609 venderet·
343 1579 470 1609 Gravate
490 1579 542 1608 ille
562 1577 674 1618 primo.
694 1577 768 1619 quid
788 1577 906 1607 multa?
924 1579 1074 1617 impetrat,

111 1621 188 1651 emit
209 1622 307 1651 horno
325 1621 473 1661 cupidus,
495 1620 691 1660 &locuples‚
716 1621 812 1652 tanti,
833 1620 1074 1659 quantiPythius

109 1663 228 1697 voluit,
241 1663 274 1693 δε
286 1665 363 1693 emit
381 1662 543 1692 instructos
557 1673 562 1691 :
583 1660 807 1692 nominafacit:
828 1663 985 1701 negotium
998 1671 1073 1691 con-

110 1703 187 1735 ficit.
212 1707 320 1735 invitat
340 1708 453 1735 Canius
470 1703 613 1744 postridie
623 1702 799 1732 familiai-eis
814 1702 892 1732 suos.
917 1703 1072 1743 venitipse

108 1747 238 1777 mature.
258 1747 404 1777 scalmum
425 1747 547 1776 nullum
569 1745 661 1775 videt.
682 1745 988 1784 quaeritexproximo
998 1747 1072 1775 vici·

108 1798 151 1819 no
165 1809 173 1822 ‚
193 1792 208 1808 ²
233 1798 307 1818 num
325 1787 406 1819 feriae
426 1787 562 1828 quaedam
582 1787 763 1827 piscatorum
785 1784 898 1819 ess'ent,
919 1785 1001 1826 quod
1021 1797 1073 1817 eos

107 1831 214 1860 nullos
232 1831 354 1861 videret.
381 1831 482 1861 Nullae
496 1849 504 1863 ‚
529 1829 628 1870 (quod
640 1828 750 1868 sciam)
773 1827 1010 1868 inquitillezsed
1023 1827 1072 1858 hic

105 1873 214 1913 piscari
237 1873 314 1902 nulli
333 1873 440 1902 solent.
457 1875 554 1912 itaque
574 1870 799 1903 herimirabar‚
828 1869 901 1909 quid
913 1868 1071 1900 accidifl'et.

1116 1413 1166 1452 (de
1186 1424 1248 1454 quo
1267 1416 1368 1455 paullo
1388 1418 1455 1447 ante
1477 1417 1554 1458 dixi)
1568 1419 1681 1457 placere
1696 1418 1785 1448 nullo
1800 1418 1893 1448 modo
1906 1418 2012 1458 porest.
2037 1427 2084 1448 ct-

1115 1457 1199 1485 enim
1220 1459 1352 1487 omnino
1374 1467 1490 1488 tantum
1511 1460 1540 1489 se
1560 1470 1644 1499 negat
1666 1459 1814 1490 sansturum
1839 1460 2013 1500 compendii
2038 1460 2085 1490 sui

1094 1499 1096 1545 i
1114 1498 1197 1527 causa
1209 1518 1217 1530 ‚
1237 1498 1319 1538 quod
1334 1509 1398 1529 non
1414 1501 1508 1530 liceat.
1535 1503 1616 1531 Huic
1631 1512 1686 1532 nec
1703 1503 1765 1532 laus
1783 1511 1889 1542 magna
1909 1501 2080 1535 tribuenda,

1093 1552 1095 1555 ·
1115 1547 1170 1568 nec
1188 1542 1277 1579 gratia
1294 1540 1346 1570 est.
1370 1542 1425 1571 Sed
1441 1540 1499 1571 five
1513 1540 1664 1572 fimulatio
1676 1562 1684 1575 ,
1710 1543 1742 1573 δε
1756 1542 1971 1576 diffimulatio,
1992 1543 2080 1572 dolus

1093 1580 1094 1595 ³
1113 1581 1210 1610 malus
1220 1580 1262 1611 est
1274 1593 1282 1615 ;
1295 1591 1484 1612 PERPAUCAE
1496 1593 1540 1612 res
1552 1585 1618 1614 sunt
1629 1603 1636 1617 ,
1650 1586 1681 1614 in
1692 1584 1801 1625 quibus
1812 1584 1901 1614 dolus
1914 1583 1966 1614 iste
1979 1584 2079 1614 malus

1092 1622 1093 1628 ¹
1111 1630 1176 1651 non
1188 1623 1338 1653 versetur:
1358 1622 1417 1654 five
1436 1628 1483 1654 vir
1504 1625 1602 1655 bonus
1620 1625 1663 1656 est
1678 1628 1722 1659 is,
1745 1628 1795 1667 qui
1811 1625 1950 1666 prodest,
1969 1626 2081 1667 quibus

1091 1664 1093 1673 ¹
1111 1663 1227 1707 potest,
1249 1675 1338 1695 nocet
1356 1669 1475 1697 nemini
1491 1687 1500 1701 ‚
1521 1663 1535 1686 ⁸
1554 1667 1634 1698 redte
1648 1667 1739 1698 istum
1761 1670 1861 1698 virum
1881 1668 1997 1698 bonum
2014 1678 2079 1698 non

1089 1707 1091 1726 ἵ
1109 1706 1198 1735 tacile
1217 1709 1396 1746 reperimus.
1420 1711 1599 1750 Numquam
1613 1709 1753 1751 igiturest
1765 1711 1837 1739 utile
1848 1719 1966 1749 peccare
1978 1729 1987 1744 ,
2008 1712 2078 1751 quia

1089 1737 1092 1778 l
1110 1747 1227 1787 semper
1237 1748 1390 1794 estvturpe:
1407 1750 1440 1780 &
1450 1770 1459 1784 ‚
1476 1760 1524 1789 qu
1536 1761 1546 1780 1
1559 1761 1580 1781 A
1596 1752 1710 1791 semper
1722 1751 1764 1781 est
1774 1751 1936 1782 honestum
1950 1771 1960 1785 ,
1975 1754 2075 1782 vii-um

1088 1802 1090 1845 Α
1110 1788 1226 1819 bonum
1239 1789 1295 1819 esse
1306 1810 1314 1823 ‚
1331 1792 1446 1831 semper
1456 1792 1497 1822 est
1510 1794 1591 1822 utile.
1637 1798 1680 1823 Ac
1691 1793 1800 1833 dejure
1811 1793 1936 1833 quidem
1947 1794 2076 1833 praedio-

1087 1852 1089 1895 r
1109 1839 1175 1859 rum
1188 1831 1335 1862 sancitum
1347 1832 1389 1862 est
1399 1834 1474 1872 apud
1486 1836 1618 1873 nosjure
1628 1836 1733 1868 civili,
1753 1845 1784 1865 ut
1800 1838 1830 1865 in
1846 1837 1892 1865 his
1904 1835 2075 1870 vendendis

1108 1874 1181 1902 vitia
1193 1872 1382 1907 dicerentur,
1403 1885 1470 1915 qiiae
1490 1885 1560 1906 nora
1577 1875 1669 1906 ess'ent
1688 1876 1853 1907 venditori.
1877 1880 1978 1910 Nam,
1999 1876 2071 1907 cum

105 1915 290 1946 Stomachari
301 1917 422 1944 Canius.
441 1914 497 1945 Sed
508 1913 579 1954 quid
590 1912 698 1943 faceret
709 1912 718 1937 ?
729 1911 868 1941 nondum
881 1913 964 1941 enim
977 1914 1073 1953 Aqui—
1087 1932 1088 1963 l
1107 1923 1145 1943 ex
1156 1924 1221 1944 xri.
1238 1915 1347 1945 tabuiis
1365 1917 1432 1947 satis
1450 1916 1520 1947 ess'et
1536 1928 1568 1948 ea
1581 1918 1706 1957 praestari
1717 1938 1725 1953 ,
1746 1928 1811 1959 quae
1824 1916 1918 1949 ess'ent
1938 1928 2070 1949 LrNGuA

106 1957 167 1986 lius
178 1976 186 1990 ‚
196 1956 310 1997 collega
320 1976 328 1990 ,
352 1956 551 1986 &familiaris
565 1964 649 1984 meus
663 1958 675 1982 3
687 1952 847 1994 protulerat
857 1953 893 1983 de
904 1954 976 1984 dolo
986 1954 1068 1984 malo
1086 1968 1088 2003 f
1107 1965 1310 1987 NuNCUPATA
1322 1978 1330 1991 ,
1342 1968 1405 1999 quae
1418 1961 1469 1999 qui
1480 1958 1631 1990 inficiatus
1641 1959 1712 1990 effer
1722 1980 1731 1994 ,
1746 1964 1762 1987 9
1771 1961 1853 2001 dupli
1865 1971 1986 2001 poenam
2000 1961 2071 1991 sub-

106 1997 257 2029 formulas
272 2001 321 2028 :in
335 1998 444 2039 quibus
457 1996 524 2038 ipfis
534 1996 605 2028 cum
616 2006 653 2026 ex
668 2006 705 2026 eo
718 2004 897 2036 quaereretur
911 1996 1000 2037 :quid
1008 1995 1070 2033 effer
1085 2007 1087 2030 ς
1104 1999 1177 2028 iret:
1198 1999 1214 2028 a
1229 2001 1445 2039 jureconsultis
1455 2004 1545 2031 etiam
1557 2004 1718 2032 reticentiae
1733 2012 1821 2043 poena
1834 2003 1876 2033 est
1894 2003 2069 2033 constituta.

105 2040 185 2069 dolus
195 2040 287 2069 malus
298 2051 309 2068 .·
320 2040 515 2080 respondebat
527 2060 537 2072 ,
557 2038 620 2068 cam
630 2037 692 2076 esset
700 2037 957 2078 attudsimularum
970 2058 978 2071 ,
987 2038 1084 2083 ιιίιίιιίᾸ
1104 2040 1300 2083 ¹0Qidquid
1312 2044 1396 2072 enim
1408 2041 1477 2073 ess'et
1489 2046 1520 2073 in
1531 2044 1644 2083 proedio
1657 2045 1769 2078 vitii7id
1783 2044 1983 2079 statuerunt‚si
1995 2055 2072 2075 ven-

106 2081 217 2111 ac‘t‘um.
238 2086 256 2110 4
277 2085 346 2112 Hoc
369 2083 492 2123 quidem
505 2082 572 2112 sane
586 2081 772 2113 luculenter,
792 2080 866 2110 utab
878 2081 1007 2110 homine
1017 2090 1083 2120 pe·¹
1104 2082 1184 2114 ditor
1196 2083 1301 2117 sciret,
1321 2081 1376 2114 nifi
1391 2087 1577 2116 nominatim
1593 2085 1709 2116 dierum
1726 2085 1815 2120 estet,
1835 2087 1962 2127 praestari
1976 2096 2072 2126 opor·

104 2127 164 2155 rito
175 2123 354 2155 definiendi.
378 2127 455 2165 Ergo
471 2124 502 2154 ὃς
513 2124 634 2164 Pythius
650 2143 657 2155 ,
681 2123 713 2152 &
725 2132 833 2152 omnes
844 2122 923 2152 aliud
936 2131 1065 2163 agentes,
1081 2121 1083 2148 ἰ

102 2166 185 2197 aliud
206 2165 379 2197 fimulantes
389 2187 396 2200 ,
417 2165 543 2206 perfidi,
564 2164 717 2204 improbi,
738 2162 878 2193 malitiosi
890 2164 968 2194 sunt.
988 2165 1068 2194 Nul-
1082 2187 1083 2211 ἢ

103 2209 170 2238 lum
183 2210 272 2249 igitur
280 2207 394 2239 factum
405 2218 511 2238 eorum
522 2206 617 2248 potest
630 2207 702 2236 utile
714 2205 772 2236 effe
783 2225 790 2239 ,
803 2205 874 2236 cum
887 2204 920 2236 fit
931 2216 975 2236 tot
985 2208 1067 2236 vitiis

46 2261 86 2293 15
105 2252 309 2291 inquinatum.
334 2250 424 2291 Qod
440 2249 459 2279 si
471 2250 630 2291 Aquiliana
640 2246 780 2278 definitio
793 2257 858 2278 vera
868 2247 928 2278 est:
946 2258 988 2278 ax
1001 2257 1067 2278 OM—

103 2302 142 2323 Ni
159 2294 219 2324 vita
229 2291 391 2326 simulatio,
406 2291 661 2331 diffimulatioque
672 2290 805 2321 tollenda
815 2289 866 2320 cst.
887 2292 926 2320 ita
937 2300 1010 2325 nec,
1035 2300 1081 2331 ut¹

140 2440 164 2458 Ι.
184 2432 324 2462 Cymbarum
333 2437 388 2455 ante
397 2440 439 2455 ocu
446 2431 472 2455 'os
482 2429 631 2463 multituda]
653 2429 695 2455 Sic
706 2436 773 2456 vett.
785 2427 833 2455 edd
841 2449 847 2454 .
866 2430 893 2455 &
906 2429 961 2456 Pali
969 2450 974 2455 .
985 2429 1059 2456 Vist.

99 2462 246 2503 publica'vit
256 2474 316 2492 :inte
326 2465 578 2501 hor-iulos‚quoniodo
589 2475 621 2491 ex
634 2464 774 2492 Ambrosio
785 2473 862 2492 autea.
871 2465 972 2498 editum
984 2465 1060 2493 fuisse
1081 2479 1083 2486 ν

100 2513 116 2530 a
129 2503 259 2530 Balduino
271 2503 375 2528 monuit
386 2501 516 2528 stiffi-idus
530 2502 625 2528 noster.
648 2501 712 2527 mihi
724 2501 852 2528 satisfacit
865 2502 980 2537 vulgata.

134 2548 163 2565 2.
184 2543 248 2564 Num
258 2539 327 2572 seriae
335 2538 440 2571 quedam
456 2538 597 2570 piscatorum
614 2538 709 2571 effent]
733 2539 881 2564 l'ronomen
892 2539 996 2572 quaedam
1006 2547 1057 2564 noti

96 2574 169 2602 estin
183 2574 239 2601 Pal.
251 2583 291 2610 pr.
310 2573 353 2599 i'ed
372 2576 457 2607 aliqua
474 2574 529 2608 post
549 2583 638 2599 rocem
659 2575 744 2606 essem:
765 2573 834 2601 unde
853 2573 883 2600 fit
898 2582 927 2601 ut
947 2573 1057 2610 suspicer

96 2611 169 2648 pritis
182 2610 257 2637 fuisse
268 2617 370 2636 tantum
386 2628 393 2640 ‚
411 2611 538 2643 mcmfcriae
552 2609 694 2643 pzfiarurum
704 2612 771 2643 effen!
780 2615 791 2637 ,2
812 2610 890 2636 recila
910 2620 960 2637 non
972 2610 1055 2637 solum

96 2648 149 2674 unii
160 2647 207 2674 illa
218 2646 322 2677 vocula,
334 2644 376 2672 scd
388 2647 412 2672 3<
425 2645 592 2681 sequentibus
604 2645 670 2676 illis,
679 2647 740 2679 quod
748 2656 782 2672 eos
791 2648 862 2672 nullos
873 2648 976 2672 videret.

135 2691 149 2719 3
157 2704 162 2710 .
181 2685 320 2708 Protulerat
331 2683 357 2707 de
366 2683 412 2707 dolo
422 2682 628 2716 rnrz-bfirrmraelar]
650 2683 692 2707 Sic
702 2682 766 2709 editi
777 2690 837 2709 ante
849 2682 998 2709 x‘ifftorium
1011 2682 1056 2719 qui

97 2719 192 2746 maluit
207 2720 342 2753 pertulerat
354 2738 362 2750 ‚
374 2717 415 2744 sed
427 2726 517 2744 contra
530 2718 679 2745 Palatinum
693 2727 836 2755 utrumque
849 2738 857 2752 ‚
868 2721 895 2745 ὃς
907 2719 1052 2746 rationem.

95 2763 199 2783 mecum
212 2754 278 2782 facit
288 2756 314 2781 ἃ
326 2754 466 2781 Turnebus
478 2754 524 2780 lib.
538 2764 585 2781 xx.
597 2764 653 2790 cap.
670 2763 711 2789 13.

131 2799 160 2825 4.
180 2796 227 2817 Huc
243 2791 336 2825 quidem
347 2792 408 2824 sane
426 2792 580 2825 luculenter]
604 2789 664 2817 Mff.
677 2791 732 2818 feri:
743 2792 856 2817 luculente
868 2809 876 2822 ‚
896 2792 959 2818 item
972 2791 1052 2818 etiam

93 2826 156 2855 edd.
166 2836 276 2855 avorum
289 2826 375 2854 seculo
385 2834 542 2863 procui-atie.
562 2835 589 2854 at
600 2826 656 2854 Pal.
668 2836 708 2863 pr.
719 2828 812 2862 copula
821 2828 962 2855 interserta
975 2847 982 2860 ,
993 2830 1056 2861 sane*
1073 2831 1074 2862 ξ

93 2865 124 2896 (ly
132 2865 255 2890 luculenti».
267 2863 315 2890 sec.
321 2864 383 2897 saris
392 2865 515 2889 luculente.

131 2909 156 2933 5.
176 2904 229 2926 Non
246 2902 385 2926 licitatorem
402 2900 537 2933 vendrtor]
560 2899 763 2926 Palatin‘iiiostri
775 2909 815 2936 pr.
835 2899 933 2927 fundus
945 2900 1050 2927 herbam

92 2936 155 2963 novi
187 2936 236 2963 uali
245 2937 349 2972 generis
369 2935 487 2971 suggerit
501 2956 507 2968 ,
529 2945 622 2972 nempe
640 2938 785 2962 illicitorem:
805 2936 938 2972 quodnou
950 2937 1051 2973 impro-

92 2971 152 2999 bem
174 2973 219 2999 i&
229 2973 287 2999 :iliis
299 2972 459 2999 membranis
470 2972 603 2998 firmetur.

128 3009 156 3034 6.
177 3013 224 3035 Nec
233 3012 274 3042 qui
284 3009 395 3041 comi-rifi
403 3011 504 3034 liceatur
514 3016 600 3042 empior
610 3009 731 3043 apponet]
754 3008 797 3034 Sic
808 3018 912 3045 quoque
925 3009 992 3035 Paul.
1004 3008 1050 3036 uisi

90 3044 162 3080 quod
172 3045 190 3071 ii
200 3055 244 3070 mm
255 3048 305 3078 qui.
327 3044 427 3080 vulgati
440 3043 495 3071 fere
514 3053 615 3079 opponet.
635 3046 758 3071 Muretus
770 3044 816 3070 lib.
830 3055 892 3071 xrxr.
912 3044 1052 3072 Vanlecst.

88 3089 145 3116 cap.
158 3089 184 3116 3.
210 3087 291 3120 cortiva
301 3080 341 3114 effe
351 3083 453 3106 lictatur
462 3088 547 3113 emptor
557 3089 664 3114 apponet.
686 3084 782 3116 argute
793 3081 913 3117 quidem,
925 3091 957 3109 aii
969 3082 1050 3110 etiam
1068 3106 1070 3114 k

88 3121 163 3150 vere,
173 3125 329 3145 examinare
340 3125 395 3144 non
403 3116 478 3150 iicet,
491 3117 540 3144 hoc
551 3117 608 3145 'ictu
620 3118 762 3153 temporis.

1102 2132 1172 2155 tere.
1196 2128 1239 2156 Ut
1250 2146 1258 2159 ,
1279 2125 1349 2156 ct‘im
1365 2128 1396 2156 in
1407 2137 1470 2157 arce
1488 2131 1513 2147 ¹¹
1527 2130 1687 2169 augurium
1701 2137 1824 2168 augures
1847 2128 1940 2159 adimi
1962 2128 2070 2163 ess‘ent7

1101 2165 1308 2208 juffiss'entque
1318 2170 1428 2198 Titum
1440 2169 1599 2200 Claudiurn
1612 2171 1826 2201 Centumalum
1840 2190 1847 2204 ,
1867 2173 1919 2211 qui
1931 2171 2021 2201 aedeis
2034 2174 2067 2202 iu

1107 2210 1206 2239 Coelio
1218 2218 1323 2240 monte
1335 2211 1461 2241 habebat
1470 2231 1477 2244 ,
1491 2212 1632 2242 demoliri
1644 2222 1692 2242 eas
1702 2233 1710 2246 ‚
1721 2222 1848 2254 quarum
1859 2213 1985 2242 altitudo
1995 2211 2071 2243 offi-

1105 2260 1183 2282 ceret
1200 2252 1338 2291 auspiciis
1360 2263 1365 2282 2
1393 2253 1536 2283 Claudius
1554 2253 1722 2294 proscripsit
1741 2255 1869 2285 insulam
1883 2275 1890 2288 ‚
1909 2254 2068 2285 vendidit:

1101 2294 1430 2335 cmit¹²P.Calpurnius
1440 2297 1668 2327 Lanariushuic
1678 2297 1713 2327 ab
1724 2297 1883 2338 auguribus
1894 2296 1970 2326 iilud
1982 2296 2066 2326 idem

1940 2338 2062 2369 denun-

1137 2437 1164 2463 7.
1186 2431 1297 2458 widun
1308 2440 1400 2457 centum
1410 2431 1510 2465 millia]
1533 2431 1625 2458 Editio
1635 2432 1753 2457 oninium
1767 2431 1851 2467 prima
1862 2432 1926 2457 item
1939 2432 2065 2462 Romana

1103 2463 1214 2492 secunda
1225 2475 1286 2493 voce
1297 2468 1409 2503 amplius
1423 2488 1430 2500 ,
1448 2477 1602 2493 nummorum.
1622 2467 1724 2494 Wolfio
1743 2469 1788 2493 vix
1801 2468 1935 2503 probabile
1945 2468 1976 2495 fit
1995 2469 2064 2496 :iite-

1102 2510 1160 2528 rum
1180 2510 1225 2529 aut
1244 2503 1281 2529 ita
1294 2503 1368 2530 fundi
1379 2505 1494 2540 pretium
1515 2503 1643 2538 ignorasse
1657 2523 1665 2535 ‚
1685 2511 1731 2530 aut
1741 2503 1855 2535 alterum
1869 2512 1971 2531 tantum
1986 2505 2064 2532 addi-

1099 2537 1163 2564 disse
1176 2548 1183 2567 3
1205 2539 1294 2575 itaque
1314 2548 1388 2576 putat
1398 2548 1514 2567 erratum
1527 2540 1577 2566 esse
1596 2540 1624 2567 in
1638 2549 1749 2566 numero
1762 2559 1770 2572 ,
1791 2539 1837 2568 nili
1847 2540 1955 2576 aliquod
1967 2543 2064 2570 chora·

1099 2575 1173 2609 gium
1185 2575 1278 2609 gloriae
1289 2577 1401 2612 captarit
1412 2577 1538 2603 scaevola.

1136 2610 1163 2637 8.
1183 2613 1248 2637 Rem
1257 2614 1324 2645 istum
1341 2615 1515 2639 virumbonum
1523 2623 1568 2639 non
1580 2612 1656 2646 facili}
1673 2611 1825 2645 reperimur]
1847 2612 1890 2638 Sic
1900 2612 2063 2641 membranae

1097 2655 1161 2673 meae
1172 2649 1197 2673 St
1209 2648 1322 2674 aliorum
1335 2649 1362 2674 &
1373 2648 1458 2676 sensus
1469 2649 1516 2680 est,
1528 2659 1579 2675 uon
1593 2648 1669 2675 lucili:
1682 2649 1756 2675 istum
1772 2648 1935 2675 Hecatonem
1948 2651 2061 2686 reperiri

1097 2683 1184 2710 virum
1197 2683 1293 2711 bonum
1307 2704 1315 2716 ‚
1327 2684 1377 2711 sive
1388 2685 1443 2711 doli
1456 2685 1517 2711 mali
1527 2684 1684 2712 definitione
1697 2704 1705 2716 ,
1726 2684 1776 2710 five
1787 2684 1829 2711 sua
1840 2693 1933 2712 natura
1944 2687 2060 2723 accipiat

1101 2719 1138 2745 vir
1151 2719 1245 2747 bonus.
1267 2723 1338 2752 νιίῗρ,
1349 2722 1372 2747 e'i
1384 2722 1418 2749 est
1429 2721 1561 2758 perfecie,
1572 2720 1701 2747 absolute.
1721 2721 1894 2747 Gulielmius.

1133 2764 1162 2790 9.
1181 2760 1255 2790 Dupli
1269 2765 1359 2790 pomam
1370 2758 1489 2793 stibii-cn]
1512 2759 1570 2783 Vox
1578 2766 1669 2790 pernam
1680 2767 1730 2783 uon
1745 2757 1780 2783 est
1793 2758 1818 2783 iu
1831 2758 1886 2783 Pal.
1898 2766 1938 2794 pr.
1953 2758 1981 2784 8<
1994 2759 2062 2785 vcro

1096 2792 1159 2818 cuni
1172 2794 1243 2819 varie
1255 2794 1296 2819 hic
1307 2793 1379 2820 locus
1391 2795 1557 2830 exprimatur
1567 2793 1594 2820 iu
1606 2793 1812 2820 membranaceis
1824 2794 1851 2819 ἃ
1861 2794 1952 2827 editis,
1965 2795 2057 2822 verili-

1095 2829 1158 2855 mile
1169 2829 1215 2859 est,
1228 2839 1278 2856 nou
1290 2829 1339 2856 effe
1351 2832 1365 2856 d
1377 2831 1518 2857 Cicerone.

1134 2874 1174 2891 io.
1194 2867 1381 2900 Qicqnidenim
1391 2867 1441 2899 effet
1450 2870 1476 2893 in
1484 2867 1566 2899 [τηλία
1576 2866 1662 2899 viiii]
1683 2867 1723 2891 lta
1738 2865 1793 2891 Pal.
1804 2874 1844 2900 pr.
1857 2876 1941 2903 neque
1955 2867 2057 2896 recedit

1094 2901 1241 2933 Victorius,
1252 2904 1332 2937 quam
1345 2902 1415 2938 quod
1427 2903 1460 2934 is,
1474 2905 1518 2929 esf.
1540 2902 1675 2936 quomodo
1691 2904 1718 2928 δι’
1730 2902 1786 2928 Pal.
1798 2902 1847 2929 sec.

1132 2948 1140 2964 i
1150 2948 1172 2964 i.
1192 2941 1323 2971 Augurium
1333 2941 1412 2965 afflui-i
1422 2939 1517 2974 efferta]
1538 2940 1731 2972 Funestam,
1742 2940 1883 2965 annotavit
1893 2939 1922 2966 ad
1935 2949 2009 2967 oram
2021 2940 2055 2967 li-

1094 2973 1133 3000 bri
1149 2973 1187 3001 sui
1197 2975 1371 3001 Gulielmius.

1133 3020 1172 3037 12.
1192 3014 1223 3037 P.
1234 3012 1397 3043 calphurnius
1406 3011 1559 3045 Lunai-iuss]
1581 3011 1624 3037 Sic
1633 3011 1660 3036 ὅ(
1672 3009 1740 3037 Pali.
1752 3009 1837 3037 forsan
1849 3014 1973 3038 Lanatus.
1994 3021 2058 3038 iiam*

1090 3047 1229 3083 inscriptio
1247 3047 1355 3083 antiqua
1374 3046 1503 3083 produci-„i
1522 3047 1555 3074 ab
1564 3047 1638 3073 Altio
1647 3047 1757 3082 Nepote
1769 3067 1777 3079 ,
1797 3047 1862 3074 nihil
1876 3048 1968 3084 probat
1982 3068 1988 3079 ,
2010 3048 2058 3074 iiiii

1092 3082 1234 3109 Casiri-iiiiii
1247 3083 1323 3110 illum
1336 3082 1411 3112 fuiil'e
1421 3091 1477 3112 arte
1488 3086 1625 3110 Lanarium
1635 3102 1644 3117 ‚
1656 3093 1707 3111 nou
1719 3084 1878 3121 cognomine
1889 3093 1896 3115 3
1927 3093 1984 3110 mea
1995 3084 2057 3119 qui-

1092 3119 1152 3146 dem
1172 3120 1311 3148 sententia..

1920 3165 1942 3183 ι.
1953 3158 2008 3189 Em}
2014 3158 2063 3182 ron}

2098 1797 2139 1830 16
