2337 3400
158 113 257 163 662
572 112 642 158 M.
720 108 1083 154 TULL11

163 191 174 207 ¹
190 200 255 220 tum
267 189 362 228 ipsum
373 184 529 216 discessum
540 185 656 215 senatus
667 181 802 213 incidiss'e
811 182 900 213 credo
911 181 1019 211 litteras
1031 189 1122 211 meas.

169 232 226 262 Sed
247 232 276 260 id
289 227 497 259 t‘eciadduffi'tus
514 226 686 257 auctor-itate
700 245 707 258 ‚
729 222 898 255 &consilio
918 233 989 253 tuo:
1013 221 1130 263 idque&

173 284 223 303 nie
235 271 313 302 resse
325 269 439 299 facTtum
450 278 523 308 puto
537 289 544 302 ‚
565 268 646 309 quod
659 277 723 297 non
735 265 844 300 statim,
857 264 1058 309 utappellatus
1070 267 1129 294 im-

172 323 290 354 perator
300 311 352 340 sim
364 331 372 344 ,
393 310 441 340 sed
453 311 519 340 alus
530 311 616 340 rebus
639 309 747 339 additis
759 329 766 341 ‚
784 308 953 348 aestivisque
970 306 1131 340 conteditis,

172 358 284 385 litteras
296 353 441 382 miserim.
468 354 641 393 chigitrir·
654 352 890 381 tibieruntcurae
904 369 911 383 ‚
931 348 1134 390 quemadmo-

174 398 249 427 dum
262 394 408 425 ostendis:
433 405 541 435 meque
552 404 649 426 totum
662 413 669 427 ‚
684 393 793 424 &mea
805 413 812 426 ‚
835 392 867 423 δε
878 401 963 421 meos
973 400 1135 422 commen-

175 442 259 468 datos
270 437 402 468 habebis.
426 437 510 466 Vale.

309 490 449 518 M.T.C.
475 489 623 518 APPIO
647 486 894 517 PULCHRO
915 487 942 515 S.
960 486 1002 514 D.

267 537 326 564 ΠΜ
345 534 389 564 est
399 534 433 564 ad
445 543 500 563 nos
511 534 634 563 allatum
652 533 688 563 de
700 533 865 567 temeritate
875 540 982 562 eorum
995 549 1004 563 ‚
1019 529 1071 570 qui
1083 527 1136 558 tibi

268 578 426 618 negotium
436 574 673 609 faces‘sti-ent,etsi
682 576 811 616 graviter
822 575 922 613 primo
933 573 1042 602 nuntio
1053 580 1138 600 com—

176 627 280 648 motus
292 619 358 649 sum
373 639 382 652 ,
398 618 480 659 quod
491 618 570 647 nihil
579 627 639 648 tam
653 626 756 657 praeter
764 618 944 656 opinionem
956 623 1055 644 meam
1066 614 1139 643 acci-

174 658 245 689 dere
256 662 356 700 potuit
369 671 374 689 z
388 669 537 693 tamen‚ut
547 669 599 689 me
606 660 714 700 collegi
726 679 734 691 ‚
745 668 839 688 cetera
849 658 926 687 mihi
937 655 1082 686 facillima
1092 656 1138 684 vi-

173 701 333 735 debantur,
345 703 427 743 quod
439 702 552 732 &inte
567 702 630 742 ipso
641 703 809 731 maximam
819 700 950 739 spem‚&
962 700 995 728 in
1005 699 1063 728 tuis
1074 706 1139 727 ma-

176 753 268 784 gnam
280 744 435 775 habebam:
447 744 572 784 multaq3
583 745 661 774 mihi
671 743 832 773 veniebant
841 745 873 771 in
884 749 1141 780 mentem,quam*

177 785 285 816 obrem
297 785 388 816 istum
400 787 531 817 laborem
543 786 598 816 tibi
611 787 701 816 etiam
713 786 822 814 honori
830 793 965 823 putarem
974 781 1048 827 fore·-
1060 780 1140 810 Illud

170 828 269 868 *plane
287 827 416 859 moleste
436 828 511 862 tuli,
548 826 631 868 quod
651 825 850 857 certissimum
865 845 873 859 ‚
894 825 926 854 &
943 822 1139 863 justiflrmum

178 872 371 910 triumphum
383 891 392 904 ,
414 871 470 901 hoc
480 871 657 900 invidorum
677 867 804 899 consilio
814 866 871 897 ess'e
882 867 937 897 tibi
947 875 1081 906 ereptum
1093 866 1139 895 vi-

179 912 301 942 debam.
325 913 415 954 Qod
427 921 457 943 tu
471 911 490 941 si
502 914 572 941 tanti
584 911 683 944 facies,
696 911 800 951 quanti
810 919 865 950 ego
878 909 992 949 semper
1005 908 1140 948 judicavi

178 953 355 985 faciendum
366 952 440 984 esse:
460 953 548 984 facies
568 954 729 993 sapienter,
751 950 967 990 &agesvicfilzor
984 959 1023 979 ex
1034 951 1141 979 inimi-

180 1005 288 1026 corum
299 996 405 1026 dolore
422 996 611 1035 triumphum
628 992 834 1034 justissimum.
867 995 931 1033 Ego
950 993 1034 1021 enim
1052 991 1141 1031 plane

179 1037 272 1068 video
282 1037 347 1068 fore
359 1058 367 1072 ‚
386 1040 486 1068 nervis
498 1057 506 1071 ,
518 1037 627 1077 opibus
637 1057 645 1070 ,
665 1036 807 1076 sapientia
817 1044 865 1065 tua
875 1055 883 1069 ‚
896 1035 1092 1064 vehementer
1111 1042 1144 1063 ut

171 1081 327 1110 inimicos
346 1090 414 1110 tuos
426 1081 570 1119 poeniteat
584 1079 822 1118 intemperantiae
843 1077 911 1107 suae.
935 1080 948 1096 ²
961 1079 1008 1105 De
1026 1085 1077 1105 me
1088 1075 1142 1105 tibi

181 1121 231 1156 sic,
244 1121 413 1152 contestans
423 1122 542 1151 omneis
553 1120 637 1154 deos,
650 1122 808 1160 promitto,
820 1128 906 1160 atque
917 1117 1080 1151 confirmo,
1094 1126 1142 1146 me

183 1174 239 1205 pro
250 1173 298 1194 tua
310 1163 451 1204 dignitate
466 1163 560 1201 (malo
578 1164 661 1192 enim
673 1162 773 1192 dicere
784 1182 792 1195 ,
812 1171 903 1202 quam
922 1170 976 1200 pro
988 1160 1089 1198 salute)
1111 1160 1144 1187 in

184 1208 238 1236 hac
256 1207 431 1245 provincia,
449 1206 498 1235 cui
518 1213 549 1234 tu
565 1203 708 1244 praefuisti
721 1223 729 1238 ‚
751 1203 884 1244 rogando
896 1222 904 1236 ‚
926 1202 1142 1241 deprecatoris:

180 1246 358 1280 laborando,
368 1248 531 1287 propinqui
546 1257 551 1275 :
573 1245 767 1276 undositate
777 1265 784 1279 ,
805 1247 863 1275 cari
876 1245 1012 1274 hominis
1026 1247 1071 1281 (ut
1081 1242 1145 1281 spe-

182 1290 230 1329 ro)
240 1289 317 1329 apud
332 1292 466 1319 civitates
479 1290 646 1330 :gravitate‚
660 1289 847 1327 imperatoris
857 1287 1064 1326 suscepturum
1076 1281 1144 1314 offi-

182 1333 238 1364 cia,
249 1340 333 1372 atque
344 1332 460 1371 parteis.
486 1332 597 1360 Omnia
607 1330 680 1360 volo
691 1330 707 1360 a
725 1339 775 1359 me
786 1327 958 1368 &postules
969 1348 977 1361 ‚
999 1327 1032 1356 δε
1040 1326 1146 1366 exspe-

184 1373 264 1403 &esz
283 1374 402 1402 vincam
417 1374 492 1403 meis
510 1370 619 1402 officiis
636 1374 834 1413 cogitationes
854 1379 930 1401 tuas.
953 1369 1148 1410 QServilius

183 1415 355 1455 perbreveis
366 1416 444 1444 mihi
454 1416 470 1445 a
488 1424 514 1445 te
526 1415 636 1444 litteras
647 1413 779 1444 reddidit
789 1433 798 1447 ,
817 1423 882 1453 quae
892 1413 969 1441 mihi
980 1420 1082 1441 tamen
1100 1411 1148 1439 ni-

183 1457 352 1497 mislongae
363 1457 432 1487 visae
452 1457 532 1487 sunt.
555 1458 702 1493 Injuriam
714 1457 798 1486 enim
815 1455 893 1485 mihi
912 1453 976 1484 fieri
996 1453 1147 1493 putabam,

183 1498 258 1530 cum
272 1499 405 1539 rogabar.
429 1499 559 1528 Nollem
577 1496 728 1528 accidisset
741 1506 880 1537 tempus,
899 1498 934 1526 in
955 1505 1017 1536 quo
1037 1494 1148 1535 perspi-

183 1551 250 1572 cere
260 1540 356 1580 poss'es
367 1561 375 1575 ‚
397 1542 501 1581 quanti
512 1549 550 1573 te,
564 1542 669 1581 quanti
681 1540 862 1579 Pompejum
872 1558 880 1572 ‚
898 1548 991 1578 quem
1002 1546 1100 1566 unum
1111 1545 1150 1565 ex

180 1583 334 1621 ,omnibus
344 1581 434 1616 facio,
446 1591 478 1612 nt
487 1581 593 1614 debeo,
607 1582 743 1621 plurimi,
757 1581 861 1621 quanti
872 1582 999 1609 Brutum
1010 1578 1149 1608 facerem:

179 1633 368 1665 ‚quamquam
380 1625 413 1653 in
430 1622 648 1654 consuetudine
659 1622 833 1663 quotidiana
852 1618 1061 1661 perspexisses,
1081 1618 1151 1649 sicut

183 1666 358 1706 perspicies:
378 1664 427 1695 sed
437 1666 583 1705 quoniam
593 1665 711 1697 accidit,
723 1663 743 1693 si
753 1663 825 1704 quid
836 1663 856 1693 {r
862 1673 910 1692 me
920 1660 1149 1702 praetermiffum

186 1709 262 1741 erit,
282 1704 480 1738 commissum
495 1705 611 1736 facinus
622 1725 630 1738 ‚
654 1705 686 1735 &
699 1703 861 1735 admissum
877 1705 1006 1735 dedecus
1025 1702 1151 1733 confite-

186 1749 252 1780 bor.
278 1750 426 1779 Pontinus
436 1768 444 1781 ,
459 1750 511 1788 qui
521 1748 537 1778 a
549 1757 575 1778 te
587 1746 728 1778 ti'a&atiis
737 1747 780 1777 est
788 1746 937 1787 praestanti
948 1767 956 1779 ‚
969 1756 1001 1776 ac
1013 1744 1150 1785 fingulari

188 1789 259 1824 fide,
271 1791 356 1830 cujus
365 1791 410 1820 tui
421 1788 562 1819 beneficii
577 1790 643 1819 sum
655 1799 710 1830 ego
721 1789 802 1819 testis
813 1810 822 1822 ‚
841 1787 954 1828 praestat
964 1787 1019 1817 tibi
1030 1796 1150 1816 memo-

186 1834 275 1866 riam,
287 1831 598 1871 benivolentiamque,
608 1841 699 1870 quam
708 1831 814 1860 debet:
833 1833 883 1871 qui
897 1850 904 1862 ,
925 1839 995 1858 cum
1008 1830 1151 1858 maximis

186 1875 276 1905 rebus
290 1874 349 1904 suis
367 1872 515 1903 coaetus&
535 1883 584 1902 me
601 1870 781 1902 invitissimo
801 1869 976 1901 decessisset:
1002 1879 1104 1899 tamen
1121 1879 1152 1899 ut

187 1916 268 1946 vidit
278 1913 471 1945 interess'etua
482 1935 490 1948 ‚
504 1913 780 1952 conscendensjam
794 1922 901 1954 navem
915 1933 923 1945 ,
945 1912 1062 1951 Epheso
1074 1913 1151 1941 Lao—

185 1957 303 1992 diceam
322 1959 450 1987 revertit.
482 1956 567 1986 Talia
583 1965 611 1986 te
634 1954 704 1986 cum
727 1955 820 1986 studia
838 1954 957 1985 videam
978 1954 1149 1983 habiturum

185 1997 244 2034 effe
263 1999 512 2032 innumerabilia,
538 1998 626 2038 plane
649 1997 784 2028 dubitare
802 2007 867 2027 non
885 1994 1027 2036 posl‘um3
1048 1997 1149 2036 *quin

186 2042 243 2072 tibi
261 2040 431 2081 amplitudo
450 2039 504 2071 ista
526 2039 700 2070 sollicitudo
718 2039 816 2069 futura
826 2038 868 2069 sit.
894 2036 1029 2069 5Sivero
1041 2036 1147 2071 efficis,

186 2093 221 2114 ut
234 2084 371 2114 censores
381 2092 535 2113 creentur:
556 2083 589 2114 ὃς
597 2102 606 2117 ,
619 2081 640 2112 sl
652 2083 691 2112 ita
700 2081 819 2123 gesseris
830 2081 997 2115 censuram,
1009 2088 1041 2110 ut
1053 2079 1086 2109 δε
1097 2079 1148 2109 de-

1164 106 1711 159 thERonts

1176 189 1227 219 bes
1239 209 1247 222 ‚
1269 188 1302 220 &
1312 197 1396 229 potes
1409 200 1415 219 z
1435 201 1499 222 non
1509 193 1564 224 tibi
1576 193 1673 225 solum
1685 214 1694 229 ,
1713 192 1762 226 sed
1775 193 1834 226 tuis
1844 194 1989 227 omnibus
1997 194 2087 228 video
2097 195 2132 227 in

1176 239 1354 272 perpetuum
1372 231 1493 263 summo
1511 234 1681 275 tepraefidio
1698 236 1847 268 futurum.
1871 237 1950 268 Illud
1960 248 2076 280 pugna,
2097 237 2131 268 δε

1177 275 1289 303 enitere
1299 293 1308 306 ²
1329 283 1367 303 ne
1376 273 1448 315 quid
1459 275 1702 318 nobiStemporis
1717 289 1907 321 prorogetur:
1931 289 1982 314 ut,
2000 290 2072 311 cum
2085 278 2134 310 hic

1178 316 1232 345 tibi
1252 313 1503 350 satisfecerimus,
1524 317 1590 348 istic
1599 329 1718 361 quoque
1730 321 1864 352 nostram
1873 324 1907 352 in
1917 331 1944 353 te
1954 322 2135 354 benivolen-

1177 359 1252 387 tiam
1262 367 1368 388 navare
1378 357 1534 398 possimus.
1558 363 1631 400 Qae
1639 361 1675 392 de
1686 363 1850 394 hominum
1862 384 1871 399 ‚
1891 373 1977 406 atque
1988 365 2132 397 ordinum

1179 402 1322 429 omnium
1333 409 1398 440 erga
1408 409 1435 430 te
1447 400 1552 431 studiis
1561 402 1662 433 scribis
1671 404 1707 435 ad
1718 415 1777 439 me,
1789 406 1922 437 minime
1935 408 2012 436 mihi
2022 408 2137 438 miran-

1181 441 1216 472 da
1226 461 1234 475 ‚
1245 442 1277 472 &2
1288 442 1422 472 maxime
1434 443 1566 479 jucunda
1575 445 1761 478 acciderunt:
1779 448 1942 489 eademque
1952 449 1987 479 ad
2000 459 2049 478 me
2065 459 2134 489 per·

1182 484 1284 523 scripta
1306 484 1372 514 sunt
1389 483 1404 514 Ξι
1421 483 1618 516 familiaribus
1641 490 1727 518 meis.
1768 493 1870 531 Itaque
1889 492 1974 531 capio
1993 501 2133 531 magnam

1182 525 1367 565 voluptatem
1381 547 1388 559 ,
1409 525 1482 556 cum
1502 527 1557 557 tibi
1575 548 1583 561 ‚
1601 529 1687 566 cujus
1707 531 1785 561 mihi
1800 534 1932 563 amicitia
1949 542 2012 563 non
2031 532 2133 563 solum

1183 568 1280 607 ampla
1289 589 1298 601 ‚
1310 567 1358 617 sed
1368 569 1598 608 etiamjucunda
1608 570 1650 602 est
1664 595 1672 607 ‚
1683 571 1699 591 ⁶
1710 581 1743 602 ea
1756 573 1845 603 tribui
1857 594 1865 607 ‚
1880 584 1945 614 quae
1955 574 2137 606 debeantur:

1183 619 1248 640 turn
1267 620 1338 639 vero
1356 620 1509 641 remanere
1527 613 1618 642 etiam
1638 623 1720 643 nunc
1737 617 1770 644 in
1784 617 1904 646 civitate
1914 615 2011 646 nostra
2021 615 2136 651 studia,

1182 651 1274 692 prope
1284 654 1428 682 omniurn
1437 653 1582 684 consensu
1592 674 1600 688 ‚
1613 664 1678 696 erga
1687 654 1790 686 forteis
1801 676 1810 690 ‚
1823 656 2026 688 &industrios
2037 659 2138 688 viros:

1183 704 1248 735 quae
1270 695 1347 723 mihi
1366 693 1420 734 ipsi
1434 705 1493 726 una
1503 696 1619 737 semper
1628 697 1738 728 tributa
1750 708 1863 728 merces
1872 697 1914 728 est
1928 698 2065 729 laborum
2075 719 2083 734 ,
2105 701 2139 732 δε

1183 736 1357 778 vigiliarum
1377 747 1525 767 mearum.
1549 738 1629 768 Illud
1648 739 1721 769 vero
1741 741 1819 770 mihi
1836 742 2002 780 permirum
2012 741 2139 776 accidit,

1185 787 1295 809 tantam
1308 782 1508 810 temeritatem
1518 779 1604 810 fuisse
1616 782 1648 810 in
1657 791 1694 811 eo
1705 781 1992 821 adolescente‚cujus
2000 792 2054 824 ego
2065 783 2141 813 salu-

1189 829 1250 850 tem
1269 820 1388 851 duobus
1406 823 1509 861 capitis
1524 822 1648 861 judiciis
1662 823 1779 855 summa
1788 826 1987 855 contentione
1998 823 2120 855 defendi
2137 835 2143 853 z

1188 871 1220 892 ut
1241 882 1249 896 ,
1268 864 1328 892 tuis
1352 864 1521 893 inimicitiis
1539 864 1734 905 suscipiendis
1756 886 1764 900 ‚
1785 867 2010 897 oblivisceretur
2025 868 2142 906 patroni

1187 907 1329 935 omnium
1338 903 1540 940 fortunarum,
1551 917 1584 937 ae
1593 909 1746 938 rationum
1756 909 1873 939 suarum
1886 908 2060 948 :praesertim
2071 918 2144 939 cum

1187 955 1218 976 tu
1229 946 1375 992 omnibus
1385 967 1392 981 ‚
1406 948 1454 977 vel
1466 951 1663 983 ornamentis,
1678 950 1728 980 vel
1739 950 1879 990 praesidiis
1890 950 2069 981 redundares
2080 961 2085 979 :
2097 950 2145 980 illi

1189 989 1195 1025 (
1211 998 1243 1018 ut
1253 987 1404 1020 levislime
1413 989 1532 1035 dicam)
1547 992 1644 1022 multa
1655 990 1793 1023 deessent.
1804 993 1890 1031 cujus
1904 993 2001 1022 sermo
2016 991 2121 1022 stultus
2132 1011 2143 1026 ,

1188 1031 1221 1060 &
1243 1031 1386 1069 puerilis,
1407 1034 1542 1071 eratjam
1560 1032 1644 1063 antea
1662 1033 1699 1064 ad
1718 1044 1766 1064 me
1789 1036 1804 1065 a
1822 1036 1865 1064 M.
1877 1035 1988 1068 Coelio,
1999 1033 2143 1064 familiari

1188 1072 1311 1105 nostro,
1336 1073 1530 1112 perscriptus:
1552 1075 1589 1105 de
1609 1085 1670 1115 quo
1691 1077 1765 1106 item
1785 1077 1922 1107 sermone
1931 1076 2027 1106 multa
2039 1077 2141 1116 scripta

1190 1114 1258 1143 sunt
1277 1114 1327 1143 abs
1347 1123 1384 1144 te.
1407 1119 1421 1142 7
1431 1117 1494 1156 Ego
1504 1125 1605 1146 autem
1614 1115 1705 1147 citius
1715 1127 1787 1148 cum
1798 1128 1834 1148 co
1843 1139 1851 1153 ,
1870 1120 1923 1159 qui
1935 1127 1998 1148 tuas
2007 1120 2146 1148 inimici-

1191 1158 1245 1185 tias
1272 1154 1441 1195 suscepisl'et
1462 1177 1470 1189 ,
1498 1167 1631 1188 veterem
1662 1160 1731 1197 conj
1737 1159 1916 1190 unctionem
1938 1159 2123 1190 diremissem
2134 1179 2144 1194 ‚

1191 1197 1285 1237 quam
1302 1207 1417 1228 novam
1443 1198 1658 1230 conciliafl'em.
1683 1203 1790 1241 Neque
1808 1203 1891 1231 enim
1911 1201 1946 1231 de
1966 1211 2036 1231 meo
2045 1212 2112 1241 erga
2121 1211 2148 1231 te

1192 1239 1291 1269 studio
1309 1239 1444 1269 dubitare
1462 1239 1551 1270 debes
1564 1252 1569 1270 :
1592 1251 1690 1282 neque
1701 1242 1731 1272 id
1742 1242 1785 1272 est
1794 1243 1955 1273 obscurum
1965 1244 2103 1283 cuiquam
2115 1245 2149 1273 in

1192 1282 1346 1320 provincia
1355 1301 1363 1315 ‚
1384 1292 1440 1312 nec
1463 1284 1574 1313 Rornae
1583 1282 1653 1313 fuit.
1675 1284 1732 1314 Sed
1744 1293 1846 1315 tamen
1857 1283 2038 1325 significatur
2048 1287 2082 1314 in
2093 1285 2152 1314 tuis

1191 1324 1285 1352 literis
1299 1323 1428 1363 suspicio
1438 1324 1576 1364 quaedam
1587 1345 1595 1359 ‚
1609 1325 1642 1355 ὃς
1654 1325 1802 1357 dubitatio
1815 1335 1864 1358 tua
1878 1337 1884 1356 t
1904 1326 1940 1357 de
1950 1337 2009 1367 qua
2015 1328 2151 1356 alienum

1191 1373 1311 1410 tempu-s
1321 1365 1363 1396 est
1373 1367 1450 1396 mihi
1463 1376 1564 1396 tecum
1573 1366 1784 1407 expostulandi
1797 1379 1802 1397 :
1813 1368 1958 1410 purgandi
1966 1377 2066 1398 autem
2079 1370 2152 1401 mei,

1193 1405 1401 1437 necessarium.
1425 1408 1487 1438 Ubi
1498 1410 1583 1439 enim
1593 1419 1650 1450 ego
1660 1411 1801 1450 cuiquam
1812 1411 1953 1452 legationi
1963 1409 2008 1440 fui
2020 1410 2154 1450 impedi-

1198 1457 1303 1479 mento
1314 1469 1322 1482 ‚
1340 1449 1402 1490 quo
1419 1449 1525 1480 minus
1546 1453 1681 1482 Romam
1691 1453 1726 1482 ad
1737 1451 1858 1482 laudem
1869 1462 1952 1482 tuam
1963 1454 2154 1482 mitteretur?

1195 1493 1287 1521 autin
1296 1502 1357 1532 quo
1365 1493 1450 1532 potui
1465 1512 1473 1525 ‚
1486 1490 1505 1521 si
1517 1501 1545 1523 te
1554 1492 1652 1533 palam
1661 1492 1789 1524 odissem
1801 1514 1809 1528 ,
1821 1493 1926 1524 minus
1936 1493 2018 1534 quod
2030 1494 2086 1524 tibi
2097 1493 2155 1524 ob-

1194 1530 1265 1578 esset
1274 1552 1282 1566 ,
1293 1533 1388 1564 facere
1404 1536 1414 1563 ?
1430 1532 1450 1564 s1
1460 1534 1548 1569 clam,
1562 1537 1658 1576 magis
1668 1536 1765 1576 aperte
1776 1537 1922 1566 inimicus
1932 1534 2008 1566 effe?
2031 1535 2122 1577 de
2135 1533 2156 1565 fi

1195 1573 1286 1605 essein
1308 1585 1338 1606 ea
1356 1574 1498 1615 perfidia,
1518 1586 1574 1617 qua
1592 1577 1661 1607 sunt
1671 1579 1708 1610 ii,
1731 1579 1825 1618 quiin
1835 1588 1891 1608 nos
1903 1579 1965 1608 haec
1974 1576 2155 1608 conferunt:

1198 1625 1298 1647 tamen
1310 1627 1342 1647 ea
1351 1616 1476 1647 stultitia
1485 1617 1563 1647 certe
1574 1628 1639 1648 non
1648 1617 1768 1648 fuissem
1781 1639 1790 1652 ,
1803 1629 1835 1649 ut
1843 1628 1892 1649 aut
1900 1621 1933 1648 in
1945 1619 2073 1649 obscuro
2083 1618 2156 1648 odio

1193 1667 1303 1698 apertas
1321 1660 1514 1689 inimicitias:
1540 1669 1589 1690 aut
1599 1679 1607 1693 ,
1630 1662 1662 1690 in
1673 1670 1734 1700 quo
1743 1661 1797 1690 tibi
1808 1660 1887 1690 nihil
1898 1670 2042 1690 nocerem
2054 1679 2062 1694 ,
2073 1660 2158 1690 sum-

1195 1708 1276 1729 mam
1304 1699 1496 1730 ostenderem
1525 1702 1716 1732 voluntatem
1738 1702 1878 1733 nocendi.
1918 1697 1932 1721 3
1944 1702 1990 1732 Ad
2009 1712 2059 1731 me
2077 1701 2158 1731 adire

1195 1741 1340 1782 quosdam
1360 1744 1511 1775 memini,
1529 1745 1582 1783 qui
1601 1743 1733 1773 dicerent
1755 1763 1763 1777 ‚
1785 1746 1879 1774 nimis
1899 1753 2023 1784 magnos
2043 1743 2159 1773 sumtus

1198 1785 1300 1823 legatis
1320 1783 1442 1813 decerni
1463 1794 1469 1812 2
1496 1784 1606 1824 quibus
1628 1795 1684 1825 ego
1706 1795 1771 1814 non
1791 1794 1852 1815 tam
1876 1786 2021 1825 imperavi
2041 1805 2049 1819 ‚
2068 1794 2158 1825 quam

1197 1825 1299 1855 censui
1312 1844 1320 1857 ‚
1341 1824 1457 1854 sumtus
1468 1825 1571 1866 legatis
1580 1835 1670 1866 quam
1683 1827 1818 1856 maxime
1831 1827 1866 1857 ad
1878 1827 1975 1867 legem
1987 1827 2161 1857 Corneliam

1196 1865 1409 1896 decernendos.
1434 1869 1531 1907 Atque
1542 1869 1573 1897 in
1584 1877 1620 1897 eo
1635 1868 1699 1908 ipso
1711 1878 1760 1898 me
1771 1878 1837 1898 non
1849 1866 2041 1909 perseverasse
2055 1889 2063 1902 ,
2076 1867 2162 1898 testes

1198 1909 1265 1939 sunt
1274 1910 1403 1938 rationes
1421 1910 1577 1939 civitatum
1590 1929 1598 1942 ,
1620 1911 1652 1939 in
1662 1911 1771 1950 quibus
1784 1930 1792 1944 ,
1811 1920 1960 1951 quantum
1969 1920 2095 1952 quaeque
2105 1919 2163 1940 vo·-

1196 1950 1272 1983 luit,
1294 1950 1397 1989 legatis
1408 1952 1467 1980 tuis
1477 1951 1581 1981 datum
1592 1951 1724 1982 induxit.
1748 1955 1795 1982 Te
1804 1962 1902 1982 autem
1913 1953 2022 1993 quibus
2033 1952 2160 1982 menda-

1197 1993 1253 2022 ciis
1262 1993 1404 2022 homines
1415 1991 1558 2022 leviffimi
1569 1996 1744 2024 onerarunt?
1755 2004 1820 2024 non
1831 1994 1925 2024 modo
1939 1994 2067 2026 sublatos
2077 1994 2163 2024 sum-

1198 2043 1263 2067 tus,
1287 2033 1336 2064 sed
1355 2036 1446 2064 etiam
1471 2035 1486 2064 ὰ
1505 2036 1747 2074 procuratoribus
1758 2046 1863 2066 eorum
1875 2056 1884 2069 ,
1902 2036 2026 2077 quijam
2036 2035 2164 2076 profesti

1198 2074 1303 2110 essent,
1315 2078 1468 2116 repetitos,
1482 2077 1514 2108 δε
1525 2077 1657 2108 ablatos:
1682 2087 1808 2119 eamque
1816 2079 1934 2109 causam
1946 2079 2050 2109 multis
2060 2079 2167 2109 omni-

2054 2134 2097 2154 nO
2107 2133 2172 2154 non

235 2198 258 2215 ι.
277 2191 333 2214 Timr
341 2190 414 2223 ipfiaem
424 2190 647 2223 disiteffiamsenatm
657 2190 761 2222 incizsiff}
781 2190 845 2215 credo
854 2192 948 2215 litteras
958 2190 1047 2223 mean]
1067 2190 1109 2215 Sic
1123 2189 1159 2216 est

193 2225 344 2260 elegantius
356 2235 388 2251 ex
400 2226 485 2252 tribus
505 2226 691 2261 posterioribus
705 2225 773 2252 Pau.
784 2227 811 2251 ὅ(
824 2226 958 2252 Stewech.
979 2226 1075 2261 vulgus
1087 2225 1161 2256 adie-

194 2262 231 2287 cit
241 2264 279 2293 ἐπ,
293 2271 324 2288 ne
335 2261 486 2288 haercndum
498 2261 562 2289 esset
572 2262 642 2297 eirca
652 2262 833 2297 quaestionem,
845 2272 898 2298 quo
908 2261 1065 2298 procederet
1075 2262 1161 2289 oratio

197 2298 340 2333 regimine.

235 2343 263 2360 2.
282 2336 413 2360 Demetibi
423 2336 458 2368 sic
477 2337 604 2367 contestans
622 2344 697 2360 omncs
715 2335 766 2360 deos
782 2335 917 2369 strumina]
941 2335 983 2361 Sic
1002 2335 1037 2361 est
1057 2335 1083 2361 in
1104 2334 1163 2360 edi·-

196 2370 301 2396 zionum
321 2371 439 2406 principe
452 2390 459 2402 ,
479 2371 634 2406 invenitque
654 2370 827 2397 Victor-iusim
848 2370 906 2397 suis.
930 2379 1048 2397 ceterum
1070 2371 1103 2397 sic
1114 2380 1162 2396 ex—

199 2406 285 2442 presse
309 2408 391 2432 (Jrut.
410 2406 480 2432 Pall.
499 2406 549 2432 see.
568 2414 633 2433 tert.
665 2407 752 2442 quint,
781 2406 815 2431 ob
834 2406 1019 2442 compendium
1040 2406 1162 2442 scriptio-

204 2443 245 2468 nis
257 2445 363 2474 constans
376 2462 382 2473 ,
393 2443 437 2469 :ilii
449 2444 573 2475 obtestans,
583 2442 627 2468 ulii
638 2445 724 2476 testans
743 2442 849 2478 utrique
862 2443 941 2469 male.
962 2443 995 2469 sic
1006 2443 1103 2468 Cicero
1112 2442 1162 2469 ali-

196 2477 224 2504 bi
236 2479 261 2504 iu
275 2480 402 2505 Verrem:
424 2483 482 2504 Deos
498 2480 640 2513 hominesque
659 2481 789 2511 contestans
807 2481 910 2504 clamare
930 2482 1004 2511 cepit.
1026 2478 1099 2504 Idem
1115 2488 1162 2514 pro

198 2514 312 2541 Flacco:
334 2516 412 2546 Qum
422 2524 457 2547 ego
467 2522 487 2539 re
507 2517 588 2540 Haece
598 2517 675 2540 calum
698 2521 832 2548 terramque
844 2517 973 2547 comestam
986 2517 1051 2548 fltns
1064 2518 1164 2549 flentem

196 2552 337 2580 ubteflaL-ar.
358 2550 447 2577 ite-§te
466 2558 555 2577 autern
575 2551 644 2578 hunc
664 2550 751 2577 locum
772 2560 803 2576 ex
820 2551 895 2577 s'esto
915 2552 1105 2587 interpretatus
1128 2550 1163 2577 est

200 2586 351 2612 Victorius.

239 2631 265 2657 3.
286 2625 448 2650 wei-”lorium
458 2623 641 2658 carihaminin]
664 2623 706 2649 Sic
717 2623 752 2650 est
764 2623 789 2650 in
811 2623 935 2649 omnibus
956 2623 1050 2649 nostris
1066 2621 1123 2649 mss.
1136 2623 1163 2648 &

200 2658 459 2690 editionibus,sblum
472 2660 497 2685 in
511 2660 555 2686 Pal
579 2659 692 2686 secundo
702 2660 737 2686 est
749 2662 763 2685 zi
775 2669 853 2687 manu
865 2658 977 2686 secunda
989 2661 1048 2685 clari
1057 2659 1163 2690 hominis,

202 2694 273 2734 quod
285 2695 487 2731 improbandum
500 2706 551 2722 non
563 2695 687 2722 ducerem
703 2715 711 2727 ,
723 2695 802 2722 modo
816 2696 995 2723 numerosiore
1005 2697 1031 2720 S<
1045 2695 1164 2721 firmiore

203 2732 228 2756 se
240 2731 302 2756 teste
315 2740 447 2758 tueretur.
469 2732 579 2758 Clarum
591 2732 658 2768 apud
672 2733 727 2759 suos
748 2732 922 2768 provinciales
934 2731 958 2757 se
969 2730 1045 2757 fuisse
1057 2751 1064 2763 ‚
1081 2731 1167 2765 jaetat

205 2767 296 2793 Coelio
309 2767 354 2793 lib.
368 2778 403 2794 it.
424 2778 481 2804 cap.
498 2777 538 2794 10.
558 2770 662 2802 quadam
673 2771 815 2794 archioritate
826 2769 891 2800 apud
906 2777 941 2793 eos
953 2787 961 2799 ‚
980 2777 1020 2801 qm
1030 2778 1063 2793 me
1072 2777 1116 2793 nnn
1125 2777 1167 2793 nn-

204 2811 263 2827 υπτ
280 2805 377 2829 nominis
387 2806 466 2835 nostri.
488 2807 594 2830 „Multum
605 2808 640 2830 ci?
651 2808 711 2830 enim
729 2808 755 2830 in
772 2806 808 2830 iis
817 2805 870 2830 locis
881 2816 887 2830 .·
906 2807 1001 2830 Hiccme
1011 2805 1089 2829 effult-
1101 2823 1108 2836 ,
1127 2806 1170 2838 qui
1187 2804 1189 2828 l
1210 2803 1295 2830 editio
1307 2813 1314 2834 ;
1329 2804 1423 2838 Jicffivn
1432 2804 1579 2837 experfidt‘a.
1595 2804 1680 2836 forte,
1691 2811 1721 2830 ut
1731 2804 1840 2831 Plautus
1851 2812 1879 2828 ex
1887 2808 2038 2835 paupertate.
2058 2800 2100 2827 sed
2112 2810 2170 2827 cre—

205 2840 285 2863 urhcm
297 2844 306 2865 ,⁷
324 2841 494 2873 quem-(enatus
505 2844 514 2866 ἓ
534 2842 590 2868 noll!
601 2849 684 2866 cetera.

243 2881 271 2905 4.
291 2876 353 2905 §igin
365 2878 407 2900 ιιι-ί
417 2877 543 2908 111„lequ
554 2879 597 2907 1s1'a
608 2877 737 2909 sasiri-nudo
748 2878 840 2910 surm-a
853 2876 912 2911 fin]
933 2876 990 2911 Qi
1011 2882 1147 2902 mutarunt
1159 2887 1164 2902 :

207 2912 266 2944 quin
276 2913 319 2934 tibi
329 2913 479 2943 ampsnm'ini
488 2914 532 2945 tyla
542 2913 673 2943 fallit-itudo.
690 2912 803 2939 audaciae
816 2912 865 2939 suae
875 2923 904 2938 :ic
916 2913 1073 2939 temeritatis
1085 2912 1167 2947 speti-

207 2955 267 2972 men
279 2945 429 2976 dederunt3
450 2949 519 2983 quali
532 2950 583 2974 inec
595 2950 714 2975 omnium
727 2949 854 2976 librorum
868 2958 896 2974 nc
909 2948 965 2975 msl'.
986 2948 1069 2974 lec-“tio
1080 2958 1166 2974 nunus

206 2980 324 3017 liqueret
338 3001 345 3013 ,
365 2991 408 3008 aut
420 2993 509 3019 parunt
523 2985 627 3020 integra
645 2985 724 3011 fut-ct.
747 2987 810 3011 Eam
834 2992 905 3011 certe
918 2985 1050 3020 conspicio
1061 2985 1086 3010 in
1099 2985 1167 3010 l’all.

207 3017 426 3048 omnibus,(2‘1·ut.
440 3021 524 3045 Stew.
536 3022 622 3048 vatic.
632 3021 746 3056 denique
757 3021 874 3048 editione
885 3023 969 3056 prima
979 3030 1008 3047 nc
1020 3020 1145 3047 Vffitorii.

250 3063 275 3086 5.
295 3056 319 3079 Si
330 3054 385 3079 >verb
395 3055 469 3087 efficis,
482 3064 508 3080 nt
518 3058 616 3089 censores
628 3065 742 3083 creentur.
755 3060 760 3092 J
784 3057 912 3083 Nondum
924 3057 991 3093 apud
1004 3067 1045 3083 me
1054 3057 1167 3093 pervicit

207 3090 352 3116 auetoritas
373 3090 496 3117 Lami-ini
518 3099 545 3117 ut
564 3093 626 3119 lianc
648 3093 803 3130 stripnnmu
816 3094 928 3120 vietor-'n
953 3096 1020 3128 (quae
1038 3093 1073 3119 est
1093 3093 1118 3119 iu
1138 3103 1165 3119 0.

207 3125 278 3153 Pan.
289 3127 371 3153 (ii-ut.
383 3127 466 3153 tribus
478 3128 664 3155 Gulielmianis
679 3149 686 3160 ,
699 3130 846 3157 editionum
859 3130 952 3165 prima)
967 3139 1024 3155 cnm
1038 3129 1092 3165 ipso
1103 3129 1167 3163 rell·-

206 3171 306 3190 cerein.
325 3162 390 3198 quid
401 3163 480 3191 caulae
492 3164 502 3192 ἓ
522 3172 594 3192 certe
608 3165 720 3201 vulgata:
731 3176 815 3202 neque
830 3166 915 3194 uolani
928 3176 1012 3202 neque
1026 3165 1164 3202 vestigium

1208 2189 1325 2215 invenio.
1349 2190 1413 2216 sicut
1425 2190 1452 2215 Sc
1465 2189 1533 2215 illud
1543 2191 1676 2223 m‘aitiffimh
1687 2190 1712 2216 in
1729 2189 1783 2216 solo
1794 2197 1889 2225 quarto
1900 2189 1968 2215 Pau.
1978 2189 2062 2215 exstat
2073 2208 2081 2220 ‚
2096 2186 2167 2224 quod

1207 2226 1346 2262 anteponis
1358 2226 1438 2261 louge
1456 2226 1562 2255 nostro5
1583 2226 1608 2251 iu
1622 2236 1675 2260 quo
1686 2225 1759 2261 spero
1777 2226 1929 2252 doetiorum
1946 2225 2077 2251 neminem
2098 2225 2168 2250 riva-

1206 2261 1259 2288 lem
1271 2262 1407 2288 habiturus
1420 2262 1465 2288 est.
1488 2262 1564 2288 Prior
1574 2261 1656 2288 lectio
1668 2262 1749 2297 vulgo
1761 2261 1794 2288 fic
1807 2267 1933 2297 concepta
1942 2261 1977 2288 est
1988 2271 1993 2287 z
2014 2264 2040 2286 δι’
2048 2261 2103 2286 verb
2114 2259 2171 2292 effe-

1206 2299 1263 2324 ceris
1274 2305 1301 2323 ut
1311 2300 1386 2331 cens-ir
1395 2298 1488 2324 crem-if.

1242 2335 1270 2360 6.
1294 2338 1332 2360 Ea
1342 2336 1426 2366 zribin,
1437 2343 1485 2368 quae
1494 2335 1623 2360 debeantur
1636 2345 1643 2359 .·
1658 2342 1707 2360 tum
1716 2334 1772 2359 ver'o
1782 2343 1901 2359 remanere
1911 2335 1981 2359 etlam
1990 2333 2078 2367 mmm]
2099 2331 2167 2358 Vul-

1205 2371 1241 2405 go
1261 2372 1336 2396 tribui
1344 2371 1412 2396 video
1424 2389 1431 2401 ,
1443 2369 1485 2395 sed
1496 2370 1622 2406 posterius
1638 2370 1710 2396 reite
1730 2370 1840 2405 abigunt
1859 2376 1974 2405 quatuor
1995 2368 2063 2395 l'all.
2082 2369 2165 2395 Grut.

1208 2406 1290 2431 Peck.
1310 2405 1395 2432 editio
1414 2406 1499 2441 prima
1516 2406 1543 2431 δε
1556 2406 1685 2432 νὶξῒοι·ἰἰ;
1709 2405 1804 2432 deinde
1825 2407 1922 2432 iterum
1944 2405 2097 2440 vulgarunt.
2117 2412 2167 2429 mm

1207 2442 1262 2466 verb
1280 2444 1408 2467 etiamnum
1427 2451 1562 2467 remanere:
1581 2441 1622 2468 sed
1642 2441 1709 2468 illud
1729 2446 1856 2467 etiamnum
1866 2441 2044 2468 exturbarunt
2063 2450 2169 2476 quoque

1207 2478 1265 2503 Pal.
1277 2484 1341 2504 tert.
1358 2480 1440 2504 (jrut.
1453 2479 1587 2504 stewech.
1597 2488 1645 2514 pro
1657 2478 1744 2504 nostra
1754 2480 1817 2505 vero
1831 2478 1947 2504 lec'tione
1965 2484 2082 2513 pugnant
2103 2486 2168 2512 qua-

1209 2521 1270 2540 tuor
1282 2513 1570 2540 Pa11.v'16t01·iicdizi0
1583 2533 1590 2546 ,
1603 2515 1688 2550 sicque
1699 2513 1855 2550 transposuit
1869 2516 1892 2540 in
1906 2515 1991 2549 prima
2002 2512 2169 2549 impressione

1210 2550 1350 2584 Egnatius.
1371 2550 1459 2585 paullo
1471 2551 1525 2586 post
1537 2551 1594 2576 Pal.
1609 2558 1674 2577 tert.
1684 2553 1764 2577 (ἐι-ιη.
1778 2551 1912 2577 Stewecb.
1932 2560 1986 2583 erga
1996 2551 2072 2582 fhrtes
2090 2549 2168 2579 &rn-

1208 2586 1328 2620 dustriosbs
1347 2589 1435 2612 viros.-
1455 2587 1499 2622 qui
1511 2587 1614 2613 codices
1635 2587 1737 2614 tametsi
1757 2596 1808 2613 non
1827 2588 1960 2622 postremo
1977 2586 2045 2622 apud
2066 2594 2107 2611 me
2119 2584 2169 2612 sint

1211 2632 1339 2649 numero:
1362 2629 1451 2649 tamen
1464 2633 1515 2649 non
1527 2623 1600 2650 aufiis
1612 2623 1665 2649 siim
1689 2624 1753 2650 hanc
1766 2624 1912 2650 novitatem
1931 2633 1961 2648 ac
1972 2622 2106 2648 licentiam
2121 2621 2168 2647 ad-

1210 2658 1335 2685 mittendi
1355 2658 1467 2694 quodvis
1487 2660 1513 2685 in
1534 2660 1668 2686 Cicerone
1687 2659 1812 2685 assumere
1832 2667 1912 2695 atque
1931 2657 2064 2694 usurpare.
2085 2658 2170 2683 Porro

1209 2695 1274 2722 item
1286 2695 1342 2721 Pal.
1355 2702 1418 2721 tert.
1429 2704 1458 2721 ac
1469 2696 1603 2722 stewech.
1622 2703 1717 2721 tantam
1726 2698 1879 2721 remo-itatem
1885 2696 1954 2729 fm'ffit
1963 2695 2107 2727 adolescenti.

1247 2740 1275 2765 7.
1298 2735 1343 2767 Ego
1352 2738 1429 2756 autem
1439 2735 1510 2757 citius
1528 2741 1578 2757 cnm
1588 2742 1621 2763 eo,
1631 2732 1699 2766 qui]
1715 2732 1802 2766 Vulgo
1817 2733 1846 2757 ab
1857 2742 1877 2757 εο
1889 2742 1895 2756 .’
1910 2730 1943 2756 sic
1953 2730 1989 2756 est
2008 2730 2034 2756 in
2047 2728 2168 2755 omnibus

1212 2767 1268 2793 mss.
1289 2768 1316 2793 8<
1331 2767 1493 2794 editionibus
1514 2768 1711 2794 vetustioribus.
1732 2769 1818 2794 Porro
1829 2776 1920 2793 omnes
1933 2765 1989 2791 mss.
2009 2773 2038 2791 ut
2048 2766 2075 2790 Sc
2087 2766 2169 2800 prisca

1209 2839 1258 2866 bro
1271 2847 1456 2876 permutantur
1469 2848 1484 2865 a
1494 2840 1520 2864 8<
1530 2849 1558 2865 x.

1246 2876 1273 2903 8.
1294 2877 1390 2903 mime
1399 2876 1465 2901 (ιιίἰνε
1473 2876 1583 2908 quosdam
1602 2876 1721 2909 memini]
1745 2873 1886 2901 Vei-bailla
1905 2882 1963 2909 quae
1973 2883 2006 2899 ex
2021 2873 2072 2899 suis
2093 2880 2171 2899 vetu-

1209 2912 1253 2940 stis
1266 2913 1338 2939 libris
1350 2911 1426 2938 assuit
1437 2912 1572 2937 Vitruvius
1584 2930 1591 2941 ‚
1603 2915 1715 2937 nimirum
1725 2921 1753 2937 cx
1762 2913 1866 2943 Epiflcto
1878 2929 1885 2941 ‚
1896 2919 1958 2936 cum
1970 2919 2054 2945 neque
2065 2910 2090 2935 in
2103 2909 2170 2935 Pau.

1211 2951 1294 2975 Grut.
1305 2948 1436 2974 Gulielm.
1450 2947 1492 2973 ed.
1504 2956 1544 2983 pr.
1557 2956 1640 2982 neque
1651 2947 1775 2973 Lambini
1794 2946 1868 2972 libris
1889 2954 2058 2982 compareant
2071 2964 2078 2977 ‚
2098 2945 2171 2972 nefas

1210 2984 1277 3011 duxi
1291 2984 1415 3011 inducere
1426 2984 1496 3014 lxuc;
1518 2984 1580 3009 cum
1602 2992 1630 3009 re
1641 2992 1702 3009 vera
1714 2983 1854 3008 rideantur
1865 2992 1978 3017 pannum
1998 2982 2023 3008 in
2044 2991 2168 3017 purpura.

1212 3021 1251 3047 At
1268 3021 1342 3047 illam
1362 3019 1558 3054 subsequentem
1579 3026 1688 3045 tuentur
1707 3019 1775 3045 Pau.
1796 3026 1849 3045 tres
1862 3026 1976 3054 quatuor
1988 3037 1996 3049 ,
2015 3019 2168 3044 Grut.ste-
2195 3043 2197 3046 ,

1212 3057 1298 3083 wecli.
1313 3056 1427 3082 Viam-ii
1438 3055 1522 3081 editio
1533 3066 1539 3082 ;
1560 3062 1676 3089 qnantum
1685 3064 1776 3089 qnaeque
1786 3058 1862 3080 voririt
1878 3075 1884 3085 ‚
1893 3055 1972 3087 legatis
1983 3055 2029 3079 tm'r
2039 3055 2119 3079 datum
2129 3056 2169 3079 in—

1209 3093 1295 3119 duxit:
1314 3100 1462 3128 quanquam
1482 3091 1564 3126 magis
1584 3090 1691 3126 probem
1713 3092 1770 3118 Pal.
1790 3101 1830 3127 pr.
1849 3091 1876 3116 &r
1889 3091 1972 3116 Peck.
1991 3089 2145 3125 scripturam
2159 3099 2166 3115 ε

1209 3136 1326 3162 quantum
1335 3137 1426 3161 quaque
1435 3128 1512 3152 voluit
1519 3128 1599 3160 legatis
1609 3128 1656 3153 tuis
1665 3129 1757 3158 datam,
1771 3128 1870 3153 indixit.
1890 3126 1948 3153 Pal.
1961 3126 2049 3161 quint.
2059 3135 2112 3152 non
2123 3125 2169 3151 ab·

1210 3164 1298 3197 surde,
1311 3171 1425 3200 quantum
1435 3173 1526 3199 qnaetjtte
1536 3165 1611 3190 voluit
1620 3164 1699 3196 legatis
1709 3164 1769 3196 tuis,
1780 3164 1917 3190 mandatum
1926 3164 2032 3189 induxit.
2130 3197 2154 3220 S'

1443 3206 1446 3208 ’
2097 3205 2120 3223 1.
2146 3203 2171 3221 m
