<?xml version="1.0" encoding="UTF-8"?>
<!DOCTYPE html PUBLIC "-//W3C//DTD XHTML 1.0 Transitional//EN"
    "http://www.w3.org/TR/xhtml1/DTD/xhtml1-transitional.dtd">
<html xmlns="http://www.w3.org/1999/xhtml" xml:lang="en" lang="en">
 <head>
  <title>
</title>
<meta http-equiv="Content-Type" content="text/html;charset=utf-8" />
  <meta name='ocr-system' content='tesseract 3.04.00' />
  <meta name='ocr-capabilities' content='ocr_page ocr_carea ocr_par ocr_line ocrx_word'/>
</head>
<body>
  <div class='ocr_page' id='page_1' title='image "./mtuliiciceroniso00cice/mtuliiciceroniso00cice_1014.png"; bbox 0 0 2337 3400; ppageno 0'>
   <div class='ocr_carea' id='block_1_1' title="bbox 44 176 57 202">
    <p class='ocr_par' dir='ltr' id='par_1_1' title="bbox 44 176 57 202">
     <span class='ocr_line' id='line_1_1' title="bbox 44 176 57 202; baseline 0 0"><span class='ocrx_word' id='word_1_1' title='bbox 44 176 57 202; x_wconf 74' lang='grc' dir='ltr'><strong>Ι</strong></span> 
     </span>
    </p>
   </div>
   <div class='ocr_carea' id='block_1_2' title="bbox 511 78 1026 130">
    <p class='ocr_par' dir='ltr' id='par_1_2' title="bbox 511 78 1026 130">
     <span class='ocr_line' id='line_1_2' title="bbox 511 78 1026 130; baseline -0.021 0"><span class='ocrx_word' id='word_1_2' title='bbox 511 82 578 130; x_wconf 88' lang='lat' dir='ltr'>M.</span> <span class='ocrx_word' id='word_1_3' title='bbox 662 78 1026 125; x_wconf 79' lang='lat' dir='ltr'>TULL11</span> 
     </span>
    </p>
   </div>
   <div class='ocr_carea' id='block_1_3' title="bbox 105 106 1066 289">
    <p class='ocr_par' dir='ltr' id='par_1_3' title="bbox 105 106 1066 289">
     <span class='ocr_line' id='line_1_3' title="bbox 147 106 199 137; baseline 0.019 -1"><span class='ocrx_word' id='word_1_4' title='bbox 147 106 199 137; x_wconf 86' lang='lat'>10</span> 
     </span>
     <span class='ocr_line' id='line_1_4' title="bbox 105 107 823 196; baseline -0.022 5"><span class='ocrx_word' id='word_1_5' title='bbox 105 107 133 155; x_wconf 82' lang='lat'>9</span> <span class='ocrx_word' id='word_1_6' title='bbox 345 165 534 196; x_wconf 83' lang='lat' dir='ltr'><strong>CICERO</strong></span> <span class='ocrx_word' id='word_1_7' title='bbox 568 160 765 190; x_wconf 85' lang='lat' dir='ltr'>ATTICO</span> <span class='ocrx_word' id='word_1_8' title='bbox 796 159 823 187; x_wconf 87' lang='lat' dir='ltr'>S.</span> 
     </span>
     <span class='ocr_line' id='line_1_5' title="bbox 167 199 1066 241; baseline -0.02 0"><span class='ocrx_word' id='word_1_9' title='bbox 167 212 170 213; x_wconf 49' lang='lat'><em>⁷</em></span> <span class='ocrx_word' id='word_1_10' title='bbox 209 213 315 241; x_wconf 78' lang='lat' dir='ltr'>Unius</span> <span class='ocrx_word' id='word_1_11' title='bbox 335 209 434 237; x_wconf 63' lang='lat' dir='ltr'>terti-„is</span> <span class='ocrx_word' id='word_1_12' title='bbox 445 204 513 234; x_wconf 83' lang='lat' dir='ltr'>dedi</span> <span class='ocrx_word' id='word_1_13' title='bbox 524 202 559 232; x_wconf 89' lang='lat' dir='ltr'>ad</span> <span class='ocrx_word' id='word_1_14' title='bbox 571 212 599 232; x_wconf 88' lang='lat' dir='ltr'>tc</span> <span class='ocrx_word' id='word_1_15' title='bbox 608 199 944 241; x_wconf 83' lang='lat' dir='ltr'>epistolamlongiorem</span> <span class='ocrx_word' id='word_1_16' title='bbox 958 204 964 223; x_wconf 71' lang='grc' dir='ltr'><strong><em>τ</em></strong></span> <span class='ocrx_word' id='word_1_17' title='bbox 984 203 1066 224; x_wconf 90' lang='lat' dir='ltr'>nunc</span> 
     </span>
     <span class='ocr_line' id='line_1_6' title="bbox 208 235 1064 289; baseline -0.02 -8"><span class='ocrx_word' id='word_1_18' title='bbox 208 252 242 281; x_wconf 74' lang='lat' dir='ltr'>ad</span> <span class='ocrx_word' id='word_1_19' title='bbox 266 260 296 279; x_wconf 74' lang='lat' dir='ltr'>ca</span> <span class='ocrx_word' id='word_1_20' title='bbox 307 269 314 282; x_wconf 86' lang='lat'>,</span> <span class='ocrx_word' id='word_1_21' title='bbox 333 258 398 289; x_wconf 79' lang='lat' dir='ltr'>qua:</span> <span class='ocrx_word' id='word_1_22' title='bbox 422 245 575 286; x_wconf 74' lang='lat' dir='ltr'>proxime.</span> <span class='ocrx_word' id='word_1_23' title='bbox 600 248 608 263; x_wconf 88' lang='lat'><em>¹</em></span> <span class='ocrx_word' id='word_1_24' title='bbox 621 243 723 273; x_wconf 80' lang='lat' dir='ltr'>Velim</span> <span class='ocrx_word' id='word_1_25' title='bbox 737 240 907 271; x_wconf 82' lang='lat' dir='ltr'><strong>mehercule</strong></span> <span class='ocrx_word' id='word_1_26' title='bbox 920 257 928 271; x_wconf 84' lang='lat'>‚</span> <span class='ocrx_word' id='word_1_27' title='bbox 950 235 1064 266; x_wconf 83' lang='lat' dir='ltr'>Asturae</span> 
     </span>
    </p>
   </div>
   <div class='ocr_carea' id='block_1_4' title="bbox 106 287 1076 1175">
    <p class='ocr_par' dir='ltr' id='par_1_4' title="bbox 106 287 1076 1175">
     <span class='ocr_line' id='line_1_7' title="bbox 107 287 1067 332; baseline -0.017 -1"><span class='ocrx_word' id='word_1_28' title='bbox 107 305 223 332; x_wconf 81' lang='lat' dir='ltr'>Brutus.</span> <span class='ocrx_word' id='word_1_29' title='bbox 251 292 439 332; x_wconf 59' lang='grc' dir='ltr'>εἰκθλοεσῖοὺν</span> <span class='ocrx_word' id='word_1_30' title='bbox 470 293 596 325; x_wconf 87' lang='lat' dir='ltr'>istorum</span> <span class='ocrx_word' id='word_1_31' title='bbox 626 293 737 323; x_wconf 81' lang='lat' dir='ltr'>scribis.</span> <span class='ocrx_word' id='word_1_32' title='bbox 756 301 794 321; x_wconf 87' lang='lat' dir='ltr'>an</span> <span class='ocrx_word' id='word_1_33' title='bbox 811 289 950 320; x_wconf 81' lang='lat' dir='ltr'>censebas</span> <span class='ocrx_word' id='word_1_34' title='bbox 968 287 1067 317; x_wconf 84' lang='lat' dir='ltr'>aliter?</span> 
     </span>
     <span class='ocr_line' id='line_1_8' title="bbox 107 330 1065 383; baseline -0.017 -10"><span class='ocrx_word' id='word_1_35' title='bbox 107 342 250 383; x_wconf 75' lang='lat' dir='ltr'>equidem</span> <span class='ocrx_word' id='word_1_36' title='bbox 274 341 363 368; x_wconf 89' lang='lat' dir='ltr'>etiam</span> <span class='ocrx_word' id='word_1_37' title='bbox 387 337 497 372; x_wconf 75' lang='lat' dir='ltr'>maiora</span> <span class='ocrx_word' id='word_1_38' title='bbox 515 334 666 375; x_wconf 59' lang='lat' dir='ltr'>exspet‘sto.</span> <span class='ocrx_word' id='word_1_39' title='bbox 693 333 766 364; x_wconf 78' lang='lat' dir='ltr'>cum</span> <span class='ocrx_word' id='word_1_40' title='bbox 789 332 930 373; x_wconf 79' lang='lat' dir='ltr'>equidem</span> <span class='ocrx_word' id='word_1_41' title='bbox 941 330 1065 359; x_wconf 91' lang='lat' dir='ltr'>concio-</span> 
     </span>
     <span class='ocr_line' id='line_1_9' title="bbox 106 372 1066 424; baseline -0.017 -10"><span class='ocrx_word' id='word_1_42' title='bbox 106 394 177 414; x_wconf 82' lang='lat' dir='ltr'>nem</span> <span class='ocrx_word' id='word_1_43' title='bbox 194 384 271 424; x_wconf 80' lang='lat' dir='ltr'>lego,</span> <span class='ocrx_word' id='word_1_44' title='bbox 285 383 342 409; x_wconf 90' lang='lat' dir='ltr'>DE</span> <span class='ocrx_word' id='word_1_45' title='bbox 360 379 506 409; x_wconf 61' lang='lat' dir='ltr'><em>TANTO</em></span> <span class='ocrx_word' id='word_1_46' title='bbox 518 380 621 411; x_wconf 83' lang='lat' dir='ltr'><em>VIRO,</em></span> <span class='ocrx_word' id='word_1_47' title='bbox 636 379 692 406; x_wconf 85' lang='lat' dir='ltr'>DE</span> <span class='ocrx_word' id='word_1_48' title='bbox 706 372 965 405; x_wconf 70' lang='lat' dir='ltr'>cz..ARISSIMo</span> <span class='ocrx_word' id='word_1_49' title='bbox 978 372 1066 403; x_wconf 87' lang='lat' dir='ltr'>CIVI,</span> 
     </span>
     <span class='ocr_line' id='line_1_10' title="bbox 107 410 1068 463; baseline -0.015 -8"><span class='ocrx_word' id='word_1_50' title='bbox 107 425 181 455; x_wconf 74' lang='lat' dir='ltr'>ferre</span> <span class='ocrx_word' id='word_1_51' title='bbox 191 435 254 454; x_wconf 87' lang='lat' dir='ltr'>nou</span> <span class='ocrx_word' id='word_1_52' title='bbox 268 432 363 463; x_wconf 79' lang='lat' dir='ltr'>queo:</span> <span class='ocrx_word' id='word_1_53' title='bbox 387 420 501 451; x_wconf 79' lang='lat' dir='ltr'>etsiista</span> <span class='ocrx_word' id='word_1_54' title='bbox 520 421 577 458; x_wconf 80' lang='lat' dir='ltr'>jam</span> <span class='ocrx_word' id='word_1_55' title='bbox 596 419 631 449; x_wconf 87' lang='lat' dir='ltr'>ad</span> <span class='ocrx_word' id='word_1_56' title='bbox 649 419 753 448; x_wconf 87' lang='lat' dir='ltr'>risum.</span> <span class='ocrx_word' id='word_1_57' title='bbox 770 416 818 447; x_wconf 87' lang='lat' dir='ltr'>sed</span> <span class='ocrx_word' id='word_1_58' title='bbox 831 422 1008 446; x_wconf 85' lang='lat' dir='ltr'>memento:</span> <span class='ocrx_word' id='word_1_59' title='bbox 1031 410 1068 442; x_wconf 83' lang='lat' dir='ltr'>fic</span> 
     </span>
     <span class='ocr_line' id='line_1_11' title="bbox 108 454 1068 503; baseline -0.015 -6"><span class='ocrx_word' id='word_1_60' title='bbox 108 467 198 497; x_wconf 83' lang='lat' dir='ltr'>alitur</span> <span class='ocrx_word' id='word_1_61' title='bbox 207 463 394 496; x_wconf 76' lang='lat' dir='ltr'>consuetudo</span> <span class='ocrx_word' id='word_1_62' title='bbox 416 463 597 503; x_wconf 85' lang='lat' dir='ltr'>perditarum</span> <span class='ocrx_word' id='word_1_63' title='bbox 615 462 804 490; x_wconf 83' lang='lat' dir='ltr'>concionum</span> <span class='ocrx_word' id='word_1_64' title='bbox 819 470 827 493; x_wconf 76' lang='lat'>3</span> <span class='ocrx_word' id='word_1_65' title='bbox 846 466 880 487; x_wconf 93' lang='lat' dir='ltr'>ut</span> <span class='ocrx_word' id='word_1_66' title='bbox 897 455 991 486; x_wconf 86' lang='lat' dir='ltr'>nostri</span> <span class='ocrx_word' id='word_1_67' title='bbox 1003 454 1046 484; x_wconf 91' lang='lat' dir='ltr'>illi</span> <span class='ocrx_word' id='word_1_68' title='bbox 1059 473 1068 487; x_wconf 87' lang='lat'>,</span> 
     </span>
     <span class='ocr_line' id='line_1_12' title="bbox 110 495 1067 544; baseline -0.015 -6"><span class='ocrx_word' id='word_1_69' title='bbox 110 517 174 538; x_wconf 88' lang='lat' dir='ltr'>non</span> <span class='ocrx_word' id='word_1_70' title='bbox 184 509 299 539; x_wconf 82' lang='lat' dir='ltr'>heroes,</span> <span class='ocrx_word' id='word_1_71' title='bbox 318 505 365 535; x_wconf 81' lang='lat' dir='ltr'>scd</span> <span class='ocrx_word' id='word_1_72' title='bbox 376 505 430 539; x_wconf 91' lang='lat' dir='ltr'>dii,</span> <span class='ocrx_word' id='word_1_73' title='bbox 442 504 536 534; x_wconf 75' lang='lat' dir='ltr'>futuri</span> <span class='ocrx_word' id='word_1_74' title='bbox 546 503 670 544; x_wconf 87' lang='lat' dir='ltr'>quidem</span> <span class='ocrx_word' id='word_1_75' title='bbox 682 500 988 542; x_wconf 63' lang='lat' dir='ltr'>ingloriafi’mpirerna</span> <span class='ocrx_word' id='word_1_76' title='bbox 1001 495 1067 529; x_wconf 83' lang='lat' dir='ltr'>sint,</span> 
     </span>
     <span class='ocr_line' id='line_1_13' title="bbox 108 539 1073 584; baseline -0.013 -4"><span class='ocrx_word' id='word_1_77' title='bbox 108 553 123 569; x_wconf 91' lang='lat'><em>²</em></span> <span class='ocrx_word' id='word_1_78' title='bbox 133 549 181 580; x_wconf 79' lang='lat' dir='ltr'>sed</span> <span class='ocrx_word' id='word_1_79' title='bbox 194 559 257 579; x_wconf 87' lang='lat' dir='ltr'>non</span> <span class='ocrx_word' id='word_1_80' title='bbox 270 547 330 578; x_wconf 85' lang='lat' dir='ltr'>sine</span> <span class='ocrx_word' id='word_1_81' title='bbox 340 547 464 580; x_wconf 80' lang='lat' dir='ltr'>invidia,</span> <span class='ocrx_word' id='word_1_82' title='bbox 477 557 512 576; x_wconf 88' lang='lat' dir='ltr'>ne</span> <span class='ocrx_word' id='word_1_83' title='bbox 525 544 585 575; x_wconf 86' lang='lat' dir='ltr'>sine</span> <span class='ocrx_word' id='word_1_84' title='bbox 595 545 729 584; x_wconf 87' lang='lat' dir='ltr'>periculo</span> <span class='ocrx_word' id='word_1_85' title='bbox 740 543 874 584; x_wconf 83' lang='lat' dir='ltr'>quidem.</span> <span class='ocrx_word' id='word_1_86' title='bbox 895 540 1000 571; x_wconf 75' lang='lat' dir='ltr'>verum</span> <span class='ocrx_word' id='word_1_87' title='bbox 1012 539 1073 568; x_wconf 88' lang='lat' dir='ltr'>illis</span> 
     </span>
     <span class='ocr_line' id='line_1_14' title="bbox 110 581 1073 631; baseline -0.012 -9"><span class='ocrx_word' id='word_1_88' title='bbox 110 600 217 631; x_wconf 79' lang='lat' dir='ltr'>magna</span> <span class='ocrx_word' id='word_1_89' title='bbox 226 588 574 628; x_wconf 68' lang='lat' dir='ltr'>conlblatio‚c0nft1cnria</span> <span class='ocrx_word' id='word_1_90' title='bbox 587 586 756 616; x_wconf 80' lang='lat' dir='ltr'>maximi&amp;</span> <span class='ocrx_word' id='word_1_91' title='bbox 767 582 916 615; x_wconf 77' lang='lat' dir='ltr'>clai-iffimi</span> <span class='ocrx_word' id='word_1_92' title='bbox 927 581 1006 612; x_wconf 71' lang='lat' dir='ltr'>faffl:</span> <span class='ocrx_word' id='word_1_93' title='bbox 1015 590 1073 610; x_wconf 90' lang='lat' dir='ltr'>no—</span> 
     </span>
     <span class='ocr_line' id='line_1_15' title="bbox 110 621 1074 674; baseline -0.013 -10"><span class='ocrx_word' id='word_1_94' title='bbox 110 634 157 664; x_wconf 86' lang='lat' dir='ltr'>bis</span> <span class='ocrx_word' id='word_1_95' title='bbox 167 636 247 674; x_wconf 79' lang='lat' dir='ltr'>quae?</span> <span class='ocrx_word' id='word_1_96' title='bbox 256 634 308 674; x_wconf 85' lang='lat' dir='ltr'>qui</span> <span class='ocrx_word' id='word_1_97' title='bbox 321 630 480 661; x_wconf 62' lang='lat' dir='ltr'>intertefto</span> <span class='ocrx_word' id='word_1_98' title='bbox 491 640 568 670; x_wconf 83' lang='lat' dir='ltr'>rege,</span> <span class='ocrx_word' id='word_1_99' title='bbox 583 629 670 659; x_wconf 88' lang='lat' dir='ltr'>liberi</span> <span class='ocrx_word' id='word_1_100' title='bbox 681 638 744 658; x_wconf 91' lang='lat' dir='ltr'>non</span> <span class='ocrx_word' id='word_1_101' title='bbox 755 627 871 658; x_wconf 83' lang='lat' dir='ltr'>sumus?</span> <span class='ocrx_word' id='word_1_102' title='bbox 882 624 930 655; x_wconf 84' lang='lat' dir='ltr'>sed</span> <span class='ocrx_word' id='word_1_103' title='bbox 941 625 1002 654; x_wconf 86' lang='lat' dir='ltr'>haec</span> <span class='ocrx_word' id='word_1_104' title='bbox 1011 621 1074 652; x_wconf 84' lang='lat' dir='ltr'>for-</span> 
     </span>
     <span class='ocr_line' id='line_1_16' title="bbox 111 669 1072 715; baseline -0.014 -9"><span class='ocrx_word' id='word_1_105' title='bbox 111 685 183 706; x_wconf 86' lang='lat' dir='ltr'>tuna</span> <span class='ocrx_word' id='word_1_106' title='bbox 194 675 463 715; x_wconf 80' lang='lat' dir='ltr'>videi·it‚quoiii·.im</span> <span class='ocrx_word' id='word_1_107' title='bbox 474 675 548 702; x_wconf 87' lang='lat' dir='ltr'>ratio</span> <span class='ocrx_word' id='word_1_108' title='bbox 558 681 623 702; x_wconf 90' lang='lat' dir='ltr'>non</span> <span class='ocrx_word' id='word_1_109' title='bbox 633 671 837 713; x_wconf 84' lang='lat' dir='ltr'>gubernat.De</span> <span class='ocrx_word' id='word_1_110' title='bbox 847 669 1072 705; x_wconf 81' lang='lat' dir='ltr'>Cicerone,quae</span> 
     </span>
     <span class='ocr_line' id='line_1_17' title="bbox 110 705 1073 756; baseline -0.015 -7"><span class='ocrx_word' id='word_1_111' title='bbox 110 717 226 751; x_wconf 82' lang='lat' dir='ltr'>scribis,</span> <span class='ocrx_word' id='word_1_112' title='bbox 237 716 368 756; x_wconf 79' lang='lat' dir='ltr'>jucunda</span> <span class='ocrx_word' id='word_1_113' title='bbox 379 716 456 745; x_wconf 86' lang='lat' dir='ltr'>mihi</span> <span class='ocrx_word' id='word_1_114' title='bbox 467 715 550 745; x_wconf 85' lang='lat' dir='ltr'>sunt:</span> <span class='ocrx_word' id='word_1_115' title='bbox 564 714 669 747; x_wconf 87' lang='lat' dir='ltr'>velim,</span> <span class='ocrx_word' id='word_1_116' title='bbox 686 711 741 742; x_wconf 88' lang='lat' dir='ltr'>sint</span> <span class='ocrx_word' id='word_1_117' title='bbox 751 711 896 752; x_wconf 88' lang='lat' dir='ltr'>prospera.</span> <span class='ocrx_word' id='word_1_118' title='bbox 910 707 990 750; x_wconf 90' lang='lat' dir='ltr'>quod</span> <span class='ocrx_word' id='word_1_119' title='bbox 1002 705 1073 737; x_wconf 73' lang='lat' dir='ltr'>veto</span> 
     </span>
     <span class='ocr_line' id='line_1_18' title="bbox 112 752 1072 797; baseline -0.013 -7"><span class='ocrx_word' id='word_1_120' title='bbox 112 769 188 791; x_wconf 73' lang='lat' dir='ltr'>cura:</span> <span class='ocrx_word' id='word_1_121' title='bbox 201 759 254 790; x_wconf 83' lang='lat' dir='ltr'>tibi</span> <span class='ocrx_word' id='word_1_122' title='bbox 272 758 314 789; x_wconf 86' lang='lat' dir='ltr'>est</span> <span class='ocrx_word' id='word_1_123' title='bbox 325 778 332 791; x_wconf 85' lang='lat'>,</span> <span class='ocrx_word' id='word_1_124' title='bbox 354 759 423 788; x_wconf 87' lang='lat' dir='ltr'>utei</span> <span class='ocrx_word' id='word_1_125' title='bbox 439 756 642 797; x_wconf 81' lang='lat' dir='ltr'>suppeditetur</span> <span class='ocrx_word' id='word_1_126' title='bbox 655 755 690 785; x_wconf 84' lang='lat' dir='ltr'>ad</span> <span class='ocrx_word' id='word_1_127' title='bbox 708 754 794 784; x_wconf 90' lang='lat' dir='ltr'>usum</span> <span class='ocrx_word' id='word_1_128' title='bbox 810 772 819 787; x_wconf 85' lang='lat'><strong>,</strong></span> <span class='ocrx_word' id='word_1_129' title='bbox 844 752 1004 782; x_wconf 87' lang='lat' dir='ltr'>&amp;cultum</span> <span class='ocrx_word' id='word_1_130' title='bbox 1019 758 1072 779; x_wconf 88' lang='lat' dir='ltr'>co—</span> 
     </span>
     <span class='ocr_line' id='line_1_19' title="bbox 112 795 1073 842; baseline -0.012 -10"><span class='ocrx_word' id='word_1_131' title='bbox 112 802 209 842; x_wconf 72' lang='lat' dir='ltr'>piose,</span> <span class='ocrx_word' id='word_1_132' title='bbox 229 811 280 841; x_wconf 87' lang='lat' dir='ltr'>per</span> <span class='ocrx_word' id='word_1_133' title='bbox 294 801 370 830; x_wconf 85' lang='lat' dir='ltr'>mihi</span> <span class='ocrx_word' id='word_1_134' title='bbox 381 809 496 841; x_wconf 89' lang='lat' dir='ltr'>gratum</span> <span class='ocrx_word' id='word_1_135' title='bbox 507 797 549 829; x_wconf 90' lang='lat' dir='ltr'>est</span> <span class='ocrx_word' id='word_1_136' title='bbox 561 810 570 832; x_wconf 60' lang='grc' dir='ltr'><strong><em>ς</em></strong></span> <span class='ocrx_word' id='word_1_137' title='bbox 586 797 675 838; x_wconf 87' lang='lat' dir='ltr'>idque</span> <span class='ocrx_word' id='word_1_138' title='bbox 687 806 718 827; x_wconf 89' lang='lat' dir='ltr'>ut</span> <span class='ocrx_word' id='word_1_139' title='bbox 729 795 816 826; x_wconf 83' lang='lat' dir='ltr'>facias</span> <span class='ocrx_word' id='word_1_140' title='bbox 828 814 836 827; x_wconf 92' lang='lat'>‚</span> <span class='ocrx_word' id='word_1_141' title='bbox 851 803 878 824; x_wconf 91' lang='lat' dir='ltr'>te</span> <span class='ocrx_word' id='word_1_142' title='bbox 889 796 979 823; x_wconf 88' lang='lat' dir='ltr'>etiam</span> <span class='ocrx_word' id='word_1_143' title='bbox 991 800 1073 832; x_wconf 84' lang='lat' dir='ltr'>rogo.</span> 
     </span>
     <span class='ocr_line' id='line_1_20' title="bbox 113 832 1073 881; baseline -0.013 -7"><span class='ocrx_word' id='word_1_144' title='bbox 113 846 162 874; x_wconf 88' lang='lat' dir='ltr'>De</span> <span class='ocrx_word' id='word_1_145' title='bbox 173 845 352 876; x_wconf 85' lang='lat' dir='ltr'>Buthrotiis,</span> <span class='ocrx_word' id='word_1_146' title='bbox 365 842 397 872; x_wconf 91' lang='lat'>&amp;</span> <span class='ocrx_word' id='word_1_147' title='bbox 407 850 437 872; x_wconf 91' lang='lat' dir='ltr'>tu</span> <span class='ocrx_word' id='word_1_148' title='bbox 448 840 526 871; x_wconf 71' lang='lat' dir='ltr'>re6te</span> <span class='ocrx_word' id='word_1_149' title='bbox 538 841 662 881; x_wconf 79' lang='lat' dir='ltr'>cogitas,</span> <span class='ocrx_word' id='word_1_150' title='bbox 674 839 706 869; x_wconf 91' lang='lat'>&amp;</span> <span class='ocrx_word' id='word_1_151' title='bbox 717 848 772 878; x_wconf 86' lang='lat' dir='ltr'>ego</span> <span class='ocrx_word' id='word_1_152' title='bbox 782 846 845 867; x_wconf 90' lang='lat' dir='ltr'>non</span> <span class='ocrx_word' id='word_1_153' title='bbox 853 835 976 866; x_wconf 89' lang='lat' dir='ltr'>dimitto</span> <span class='ocrx_word' id='word_1_154' title='bbox 987 832 1073 863; x_wconf 86' lang='lat' dir='ltr'>istam</span> 
     </span>
     <span class='ocr_line' id='line_1_21' title="bbox 112 875 1075 924; baseline -0.012 -8"><span class='ocrx_word' id='word_1_155' title='bbox 112 895 229 916; x_wconf 86' lang='lat' dir='ltr'>curam.</span> <span class='ocrx_word' id='word_1_156' title='bbox 249 885 406 924; x_wconf 82' lang='lat' dir='ltr'>suscipiam</span> <span class='ocrx_word' id='word_1_157' title='bbox 425 892 553 913; x_wconf 84' lang='lat' dir='ltr'>omnem</span> <span class='ocrx_word' id='word_1_158' title='bbox 572 883 663 912; x_wconf 87' lang='lat' dir='ltr'>etiam</span> <span class='ocrx_word' id='word_1_159' title='bbox 682 879 857 912; x_wconf 71' lang='lat' dir='ltr'>a&amp;1onem;</span> <span class='ocrx_word' id='word_1_160' title='bbox 875 886 965 918; x_wconf 89' lang='lat' dir='ltr'>quam</span> <span class='ocrx_word' id='word_1_161' title='bbox 986 875 1075 905; x_wconf 90' lang='lat' dir='ltr'>video</span> 
     </span>
     <span class='ocr_line' id='line_1_22' title="bbox 111 922 1076 969; baseline -0.013 -10"><span class='ocrx_word' id='word_1_162' title='bbox 111 928 249 969; x_wconf 86' lang='lat' dir='ltr'>quotidie</span> <span class='ocrx_word' id='word_1_163' title='bbox 260 927 438 958; x_wconf 77' lang='lat' dir='ltr'>faciliorem.</span> <span class='ocrx_word' id='word_1_164' title='bbox 462 928 508 955; x_wconf 94' lang='lat' dir='ltr'>De</span> <span class='ocrx_word' id='word_1_165' title='bbox 520 924 670 955; x_wconf 81' lang='lat' dir='ltr'>Cluuiano</span> <span class='ocrx_word' id='word_1_166' title='bbox 683 942 692 955; x_wconf 87' lang='lat'><em>,</em></span> <span class='ocrx_word' id='word_1_167' title='bbox 704 923 850 963; x_wconf 88' lang='lat' dir='ltr'>quoniam</span> <span class='ocrx_word' id='word_1_168' title='bbox 861 922 893 949; x_wconf 89' lang='lat' dir='ltr'>in</span> <span class='ocrx_word' id='word_1_169' title='bbox 905 929 937 950; x_wconf 88' lang='lat' dir='ltr'>re</span> <span class='ocrx_word' id='word_1_170' title='bbox 949 927 1013 949; x_wconf 86' lang='lat' dir='ltr'>mea</span> <span class='ocrx_word' id='word_1_171' title='bbox 1026 926 1076 947; x_wconf 86' lang='lat' dir='ltr'>me</span> 
     </span>
     <span class='ocr_line' id='line_1_23' title="bbox 112 961 1075 1010; baseline -0.013 -9"><span class='ocrx_word' id='word_1_172' title='bbox 112 971 210 1010; x_wconf 81' lang='lat' dir='ltr'>ipsum</span> <span class='ocrx_word' id='word_1_173' title='bbox 222 970 380 1010; x_wconf 77' lang='lat' dir='ltr'>diligentia</span> <span class='ocrx_word' id='word_1_174' title='bbox 391 970 488 997; x_wconf 87' lang='lat' dir='ltr'>vincis</span> <span class='ocrx_word' id='word_1_175' title='bbox 501 987 509 1000; x_wconf 90' lang='lat'>‚</span> <span class='ocrx_word' id='word_1_176' title='bbox 532 975 576 996; x_wconf 87' lang='lat' dir='ltr'>rcs</span> <span class='ocrx_word' id='word_1_177' title='bbox 587 965 621 995; x_wconf 91' lang='lat' dir='ltr'>ad</span> <span class='ocrx_word' id='word_1_178' title='bbox 633 973 759 995; x_wconf 88' lang='lat' dir='ltr'>centena</span> <span class='ocrx_word' id='word_1_179' title='bbox 769 963 950 1004; x_wconf 85' lang='lat' dir='ltr'>perducitur.</span> <span class='ocrx_word' id='word_1_180' title='bbox 964 963 976 988; x_wconf 85' lang='lat'>3</span> <span class='ocrx_word' id='word_1_181' title='bbox 991 961 1075 989; x_wconf 90' lang='lat' dir='ltr'>ruina</span> 
     </span>
     <span class='ocr_line' id='line_1_24' title="bbox 113 1001 1070 1043; baseline -0.014 -1"><span class='ocrx_word' id='word_1_182' title='bbox 113 1021 178 1041; x_wconf 84' lang='lat' dir='ltr'>rem</span> <span class='ocrx_word' id='word_1_183' title='bbox 193 1022 256 1042; x_wconf 87' lang='lat' dir='ltr'>non</span> <span class='ocrx_word' id='word_1_184' title='bbox 268 1012 339 1042; x_wconf 81' lang='lat' dir='ltr'>fecit</span> <span class='ocrx_word' id='word_1_185' title='bbox 356 1010 535 1040; x_wconf 80' lang='lat' dir='ltr'>deteriorem</span> <span class='ocrx_word' id='word_1_186' title='bbox 549 1027 557 1041; x_wconf 89' lang='lat'>,</span> <span class='ocrx_word' id='word_1_187' title='bbox 580 1006 657 1037; x_wconf 88' lang='lat' dir='ltr'>haud</span> <span class='ocrx_word' id='word_1_188' title='bbox 669 1006 729 1036; x_wconf 88' lang='lat' dir='ltr'>scio</span> <span class='ocrx_word' id='word_1_189' title='bbox 738 1016 775 1036; x_wconf 89' lang='lat' dir='ltr'>an</span> <span class='ocrx_word' id='word_1_190' title='bbox 787 1007 844 1043; x_wconf 83' lang='lat' dir='ltr'>jam</span> <span class='ocrx_word' id='word_1_191' title='bbox 851 1001 1070 1042; x_wconf 65' lang='lat' dir='ltr'>frustuosr‘orem.</span> 
     </span>
     <span class='ocr_line' id='line_1_25' title="bbox 115 1043 1073 1084; baseline -0.014 1"><span class='ocrx_word' id='word_1_192' title='bbox 115 1052 175 1084; x_wconf 84' lang='lat' dir='ltr'>Hic</span> <span class='ocrx_word' id='word_1_193' title='bbox 187 1063 306 1084; x_wconf 88' lang='lat' dir='ltr'>mecum</span> <span class='ocrx_word' id='word_1_194' title='bbox 323 1052 429 1082; x_wconf 77' lang='lat' dir='ltr'>Balbus</span> <span class='ocrx_word' id='word_1_195' title='bbox 443 1071 450 1084; x_wconf 86' lang='lat'>,</span> <span class='ocrx_word' id='word_1_196' title='bbox 464 1052 593 1083; x_wconf 82' lang='lat' dir='ltr'>Hirtius,</span> <span class='ocrx_word' id='word_1_197' title='bbox 604 1048 705 1080; x_wconf 81' lang='lat' dir='ltr'>Pansa.</span> <span class='ocrx_word' id='word_1_198' title='bbox 718 1047 812 1078; x_wconf 76' lang='lat' dir='ltr'>modo</span> <span class='ocrx_word' id='word_1_199' title='bbox 822 1047 907 1076; x_wconf 90' lang='lat' dir='ltr'>venit</span> <span class='ocrx_word' id='word_1_200' title='bbox 918 1043 1073 1079; x_wconf 59' lang='lat' dir='ltr'>ofitavius,</span> 
     </span>
     <span class='ocr_line' id='line_1_26' title="bbox 115 1084 1075 1137; baseline -0.015 -10"><span class='ocrx_word' id='word_1_201' title='bbox 115 1095 150 1126; x_wconf 90' lang='lat'>&amp;</span> <span class='ocrx_word' id='word_1_202' title='bbox 160 1095 284 1137; x_wconf 88' lang='lat' dir='ltr'>quidem</span> <span class='ocrx_word' id='word_1_203' title='bbox 295 1097 327 1124; x_wconf 92' lang='lat' dir='ltr'>in</span> <span class='ocrx_word' id='word_1_204' title='bbox 338 1095 511 1134; x_wconf 87' lang='lat' dir='ltr'>proximam</span> <span class='ocrx_word' id='word_1_205' title='bbox 521 1091 627 1122; x_wconf 88' lang='lat' dir='ltr'>villam</span> <span class='ocrx_word' id='word_1_206' title='bbox 641 1091 793 1130; x_wconf 82' lang='lat' dir='ltr'>Philippi,</span> <span class='ocrx_word' id='word_1_207' title='bbox 808 1088 886 1118; x_wconf 84' lang='lat' dir='ltr'>mihi</span> <span class='ocrx_word' id='word_1_208' title='bbox 899 1095 978 1116; x_wconf 88' lang='lat' dir='ltr'>totus</span> <span class='ocrx_word' id='word_1_209' title='bbox 989 1084 1075 1115; x_wconf 76' lang='lat' dir='ltr'>dedi-</span> 
     </span>
     <span class='ocr_line' id='line_1_27' title="bbox 115 1126 1054 1175; baseline -0.014 -7"><span class='ocrx_word' id='word_1_210' title='bbox 115 1146 174 1168; x_wconf 85' lang='lat' dir='ltr'>tus.</span> <span class='ocrx_word' id='word_1_211' title='bbox 196 1136 345 1168; x_wconf 83' lang='lat' dir='ltr'>Lentulus</span> <span class='ocrx_word' id='word_1_212' title='bbox 365 1136 505 1175; x_wconf 87' lang='lat' dir='ltr'>Spinther</span> <span class='ocrx_word' id='word_1_213' title='bbox 516 1133 607 1164; x_wconf 87' lang='lat' dir='ltr'>hodie</span> <span class='ocrx_word' id='word_1_214' title='bbox 619 1131 696 1173; x_wconf 88' lang='lat' dir='ltr'>apud</span> <span class='ocrx_word' id='word_1_215' title='bbox 708 1143 757 1162; x_wconf 89' lang='lat' dir='ltr'>me</span> <span class='ocrx_word' id='word_1_216' title='bbox 770 1143 775 1161; x_wconf 82' lang='lat' dir='ltr'>z</span> <span class='ocrx_word' id='word_1_217' title='bbox 787 1140 848 1162; x_wconf 86' lang='lat' dir='ltr'>ctas</span> <span class='ocrx_word' id='word_1_218' title='bbox 859 1128 948 1159; x_wconf 79' lang='lat' dir='ltr'>mane</span> <span class='ocrx_word' id='word_1_219' title='bbox 961 1126 1054 1158; x_wconf 84' lang='lat' dir='ltr'>vadit.</span> 
     </span>
    </p>
   </div>
   <div class='ocr_carea' id='block_1_5' title="bbox 357 1182 843 1215">
    <p class='ocr_par' dir='ltr' id='par_1_5' title="bbox 357 1182 843 1215">
     <span class='ocr_line' id='line_1_28' title="bbox 357 1182 843 1215; baseline -0.014 0"><span class='ocrx_word' id='word_1_220' title='bbox 357 1185 550 1215; x_wconf 78' lang='lat' dir='ltr'>CICERO</span> <span class='ocrx_word' id='word_1_221' title='bbox 572 1183 792 1214; x_wconf 85' lang='lat' dir='ltr'>ATTICO,</span> <span class='ocrx_word' id='word_1_222' title='bbox 815 1182 843 1210; x_wconf 89' lang='lat' dir='ltr'>S.</span> 
     </span>
    </p>
   </div>
   <div class='ocr_carea' id='block_1_6' title="bbox 113 1222 1091 2456">
    <p class='ocr_par' dir='ltr' id='par_1_6' title="bbox 227 1222 1076 1268">
     <span class='ocr_line' id='line_1_29' title="bbox 227 1222 1076 1268; baseline -0.018 -1"><span class='ocrx_word' id='word_1_223' title='bbox 227 1239 275 1266; x_wconf 84' lang='lat' dir='ltr'>Mi</span> <span class='ocrx_word' id='word_1_224' title='bbox 290 1237 387 1266; x_wconf 85' lang='lat' dir='ltr'>Attice</span> <span class='ocrx_word' id='word_1_225' title='bbox 398 1254 406 1268; x_wconf 84' lang='lat'>,</span> <span class='ocrx_word' id='word_1_226' title='bbox 428 1244 534 1264; x_wconf 86' lang='lat' dir='ltr'>vereor</span> <span class='ocrx_word' id='word_1_227' title='bbox 544 1253 553 1267; x_wconf 87' lang='lat'><em>,</em></span> <span class='ocrx_word' id='word_1_228' title='bbox 564 1242 601 1262; x_wconf 89' lang='lat' dir='ltr'>ne</span> <span class='ocrx_word' id='word_1_229' title='bbox 613 1231 701 1261; x_wconf 90' lang='lat' dir='ltr'>nobis</span> <span class='ocrx_word' id='word_1_230' title='bbox 715 1231 785 1261; x_wconf 83' lang='lat' dir='ltr'>Idus</span> <span class='ocrx_word' id='word_1_231' title='bbox 797 1232 883 1259; x_wconf 87' lang='lat' dir='ltr'>Mart.</span> <span class='ocrx_word' id='word_1_232' title='bbox 896 1225 973 1257; x_wconf 79' lang='lat' dir='ltr'>nihil</span> <span class='ocrx_word' id='word_1_233' title='bbox 987 1222 1076 1254; x_wconf 88' lang='lat' dir='ltr'>dede-</span> 
     </span>
    </p>

    <p class='ocr_par' dir='ltr' id='par_1_7' title="bbox 113 1269 1091 2456">
     <span class='ocr_line' id='line_1_30' title="bbox 215 1269 1077 1318; baseline -0.014 -10"><span class='ocrx_word' id='word_1_234' title='bbox 215 1280 277 1308; x_wconf 87' lang='lat' dir='ltr'>rint</span> <span class='ocrx_word' id='word_1_235' title='bbox 287 1287 390 1318; x_wconf 87' lang='lat' dir='ltr'>praeter</span> <span class='ocrx_word' id='word_1_236' title='bbox 399 1277 548 1308; x_wconf 81' lang='lat' dir='ltr'>laetitiam,</span> <span class='ocrx_word' id='word_1_237' title='bbox 560 1275 592 1304; x_wconf 88' lang='lat'>&amp;</span> <span class='ocrx_word' id='word_1_238' title='bbox 601 1277 617 1301; x_wconf 72' lang='lat'>4</span> <span class='ocrx_word' id='word_1_239' title='bbox 628 1273 692 1303; x_wconf 87' lang='lat' dir='ltr'>odii</span> <span class='ocrx_word' id='word_1_240' title='bbox 701 1281 822 1313; x_wconf 85' lang='lat' dir='ltr'>poenam</span> <span class='ocrx_word' id='word_1_241' title='bbox 835 1280 867 1301; x_wconf 84' lang='lat' dir='ltr'>ac</span> <span class='ocrx_word' id='word_1_242' title='bbox 878 1269 1001 1300; x_wconf 86' lang='lat' dir='ltr'>doloris.</span> <span class='ocrx_word' id='word_1_243' title='bbox 1011 1275 1077 1307; x_wconf 79' lang='lat' dir='ltr'>quae</span> 
     </span>
     <span class='ocr_line' id='line_1_31' title="bbox 114 1306 1075 1358; baseline -0.006 -9"><span class='ocrx_word' id='word_1_244' title='bbox 114 1321 193 1350; x_wconf 89' lang='lat' dir='ltr'>mihi</span> <span class='ocrx_word' id='word_1_245' title='bbox 204 1320 292 1351; x_wconf 88' lang='lat' dir='ltr'>istinc</span> <span class='ocrx_word' id='word_1_246' title='bbox 300 1318 466 1350; x_wconf 84' lang='lat' dir='ltr'>afferuntur</span> <span class='ocrx_word' id='word_1_247' title='bbox 476 1319 485 1344; x_wconf 71' lang='grc' dir='ltr'><strong><em>ἓ</em></strong></span> <span class='ocrx_word' id='word_1_248' title='bbox 495 1327 560 1358; x_wconf 84' lang='lat' dir='ltr'>quae</span> <span class='ocrx_word' id='word_1_249' title='bbox 571 1318 619 1346; x_wconf 85' lang='lat' dir='ltr'>hic</span> <span class='ocrx_word' id='word_1_250' title='bbox 630 1315 720 1345; x_wconf 88' lang='lat' dir='ltr'>video</span> <span class='ocrx_word' id='word_1_251' title='bbox 733 1319 742 1344; x_wconf 91' lang='lat'>?</span> <span class='ocrx_word' id='word_1_252' title='bbox 765 1307 789 1347; x_wconf 56' lang='lat' dir='ltr'>a*</span> <span class='ocrx_word' id='word_1_253' title='bbox 802 1306 954 1354; x_wconf 69' lang='grc' dir='ltr'><em>στξοίξεως</em></span> <span class='ocrx_word' id='word_1_254' title='bbox 971 1308 1075 1351; x_wconf 68' lang='grc' dir='ltr'><strong>(φιΛῆς</strong></span> 
     </span>
     <span class='ocr_line' id='line_1_32' title="bbox 113 1356 1074 1408; baseline -0.016 -6"><span class='ocrx_word' id='word_1_255' title='bbox 113 1362 172 1405; x_wconf 55' lang='grc' dir='ltr'>μὶν</span> <span class='ocrx_word' id='word_1_256' title='bbox 187 1386 196 1400; x_wconf 65' lang='lat' dir='ltr'>i</span> <span class='ocrx_word' id='word_1_257' title='bbox 224 1362 350 1397; x_wconf 70' lang='grc' dir='ltr'><em>οἱπλὲς</em></span> <span class='ocrx_word' id='word_1_258' title='bbox 373 1356 417 1396; x_wconf 52' lang='grc' dir='ltr'><strong>δῖ</strong></span> <span class='ocrx_word' id='word_1_259' title='bbox 446 1369 509 1398; x_wconf 90' lang='lat' dir='ltr'>Scis</span> <span class='ocrx_word' id='word_1_260' title='bbox 528 1376 617 1408; x_wconf 86' lang='lat' dir='ltr'>quam</span> <span class='ocrx_word' id='word_1_261' title='bbox 636 1364 761 1406; x_wconf 86' lang='lat' dir='ltr'>diligam</span> <span class='ocrx_word' id='word_1_262' title='bbox 781 1361 918 1394; x_wconf 83' lang='lat' dir='ltr'>Siculos,</span> <span class='ocrx_word' id='word_1_263' title='bbox 942 1357 1074 1399; x_wconf 73' lang='lat' dir='ltr'>&amp;qu&#39;am</span> 
     </span>
     <span class='ocr_line' id='line_1_33' title="bbox 115 1399 1074 1448; baseline -0.01 -9"><span class='ocrx_word' id='word_1_264' title='bbox 115 1410 200 1440; x_wconf 82' lang='lat' dir='ltr'>illam</span> <span class='ocrx_word' id='word_1_265' title='bbox 225 1411 401 1442; x_wconf 83' lang='lat' dir='ltr'>clientelam</span> <span class='ocrx_word' id='word_1_266' title='bbox 421 1409 577 1440; x_wconf 85' lang='lat' dir='ltr'>honestam</span> <span class='ocrx_word' id='word_1_267' title='bbox 595 1407 742 1448; x_wconf 80' lang='lat' dir='ltr'>judicem.</span> <span class='ocrx_word' id='word_1_268' title='bbox 773 1405 871 1435; x_wconf 89' lang='lat' dir='ltr'>multa</span> <span class='ocrx_word' id='word_1_269' title='bbox 888 1402 949 1432; x_wconf 88' lang='lat' dir='ltr'>illis</span> <span class='ocrx_word' id='word_1_270' title='bbox 966 1399 1074 1434; x_wconf 85' lang='lat' dir='ltr'>Caesar,</span> 
     </span>
     <span class='ocr_line' id='line_1_34' title="bbox 116 1445 1076 1493; baseline -0.015 -9"><span class='ocrx_word' id='word_1_271' title='bbox 116 1462 214 1493; x_wconf 87' lang='lat' dir='ltr'>neque</span> <span class='ocrx_word' id='word_1_272' title='bbox 225 1463 274 1483; x_wconf 88' lang='lat' dir='ltr'>me</span> <span class='ocrx_word' id='word_1_273' title='bbox 286 1455 385 1483; x_wconf 86' lang='lat' dir='ltr'>invito</span> <span class='ocrx_word' id='word_1_274' title='bbox 399 1463 404 1481; x_wconf 90' lang='lat'>:</span> <span class='ocrx_word' id='word_1_275' title='bbox 417 1450 467 1482; x_wconf 84' lang='lat' dir='ltr'>etsi</span> <span class='ocrx_word' id='word_1_276' title='bbox 477 1453 623 1482; x_wconf 83' lang='lat' dir='ltr'>Latinitas</span> <span class='ocrx_word' id='word_1_277' title='bbox 632 1457 692 1479; x_wconf 85' lang='lat' dir='ltr'>erat</span> <span class='ocrx_word' id='word_1_278' title='bbox 703 1458 766 1479; x_wconf 89' lang='lat' dir='ltr'>non</span> <span class='ocrx_word' id='word_1_279' title='bbox 777 1445 898 1477; x_wconf 84' lang='lat' dir='ltr'>ferenda</span> <span class='ocrx_word' id='word_1_280' title='bbox 911 1454 916 1473; x_wconf 72' lang='grc' dir='ltr'><em>τ</em></span> <span class='ocrx_word' id='word_1_281' title='bbox 929 1446 943 1471; x_wconf 81' lang='lat'><em>5</em></span> <span class='ocrx_word' id='word_1_282' title='bbox 956 1451 1076 1473; x_wconf 86' lang='lat' dir='ltr'>verum-</span> 
     </span>
     <span class='ocr_line' id='line_1_35' title="bbox 116 1482 1077 1532; baseline -0.011 -7"><span class='ocrx_word' id='word_1_283' title='bbox 116 1502 230 1525; x_wconf 85' lang='lat' dir='ltr'>tamen.</span> <span class='ocrx_word' id='word_1_284' title='bbox 254 1505 321 1525; x_wconf 89' lang='lat' dir='ltr'>ecce</span> <span class='ocrx_word' id='word_1_285' title='bbox 329 1504 428 1525; x_wconf 86' lang='lat' dir='ltr'>autem</span> <span class='ocrx_word' id='word_1_286' title='bbox 440 1496 605 1526; x_wconf 85' lang='lat' dir='ltr'>Antonius,</span> <span class='ocrx_word' id='word_1_287' title='bbox 617 1500 732 1532; x_wconf 85' lang='lat' dir='ltr'>accepta</span> <span class='ocrx_word' id='word_1_288' title='bbox 741 1488 844 1531; x_wconf 87' lang='lat' dir='ltr'>grandi</span> <span class='ocrx_word' id='word_1_289' title='bbox 854 1487 992 1528; x_wconf 89' lang='lat' dir='ltr'>pecunia,</span> <span class='ocrx_word' id='word_1_290' title='bbox 1007 1482 1077 1514; x_wconf 85' lang='lat' dir='ltr'>fixit</span> 
     </span>
     <span class='ocr_line' id='line_1_36' title="bbox 117 1526 1076 1577; baseline -0.016 -9"><span class='ocrx_word' id='word_1_291' title='bbox 117 1536 229 1577; x_wconf 80' lang='lat' dir='ltr'>legem,</span> <span class='ocrx_word' id='word_1_292' title='bbox 241 1536 256 1567; x_wconf 74' lang='lat' dir='ltr'>a</span> <span class='ocrx_word' id='word_1_293' title='bbox 269 1535 424 1567; x_wconf 63' lang='lat' dir='ltr'>Distatore</span> <span class='ocrx_word' id='word_1_294' title='bbox 433 1538 568 1566; x_wconf 81' lang='lat' dir='ltr'>comitiis</span> <span class='ocrx_word' id='word_1_295' title='bbox 579 1535 666 1565; x_wconf 89' lang='lat' dir='ltr'>latam</span> <span class='ocrx_word' id='word_1_296' title='bbox 672 1543 740 1574; x_wconf 87' lang='lat' dir='ltr'>‚qua</span> <span class='ocrx_word' id='word_1_297' title='bbox 750 1530 927 1562; x_wconf 73' lang='lat' dir='ltr'>Siculicives</span> <span class='ocrx_word' id='word_1_298' title='bbox 938 1526 1076 1558; x_wconf 79' lang='lat' dir='ltr'>Romani.-</span> 
     </span>
     <span class='ocr_line' id='line_1_37' title="bbox 119 1567 1078 1617; baseline -0.011 -9"><span class='ocrx_word' id='word_1_299' title='bbox 119 1579 206 1617; x_wconf 88' lang='lat' dir='ltr'>cujus</span> <span class='ocrx_word' id='word_1_300' title='bbox 220 1580 281 1611; x_wconf 88' lang='lat' dir='ltr'>rei,</span> <span class='ocrx_word' id='word_1_301' title='bbox 305 1579 378 1608; x_wconf 93' lang='lat' dir='ltr'>vivo</span> <span class='ocrx_word' id='word_1_302' title='bbox 395 1578 449 1607; x_wconf 91' lang='lat' dir='ltr'>illo</span> <span class='ocrx_word' id='word_1_303' title='bbox 461 1597 469 1610; x_wconf 92' lang='lat'>‚</span> <span class='ocrx_word' id='word_1_304' title='bbox 485 1578 602 1607; x_wconf 90' lang='lat' dir='ltr'>mentio</span> <span class='ocrx_word' id='word_1_305' title='bbox 617 1574 708 1605; x_wconf 81' lang='lat' dir='ltr'>nulla.</span> <span class='ocrx_word' id='word_1_306' title='bbox 728 1572 824 1613; x_wconf 87' lang='lat' dir='ltr'>Qid?</span> <span class='ocrx_word' id='word_1_307' title='bbox 837 1571 973 1610; x_wconf 87' lang='lat' dir='ltr'>Dejotari</span> <span class='ocrx_word' id='word_1_308' title='bbox 984 1567 1078 1601; x_wconf 90' lang='lat' dir='ltr'>nostri</span> 
     </span>
     <span class='ocr_line' id='line_1_38' title="bbox 120 1609 1078 1660; baseline -0.011 -10"><span class='ocrx_word' id='word_1_309' title='bbox 120 1620 205 1650; x_wconf 81' lang='lat' dir='ltr'>causa</span> <span class='ocrx_word' id='word_1_310' title='bbox 224 1629 290 1650; x_wconf 89' lang='lat' dir='ltr'>non</span> <span class='ocrx_word' id='word_1_311' title='bbox 312 1618 441 1649; x_wconf 85' lang='lat' dir='ltr'>similis?</span> <span class='ocrx_word' id='word_1_312' title='bbox 460 1618 571 1660; x_wconf 81' lang='lat' dir='ltr'>dignus</span> <span class='ocrx_word' id='word_1_313' title='bbox 591 1617 642 1647; x_wconf 90' lang='lat' dir='ltr'>ille</span> <span class='ocrx_word' id='word_1_314' title='bbox 662 1615 787 1656; x_wconf 88' lang='lat' dir='ltr'>quidem</span> <span class='ocrx_word' id='word_1_315' title='bbox 797 1615 886 1644; x_wconf 91' lang='lat' dir='ltr'>omni</span> <span class='ocrx_word' id='word_1_316' title='bbox 896 1621 1007 1652; x_wconf 86' lang='lat' dir='ltr'>regno,</span> <span class='ocrx_word' id='word_1_317' title='bbox 1029 1609 1078 1640; x_wconf 85' lang='lat' dir='ltr'>sed</span> 
     </span>
     <span class='ocr_line' id='line_1_39' title="bbox 121 1654 1079 1701; baseline -0.011 -9"><span class='ocrx_word' id='word_1_318' title='bbox 121 1671 185 1692; x_wconf 87' lang='lat' dir='ltr'>non</span> <span class='ocrx_word' id='word_1_319' title='bbox 206 1671 257 1701; x_wconf 89' lang='lat' dir='ltr'>per</span> <span class='ocrx_word' id='word_1_320' title='bbox 280 1662 429 1691; x_wconf 85' lang='lat' dir='ltr'>Fulviam.</span> <span class='ocrx_word' id='word_1_321' title='bbox 444 1661 581 1691; x_wconf 85' lang='lat' dir='ltr'>sexcenta</span> <span class='ocrx_word' id='word_1_322' title='bbox 591 1658 707 1690; x_wconf 79' lang='lat' dir='ltr'>similia.</span> <span class='ocrx_word' id='word_1_323' title='bbox 730 1655 746 1677; x_wconf 85' lang='lat'><strong>⁶</strong></span> <span class='ocrx_word' id='word_1_324' title='bbox 756 1664 861 1687; x_wconf 85' lang='lat' dir='ltr'>verum</span> <span class='ocrx_word' id='word_1_325' title='bbox 873 1654 946 1683; x_wconf 91' lang='lat' dir='ltr'>illuc</span> <span class='ocrx_word' id='word_1_326' title='bbox 957 1654 1079 1684; x_wconf 81' lang='lat' dir='ltr'>referor:</span> 
     </span>
     <span class='ocr_line' id='line_1_40' title="bbox 119 1695 1080 1742; baseline -0.011 -8"><span class='ocrx_word' id='word_1_327' title='bbox 119 1712 182 1734; x_wconf 86' lang='lat' dir='ltr'>tam</span> <span class='ocrx_word' id='word_1_328' title='bbox 192 1704 301 1733; x_wconf 88' lang='lat' dir='ltr'>claram</span> <span class='ocrx_word' id='word_1_329' title='bbox 315 1722 324 1736; x_wconf 89' lang='lat'>,</span> <span class='ocrx_word' id='word_1_330' title='bbox 337 1712 457 1742; x_wconf 89' lang='lat' dir='ltr'>tamque</span> <span class='ocrx_word' id='word_1_331' title='bbox 468 1701 600 1732; x_wconf 88' lang='lat' dir='ltr'>testatam</span> <span class='ocrx_word' id='word_1_332' title='bbox 611 1711 687 1734; x_wconf 87' lang='lat' dir='ltr'>rem,</span> <span class='ocrx_word' id='word_1_333' title='bbox 698 1707 819 1738; x_wconf 87' lang='lat' dir='ltr'>tamque</span> <span class='ocrx_word' id='word_1_334' title='bbox 827 1695 935 1737; x_wconf 84' lang='lat' dir='ltr'>justam</span> <span class='ocrx_word' id='word_1_335' title='bbox 949 1696 1080 1725; x_wconf 87' lang='lat' dir='ltr'>Buthro-</span> 
     </span>
     <span class='ocr_line' id='line_1_41' title="bbox 121 1737 1079 1785; baseline -0.011 -10"><span class='ocrx_word' id='word_1_336' title='bbox 121 1748 193 1776; x_wconf 83' lang='lat' dir='ltr'>tiam</span> <span class='ocrx_word' id='word_1_337' title='bbox 206 1755 269 1775; x_wconf 88' lang='lat' dir='ltr'>non</span> <span class='ocrx_word' id='word_1_338' title='bbox 281 1744 455 1774; x_wconf 86' lang='lat' dir='ltr'>tenebimus</span> <span class='ocrx_word' id='word_1_339' title='bbox 467 1744 566 1785; x_wconf 86' lang='lat' dir='ltr'>aliqua</span> <span class='ocrx_word' id='word_1_340' title='bbox 575 1753 614 1773; x_wconf 83' lang='lat' dir='ltr'>ex</span> <span class='ocrx_word' id='word_1_341' title='bbox 624 1752 703 1782; x_wconf 88' lang='lat' dir='ltr'>parte</span> <span class='ocrx_word' id='word_1_342' title='bbox 715 1747 725 1772; x_wconf 90' lang='lat'>?</span> <span class='ocrx_word' id='word_1_343' title='bbox 743 1741 776 1770; x_wconf 89' lang='lat'>&amp;</span> <span class='ocrx_word' id='word_1_344' title='bbox 788 1749 824 1769; x_wconf 91' lang='lat' dir='ltr'>eo</span> <span class='ocrx_word' id='word_1_345' title='bbox 834 1737 958 1779; x_wconf 89' lang='lat' dir='ltr'>quidem</span> <span class='ocrx_word' id='word_1_346' title='bbox 972 1738 1079 1777; x_wconf 79' lang='lat' dir='ltr'>magis,</span> 
     </span>
     <span class='ocr_line' id='line_1_42' title="bbox 120 1779 1082 1828; baseline -0.011 -11"><span class='ocrx_word' id='word_1_347' title='bbox 120 1798 183 1828; x_wconf 84' lang='lat' dir='ltr'>quo</span> <span class='ocrx_word' id='word_1_348' title='bbox 204 1787 258 1817; x_wconf 83' lang='lat' dir='ltr'>iste</span> <span class='ocrx_word' id='word_1_349' title='bbox 277 1787 360 1826; x_wconf 89' lang='lat' dir='ltr'>plura</span> <span class='ocrx_word' id='word_1_350' title='bbox 380 1788 391 1815; x_wconf 90' lang='lat'>?</span> <span class='ocrx_word' id='word_1_351' title='bbox 408 1785 578 1816; x_wconf 87' lang='lat' dir='ltr'>Nobiscum</span> <span class='ocrx_word' id='word_1_352' title='bbox 599 1783 647 1815; x_wconf 79' lang='lat' dir='ltr'>hic</span> <span class='ocrx_word' id='word_1_353' title='bbox 667 1780 890 1824; x_wconf 78' lang='lat' dir='ltr'>perhonorifice</span> <span class='ocrx_word' id='word_1_354' title='bbox 904 1799 913 1812; x_wconf 83' lang='lat'>,</span> <span class='ocrx_word' id='word_1_355' title='bbox 933 1779 967 1808; x_wconf 77' lang='grc' dir='ltr'>δε</span> <span class='ocrx_word' id='word_1_356' title='bbox 986 1780 1082 1808; x_wconf 84' lang='lat' dir='ltr'>amice</span> 
     </span>
     <span class='ocr_line' id='line_1_43' title="bbox 123 1821 1083 1869; baseline -0.014 -8"><span class='ocrx_word' id='word_1_357' title='bbox 123 1828 284 1860; x_wconf 69' lang='lat' dir='ltr'>O&amp;avius:</span> <span class='ocrx_word' id='word_1_358' title='bbox 303 1837 394 1869; x_wconf 89' lang='lat' dir='ltr'>quem</span> <span class='ocrx_word' id='word_1_359' title='bbox 403 1827 529 1868; x_wconf 90' lang='lat' dir='ltr'>quidem</span> <span class='ocrx_word' id='word_1_360' title='bbox 542 1827 584 1856; x_wconf 82' lang='lat' dir='ltr'>sui</span> <span class='ocrx_word' id='word_1_361' title='bbox 596 1827 737 1857; x_wconf 79' lang='lat' dir='ltr'>Caesarem</span> <span class='ocrx_word' id='word_1_362' title='bbox 749 1821 906 1854; x_wconf 82' lang='lat' dir='ltr'>salutabat,</span> <span class='ocrx_word' id='word_1_363' title='bbox 928 1821 1083 1859; x_wconf 89' lang='lat' dir='ltr'>Philippus</span> 
     </span>
     <span class='ocr_line' id='line_1_44' title="bbox 124 1861 1083 1912; baseline -0.011 -11"><span class='ocrx_word' id='word_1_364' title='bbox 124 1881 188 1902; x_wconf 85' lang='lat' dir='ltr'>non</span> <span class='ocrx_word' id='word_1_365' title='bbox 201 1882 207 1900; x_wconf 79' lang='lat' dir='ltr'>t</span> <span class='ocrx_word' id='word_1_366' title='bbox 226 1873 326 1912; x_wconf 86' lang='lat' dir='ltr'>itaque</span> <span class='ocrx_word' id='word_1_367' title='bbox 349 1880 386 1900; x_wconf 91' lang='lat' dir='ltr'>ne</span> <span class='ocrx_word' id='word_1_368' title='bbox 397 1879 453 1900; x_wconf 91' lang='lat' dir='ltr'>nos</span> <span class='ocrx_word' id='word_1_369' title='bbox 464 1868 590 1910; x_wconf 89' lang='lat' dir='ltr'>quidem</span> <span class='ocrx_word' id='word_1_370' title='bbox 603 1879 609 1898; x_wconf 80' lang='lat' dir='ltr'>z</span> <span class='ocrx_word' id='word_1_371' title='bbox 627 1876 720 1909; x_wconf 89' lang='lat' dir='ltr'>quem</span> <span class='ocrx_word' id='word_1_372' title='bbox 732 1875 809 1906; x_wconf 88' lang='lat' dir='ltr'>nego</span> <span class='ocrx_word' id='word_1_373' title='bbox 820 1861 900 1904; x_wconf 82' lang='lat' dir='ltr'>poffe</span> <span class='ocrx_word' id='word_1_374' title='bbox 911 1861 1029 1892; x_wconf 87' lang='lat' dir='ltr'>bonurn</span> <span class='ocrx_word' id='word_1_375' title='bbox 1038 1862 1083 1891; x_wconf 92' lang='lat' dir='ltr'>ci-</span> 
     </span>
     <span class='ocr_line' id='line_1_45' title="bbox 122 1904 1083 1951; baseline -0.012 -7"><span class='ocrx_word' id='word_1_376' title='bbox 122 1923 212 1945; x_wconf 82' lang='lat' dir='ltr'>vem:</span> <span class='ocrx_word' id='word_1_377' title='bbox 234 1914 273 1943; x_wconf 85' lang='lat' dir='ltr'>ita</span> <span class='ocrx_word' id='word_1_378' title='bbox 291 1912 381 1942; x_wconf 90' lang='lat' dir='ltr'>multi</span> <span class='ocrx_word' id='word_1_379' title='bbox 392 1910 589 1942; x_wconf 85' lang='lat' dir='ltr'>circumstant</span> <span class='ocrx_word' id='word_1_380' title='bbox 602 1931 611 1945; x_wconf 88' lang='lat'><em>,</em></span> <span class='ocrx_word' id='word_1_381' title='bbox 631 1906 818 1951; x_wconf 86' lang='lat' dir='ltr'>quiquidem</span> <span class='ocrx_word' id='word_1_382' title='bbox 830 1904 939 1935; x_wconf 87' lang='lat' dir='ltr'>nostris</span> <span class='ocrx_word' id='word_1_383' title='bbox 951 1912 1083 1934; x_wconf 87' lang='lat' dir='ltr'>mortem</span> 
     </span>
     <span class='ocr_line' id='line_1_46' title="bbox 123 1944 1081 1994; baseline -0.014 -8"><span class='ocrx_word' id='word_1_384' title='bbox 123 1957 317 1986; x_wconf 79' lang='lat' dir='ltr'>minitantur.</span> <span class='ocrx_word' id='word_1_385' title='bbox 342 1959 357 1983; x_wconf 94' lang='lat'><em>7</em></span> <span class='ocrx_word' id='word_1_386' title='bbox 379 1955 485 1994; x_wconf 83' lang='lat' dir='ltr'>negan’</span> <span class='ocrx_word' id='word_1_387' title='bbox 503 1954 563 1983; x_wconf 83' lang='lat' dir='ltr'>haec</span> <span class='ocrx_word' id='word_1_388' title='bbox 581 1952 650 1982; x_wconf 80' lang='lat' dir='ltr'>ferri</span> <span class='ocrx_word' id='word_1_389' title='bbox 660 1948 764 1992; x_wconf 78' lang='lat' dir='ltr'>poffe?</span> <span class='ocrx_word' id='word_1_390' title='bbox 784 1947 857 1990; x_wconf 89' lang='lat' dir='ltr'>quid</span> <span class='ocrx_word' id='word_1_391' title='bbox 868 1946 968 1978; x_wconf 86' lang='lat' dir='ltr'>censes</span> <span class='ocrx_word' id='word_1_392' title='bbox 982 1966 990 1979; x_wconf 85' lang='lat'>‚</span> <span class='ocrx_word' id='word_1_393' title='bbox 1009 1944 1081 1975; x_wconf 80' lang='lat' dir='ltr'>cum</span> 
     </span>
     <span class='ocr_line' id='line_1_47' title="bbox 123 1986 1082 2038; baseline -0.013 -10"><span class='ocrx_word' id='word_1_394' title='bbox 123 2000 257 2028; x_wconf 84' lang='lat' dir='ltr'>Romam</span> <span class='ocrx_word' id='word_1_395' title='bbox 279 2007 352 2038; x_wconf 89' lang='lat' dir='ltr'>puer</span> <span class='ocrx_word' id='word_1_396' title='bbox 372 1997 507 2029; x_wconf 82' lang='lat' dir='ltr'>venerit,</span> <span class='ocrx_word' id='word_1_397' title='bbox 529 1994 582 2025; x_wconf 89' lang='lat' dir='ltr'>ubi</span> <span class='ocrx_word' id='word_1_398' title='bbox 594 1993 688 2025; x_wconf 90' lang='lat' dir='ltr'>nostri</span> <span class='ocrx_word' id='word_1_399' title='bbox 701 1986 1006 2022; x_wconf 83' lang='lat' dir='ltr'>liberatorestutieffe</span> <span class='ocrx_word' id='word_1_400' title='bbox 1017 1996 1082 2017; x_wconf 90' lang='lat' dir='ltr'>nori</span> 
     </span>
     <span class='ocr_line' id='line_1_48' title="bbox 122 2027 1083 2081; baseline -0.012 -11"><span class='ocrx_word' id='word_1_401' title='bbox 122 2038 268 2081; x_wconf 83' lang='lat' dir='ltr'>poss&#39;unt?</span> <span class='ocrx_word' id='word_1_402' title='bbox 285 2040 336 2080; x_wconf 90' lang='lat' dir='ltr'>qui</span> <span class='ocrx_word' id='word_1_403' title='bbox 357 2038 482 2079; x_wconf 89' lang='lat' dir='ltr'>quidem</span> <span class='ocrx_word' id='word_1_404' title='bbox 503 2037 617 2077; x_wconf 86' lang='lat' dir='ltr'>semper</span> <span class='ocrx_word' id='word_1_405' title='bbox 627 2044 714 2066; x_wconf 83' lang='lat' dir='ltr'>erunt</span> <span class='ocrx_word' id='word_1_406' title='bbox 723 2034 793 2064; x_wconf 88' lang='lat' dir='ltr'>clari</span> <span class='ocrx_word' id='word_1_407' title='bbox 807 2045 815 2067; x_wconf 81' lang='lat'>3</span> <span class='ocrx_word' id='word_1_408' title='bbox 834 2031 1000 2072; x_wconf 79' lang='lat' dir='ltr'>conscientia</span> <span class='ocrx_word' id='word_1_409' title='bbox 1011 2027 1083 2060; x_wconf 76' lang='lat' dir='ltr'>verb</span> 
     </span>
     <span class='ocr_line' id='line_1_49' title="bbox 122 2072 1082 2114; baseline -0.014 -1"><span class='ocrx_word' id='word_1_410' title='bbox 122 2082 194 2113; x_wconf 67' lang='lat' dir='ltr'>faeti</span> <span class='ocrx_word' id='word_1_411' title='bbox 215 2082 258 2112; x_wconf 89' lang='lat' dir='ltr'>sui</span> <span class='ocrx_word' id='word_1_412' title='bbox 280 2083 370 2112; x_wconf 86' lang='lat' dir='ltr'>etiam</span> <span class='ocrx_word' id='word_1_413' title='bbox 392 2080 478 2111; x_wconf 87' lang='lat' dir='ltr'>beati.</span> <span class='ocrx_word' id='word_1_414' title='bbox 503 2079 552 2110; x_wconf 90' lang='lat' dir='ltr'>sed</span> <span class='ocrx_word' id='word_1_415' title='bbox 563 2089 619 2109; x_wconf 90' lang='lat' dir='ltr'>nos</span> <span class='ocrx_word' id='word_1_416' title='bbox 632 2099 640 2111; x_wconf 93' lang='lat'>,</span> <span class='ocrx_word' id='word_1_417' title='bbox 664 2075 719 2107; x_wconf 78' lang='lat' dir='ltr'>nisi</span> <span class='ocrx_word' id='word_1_418' title='bbox 731 2086 780 2106; x_wconf 88' lang='lat' dir='ltr'>me</span> <span class='ocrx_word' id='word_1_419' title='bbox 789 2074 888 2108; x_wconf 86' lang='lat' dir='ltr'>fallit,</span> <span class='ocrx_word' id='word_1_420' title='bbox 903 2072 1082 2114; x_wconf 86' lang='lat' dir='ltr'>jacebimus.</span> 
     </span>
     <span class='ocr_line' id='line_1_50' title="bbox 124 2114 1083 2165; baseline -0.011 -11"><span class='ocrx_word' id='word_1_421' title='bbox 124 2126 225 2165; x_wconf 82' lang='lat' dir='ltr'>itaque</span> <span class='ocrx_word' id='word_1_422' title='bbox 235 2125 319 2153; x_wconf 87' lang='lat' dir='ltr'>exire</span> <span class='ocrx_word' id='word_1_423' title='bbox 332 2124 427 2154; x_wconf 88' lang='lat' dir='ltr'>haveo</span> <span class='ocrx_word' id='word_1_424' title='bbox 439 2141 447 2156; x_wconf 92' lang='lat'>,</span> <span class='ocrx_word' id='word_1_425' title='bbox 458 2120 508 2151; x_wconf 63' lang='lat' dir='ltr'>uhi</span> <span class='ocrx_word' id='word_1_426' title='bbox 519 2132 564 2151; x_wconf 84' lang='lat' dir='ltr'>nec</span> <span class='ocrx_word' id='word_1_427' title='bbox 573 2119 778 2161; x_wconf 81' lang='lat' dir='ltr'>Pelopidarum,</span> <span class='ocrx_word' id='word_1_428' title='bbox 790 2118 900 2157; x_wconf 89' lang='lat' dir='ltr'>inquit.</span> <span class='ocrx_word' id='word_1_429' title='bbox 923 2114 1001 2146; x_wconf 88' lang='lat' dir='ltr'>haud</span> <span class='ocrx_word' id='word_1_430' title='bbox 1012 2123 1083 2144; x_wconf 91' lang='lat' dir='ltr'>amo</span> 
     </span>
     <span class='ocr_line' id='line_1_51' title="bbox 124 2158 1086 2206; baseline -0.012 -10"><span class='ocrx_word' id='word_1_431' title='bbox 124 2165 175 2197; x_wconf 87' lang='lat' dir='ltr'>vel</span> <span class='ocrx_word' id='word_1_432' title='bbox 187 2167 242 2195; x_wconf 88' lang='lat' dir='ltr'>hos</span> <span class='ocrx_word' id='word_1_433' title='bbox 252 2164 417 2206; x_wconf 82' lang='lat' dir='ltr'>designatos</span> <span class='ocrx_word' id='word_1_434' title='bbox 427 2184 436 2198; x_wconf 86' lang='lat'>‚</span> <span class='ocrx_word' id='word_1_435' title='bbox 457 2165 508 2205; x_wconf 90' lang='lat' dir='ltr'>qui</span> <span class='ocrx_word' id='word_1_436' title='bbox 520 2165 609 2194; x_wconf 88' lang='lat' dir='ltr'>etiam</span> <span class='ocrx_word' id='word_1_437' title='bbox 625 2162 789 2193; x_wconf 78' lang='lat' dir='ltr'>declamare</span> <span class='ocrx_word' id='word_1_438' title='bbox 800 2168 849 2189; x_wconf 89' lang='lat' dir='ltr'>me</span> <span class='ocrx_word' id='word_1_439' title='bbox 858 2158 1020 2199; x_wconf 63' lang='lat' dir='ltr'>coegerunt</span> <span class='ocrx_word' id='word_1_440' title='bbox 1031 2167 1040 2190; x_wconf 75' lang='lat'>3</span> <span class='ocrx_word' id='word_1_441' title='bbox 1054 2164 1086 2184; x_wconf 93' lang='lat' dir='ltr'>ut</span> 
     </span>
     <span class='ocr_line' id='line_1_52' title="bbox 127 2200 1084 2247; baseline -0.013 -9"><span class='ocrx_word' id='word_1_442' title='bbox 127 2218 167 2239; x_wconf 90' lang='lat' dir='ltr'>ne</span> <span class='ocrx_word' id='word_1_443' title='bbox 188 2207 265 2247; x_wconf 84' lang='lat' dir='ltr'>apud</span> <span class='ocrx_word' id='word_1_444' title='bbox 284 2215 372 2247; x_wconf 86' lang='lat' dir='ltr'>aquas</span> <span class='ocrx_word' id='word_1_445' title='bbox 391 2206 516 2247; x_wconf 88' lang='lat' dir='ltr'>quidem</span> <span class='ocrx_word' id='word_1_446' title='bbox 536 2204 718 2246; x_wconf 82' lang='lat' dir='ltr'>acquiescere</span> <span class='ocrx_word' id='word_1_447' title='bbox 736 2202 848 2232; x_wconf 86' lang='lat' dir='ltr'>liceret.</span> <span class='ocrx_word' id='word_1_448' title='bbox 872 2200 920 2230; x_wconf 88' lang='lat' dir='ltr'>sed</span> <span class='ocrx_word' id='word_1_449' title='bbox 941 2201 999 2229; x_wconf 91' lang='lat' dir='ltr'>hoc</span> <span class='ocrx_word' id='word_1_450' title='bbox 1010 2207 1084 2227; x_wconf 83' lang='lat' dir='ltr'>meae</span> 
     </span>
     <span class='ocr_line' id='line_1_53' title="bbox 128 2238 1084 2286; baseline -0.013 -6"><span class='ocrx_word' id='word_1_451' title='bbox 128 2251 234 2281; x_wconf 83' lang='lat' dir='ltr'>nimiae</span> <span class='ocrx_word' id='word_1_452' title='bbox 254 2248 416 2279; x_wconf 86' lang='lat' dir='ltr'>facilitatis.</span> <span class='ocrx_word' id='word_1_453' title='bbox 458 2257 529 2277; x_wconf 91' lang='lat' dir='ltr'>nam</span> <span class='ocrx_word' id='word_1_454' title='bbox 550 2247 580 2277; x_wconf 87' lang='lat' dir='ltr'>id</span> <span class='ocrx_word' id='word_1_455' title='bbox 602 2254 661 2276; x_wconf 90' lang='lat' dir='ltr'>erat</span> <span class='ocrx_word' id='word_1_456' title='bbox 680 2243 833 2286; x_wconf 88' lang='lat' dir='ltr'>quondam</span> <span class='ocrx_word' id='word_1_457' title='bbox 852 2240 932 2283; x_wconf 80' lang='lat' dir='ltr'>quasi</span> <span class='ocrx_word' id='word_1_458' title='bbox 952 2238 1084 2271; x_wconf 75' lang='lat' dir='ltr'>necefl&#39;e:</span> 
     </span>
     <span class='ocr_line' id='line_1_54' title="bbox 127 2282 1087 2332; baseline -0.013 -10"><span class='ocrx_word' id='word_1_459' title='bbox 127 2301 212 2323; x_wconf 85' lang='lat' dir='ltr'>nunc</span> <span class='ocrx_word' id='word_1_460' title='bbox 224 2310 232 2325; x_wconf 90' lang='lat'>‚</span> <span class='ocrx_word' id='word_1_461' title='bbox 246 2286 261 2310; x_wconf 67' lang='grc' dir='ltr'><strong>Β</strong></span> <span class='ocrx_word' id='word_1_462' title='bbox 273 2300 397 2332; x_wconf 90' lang='lat' dir='ltr'>quoquo</span> <span class='ocrx_word' id='word_1_463' title='bbox 415 2289 510 2319; x_wconf 86' lang='lat' dir='ltr'>modo</span> <span class='ocrx_word' id='word_1_464' title='bbox 525 2288 552 2318; x_wconf 89' lang='lat' dir='ltr'>se</span> <span class='ocrx_word' id='word_1_465' title='bbox 563 2298 607 2318; x_wconf 84' lang='lat' dir='ltr'>res</span> <span class='ocrx_word' id='word_1_466' title='bbox 623 2287 710 2317; x_wconf 87' lang='lat' dir='ltr'>habet</span> <span class='ocrx_word' id='word_1_467' title='bbox 721 2307 730 2320; x_wconf 84' lang='lat'>‚</span> <span class='ocrx_word' id='word_1_468' title='bbox 748 2295 813 2316; x_wconf 90' lang='lat' dir='ltr'>non</span> <span class='ocrx_word' id='word_1_469' title='bbox 823 2284 865 2315; x_wconf 87' lang='lat' dir='ltr'>est</span> <span class='ocrx_word' id='word_1_470' title='bbox 877 2286 964 2314; x_wconf 87' lang='lat' dir='ltr'>item.</span> <span class='ocrx_word' id='word_1_471' title='bbox 987 2282 1087 2324; x_wconf 74' lang='lat' dir='ltr'>Qiam</span> 
     </span>
     <span class='ocr_line' id='line_1_55' title="bbox 130 2326 1087 2371; baseline -0.013 -7"><span class='ocrx_word' id='word_1_472' title='bbox 130 2333 247 2365; x_wconf 90' lang='lat' dir='ltr'>dudum</span> <span class='ocrx_word' id='word_1_473' title='bbox 260 2333 338 2363; x_wconf 90' lang='lat' dir='ltr'>nihil</span> <span class='ocrx_word' id='word_1_474' title='bbox 349 2331 443 2362; x_wconf 74' lang='lat' dir='ltr'>habeo</span> <span class='ocrx_word' id='word_1_475' title='bbox 453 2330 535 2371; x_wconf 91' lang='lat' dir='ltr'>quod</span> <span class='ocrx_word' id='word_1_476' title='bbox 545 2330 580 2361; x_wconf 91' lang='lat' dir='ltr'>ad</span> <span class='ocrx_word' id='word_1_477' title='bbox 590 2339 618 2360; x_wconf 91' lang='lat' dir='ltr'>te</span> <span class='ocrx_word' id='word_1_478' title='bbox 629 2329 753 2359; x_wconf 87' lang='lat' dir='ltr'>scribam</span> <span class='ocrx_word' id='word_1_479' title='bbox 766 2338 772 2356; x_wconf 83' lang='lat' dir='ltr'>z</span> <span class='ocrx_word' id='word_1_480' title='bbox 792 2326 886 2357; x_wconf 90' lang='lat' dir='ltr'>scribo</span> <span class='ocrx_word' id='word_1_481' title='bbox 897 2334 1010 2358; x_wconf 85' lang='lat' dir='ltr'>tamen,</span> <span class='ocrx_word' id='word_1_482' title='bbox 1023 2332 1087 2353; x_wconf 87' lang='lat' dir='ltr'>non</span> 
     </span>
     <span class='ocr_line' id='line_1_56' title="bbox 128 2365 1091 2407; baseline -0.012 -1"><span class='ocrx_word' id='word_1_483' title='bbox 128 2385 164 2407; x_wconf 91' lang='lat' dir='ltr'>ut</span> <span class='ocrx_word' id='word_1_484' title='bbox 174 2374 322 2406; x_wconf 71' lang='lat' dir='ltr'>dele&amp;em</span> <span class='ocrx_word' id='word_1_485' title='bbox 336 2375 381 2403; x_wconf 88' lang='lat' dir='ltr'>his</span> <span class='ocrx_word' id='word_1_486' title='bbox 390 2373 507 2406; x_wconf 87' lang='lat' dir='ltr'>litteris,</span> <span class='ocrx_word' id='word_1_487' title='bbox 515 2371 560 2402; x_wconf 73' lang='lat' dir='ltr'>led</span> <span class='ocrx_word' id='word_1_488' title='bbox 571 2381 603 2402; x_wconf 91' lang='lat' dir='ltr'>ut</span> <span class='ocrx_word' id='word_1_489' title='bbox 614 2371 731 2401; x_wconf 87' lang='lat' dir='ltr'>eliciam</span> <span class='ocrx_word' id='word_1_490' title='bbox 745 2379 816 2399; x_wconf 87' lang='lat' dir='ltr'>tuas.</span> <span class='ocrx_word' id='word_1_491' title='bbox 828 2366 894 2401; x_wconf 85' lang='lat' dir='ltr'>tu‚fi</span> <span class='ocrx_word' id='word_1_492' title='bbox 906 2367 977 2407; x_wconf 90' lang='lat' dir='ltr'>quid</span> <span class='ocrx_word' id='word_1_493' title='bbox 990 2369 1044 2396; x_wconf 87' lang='lat' dir='ltr'>erit</span> <span class='ocrx_word' id='word_1_494' title='bbox 1055 2365 1091 2395; x_wconf 87' lang='lat' dir='ltr'>de</span> 
     </span>
     <span class='ocr_line' id='line_1_57' title="bbox 128 2406 1091 2456; baseline -0.012 -7"><span class='ocrx_word' id='word_1_495' title='bbox 128 2419 234 2450; x_wconf 82' lang='lat' dir='ltr'>ceteris</span> <span class='ocrx_word' id='word_1_496' title='bbox 245 2429 254 2453; x_wconf 90' lang='lat'>·‚</span> <span class='ocrx_word' id='word_1_497' title='bbox 265 2417 301 2448; x_wconf 90' lang='lat' dir='ltr'>de</span> <span class='ocrx_word' id='word_1_498' title='bbox 315 2417 406 2447; x_wconf 87' lang='lat' dir='ltr'>Bruto</span> <span class='ocrx_word' id='word_1_499' title='bbox 416 2424 520 2456; x_wconf 87' lang='lat' dir='ltr'>utique</span> <span class='ocrx_word' id='word_1_500' title='bbox 531 2434 540 2449; x_wconf 90' lang='lat'>‚</span> <span class='ocrx_word' id='word_1_501' title='bbox 551 2412 707 2456; x_wconf 85' lang='lat' dir='ltr'>quidquid.</span> <span class='ocrx_word' id='word_1_502' title='bbox 729 2413 801 2442; x_wconf 87' lang='lat' dir='ltr'>Haec</span> <span class='ocrx_word' id='word_1_503' title='bbox 811 2406 969 2449; x_wconf 77' lang='lat' dir='ltr'>conscripsi</span> <span class='ocrx_word' id='word_1_504' title='bbox 979 2417 1010 2438; x_wconf 86' lang='lat' dir='ltr'>x.</span> <span class='ocrx_word' id='word_1_505' title='bbox 1023 2407 1091 2438; x_wconf 87' lang='lat' dir='ltr'>Kal.</span> 
     </span>
    </p>
   </div>
   <div class='ocr_carea' id='block_1_7' title="bbox 1086 281 1097 1140">
    <p class='ocr_par' dir='ltr' id='par_1_8' title="bbox 1086 281 1097 1140">
     <span class='ocr_line' id='line_1_58' title="bbox 1086 281 1097 1140; baseline 0 0"><span class='ocrx_word' id='word_1_506' title='bbox 1086 281 1097 1140; x_wconf 95' lang='lat' dir='ltr'> </span> 
     </span>
    </p>
   </div>
   <div class='ocr_carea' id='block_1_8' title="bbox 1106 73 1651 124">
    <p class='ocr_par' dir='ltr' id='par_1_9' title="bbox 1106 73 1651 124">
     <span class='ocr_line' id='line_1_59' title="bbox 1106 73 1651 124; baseline 0.007 -7"><span class='ocrx_word' id='word_1_507' title='bbox 1106 73 1651 124; x_wconf 71' lang='lat' dir='ltr'>CicnRoN1s</span> 
     </span>
    </p>
   </div>
   <div class='ocr_carea' id='block_1_9' title="bbox 1103 151 2062 231">
    <p class='ocr_par' dir='ltr' id='par_1_10' title="bbox 1103 151 2062 231">
     <span class='ocr_line' id='line_1_60' title="bbox 1103 151 2062 199; baseline 0.006 -17"><span class='ocrx_word' id='word_1_508' title='bbox 1103 151 1332 199; x_wconf 37' lang='lat' dir='ltr'>accubans&#39;apud</span> <span class='ocrx_word' id='word_1_509' title='bbox 1347 151 1519 184; x_wconf 88' lang='lat' dir='ltr'>Vestorium</span> <span class='ocrx_word' id='word_1_510' title='bbox 1533 175 1542 188; x_wconf 80' lang='grc'><strong><em>,</em></strong></span> <span class='ocrx_word' id='word_1_511' title='bbox 1562 157 1723 189; x_wconf 81' lang='lat' dir='ltr'>hominem</span> <span class='ocrx_word' id='word_1_512' title='bbox 1734 165 1889 190; x_wconf 85' lang='lat' dir='ltr'>remotum</span> <span class='ocrx_word' id='word_1_513' title='bbox 1900 154 2062 190; x_wconf 53' lang='lat' dir='ltr'>&amp;dialceti-</span> 
     </span>
     <span class='ocr_line' id='line_1_61' title="bbox 1105 195 1695 231; baseline 0.014 -8"><span class='ocrx_word' id='word_1_514' title='bbox 1105 204 1159 227; x_wconf 85' lang='lat' dir='ltr'>cis,</span> <span class='ocrx_word' id='word_1_515' title='bbox 1173 204 1203 223; x_wconf 89' lang='lat' dir='ltr'>in</span> <span class='ocrx_word' id='word_1_516' title='bbox 1213 195 1411 224; x_wconf 76' lang='lat' dir='ltr'>arithmeticis</span> <span class='ocrx_word' id='word_1_517' title='bbox 1422 195 1489 225; x_wconf 86' lang='lat' dir='ltr'>satis</span> <span class='ocrx_word' id='word_1_518' title='bbox 1499 200 1695 231; x_wconf 82' lang='lat' dir='ltr'>exercitatum</span> 
     </span>
    </p>
   </div>
   <div class='ocr_carea' id='block_1_10' title="bbox 1332 250 1827 289">
    <p class='ocr_par' dir='ltr' id='par_1_11' title="bbox 1332 250 1827 289">
     <span class='ocr_line' id='line_1_62' title="bbox 1332 250 1827 289; baseline 0.012 -11"><span class='ocrx_word' id='word_1_519' title='bbox 1332 250 1525 280; x_wconf 90' lang='lat' dir='ltr'>CICERO</span> <span class='ocrx_word' id='word_1_520' title='bbox 1555 253 1778 289; x_wconf 78' lang='lat' dir='ltr'>ATTICO,</span> <span class='ocrx_word' id='word_1_521' title='bbox 1798 258 1827 287; x_wconf 89' lang='lat' dir='ltr'>S.</span> 
     </span>
    </p>
   </div>
   <div class='ocr_carea' id='block_1_11' title="bbox 1107 293 2066 470">
    <p class='ocr_par' dir='ltr' id='par_1_12' title="bbox 1107 293 2066 470">
     <span class='ocr_line' id='line_1_63' title="bbox 1112 293 2056 371; baseline 0.013 -47"><span class='ocrx_word' id='word_1_522' title='bbox 1112 293 1299 371; x_wconf 62' lang='lat' dir='ltr'>SEpriioio</span> <span class='ocrx_word' id='word_1_523' title='bbox 1318 296 1450 337; x_wconf 86' lang='lat' dir='ltr'>denique</span> <span class='ocrx_word' id='word_1_524' title='bbox 1469 297 1518 327; x_wconf 88' lang='lat' dir='ltr'>die</span> <span class='ocrx_word' id='word_1_525' title='bbox 1538 297 1642 330; x_wconf 83' lang='lat' dir='ltr'>litterae</span> <span class='ocrx_word' id='word_1_526' title='bbox 1664 304 1872 335; x_wconf 84' lang='lat' dir='ltr'>mihiredditae</span> <span class='ocrx_word' id='word_1_527' title='bbox 1882 303 1968 339; x_wconf 82' lang='lat' dir='ltr'>sunt,</span> <span class='ocrx_word' id='word_1_528' title='bbox 1987 313 2056 335; x_wconf 73' lang='lat' dir='ltr'>ouae</span> 
     </span>
     <span class='ocr_line' id='line_1_64' title="bbox 1165 328 2064 387; baseline 0.011 -20"><span class='ocrx_word' id='word_1_529' title='bbox 1165 347 1245 386; x_wconf 77' lang='lat' dir='ltr'>erant</span> <span class='ocrx_word' id='word_1_530' title='bbox 1264 349 1280 368; x_wconf 91' lang='lat' dir='ltr'>a</span> <span class='ocrx_word' id='word_1_531' title='bbox 1301 348 1328 369; x_wconf 93' lang='lat' dir='ltr'>te</span> <span class='ocrx_word' id='word_1_532' title='bbox 1338 349 1408 386; x_wconf 70' lang='lat' dir='ltr'>xri!</span> <span class='ocrx_word' id='word_1_533' title='bbox 1422 338 1574 387; x_wconf 51' lang='lat' dir='ltr'>Kal3datae</span> <span class='ocrx_word' id='word_1_534' title='bbox 1590 343 1714 383; x_wconf 87' lang='lat' dir='ltr'>:quibus</span> <span class='ocrx_word' id='word_1_535' title='bbox 1727 348 1833 386; x_wconf 84' lang='lat' dir='ltr'>quaeris</span> <span class='ocrx_word' id='word_1_536' title='bbox 1844 366 1853 380; x_wconf 86' lang='lat'>,</span> <span class='ocrx_word' id='word_1_537' title='bbox 1873 354 1959 387; x_wconf 86' lang='lat' dir='ltr'>atque</span> <span class='ocrx_word' id='word_1_538' title='bbox 1970 328 2064 377; x_wconf 69' lang='lat' dir='ltr'>ctiam</span> 
     </span>
     <span class='ocr_line' id='line_1_65' title="bbox 1107 380 2066 428; baseline 0.011 -20"><span class='ocrx_word' id='word_1_539' title='bbox 1107 389 1157 408; x_wconf 89' lang='lat' dir='ltr'>me</span> <span class='ocrx_word' id='word_1_540' title='bbox 1182 380 1281 419; x_wconf 87' lang='lat' dir='ltr'>ipsum</span> <span class='ocrx_word' id='word_1_541' title='bbox 1302 381 1415 411; x_wconf 89' lang='lat' dir='ltr'>nescire</span> <span class='ocrx_word' id='word_1_542' title='bbox 1435 380 1602 418; x_wconf 63' lang='lat' dir='ltr'>arbitram,</span> <span class='ocrx_word' id='word_1_543' title='bbox 1624 393 1723 415; x_wconf 88' lang='lat' dir='ltr'>utrum</span> <span class='ocrx_word' id='word_1_544' title='bbox 1739 389 1833 427; x_wconf 85' lang='lat' dir='ltr'>magis</span> <span class='ocrx_word' id='word_1_545' title='bbox 1854 388 1982 418; x_wconf 88' lang='lat' dir='ltr'>tumulis</span> <span class='ocrx_word' id='word_1_546' title='bbox 1994 398 2066 428; x_wconf 83' lang='lat' dir='ltr'>pro-</span> 
     </span>
     <span class='ocr_line' id='line_1_66' title="bbox 1107 426 2064 470; baseline 0.011 -11"><span class='ocrx_word' id='word_1_547' title='bbox 1107 428 1279 470; x_wconf 73' lang='lat' dir='ltr'>spectuque,</span> <span class='ocrx_word' id='word_1_548' title='bbox 1289 434 1303 457; x_wconf 88' lang='lat'><em>9</em></span> <span class='ocrx_word' id='word_1_549' title='bbox 1315 441 1352 461; x_wconf 83' lang='lat' dir='ltr'>an</span> <span class='ocrx_word' id='word_1_550' title='bbox 1363 431 1571 461; x_wconf 83' lang='lat' dir='ltr'>ambulatione</span> <span class='ocrx_word' id='word_1_551' title='bbox 1583 426 1726 460; x_wconf 68' lang='grc' dir='ltr'>οἱλιπνῑ-’ἷ</span> <span class='ocrx_word' id='word_1_552' title='bbox 1734 435 1872 467; x_wconf 71' lang='grc' dir='ltr'>ἀεΙεᾶεῐ.</span> <span class='ocrx_word' id='word_1_553' title='bbox 1894 438 1937 469; x_wconf 86' lang='lat' dir='ltr'>est</span> <span class='ocrx_word' id='word_1_554' title='bbox 1947 440 2064 469; x_wconf 82' lang='lat' dir='ltr'>meher-</span> 
     </span>
    </p>
   </div>
   <div class='ocr_carea' id='block_1_12' title="bbox 1108 472 2066 555">
    <p class='ocr_par' dir='ltr' id='par_1_13' title="bbox 1108 472 2066 555">
     <span class='ocr_line' id='line_1_67' title="bbox 1108 472 2066 516; baseline 0.01 -14"><span class='ocrx_word' id='word_1_555' title='bbox 1108 472 1175 502; x_wconf 87' lang='lat' dir='ltr'>cule</span> <span class='ocrx_word' id='word_1_556' title='bbox 1187 492 1196 505; x_wconf 88' lang='lat'>,</span> <span class='ocrx_word' id='word_1_557' title='bbox 1210 482 1241 502; x_wconf 89' lang='lat' dir='ltr'>ut</span> <span class='ocrx_word' id='word_1_558' title='bbox 1251 472 1326 504; x_wconf 83' lang='lat' dir='ltr'>dicis</span> <span class='ocrx_word' id='word_1_559' title='bbox 1337 493 1346 507; x_wconf 90' lang='lat'>‚</span> <span class='ocrx_word' id='word_1_560' title='bbox 1362 473 1515 514; x_wconf 86' lang='lat' dir='ltr'>utriusque</span> <span class='ocrx_word' id='word_1_561' title='bbox 1525 473 1585 505; x_wconf 86' lang='lat' dir='ltr'>loci</span> <span class='ocrx_word' id='word_1_562' title='bbox 1596 483 1674 506; x_wconf 82' lang='lat' dir='ltr'>tanta</span> <span class='ocrx_word' id='word_1_563' title='bbox 1683 479 1840 509; x_wconf 81' lang='lat' dir='ltr'>amoenitas</span> <span class='ocrx_word' id='word_1_564' title='bbox 1851 498 1860 513; x_wconf 89' lang='lat'>,</span> <span class='ocrx_word' id='word_1_565' title='bbox 1872 488 1905 510; x_wconf 86' lang='lat' dir='ltr'>ut</span> <span class='ocrx_word' id='word_1_566' title='bbox 1915 480 2066 516; x_wconf 76' lang='lat' dir='ltr'>dubitem,</span> 
     </span>
     <span class='ocr_line' id='line_1_68' title="bbox 1111 514 1446 555; baseline 0.003 -12"><span class='ocrx_word' id='word_1_567' title='bbox 1111 522 1174 543; x_wconf 87' lang='lat' dir='ltr'>utra</span> <span class='ocrx_word' id='word_1_568' title='bbox 1184 515 1394 555; x_wconf 87' lang='lat' dir='ltr'>anteponenda</span> <span class='ocrx_word' id='word_1_569' title='bbox 1403 514 1446 546; x_wconf 88' lang='lat' dir='ltr'>sit.</span> 
     </span>
    </p>
   </div>
   <div class='ocr_carea' id='block_1_13' title="bbox 1111 552 2094 2475">
    <p class='ocr_par' dir='ltr' id='par_1_14' title="bbox 1224 552 1878 606">
     <span class='ocr_line' id='line_1_69' title="bbox 1224 552 1878 606; baseline 0.006 -16"><span class='ocrx_word' id='word_1_570' title='bbox 1224 557 1292 591; x_wconf 60' lang='lat' dir='ltr'><em>x’Rx&#39;</em></span> <span class='ocrx_word' id='word_1_571' title='bbox 1302 552 1454 594; x_wconf 37' lang='lat' dir='ltr'>ocolusw&#39;s</span> <span class='ocrx_word' id='word_1_572' title='bbox 1467 558 1613 605; x_wconf 62' lang='lat' dir='ltr'>&#39;ennqqs&#39;rss</span> <span class='ocrx_word' id='word_1_573' title='bbox 1622 553 1703 606; x_wconf 64' lang='grc' dir='ltr'>’ἔρροι</span> <span class='ocrx_word' id='word_1_574' title='bbox 1713 560 1878 606; x_wconf 69' lang='grc' dir='ltr'>μέμηλεν.</span> 
     </span>
    </p>

    <p class='ocr_par' dir='ltr' id='par_1_15' title="bbox 1111 603 1976 703">
     <span class='ocr_line' id='line_1_70' title="bbox 1111 603 1976 657; baseline 0.003 -15"><span class='ocrx_word' id='word_1_575' title='bbox 1111 608 1214 642; x_wconf 66' lang='grc' dir='ltr'>Α’ἃωὶ</span> <span class='ocrx_word' id='word_1_576' title='bbox 1228 603 1307 641; x_wconf 65' lang='lat' dir='ltr'>&gt;tileo</span> <span class='ocrx_word' id='word_1_577' title='bbox 1317 607 1409 651; x_wconf 55' lang='grc' dir='ltr'>μέγα</span> <span class='ocrx_word' id='word_1_578' title='bbox 1419 607 1521 651; x_wconf 58' lang='grc' dir='ltr'>πῆμα</span> <span class='ocrx_word' id='word_1_579' title='bbox 1537 630 1547 644; x_wconf 78' lang='grc'><em>,</em></span> <span class='ocrx_word' id='word_1_580' title='bbox 1570 603 1740 653; x_wconf 60' lang='grc' dir='ltr'>ὣοτρεφές</span> <span class='ocrx_word' id='word_1_581' title='bbox 1751 635 1759 648; x_wconf 91' lang='grc'><em>,</em></span> <span class='ocrx_word' id='word_1_582' title='bbox 1777 610 1976 657; x_wconf 60' lang='grc' dir='ltr'>εἰσορόωντες</span> 
     </span>
     <span class='ocr_line' id='line_1_71' title="bbox 1112 649 1877 703; baseline 0.003 -13"><span class='ocrx_word' id='word_1_583' title='bbox 1112 654 1274 701; x_wconf 64' lang='grc' dir='ltr'><em>Δείῶμεν.</em></span> <span class='ocrx_word' id='word_1_584' title='bbox 1300 653 1336 691; x_wconf 56' lang='grc' dir='ltr'>οἶν</span> <span class='ocrx_word' id='word_1_585' title='bbox 1351 650 1469 703; x_wconf 56' lang='grc' dir='ltr'>δὶιῆδῖ</span> <span class='ocrx_word' id='word_1_586' title='bbox 1481 656 1672 698; x_wconf 66' lang='grc' dir='ltr'><em>σαωσέμεν,</em></span> <span class='ocrx_word' id='word_1_587' title='bbox 1686 649 1705 694; x_wconf 62' lang='grc' dir='ltr'>ἦ</span> <span class='ocrx_word' id='word_1_588' title='bbox 1719 657 1877 702; x_wconf 63' lang='grc' dir='ltr'>ὶὸιυλέῶζ.</span> 
     </span>
    </p>

    <p class='ocr_par' dir='ltr' id='par_1_16' title="bbox 1112 706 2082 1253">
     <span class='ocr_line' id='line_1_72' title="bbox 1112 706 2071 748; baseline 0.002 -10"><span class='ocrx_word' id='word_1_589' title='bbox 1112 708 1250 748; x_wconf 85' lang='lat' dir='ltr'>quamvis</span> <span class='ocrx_word' id='word_1_590' title='bbox 1264 706 1348 736; x_wconf 89' lang='lat' dir='ltr'>enim</span> <span class='ocrx_word' id='word_1_591' title='bbox 1361 714 1393 736; x_wconf 90' lang='lat' dir='ltr'>tu</span> <span class='ocrx_word' id='word_1_592' title='bbox 1405 714 1511 747; x_wconf 89' lang='lat' dir='ltr'>magna</span> <span class='ocrx_word' id='word_1_593' title='bbox 1523 724 1532 739; x_wconf 80' lang='lat'>‚</span> <span class='ocrx_word' id='word_1_594' title='bbox 1554 706 1587 737; x_wconf 75' lang='grc' dir='ltr'>δε</span> <span class='ocrx_word' id='word_1_595' title='bbox 1599 706 1814 746; x_wconf 88' lang='lat' dir='ltr'>mihijucunda</span> <span class='ocrx_word' id='word_1_596' title='bbox 1824 707 1971 748; x_wconf 86' lang='lat' dir='ltr'>scripseris</span> <span class='ocrx_word' id='word_1_597' title='bbox 1982 708 2017 740; x_wconf 90' lang='lat' dir='ltr'>de</span> <span class='ocrx_word' id='word_1_598' title='bbox 2028 711 2071 740; x_wconf 85' lang='lat' dir='ltr'>D.</span> 
     </span>
     <span class='ocr_line' id='line_1_73' title="bbox 1115 746 2073 791; baseline 0.003 -12"><span class='ocrx_word' id='word_1_599' title='bbox 1115 751 1198 779; x_wconf 90' lang='lat' dir='ltr'>Bruti</span> <span class='ocrx_word' id='word_1_600' title='bbox 1220 747 1351 779; x_wconf 85' lang='lat' dir='ltr'>adventu</span> <span class='ocrx_word' id='word_1_601' title='bbox 1373 747 1409 778; x_wconf 86' lang='lat' dir='ltr'>ad</span> <span class='ocrx_word' id='word_1_602' title='bbox 1428 746 1491 778; x_wconf 86' lang='lat' dir='ltr'>suas</span> <span class='ocrx_word' id='word_1_603' title='bbox 1512 747 1648 791; x_wconf 86' lang='lat' dir='ltr'>legiones</span> <span class='ocrx_word' id='word_1_604' title='bbox 1660 760 1667 782; x_wconf 87' lang='lat'>;</span> <span class='ocrx_word' id='word_1_605' title='bbox 1684 750 1715 778; x_wconf 91' lang='lat' dir='ltr'>in</span> <span class='ocrx_word' id='word_1_606' title='bbox 1735 759 1796 790; x_wconf 89' lang='lat' dir='ltr'>quo</span> <span class='ocrx_word' id='word_1_607' title='bbox 1804 749 1887 790; x_wconf 81' lang='lat' dir='ltr'>spem</span> <span class='ocrx_word' id='word_1_608' title='bbox 1903 753 2073 783; x_wconf 84' lang='lat' dir='ltr'>maximam</span> 
     </span>
     <span class='ocr_line' id='line_1_74' title="bbox 1115 788 2072 833; baseline 0.001 -11"><span class='ocrx_word' id='word_1_609' title='bbox 1115 791 1207 822; x_wconf 91' lang='lat' dir='ltr'>video</span> <span class='ocrx_word' id='word_1_610' title='bbox 1224 802 1229 820; x_wconf 94' lang='lat'><strong>:</strong></span> <span class='ocrx_word' id='word_1_611' title='bbox 1249 799 1361 823; x_wconf 84' lang='lat' dir='ltr'>tamen,</span> <span class='ocrx_word' id='word_1_612' title='bbox 1384 788 1404 819; x_wconf 87' lang='lat' dir='ltr'>s1</span> <span class='ocrx_word' id='word_1_613' title='bbox 1425 788 1467 819; x_wconf 82' lang='lat' dir='ltr'>est</span> <span class='ocrx_word' id='word_1_614' title='bbox 1490 789 1607 822; x_wconf 85' lang='lat' dir='ltr'>bellum</span> <span class='ocrx_word' id='word_1_615' title='bbox 1620 791 1710 821; x_wconf 80' lang='lat' dir='ltr'>civile</span> <span class='ocrx_word' id='word_1_616' title='bbox 1722 790 1860 822; x_wconf 89' lang='lat' dir='ltr'>futurum</span> <span class='ocrx_word' id='word_1_617' title='bbox 1874 812 1882 826; x_wconf 94' lang='lat'>‚</span> <span class='ocrx_word' id='word_1_618' title='bbox 1901 792 1983 833; x_wconf 89' lang='lat' dir='ltr'>quod</span> <span class='ocrx_word' id='word_1_619' title='bbox 1993 793 2072 823; x_wconf 70' lang='lat' dir='ltr'>certe</span> 
     </span>
     <span class='ocr_line' id='line_1_75' title="bbox 1113 832 2074 874; baseline 0.002 -11"><span class='ocrx_word' id='word_1_620' title='bbox 1113 835 1188 867; x_wconf 86' lang='lat' dir='ltr'>erit,</span> <span class='ocrx_word' id='word_1_621' title='bbox 1209 832 1229 863; x_wconf 85' lang='lat' dir='ltr'>fi</span> <span class='ocrx_word' id='word_1_622' title='bbox 1243 834 1392 863; x_wconf 88' lang='lat' dir='ltr'>Sextusin</span> <span class='ocrx_word' id='word_1_623' title='bbox 1402 832 1493 862; x_wconf 80' lang='lat' dir='ltr'>armis</span> <span class='ocrx_word' id='word_1_624' title='bbox 1503 833 1709 873; x_wconf 84' lang='lat' dir='ltr'>permanebit,</span> <span class='ocrx_word' id='word_1_625' title='bbox 1730 843 1822 874; x_wconf 87' lang='lat' dir='ltr'>quem</span> <span class='ocrx_word' id='word_1_626' title='bbox 1844 835 2074 874; x_wconf 85' lang='lat' dir='ltr'>permansurum</span> 
     </span>
     <span class='ocr_line' id='line_1_76' title="bbox 1114 873 2077 917; baseline 0.001 -11"><span class='ocrx_word' id='word_1_627' title='bbox 1114 875 1173 906; x_wconf 82' lang='lat' dir='ltr'>effe</span> <span class='ocrx_word' id='word_1_628' title='bbox 1184 878 1214 895; x_wconf 82' lang='lat'>¹0</span> <span class='ocrx_word' id='word_1_629' title='bbox 1222 875 1301 906; x_wconf 74' lang='lat' dir='ltr'>certe</span> <span class='ocrx_word' id='word_1_630' title='bbox 1313 874 1386 908; x_wconf 88' lang='lat' dir='ltr'>scio,</span> <span class='ocrx_word' id='word_1_631' title='bbox 1398 873 1471 914; x_wconf 87' lang='lat' dir='ltr'>quid</span> <span class='ocrx_word' id='word_1_632' title='bbox 1481 876 1571 906; x_wconf 92' lang='lat' dir='ltr'>nobis</span> <span class='ocrx_word' id='word_1_633' title='bbox 1580 874 1755 905; x_wconf 87' lang='lat' dir='ltr'>faciendum</span> <span class='ocrx_word' id='word_1_634' title='bbox 1768 874 1821 908; x_wconf 77' lang='lat' dir='ltr'>est,</span> <span class='ocrx_word' id='word_1_635' title='bbox 1838 878 1956 917; x_wconf 73' lang='lat' dir='ltr'>ignoro.</span> <span class='ocrx_word' id='word_1_636' title='bbox 1976 885 2077 917; x_wconf 84' lang='lat' dir='ltr'>neque</span> 
     </span>
     <span class='ocr_line' id='line_1_77' title="bbox 1114 916 2077 959; baseline 0.001 -11"><span class='ocrx_word' id='word_1_637' title='bbox 1114 919 1200 948; x_wconf 88' lang='lat' dir='ltr'>enim</span> <span class='ocrx_word' id='word_1_638' title='bbox 1216 919 1279 958; x_wconf 86' lang='lat' dir='ltr'>jam</span> <span class='ocrx_word' id='word_1_639' title='bbox 1298 916 1420 950; x_wconf 83' lang='lat' dir='ltr'>licebit,</span> <span class='ocrx_word' id='word_1_640' title='bbox 1438 917 1521 956; x_wconf 88' lang='lat' dir='ltr'>quod</span> <span class='ocrx_word' id='word_1_641' title='bbox 1542 917 1661 948; x_wconf 85' lang='lat' dir='ltr'>Caesaris</span> <span class='ocrx_word' id='word_1_642' title='bbox 1680 917 1761 947; x_wconf 89' lang='lat' dir='ltr'>bello</span> <span class='ocrx_word' id='word_1_643' title='bbox 1772 918 1859 948; x_wconf 87' lang='lat' dir='ltr'>licuit</span> <span class='ocrx_word' id='word_1_644' title='bbox 1869 938 1877 951; x_wconf 90' lang='lat'>‚</span> <span class='ocrx_word' id='word_1_645' title='bbox 1899 928 1996 959; x_wconf 87' lang='lat' dir='ltr'>neque</span> <span class='ocrx_word' id='word_1_646' title='bbox 2005 919 2077 951; x_wconf 73' lang='lat' dir='ltr'>huc,</span> 
     </span>
     <span class='ocr_line' id='line_1_78' title="bbox 1114 959 2078 1001; baseline 0 -11"><span class='ocrx_word' id='word_1_647' title='bbox 1114 970 1213 1001; x_wconf 88' lang='lat' dir='ltr'>neque</span> <span class='ocrx_word' id='word_1_648' title='bbox 1223 960 1307 990; x_wconf 88' lang='lat' dir='ltr'>illuc.</span> <span class='ocrx_word' id='word_1_649' title='bbox 1322 967 1548 999; x_wconf 90' lang='lat' dir='ltr'>quemcumque</span> <span class='ocrx_word' id='word_1_650' title='bbox 1562 961 1645 989; x_wconf 89' lang='lat' dir='ltr'>enim</span> <span class='ocrx_word' id='word_1_651' title='bbox 1657 959 1719 989; x_wconf 83' lang='lat' dir='ltr'>haec</span> <span class='ocrx_word' id='word_1_652' title='bbox 1728 968 1792 999; x_wconf 85' lang='lat' dir='ltr'>pars</span> <span class='ocrx_word' id='word_1_653' title='bbox 1801 960 1986 999; x_wconf 84' lang='lat' dir='ltr'>perditorum</span> <span class='ocrx_word' id='word_1_654' title='bbox 1997 960 2078 990; x_wconf 82' lang='lat' dir='ltr'>laeta-</span> 
     </span>
     <span class='ocr_line' id='line_1_79' title="bbox 1114 999 2080 1042; baseline 0 -10"><span class='ocrx_word' id='word_1_655' title='bbox 1114 1011 1180 1032; x_wconf 89' lang='lat' dir='ltr'>tum</span> <span class='ocrx_word' id='word_1_656' title='bbox 1195 1010 1294 1032; x_wconf 90' lang='lat' dir='ltr'>morte</span> <span class='ocrx_word' id='word_1_657' title='bbox 1305 999 1424 1030; x_wconf 79' lang='lat' dir='ltr'>Caesaris</span> <span class='ocrx_word' id='word_1_658' title='bbox 1433 1001 1710 1039; x_wconf 78' lang='lat' dir='ltr'>putabit‚(laetitiam</span> <span class='ocrx_word' id='word_1_659' title='bbox 1722 1010 1822 1031; x_wconf 88' lang='lat' dir='ltr'>autem</span> <span class='ocrx_word' id='word_1_660' title='bbox 1832 1001 1997 1042; x_wconf 78' lang='lat' dir='ltr'>apemffimc</span> <span class='ocrx_word' id='word_1_661' title='bbox 2004 1002 2080 1032; x_wconf 80' lang='lat' dir='ltr'>tuli-</span> 
     </span>
     <span class='ocr_line' id='line_1_80' title="bbox 1116 1042 2078 1084; baseline 0 -11"><span class='ocrx_word' id='word_1_662' title='bbox 1116 1053 1184 1073; x_wconf 79' lang='lat' dir='ltr'>mus·</span> <span class='ocrx_word' id='word_1_663' title='bbox 1196 1043 1325 1082; x_wconf 89' lang='lat' dir='ltr'>omnes)</span> <span class='ocrx_word' id='word_1_664' title='bbox 1344 1043 1470 1070; x_wconf 89' lang='lat' dir='ltr'>huncin</span> <span class='ocrx_word' id='word_1_665' title='bbox 1490 1042 1625 1072; x_wconf 88' lang='lat' dir='ltr'>hostium</span> <span class='ocrx_word' id='word_1_666' title='bbox 1641 1051 1770 1072; x_wconf 88' lang='lat' dir='ltr'>numero</span> <span class='ocrx_word' id='word_1_667' title='bbox 1789 1043 1927 1073; x_wconf 84' lang='lat' dir='ltr'>habebit:</span> <span class='ocrx_word' id='word_1_668' title='bbox 1945 1053 2011 1084; x_wconf 86' lang='lat' dir='ltr'>quae</span> <span class='ocrx_word' id='word_1_669' title='bbox 2030 1052 2078 1073; x_wconf 80' lang='lat' dir='ltr'>res</span> 
     </span>
     <span class='ocr_line' id='line_1_81' title="bbox 1114 1076 2075 1122; baseline -0.001 -6"><span class='ocrx_word' id='word_1_670' title='bbox 1114 1085 1148 1115; x_wconf 90' lang='lat' dir='ltr'>ad</span> <span class='ocrx_word' id='word_1_671' title='bbox 1161 1085 1275 1116; x_wconf 88' lang='lat' dir='ltr'>caedem</span> <span class='ocrx_word' id='word_1_672' title='bbox 1286 1084 1454 1113; x_wconf 83' lang='lat' dir='ltr'>maximam</span> <span class='ocrx_word' id='word_1_673' title='bbox 1466 1082 1583 1122; x_wconf 59' lang='lat' dir='ltr'>speetat.</span> <span class='ocrx_word' id='word_1_674' title='bbox 1608 1082 1711 1117; x_wconf 88' lang='lat' dir='ltr'>restat,</span> <span class='ocrx_word' id='word_1_675' title='bbox 1723 1085 1797 1114; x_wconf 85' lang='lat' dir='ltr'>utin</span> <span class='ocrx_word' id='word_1_676' title='bbox 1807 1084 1896 1115; x_wconf 87' lang='lat' dir='ltr'>castra</span> <span class='ocrx_word' id='word_1_677' title='bbox 1908 1076 2000 1120; x_wconf 63' lang='lat' dir='ltr'>Sexti,</span> <span class='ocrx_word' id='word_1_678' title='bbox 2012 1093 2075 1118; x_wconf 77' lang='lat' dir='ltr'>aut„</span> 
     </span>
     <span class='ocr_line' id='line_1_82' title="bbox 1117 1124 2082 1160; baseline -0.001 -4"><span class='ocrx_word' id='word_1_679' title='bbox 1117 1127 1137 1156; x_wconf 87' lang='lat' dir='ltr'>si</span> <span class='ocrx_word' id='word_1_680' title='bbox 1147 1127 1225 1157; x_wconf 76' lang='lat' dir='ltr'>forte</span> <span class='ocrx_word' id='word_1_681' title='bbox 1237 1146 1245 1160; x_wconf 90' lang='lat'>,</span> <span class='ocrx_word' id='word_1_682' title='bbox 1266 1126 1349 1156; x_wconf 86' lang='lat' dir='ltr'>Bruti</span> <span class='ocrx_word' id='word_1_683' title='bbox 1360 1133 1417 1153; x_wconf 90' lang='lat' dir='ltr'>nos</span> <span class='ocrx_word' id='word_1_684' title='bbox 1427 1124 1629 1156; x_wconf 87' lang='lat' dir='ltr'>conferamus.</span> <span class='ocrx_word' id='word_1_685' title='bbox 1648 1134 1694 1155; x_wconf 89' lang='lat' dir='ltr'>res</span> <span class='ocrx_word' id='word_1_686' title='bbox 1705 1124 1808 1156; x_wconf 84' lang='lat' dir='ltr'>odiosa</span> <span class='ocrx_word' id='word_1_687' title='bbox 1820 1126 1853 1156; x_wconf 77' lang='grc' dir='ltr'>δε</span> <span class='ocrx_word' id='word_1_688' title='bbox 1861 1126 1958 1157; x_wconf 89' lang='lat' dir='ltr'>aliena</span> <span class='ocrx_word' id='word_1_689' title='bbox 1968 1125 2082 1157; x_wconf 70' lang='lat' dir='ltr'>nostris</span> 
     </span>
     <span class='ocr_line' id='line_1_83' title="bbox 1116 1167 2078 1209; baseline 0 -10"><span class='ocrx_word' id='word_1_690' title='bbox 1116 1168 1249 1199; x_wconf 84' lang='lat' dir='ltr'>aetatibus</span> <span class='ocrx_word' id='word_1_691' title='bbox 1260 1187 1269 1201; x_wconf 73' lang='grc'>,</span> <span class='ocrx_word' id='word_1_692' title='bbox 1291 1167 1324 1197; x_wconf 87' lang='lat'>&amp;</span> <span class='ocrx_word' id='word_1_693' title='bbox 1338 1168 1454 1196; x_wconf 88' lang='lat' dir='ltr'>incerto</span> <span class='ocrx_word' id='word_1_694' title='bbox 1474 1170 1559 1198; x_wconf 83' lang='lat' dir='ltr'>exitu</span> <span class='ocrx_word' id='word_1_695' title='bbox 1580 1167 1653 1198; x_wconf 87' lang='lat' dir='ltr'>belli</span> <span class='ocrx_word' id='word_1_696' title='bbox 1666 1177 1671 1196; x_wconf 91' lang='lat'>:</span> <span class='ocrx_word' id='word_1_697' title='bbox 1693 1167 1726 1199; x_wconf 89' lang='lat'>&amp;</span> <span class='ocrx_word' id='word_1_698' title='bbox 1736 1167 1908 1209; x_wconf 86' lang='lat' dir='ltr'>nescioquo</span> <span class='ocrx_word' id='word_1_699' title='bbox 1921 1167 2009 1209; x_wconf 54' lang='lat' dir='ltr'>paeto</span> <span class='ocrx_word' id='word_1_700' title='bbox 2020 1167 2078 1199; x_wconf 81' lang='lat' dir='ltr'>tibi</span> 
     </span>
     <span class='ocr_line' id='line_1_84' title="bbox 1116 1208 1563 1253; baseline 0.004 -15"><span class='ocrx_word' id='word_1_701' title='bbox 1116 1220 1173 1253; x_wconf 85' lang='lat' dir='ltr'>ego</span> <span class='ocrx_word' id='word_1_702' title='bbox 1182 1208 1303 1251; x_wconf 84' lang='lat' dir='ltr'>poffim,</span> <span class='ocrx_word' id='word_1_703' title='bbox 1314 1208 1393 1238; x_wconf 90' lang='lat' dir='ltr'>mihi</span> <span class='ocrx_word' id='word_1_704' title='bbox 1403 1216 1434 1238; x_wconf 93' lang='lat' dir='ltr'>tu</span> <span class='ocrx_word' id='word_1_705' title='bbox 1444 1208 1543 1240; x_wconf 88' lang='lat' dir='ltr'>dicere</span> <span class='ocrx_word' id='word_1_706' title='bbox 1553 1228 1563 1243; x_wconf 77' lang='lat'>,</span> 
     </span>
    </p>

    <p class='ocr_par' dir='ltr' id='par_1_17' title="bbox 1114 1250 1858 1303">
     <span class='ocr_line' id='line_1_85' title="bbox 1114 1250 1858 1303; baseline 0 -12"><span class='ocrx_word' id='word_1_707' title='bbox 1114 1259 1231 1291; x_wconf 73' lang='grc' dir='ltr'><strong><em>Τέκνον</em></strong></span> <span class='ocrx_word' id='word_1_708' title='bbox 1240 1256 1312 1298; x_wconf 65' lang='grc' dir='ltr'>ἐμρν</span> <span class='ocrx_word' id='word_1_709' title='bbox 1327 1251 1413 1289; x_wconf 72' lang='grc' dir='ltr'>οὕτω</span> <span class='ocrx_word' id='word_1_710' title='bbox 1427 1250 1557 1295; x_wconf 45' lang='lat' dir='ltr'>&amp;din-cu</span> <span class='ocrx_word' id='word_1_711' title='bbox 1572 1253 1837 1303; x_wconf 58' lang='lat' dir='ltr'>mat-:pmiiae’e‘ppoe</span> <span class='ocrx_word' id='word_1_712' title='bbox 1849 1282 1858 1298; x_wconf 92' lang='lat'>‚</span> 
     </span>
    </p>

    <p class='ocr_par' dir='ltr' id='par_1_18' title="bbox 1115 1301 1881 1353">
     <span class='ocr_line' id='line_1_86' title="bbox 1115 1301 1881 1353; baseline 0 -12"><span class='ocrx_word' id='word_1_713' title='bbox 1115 1306 1216 1341; x_wconf 50' lang='lat' dir='ltr'>A&#39;zzxa‘</span> <span class='ocrx_word' id='word_1_714' title='bbox 1225 1304 1299 1346; x_wconf 72' lang='grc' dir='ltr'>σύγ’</span> <span class='ocrx_word' id='word_1_715' title='bbox 1311 1301 1489 1350; x_wconf 59' lang='grc' dir='ltr'>ἱμερρενπι</span> <span class='ocrx_word' id='word_1_716' title='bbox 1503 1304 1657 1353; x_wconf 59' lang='grc' dir='ltr'>μετέρχεο</span> <span class='ocrx_word' id='word_1_717' title='bbox 1670 1302 1749 1350; x_wconf 59' lang='grc' dir='ltr'>’ἕρμα</span> <span class='ocrx_word' id='word_1_718' title='bbox 1760 1310 1881 1353; x_wconf 47' lang='grc' dir='ltr'><strong>λάβω.</strong></span> 
     </span>
    </p>

    <p class='ocr_par' dir='ltr' id='par_1_19' title="bbox 1113 1353 2094 2475">
     <span class='ocr_line' id='line_1_87' title="bbox 1116 1353 2080 1396; baseline 0 -10"><span class='ocrx_word' id='word_1_719' title='bbox 1116 1355 1165 1387; x_wconf 86' lang='lat' dir='ltr'>sed</span> <span class='ocrx_word' id='word_1_720' title='bbox 1185 1364 1264 1385; x_wconf 76' lang='lat' dir='ltr'>HAEC</span> <span class='ocrx_word' id='word_1_721' title='bbox 1283 1362 1363 1384; x_wconf 66' lang='lat' dir='ltr'>Fons</span> <span class='ocrx_word' id='word_1_722' title='bbox 1385 1363 1533 1383; x_wconf 68' lang='lat' dir='ltr'>innanti·</span> <span class='ocrx_word' id='word_1_723' title='bbox 1543 1374 1553 1387; x_wconf 87' lang='lat'>‚</span> <span class='ocrx_word' id='word_1_724' title='bbox 1578 1364 1610 1385; x_wconf 84' lang='lat' dir='ltr'>ea</span> <span class='ocrx_word' id='word_1_725' title='bbox 1621 1374 1630 1389; x_wconf 88' lang='lat'>‚</span> <span class='ocrx_word' id='word_1_726' title='bbox 1649 1362 1715 1396; x_wconf 84' lang='lat' dir='ltr'>quae</span> <span class='ocrx_word' id='word_1_727' title='bbox 1736 1355 1844 1386; x_wconf 89' lang='lat' dir='ltr'>talibus</span> <span class='ocrx_word' id='word_1_728' title='bbox 1861 1356 1894 1385; x_wconf 90' lang='lat' dir='ltr'>in</span> <span class='ocrx_word' id='word_1_729' title='bbox 1903 1353 1990 1385; x_wconf 84' lang='lat' dir='ltr'>rebus</span> <span class='ocrx_word' id='word_1_730' title='bbox 2000 1355 2080 1395; x_wconf 73' lang='lat' dir='ltr'>plus,</span> 
     </span>
     <span class='ocr_line' id='line_1_88' title="bbox 1117 1393 2082 1439; baseline -0.001 -11"><span class='ocrx_word' id='word_1_731' title='bbox 1117 1398 1207 1439; x_wconf 75' lang='lat' dir='ltr'>quam</span> <span class='ocrx_word' id='word_1_732' title='bbox 1218 1398 1293 1427; x_wconf 86' lang='lat' dir='ltr'>ratio</span> <span class='ocrx_word' id='word_1_733' title='bbox 1303 1393 1408 1436; x_wconf 82' lang='lat' dir='ltr'>potest·</span> <span class='ocrx_word' id='word_1_734' title='bbox 1430 1404 1487 1425; x_wconf 85' lang='lat' dir='ltr'>nos</span> <span class='ocrx_word' id='word_1_735' title='bbox 1497 1405 1597 1426; x_wconf 87' lang='lat' dir='ltr'>autem</span> <span class='ocrx_word' id='word_1_736' title='bbox 1609 1396 1638 1427; x_wconf 89' lang='lat' dir='ltr'>id</span> <span class='ocrx_word' id='word_1_737' title='bbox 1649 1397 1806 1427; x_wconf 89' lang='lat' dir='ltr'>videamus</span> <span class='ocrx_word' id='word_1_738' title='bbox 1820 1417 1828 1431; x_wconf 92' lang='lat'><strong><em>‚</em></strong></span> <span class='ocrx_word' id='word_1_739' title='bbox 1852 1396 1934 1438; x_wconf 89' lang='lat' dir='ltr'>quod</span> <span class='ocrx_word' id='word_1_740' title='bbox 1945 1398 1978 1427; x_wconf 83' lang='lat' dir='ltr'>in</span> <span class='ocrx_word' id='word_1_741' title='bbox 1989 1397 2082 1428; x_wconf 82' lang='lat' dir='ltr'>nobis</span> 
     </span>
     <span class='ocr_line' id='line_1_89' title="bbox 1113 1437 2080 1481; baseline -0.002 -10"><span class='ocrx_word' id='word_1_742' title='bbox 1113 1439 1182 1481; x_wconf 85' lang='lat' dir='ltr'>ipsis</span> <span class='ocrx_word' id='word_1_743' title='bbox 1190 1437 1249 1469; x_wconf 81' lang='lat' dir='ltr'>ess‘e</span> <span class='ocrx_word' id='word_1_744' title='bbox 1258 1438 1346 1468; x_wconf 85' lang='lat' dir='ltr'>debet</span> <span class='ocrx_word' id='word_1_745' title='bbox 1361 1457 1370 1472; x_wconf 89' lang='lat'><em>‚</em></span> <span class='ocrx_word' id='word_1_746' title='bbox 1388 1446 1432 1471; x_wconf 80' lang='lat' dir='ltr'>ut,</span> <span class='ocrx_word' id='word_1_747' title='bbox 1443 1437 1592 1479; x_wconf 87' lang='lat' dir='ltr'>quidquid</span> <span class='ocrx_word' id='word_1_748' title='bbox 1601 1439 1751 1473; x_wconf 88' lang='lat' dir='ltr'>acciderit,</span> <span class='ocrx_word' id='word_1_749' title='bbox 1761 1438 1878 1469; x_wconf 86' lang='lat' dir='ltr'>fortiter</span> <span class='ocrx_word' id='word_1_750' title='bbox 1891 1439 1925 1469; x_wconf 89' lang='lat'>&amp;</span> <span class='ocrx_word' id='word_1_751' title='bbox 1935 1438 2080 1479; x_wconf 80' lang='lat' dir='ltr'>sapienter</span> 
     </span>
     <span class='ocr_line' id='line_1_90' title="bbox 1115 1479 2081 1522; baseline -0.002 -9"><span class='ocrx_word' id='word_1_752' title='bbox 1115 1483 1247 1513; x_wconf 80' lang='lat' dir='ltr'>seramus</span> <span class='ocrx_word' id='word_1_753' title='bbox 1260 1500 1269 1515; x_wconf 92' lang='lat'><strong>,</strong></span> <span class='ocrx_word' id='word_1_754' title='bbox 1293 1480 1326 1510; x_wconf 77' lang='grc' dir='ltr'>δε</span> <span class='ocrx_word' id='word_1_755' title='bbox 1336 1479 1473 1510; x_wconf 78' lang='lat' dir='ltr'>accidisse</span> <span class='ocrx_word' id='word_1_756' title='bbox 1488 1479 1668 1511; x_wconf 86' lang='lat' dir='ltr'>hominibus</span> <span class='ocrx_word' id='word_1_757' title='bbox 1679 1483 1915 1511; x_wconf 83' lang='lat' dir='ltr'>meminerimus</span> <span class='ocrx_word' id='word_1_758' title='bbox 1931 1492 1940 1515; x_wconf 77' lang='lat'><em>3</em></span> <span class='ocrx_word' id='word_1_759' title='bbox 1963 1481 2081 1522; x_wconf 84' lang='lat' dir='ltr'>nosque</span> 
     </span>
     <span class='ocr_line' id='line_1_91' title="bbox 1115 1521 2084 1563; baseline -0.002 -8"><span class='ocrx_word' id='word_1_760' title='bbox 1115 1534 1188 1555; x_wconf 91' lang='lat' dir='ltr'>cum</span> <span class='ocrx_word' id='word_1_761' title='bbox 1210 1521 1347 1553; x_wconf 77' lang='lat' dir='ltr'>multum</span> <span class='ocrx_word' id='word_1_762' title='bbox 1369 1521 1473 1552; x_wconf 79' lang='lat' dir='ltr'>litterae</span> <span class='ocrx_word' id='word_1_763' title='bbox 1485 1541 1494 1555; x_wconf 86' lang='lat'>‚</span> <span class='ocrx_word' id='word_1_764' title='bbox 1518 1531 1584 1552; x_wconf 90' lang='lat' dir='ltr'>turn</span> <span class='ocrx_word' id='word_1_765' title='bbox 1601 1532 1666 1553; x_wconf 90' lang='lat' dir='ltr'>non</span> <span class='ocrx_word' id='word_1_766' title='bbox 1686 1525 1856 1553; x_wconf 88' lang='lat' dir='ltr'>minimum</span> <span class='ocrx_word' id='word_1_767' title='bbox 1879 1523 1950 1553; x_wconf 90' lang='lat' dir='ltr'>Idus</span> <span class='ocrx_word' id='word_1_768' title='bbox 1959 1532 2084 1563; x_wconf 85' lang='lat' dir='ltr'>quoque</span> 
     </span>
     <span class='ocr_line' id='line_1_92' title="bbox 1118 1563 2079 1603; baseline 0.001 -10"><span class='ocrx_word' id='word_1_769' title='bbox 1118 1569 1208 1596; x_wconf 83' lang='lat' dir='ltr'>Mart.</span> <span class='ocrx_word' id='word_1_770' title='bbox 1231 1563 1437 1594; x_wconf 87' lang='lat' dir='ltr'>consolentur.</span> <span class='ocrx_word' id='word_1_771' title='bbox 1461 1563 1574 1603; x_wconf 89' lang='lat' dir='ltr'>suscipe</span> <span class='ocrx_word' id='word_1_772' title='bbox 1599 1573 1682 1594; x_wconf 88' lang='lat' dir='ltr'>nunc</span> <span class='ocrx_word' id='word_1_773' title='bbox 1703 1574 1803 1594; x_wconf 87' lang='lat' dir='ltr'>meam</span> <span class='ocrx_word' id='word_1_774' title='bbox 1815 1564 2079 1598; x_wconf 86' lang='lat' dir='ltr'>deliberationem,</span> 
     </span>
     <span class='ocr_line' id='line_1_93' title="bbox 1115 1605 2083 1650; baseline -0.002 -12"><span class='ocrx_word' id='word_1_775' title='bbox 1115 1618 1173 1650; x_wconf 90' lang='lat' dir='ltr'>qua</span> <span class='ocrx_word' id='word_1_776' title='bbox 1195 1606 1342 1638; x_wconf 88' lang='lat' dir='ltr'>sollicitor</span> <span class='ocrx_word' id='word_1_777' title='bbox 1355 1615 1361 1633; x_wconf 71' lang='grc' dir='ltr'><strong><em>ι</em></strong></span> <span class='ocrx_word' id='word_1_778' title='bbox 1380 1606 1420 1634; x_wconf 88' lang='lat' dir='ltr'>ita</span> <span class='ocrx_word' id='word_1_779' title='bbox 1439 1605 1535 1636; x_wconf 88' lang='lat' dir='ltr'>multa</span> <span class='ocrx_word' id='word_1_780' title='bbox 1547 1608 1717 1636; x_wconf 87' lang='lat' dir='ltr'>veniuntin</span> <span class='ocrx_word' id='word_1_781' title='bbox 1729 1615 1866 1636; x_wconf 87' lang='lat' dir='ltr'>mentem</span> <span class='ocrx_word' id='word_1_782' title='bbox 1879 1608 1913 1636; x_wconf 93' lang='lat' dir='ltr'>in</span> <span class='ocrx_word' id='word_1_783' title='bbox 1924 1614 2083 1647; x_wconf 87' lang='lat' dir='ltr'>utramqne</span> 
     </span>
     <span class='ocr_line' id='line_1_94' title="bbox 1117 1644 2084 1691; baseline -0.004 -10"><span class='ocrx_word' id='word_1_784' title='bbox 1117 1659 1240 1691; x_wconf 87' lang='lat' dir='ltr'>partem.</span> <span class='ocrx_word' id='word_1_785' title='bbox 1273 1651 1298 1667; x_wconf 86' lang='lat'>¹¹</span> <span class='ocrx_word' id='word_1_786' title='bbox 1311 1644 1503 1687; x_wconf 87' lang='lat' dir='ltr'>proficiscor,</span> <span class='ocrx_word' id='word_1_787' title='bbox 1522 1656 1554 1677; x_wconf 92' lang='lat' dir='ltr'>ut</span> <span class='ocrx_word' id='word_1_788' title='bbox 1566 1647 1777 1679; x_wconf 88' lang='lat' dir='ltr'>constitueram</span> <span class='ocrx_word' id='word_1_789' title='bbox 1788 1667 1797 1682; x_wconf 87' lang='lat'><strong>,</strong></span> <span class='ocrx_word' id='word_1_790' title='bbox 1817 1648 1929 1687; x_wconf 81' lang='lat' dir='ltr'>legatus</span> <span class='ocrx_word' id='word_1_791' title='bbox 1945 1650 1978 1678; x_wconf 88' lang='lat' dir='ltr'>in</span> <span class='ocrx_word' id='word_1_792' title='bbox 1998 1650 2084 1678; x_wconf 75' lang='lat' dir='ltr'>Grae-</span> 
     </span>
     <span class='ocr_line' id='line_1_95' title="bbox 1117 1688 2083 1729; baseline -0.004 -6"><span class='ocrx_word' id='word_1_793' title='bbox 1117 1692 1208 1723; x_wconf 83' lang='lat' dir='ltr'>ciam?</span> <span class='ocrx_word' id='word_1_794' title='bbox 1217 1689 1304 1721; x_wconf 87' lang='lat' dir='ltr'>caedis</span> <span class='ocrx_word' id='word_1_795' title='bbox 1316 1688 1522 1729; x_wconf 86' lang='lat' dir='ltr'>impendentis</span> <span class='ocrx_word' id='word_1_796' title='bbox 1531 1690 1699 1729; x_wconf 83' lang='lat' dir='ltr'>periculum</span> <span class='ocrx_word' id='word_1_797' title='bbox 1711 1690 1855 1720; x_wconf 90' lang='lat' dir='ltr'>nonnihil</span> <span class='ocrx_word' id='word_1_798' title='bbox 1865 1691 1955 1720; x_wconf 88' lang='lat' dir='ltr'>vitare</span> <span class='ocrx_word' id='word_1_799' title='bbox 1965 1689 2083 1725; x_wconf 50' lang='lat' dir='ltr'>videorv</span> 
     </span>
     <span class='ocr_line' id='line_1_96' title="bbox 1121 1729 2084 1772; baseline -0.003 -8"><span class='ocrx_word' id='word_1_800' title='bbox 1121 1733 1170 1765; x_wconf 90' lang='lat' dir='ltr'>sed</span> <span class='ocrx_word' id='word_1_801' title='bbox 1189 1732 1306 1763; x_wconf 86' lang='lat' dir='ltr'>casurus</span> <span class='ocrx_word' id='word_1_802' title='bbox 1329 1734 1364 1760; x_wconf 88' lang='lat' dir='ltr'>in</span> <span class='ocrx_word' id='word_1_803' title='bbox 1382 1730 1514 1771; x_wconf 85' lang='lat' dir='ltr'>aliquam</span> <span class='ocrx_word' id='word_1_804' title='bbox 1526 1732 1778 1770; x_wconf 88' lang='lat' dir='ltr'>vituperationem</span> <span class='ocrx_word' id='word_1_805' title='bbox 1790 1751 1799 1765; x_wconf 91' lang='lat'>‚</span> <span class='ocrx_word' id='word_1_806' title='bbox 1818 1729 1901 1772; x_wconf 73' lang='lat' dir='ltr'>quod</span> <span class='ocrx_word' id='word_1_807' title='bbox 1916 1732 2006 1771; x_wconf 87' lang='lat' dir='ltr'>Reip.</span> <span class='ocrx_word' id='word_1_808' title='bbox 2029 1730 2084 1761; x_wconf 87' lang='lat' dir='ltr'>de-</span> 
     </span>
     <span class='ocr_line' id='line_1_97' title="bbox 1118 1771 2086 1813; baseline -0.003 -8"><span class='ocrx_word' id='word_1_809' title='bbox 1118 1774 1231 1805; x_wconf 85' lang='lat' dir='ltr'>fuerim</span> <span class='ocrx_word' id='word_1_810' title='bbox 1250 1782 1310 1804; x_wconf 90' lang='lat' dir='ltr'>tam</span> <span class='ocrx_word' id='word_1_811' title='bbox 1320 1773 1402 1813; x_wconf 88' lang='lat' dir='ltr'>gravi</span> <span class='ocrx_word' id='word_1_812' title='bbox 1414 1780 1560 1812; x_wconf 80' lang='lat' dir='ltr'>tempore·</span> <span class='ocrx_word' id='word_1_813' title='bbox 1583 1775 1612 1792; x_wconf 84' lang='lat'>¹²</span> <span class='ocrx_word' id='word_1_814' title='bbox 1624 1771 1666 1803; x_wconf 88' lang='lat' dir='ltr'>sin</span> <span class='ocrx_word' id='word_1_815' title='bbox 1674 1782 1774 1803; x_wconf 89' lang='lat' dir='ltr'>autem</span> <span class='ocrx_word' id='word_1_816' title='bbox 1785 1772 1923 1803; x_wconf 87' lang='lat' dir='ltr'>mansero</span> <span class='ocrx_word' id='word_1_817' title='bbox 1931 1792 1942 1807; x_wconf 83' lang='lat'>,</span> <span class='ocrx_word' id='word_1_818' title='bbox 1958 1772 2023 1803; x_wconf 85' lang='lat' dir='ltr'>fore</span> <span class='ocrx_word' id='word_1_819' title='bbox 2033 1782 2086 1803; x_wconf 86' lang='lat' dir='ltr'>me</span> 
     </span>
     <span class='ocr_line' id='line_1_98' title="bbox 1121 1812 2085 1859; baseline -0.002 -13"><span class='ocrx_word' id='word_1_820' title='bbox 1121 1815 1246 1858; x_wconf 86' lang='lat' dir='ltr'>quidem</span> <span class='ocrx_word' id='word_1_821' title='bbox 1269 1813 1361 1859; x_wconf 78' lang='lat' dir='ltr'>video</span> <span class='ocrx_word' id='word_1_822' title='bbox 1380 1814 1413 1843; x_wconf 91' lang='lat' dir='ltr'>in</span> <span class='ocrx_word' id='word_1_823' title='bbox 1424 1813 1621 1849; x_wconf 78' lang='lat' dir='ltr'>discrimine3</span> <span class='ocrx_word' id='word_1_824' title='bbox 1642 1814 1690 1845; x_wconf 87' lang='lat' dir='ltr'>sed</span> <span class='ocrx_word' id='word_1_825' title='bbox 1701 1814 1831 1845; x_wconf 86' lang='lat' dir='ltr'>accidere</span> <span class='ocrx_word' id='word_1_826' title='bbox 1843 1812 1925 1854; x_wconf 85' lang='lat' dir='ltr'>poffe</span> <span class='ocrx_word' id='word_1_827' title='bbox 1938 1814 2085 1855; x_wconf 74' lang='lat' dir='ltr'>suspicor,</span> 
     </span>
     <span class='ocr_line' id='line_1_99' title="bbox 1122 1853 2085 1898; baseline 0 -11"><span class='ocrx_word' id='word_1_828' title='bbox 1122 1868 1155 1889; x_wconf 83' lang='lat' dir='ltr'>ut</span> <span class='ocrx_word' id='word_1_829' title='bbox 1175 1854 1309 1898; x_wconf 87' lang='lat' dir='ltr'>prodefle</span> <span class='ocrx_word' id='word_1_830' title='bbox 1328 1853 1435 1896; x_wconf 82' lang='lat' dir='ltr'>poffim</span> <span class='ocrx_word' id='word_1_831' title='bbox 1455 1857 1543 1896; x_wconf 87' lang='lat' dir='ltr'>Reip.</span> <span class='ocrx_word' id='word_1_832' title='bbox 1569 1857 1640 1898; x_wconf 87' lang='lat' dir='ltr'>Jam</span> <span class='ocrx_word' id='word_1_833' title='bbox 1659 1856 1712 1887; x_wconf 86' lang='lat' dir='ltr'>illa</span> <span class='ocrx_word' id='word_1_834' title='bbox 1730 1855 1855 1887; x_wconf 84' lang='lat' dir='ltr'>consilia</span> <span class='ocrx_word' id='word_1_835' title='bbox 1871 1858 1983 1897; x_wconf 88' lang='lat' dir='ltr'>privata</span> <span class='ocrx_word' id='word_1_836' title='bbox 2003 1856 2085 1891; x_wconf 86' lang='lat' dir='ltr'>sunt,</span> 
     </span>
     <span class='ocr_line' id='line_1_100' title="bbox 1122 1896 2086 1943; baseline -0.003 -12"><span class='ocrx_word' id='word_1_837' title='bbox 1122 1899 1207 1943; x_wconf 81' lang='lat' dir='ltr'>quod</span> <span class='ocrx_word' id='word_1_838' title='bbox 1226 1898 1322 1929; x_wconf 83' lang='lat' dir='ltr'>sentio</span> <span class='ocrx_word' id='word_1_839' title='bbox 1333 1897 1418 1928; x_wconf 89' lang='lat' dir='ltr'>valde</span> <span class='ocrx_word' id='word_1_840' title='bbox 1429 1896 1487 1928; x_wconf 84' lang='lat' dir='ltr'>effe</span> <span class='ocrx_word' id='word_1_841' title='bbox 1501 1898 1575 1928; x_wconf 90' lang='lat' dir='ltr'>utile</span> <span class='ocrx_word' id='word_1_842' title='bbox 1585 1898 1621 1929; x_wconf 90' lang='lat' dir='ltr'>ad</span> <span class='ocrx_word' id='word_1_843' title='bbox 1635 1897 1903 1929; x_wconf 88' lang='lat' dir='ltr'>confirmationem</span> <span class='ocrx_word' id='word_1_844' title='bbox 1915 1899 2086 1933; x_wconf 83' lang='lat' dir='ltr'>Ciceronis,</span> 
     </span>
     <span class='ocr_line' id='line_1_101' title="bbox 1124 1939 2087 1980; baseline -0.002 -7"><span class='ocrx_word' id='word_1_845' title='bbox 1124 1954 1174 1973; x_wconf 89' lang='lat' dir='ltr'>me</span> <span class='ocrx_word' id='word_1_846' title='bbox 1192 1941 1267 1972; x_wconf 90' lang='lat' dir='ltr'>illuc</span> <span class='ocrx_word' id='word_1_847' title='bbox 1284 1942 1388 1971; x_wconf 89' lang='lat' dir='ltr'>venire</span> <span class='ocrx_word' id='word_1_848' title='bbox 1402 1950 1407 1970; x_wconf 73' lang='grc' dir='ltr'><em>ι</em></span> <span class='ocrx_word' id='word_1_849' title='bbox 1428 1950 1483 1970; x_wconf 87' lang='lat' dir='ltr'>nec</span> <span class='ocrx_word' id='word_1_850' title='bbox 1492 1940 1549 1970; x_wconf 84' lang='lat' dir='ltr'>alia</span> <span class='ocrx_word' id='word_1_851' title='bbox 1559 1940 1643 1971; x_wconf 90' lang='lat' dir='ltr'>causa</span> <span class='ocrx_word' id='word_1_852' title='bbox 1651 1939 1851 1980; x_wconf 64' lang='lat' dir='ltr'>profestionis</span> <span class='ocrx_word' id='word_1_853' title='bbox 1864 1942 1944 1971; x_wconf 85' lang='lat' dir='ltr'>mibi</span> <span class='ocrx_word' id='word_1_854' title='bbox 1955 1940 2016 1971; x_wconf 82' lang='lat' dir='ltr'>ulla</span> <span class='ocrx_word' id='word_1_855' title='bbox 2026 1940 2087 1971; x_wconf 91' lang='lat' dir='ltr'>fuit</span> 
     </span>
     <span class='ocr_line' id='line_1_102' title="bbox 1124 1980 2086 2024; baseline -0.004 -8"><span class='ocrx_word' id='word_1_856' title='bbox 1124 1995 1189 2016; x_wconf 89' lang='lat' dir='ltr'>tum</span> <span class='ocrx_word' id='word_1_857' title='bbox 1208 1982 1279 2014; x_wconf 77' lang='lat' dir='ltr'>cum</span> <span class='ocrx_word' id='word_1_858' title='bbox 1299 1980 1460 2012; x_wconf 84' lang='lat' dir='ltr'>consilium</span> <span class='ocrx_word' id='word_1_859' title='bbox 1483 1983 1548 2022; x_wconf 91' lang='lat' dir='ltr'>cepi</span> <span class='ocrx_word' id='word_1_860' title='bbox 1563 1982 1652 2024; x_wconf 85' lang='lat' dir='ltr'>legari</span> <span class='ocrx_word' id='word_1_861' title='bbox 1664 1982 1699 2013; x_wconf 88' lang='lat' dir='ltr'>ab</span> <span class='ocrx_word' id='word_1_862' title='bbox 1711 1982 1835 2013; x_wconf 87' lang='lat' dir='ltr'>Caesare.</span> <span class='ocrx_word' id='word_1_863' title='bbox 1856 1991 1919 2013; x_wconf 87' lang='lat' dir='ltr'>tota</span> <span class='ocrx_word' id='word_1_864' title='bbox 1932 1984 2022 2023; x_wconf 87' lang='lat' dir='ltr'>igitur</span> <span class='ocrx_word' id='word_1_865' title='bbox 2032 1983 2086 2013; x_wconf 86' lang='lat' dir='ltr'>hac</span> 
     </span>
     <span class='ocr_line' id='line_1_103' title="bbox 1122 2022 2086 2066; baseline -0.004 -10"><span class='ocrx_word' id='word_1_866' title='bbox 1122 2028 1159 2058; x_wconf 86' lang='lat' dir='ltr'>de</span> <span class='ocrx_word' id='word_1_867' title='bbox 1179 2037 1209 2057; x_wconf 90' lang='lat' dir='ltr'>re</span> <span class='ocrx_word' id='word_1_868' title='bbox 1219 2046 1228 2060; x_wconf 89' lang='lat'>‚</span> <span class='ocrx_word' id='word_1_869' title='bbox 1248 2034 1281 2055; x_wconf 92' lang='lat' dir='ltr'>ut</span> <span class='ocrx_word' id='word_1_870' title='bbox 1300 2025 1376 2055; x_wconf 90' lang='lat' dir='ltr'>soles</span> <span class='ocrx_word' id='word_1_871' title='bbox 1389 2044 1397 2059; x_wconf 82' lang='lat'><strong>,</strong></span> <span class='ocrx_word' id='word_1_872' title='bbox 1418 2022 1438 2053; x_wconf 88' lang='lat' dir='ltr'>si</span> <span class='ocrx_word' id='word_1_873' title='bbox 1456 2024 1528 2065; x_wconf 91' lang='lat' dir='ltr'>quid</span> <span class='ocrx_word' id='word_1_874' title='bbox 1542 2024 1577 2054; x_wconf 88' lang='lat' dir='ltr'>ad</span> <span class='ocrx_word' id='word_1_875' title='bbox 1588 2034 1638 2055; x_wconf 89' lang='lat' dir='ltr'>me</span> <span class='ocrx_word' id='word_1_876' title='bbox 1646 2026 1794 2065; x_wconf 87' lang='lat' dir='ltr'>pertinere</span> <span class='ocrx_word' id='word_1_877' title='bbox 1804 2033 1888 2064; x_wconf 86' lang='lat' dir='ltr'>putas</span> <span class='ocrx_word' id='word_1_878' title='bbox 1899 2045 1908 2058; x_wconf 90' lang='lat'>,</span> <span class='ocrx_word' id='word_1_879' title='bbox 1930 2024 2086 2066; x_wconf 85' lang='lat' dir='ltr'>cogitabis.</span> 
     </span>
     <span class='ocr_line' id='line_1_104' title="bbox 1125 2065 2086 2107; baseline -0.004 -7"><span class='ocrx_word' id='word_1_880' title='bbox 1125 2069 1231 2100; x_wconf 90' lang='lat' dir='ltr'>Redeo</span> <span class='ocrx_word' id='word_1_881' title='bbox 1242 2077 1323 2097; x_wconf 90' lang='lat' dir='ltr'>nunc</span> <span class='ocrx_word' id='word_1_882' title='bbox 1333 2066 1369 2097; x_wconf 88' lang='lat' dir='ltr'>ad</span> <span class='ocrx_word' id='word_1_883' title='bbox 1377 2065 1536 2107; x_wconf 88' lang='lat' dir='ltr'>epistolam</span> <span class='ocrx_word' id='word_1_884' title='bbox 1548 2075 1641 2097; x_wconf 89' lang='lat' dir='ltr'>tuam.</span> <span class='ocrx_word' id='word_1_885' title='bbox 1663 2066 1764 2097; x_wconf 84' lang='lat' dir='ltr'>scribis</span> <span class='ocrx_word' id='word_1_886' title='bbox 1776 2068 1860 2097; x_wconf 89' lang='lat' dir='ltr'>enirn</span> <span class='ocrx_word' id='word_1_887' title='bbox 1870 2065 1928 2097; x_wconf 85' lang='lat' dir='ltr'>effe</span> <span class='ocrx_word' id='word_1_888' title='bbox 1937 2076 2086 2101; x_wconf 88' lang='lat' dir='ltr'>rumores,</span> 
     </span>
     <span class='ocr_line' id='line_1_105' title="bbox 1126 2106 2087 2150; baseline -0.003 -9"><span class='ocrx_word' id='word_1_889' title='bbox 1126 2122 1187 2145; x_wconf 82' lang='lat' dir='ltr'>me,</span> <span class='ocrx_word' id='word_1_890' title='bbox 1199 2109 1235 2141; x_wconf 87' lang='lat' dir='ltr'>ad</span> <span class='ocrx_word' id='word_1_891' title='bbox 1245 2110 1343 2140; x_wconf 89' lang='lat' dir='ltr'>lacum</span> <span class='ocrx_word' id='word_1_892' title='bbox 1353 2108 1435 2150; x_wconf 89' lang='lat' dir='ltr'>quod</span> <span class='ocrx_word' id='word_1_893' title='bbox 1445 2108 1554 2142; x_wconf 82' lang='lat' dir='ltr'>habeo,</span> <span class='ocrx_word' id='word_1_894' title='bbox 1567 2108 1764 2139; x_wconf 88' lang='lat' dir='ltr'>venditurum</span> <span class='ocrx_word' id='word_1_895' title='bbox 1777 2119 1782 2138; x_wconf 88' lang='lat'><strong>:</strong></span> <span class='ocrx_word' id='word_1_896' title='bbox 1794 2108 2000 2140; x_wconf 90' lang='lat' dir='ltr'>minusculam</span> <span class='ocrx_word' id='word_1_897' title='bbox 2013 2106 2087 2138; x_wconf 75' lang='lat' dir='ltr'>verb</span> 
     </span>
     <span class='ocr_line' id='line_1_106' title="bbox 1124 2149 2088 2193; baseline -0.004 -10"><span class='ocrx_word' id='word_1_898' title='bbox 1124 2153 1231 2185; x_wconf 86' lang='lat' dir='ltr'>villam</span> <span class='ocrx_word' id='word_1_899' title='bbox 1242 2154 1344 2192; x_wconf 89' lang='lat' dir='ltr'>utique</span> <span class='ocrx_word' id='word_1_900' title='bbox 1355 2152 1474 2193; x_wconf 86' lang='lat' dir='ltr'>Qinto</span> <span class='ocrx_word' id='word_1_901' title='bbox 1487 2150 1664 2181; x_wconf 86' lang='lat' dir='ltr'>traditurum</span> <span class='ocrx_word' id='word_1_902' title='bbox 1678 2171 1687 2185; x_wconf 92' lang='lat'>‚</span> <span class='ocrx_word' id='word_1_903' title='bbox 1697 2151 1745 2182; x_wconf 89' lang='lat' dir='ltr'>vel</span> <span class='ocrx_word' id='word_1_904' title='bbox 1755 2151 1895 2191; x_wconf 88' lang='lat' dir='ltr'>impenso</span> <span class='ocrx_word' id='word_1_905' title='bbox 1903 2151 2012 2191; x_wconf 89' lang='lat' dir='ltr'>pretio,</span> <span class='ocrx_word' id='word_1_906' title='bbox 2024 2149 2088 2191; x_wconf 66' lang='lat' dir='ltr'>quo</span> 
     </span>
     <span class='ocr_line' id='line_1_107' title="bbox 1125 2190 2085 2235; baseline -0.005 -9"><span class='ocrx_word' id='word_1_907' title='bbox 1125 2194 1329 2226; x_wconf 86' lang='lat' dir='ltr'>introducatur</span> <span class='ocrx_word' id='word_1_908' title='bbox 1340 2213 1349 2228; x_wconf 88' lang='lat'>‚</span> <span class='ocrx_word' id='word_1_909' title='bbox 1369 2203 1401 2224; x_wconf 85' lang='lat' dir='ltr'>ut</span> <span class='ocrx_word' id='word_1_910' title='bbox 1411 2193 1465 2223; x_wconf 90' lang='lat' dir='ltr'>tibi</span> <span class='ocrx_word' id='word_1_911' title='bbox 1479 2190 1615 2235; x_wconf 69' lang='lat' dir='ltr'>Qfilius</span> <span class='ocrx_word' id='word_1_912' title='bbox 1625 2192 1753 2226; x_wconf 84' lang='lat' dir='ltr'>dixerit,</span> <span class='ocrx_word' id='word_1_913' title='bbox 1767 2192 1866 2224; x_wconf 80' lang='lat' dir='ltr'>dotata</span> <span class='ocrx_word' id='word_1_914' title='bbox 1875 2192 2019 2233; x_wconf 86' lang='lat' dir='ltr'>Aquillia:</span> <span class='ocrx_word' id='word_1_915' title='bbox 2028 2201 2085 2232; x_wconf 88' lang='lat' dir='ltr'>ego</span> 
     </span>
     <span class='ocr_line' id='line_1_108' title="bbox 1122 2233 2091 2276; baseline -0.005 -8"><span class='ocrx_word' id='word_1_916' title='bbox 1122 2237 1196 2268; x_wconf 77' lang='lat' dir='ltr'>vero</span> <span class='ocrx_word' id='word_1_917' title='bbox 1207 2236 1243 2266; x_wconf 89' lang='lat' dir='ltr'>de</span> <span class='ocrx_word' id='word_1_918' title='bbox 1253 2235 1429 2266; x_wconf 89' lang='lat' dir='ltr'>venditione</span> <span class='ocrx_word' id='word_1_919' title='bbox 1440 2236 1519 2265; x_wconf 90' lang='lat' dir='ltr'>nihil</span> <span class='ocrx_word' id='word_1_920' title='bbox 1527 2244 1629 2276; x_wconf 86' lang='lat' dir='ltr'>cogito</span> <span class='ocrx_word' id='word_1_921' title='bbox 1641 2255 1651 2269; x_wconf 91' lang='lat'>‚</span> <span class='ocrx_word' id='word_1_922' title='bbox 1673 2233 1729 2265; x_wconf 82' lang='lat' dir='ltr'>nisi</span> <span class='ocrx_word' id='word_1_923' title='bbox 1738 2234 1810 2275; x_wconf 90' lang='lat' dir='ltr'>quid</span> <span class='ocrx_word' id='word_1_924' title='bbox 1823 2254 1831 2267; x_wconf 85' lang='lat'><em>,</em></span> <span class='ocrx_word' id='word_1_925' title='bbox 1841 2236 1923 2275; x_wconf 94' lang='lat' dir='ltr'>quod</span> <span class='ocrx_word' id='word_1_926' title='bbox 1935 2235 2027 2274; x_wconf 81' lang='lat' dir='ltr'>magis</span> <span class='ocrx_word' id='word_1_927' title='bbox 2039 2242 2091 2264; x_wconf 86' lang='lat' dir='ltr'>me</span> 
     </span>
     <span class='ocr_line' id='line_1_109' title="bbox 1128 2275 2092 2318; baseline -0.003 -9"><span class='ocrx_word' id='word_1_928' title='bbox 1128 2278 1272 2312; x_wconf 59' lang='lat' dir='ltr'>detenet,</span> <span class='ocrx_word' id='word_1_929' title='bbox 1285 2279 1444 2308; x_wconf 89' lang='lat' dir='ltr'>invenero.</span> <span class='ocrx_word' id='word_1_930' title='bbox 1467 2279 1602 2318; x_wconf 84' lang='lat' dir='ltr'>Qintus</span> <span class='ocrx_word' id='word_1_931' title='bbox 1615 2286 1714 2307; x_wconf 89' lang='lat' dir='ltr'>autern</span> <span class='ocrx_word' id='word_1_932' title='bbox 1730 2276 1766 2307; x_wconf 90' lang='lat' dir='ltr'>de</span> <span class='ocrx_word' id='word_1_933' title='bbox 1776 2276 1909 2306; x_wconf 85' lang='lat' dir='ltr'>emendo</span> <span class='ocrx_word' id='word_1_934' title='bbox 1921 2275 1999 2305; x_wconf 84' lang='lat' dir='ltr'>nihil</span> <span class='ocrx_word' id='word_1_935' title='bbox 2009 2283 2092 2306; x_wconf 85' lang='lat' dir='ltr'>curat</span> 
     </span>
     <span class='ocr_line' id='line_1_110' title="bbox 1128 2317 2092 2360; baseline -0.004 -9"><span class='ocrx_word' id='word_1_936' title='bbox 1128 2323 1185 2351; x_wconf 87' lang='lat' dir='ltr'>hoc</span> <span class='ocrx_word' id='word_1_937' title='bbox 1196 2330 1342 2359; x_wconf 88' lang='lat' dir='ltr'>tempore.</span> <span class='ocrx_word' id='word_1_938' title='bbox 1363 2320 1429 2350; x_wconf 87' lang='lat' dir='ltr'>satis</span> <span class='ocrx_word' id='word_1_939' title='bbox 1441 2322 1526 2349; x_wconf 87' lang='lat' dir='ltr'>enim</span> <span class='ocrx_word' id='word_1_940' title='bbox 1537 2327 1690 2360; x_wconf 90' lang='lat' dir='ltr'>torquetur</span> <span class='ocrx_word' id='word_1_941' title='bbox 1699 2317 1856 2348; x_wconf 86' lang='lat' dir='ltr'>debitione</span> <span class='ocrx_word' id='word_1_942' title='bbox 1868 2317 1949 2348; x_wconf 89' lang='lat' dir='ltr'>dotis</span> <span class='ocrx_word' id='word_1_943' title='bbox 1963 2328 1968 2347; x_wconf 92' lang='lat'>:</span> <span class='ocrx_word' id='word_1_944' title='bbox 1988 2318 2022 2347; x_wconf 90' lang='lat' dir='ltr'>in</span> <span class='ocrx_word' id='word_1_945' title='bbox 2032 2326 2092 2358; x_wconf 70' lang='lat' dir='ltr'>que</span> 
     </span>
     <span class='ocr_line' id='line_1_111' title="bbox 1129 2359 2092 2402; baseline -0.001 -12"><span class='ocrx_word' id='word_1_946' title='bbox 1129 2366 1155 2390; x_wconf 84' lang='lat'>¹3</span> <span class='ocrx_word' id='word_1_947' title='bbox 1170 2361 1311 2392; x_wconf 83' lang='lat' dir='ltr'>mirificas</span> <span class='ocrx_word' id='word_1_948' title='bbox 1331 2362 1458 2402; x_wconf 88' lang='lat' dir='ltr'>Egnatio</span> <span class='ocrx_word' id='word_1_949' title='bbox 1475 2363 1580 2401; x_wconf 86' lang='lat' dir='ltr'>gratias</span> <span class='ocrx_word' id='word_1_950' title='bbox 1599 2363 1668 2402; x_wconf 87' lang='lat' dir='ltr'>agit.</span> <span class='ocrx_word' id='word_1_951' title='bbox 1688 2360 1704 2390; x_wconf 78' lang='lat' dir='ltr'>a</span> <span class='ocrx_word' id='word_1_952' title='bbox 1724 2359 1858 2390; x_wconf 86' lang='lat' dir='ltr'>ducenda</span> <span class='ocrx_word' id='word_1_953' title='bbox 1872 2369 1972 2390; x_wconf 89' lang='lat' dir='ltr'>autem</span> <span class='ocrx_word' id='word_1_954' title='bbox 1993 2369 2092 2390; x_wconf 86' lang='lat' dir='ltr'>uxore</span> 
     </span>
     <span class='ocr_line' id='line_1_112' title="bbox 1129 2399 2090 2444; baseline -0.004 -9"><span class='ocrx_word' id='word_1_955' title='bbox 1129 2403 1166 2435; x_wconf 88' lang='lat' dir='ltr'>fic</span> <span class='ocrx_word' id='word_1_956' title='bbox 1176 2404 1361 2438; x_wconf 86' lang='lat' dir='ltr'>abhorret,ut</span> <span class='ocrx_word' id='word_1_957' title='bbox 1371 2402 1454 2433; x_wconf 79' lang='lat' dir='ltr'>libero</span> <span class='ocrx_word' id='word_1_958' title='bbox 1462 2400 1564 2433; x_wconf 61' lang='lat' dir='ltr'>lestulo</span> <span class='ocrx_word' id='word_1_959' title='bbox 1577 2411 1665 2444; x_wconf 89' lang='lat' dir='ltr'>neget</span> <span class='ocrx_word' id='word_1_960' title='bbox 1673 2399 1732 2433; x_wconf 86' lang='lat' dir='ltr'>effe</span> <span class='ocrx_word' id='word_1_961' title='bbox 1741 2401 1905 2443; x_wconf 84' lang='lat' dir='ltr'>quidquam</span> <span class='ocrx_word' id='word_1_962' title='bbox 1913 2401 2090 2443; x_wconf 85' lang='lat' dir='ltr'>jucundius.</span> 
     </span>
     <span class='ocr_line' id='line_1_113' title="bbox 2033 2442 2094 2475; baseline -0.016 0"><span class='ocrx_word' id='word_1_963' title='bbox 2033 2442 2094 2475; x_wconf 80' lang='lat' dir='ltr'>Sed.</span> 
     </span>
    </p>
   </div>
   <div class='ocr_carea' id='block_1_14' title="bbox 1113 578 1220 586">
    <p class='ocr_par' dir='ltr' id='par_1_20' title="bbox 1113 578 1220 586">
     <span class='ocr_line' id='line_1_114' title="bbox 1113 578 1220 586; baseline 0 0"><span class='ocrx_word' id='word_1_964' title='bbox 1113 578 1220 586; x_wconf 95' lang='lat' dir='ltr'> </span> 
     </span>
    </p>
   </div>
   <div class='ocr_carea' id='block_1_15' title="bbox 127 2505 2096 2529">
    <p class='ocr_par' dir='ltr' id='par_1_21' title="bbox 127 2505 2096 2529">
     <span class='ocr_line' id='line_1_115' title="bbox 127 2505 2096 2529; baseline -0.008 -4"><span class='ocrx_word' id='word_1_965' title='bbox 127 2505 2096 2529; x_wconf 59' lang='lat' dir='ltr'><em>W</em></span> 
     </span>
    </p>
   </div>
   <div class='ocr_carea' id='block_1_16' title="bbox 131 2550 1097 2984">
    <p class='ocr_par' dir='ltr' id='par_1_22' title="bbox 170 2550 680 2586">
     <span class='ocr_line' id='line_1_116' title="bbox 170 2550 680 2586; baseline -0.012 -6"><span class='ocrx_word' id='word_1_966' title='bbox 170 2565 193 2583; x_wconf 76' lang='grc' dir='ltr'>ι.</span> <span class='ocrx_word' id='word_1_967' title='bbox 216 2556 286 2582; x_wconf 66' lang='lat' dir='ltr'>Velim</span> <span class='ocrx_word' id='word_1_968' title='bbox 295 2551 447 2585; x_wconf 60' lang='lat' dir='ltr'>mehercule]</span> <span class='ocrx_word' id='word_1_969' title='bbox 468 2551 550 2586; x_wconf 81' lang='lat' dir='ltr'>Vulg.</span> <span class='ocrx_word' id='word_1_970' title='bbox 560 2550 680 2575; x_wconf 78' lang='lat' dir='ltr'>mehercle.</span> 
     </span>
    </p>

    <p class='ocr_par' dir='ltr' id='par_1_23' title="bbox 131 2578 1090 2661">
     <span class='ocr_line' id='line_1_117' title="bbox 168 2578 1090 2622; baseline -0.013 -5"><span class='ocrx_word' id='word_1_971' title='bbox 168 2601 196 2617; x_wconf 85' lang='lat'>2.</span> <span class='ocrx_word' id='word_1_972' title='bbox 217 2594 297 2617; x_wconf 81' lang='lat' dir='ltr'>Ruina</span> <span class='ocrx_word' id='word_1_973' title='bbox 307 2599 355 2615; x_wconf 80' lang='lat' dir='ltr'>rem</span> <span class='ocrx_word' id='word_1_974' title='bbox 363 2587 496 2622; x_wconf 65' lang='lat' dir='ltr'>nonserit]</span> <span class='ocrx_word' id='word_1_975' title='bbox 520 2585 624 2612; x_wconf 62' lang='lat' dir='ltr'>metor.</span> <span class='ocrx_word' id='word_1_976' title='bbox 637 2594 669 2611; x_wconf 86' lang='lat' dir='ltr'>ex</span> <span class='ocrx_word' id='word_1_977' title='bbox 680 2584 736 2611; x_wconf 84' lang='lat' dir='ltr'>anti</span> <span class='ocrx_word' id='word_1_978' title='bbox 759 2581 798 2608; x_wconf 84' lang='lat' dir='ltr'>uis</span> <span class='ocrx_word' id='word_1_979' title='bbox 817 2581 925 2608; x_wconf 79' lang='lat' dir='ltr'>cedibus</span> <span class='ocrx_word' id='word_1_980' title='bbox 940 2600 947 2612; x_wconf 89' lang='lat'>‚</span> <span class='ocrx_word' id='word_1_981' title='bbox 957 2580 982 2607; x_wconf 84' lang='lat' dir='ltr'>in</span> <span class='ocrx_word' id='word_1_982' title='bbox 994 2578 1090 2617; x_wconf 84' lang='lat' dir='ltr'>quibus</span> 
     </span>
     <span class='ocr_line' id='line_1_118' title="bbox 131 2617 977 2661; baseline -0.014 -7"><span class='ocrx_word' id='word_1_983' title='bbox 131 2635 200 2660; x_wconf 69' lang='lat' dir='ltr'>crat,</span> <span class='ocrx_word' id='word_1_984' title='bbox 211 2636 273 2657; x_wconf 78' lang='lat' dir='ltr'>una,</span> <span class='ocrx_word' id='word_1_985' title='bbox 284 2624 425 2661; x_wconf 81' lang='lat' dir='ltr'>legendum</span> <span class='ocrx_word' id='word_1_986' title='bbox 437 2623 561 2657; x_wconf 73' lang='lat' dir='ltr'>conjecit,</span> <span class='ocrx_word' id='word_1_987' title='bbox 572 2625 658 2653; x_wconf 79' lang='lat' dir='ltr'>ruina,</span> <span class='ocrx_word' id='word_1_988' title='bbox 667 2621 739 2657; x_wconf 83' lang='lat' dir='ltr'>prius</span> <span class='ocrx_word' id='word_1_989' title='bbox 763 2617 901 2654; x_wconf 69' lang='lat' dir='ltr'>tegebatur,</span> <span class='ocrx_word' id='word_1_990' title='bbox 911 2627 977 2643; x_wconf 75' lang='lat' dir='ltr'>nam.</span> 
     </span>
    </p>

    <p class='ocr_par' dir='ltr' id='par_1_24' title="bbox 134 2651 1092 2767">
     <span class='ocr_line' id='line_1_119' title="bbox 170 2651 1092 2699; baseline -0.013 -10"><span class='ocrx_word' id='word_1_991' title='bbox 170 2672 195 2699; x_wconf 78' lang='lat'>3.</span> <span class='ocrx_word' id='word_1_992' title='bbox 216 2663 260 2689; x_wconf 76' lang='lat' dir='ltr'>Sed</span> <span class='ocrx_word' id='word_1_993' title='bbox 268 2663 365 2695; x_wconf 83' lang='lat' dir='ltr'>nonfine</span> <span class='ocrx_word' id='word_1_994' title='bbox 374 2661 469 2686; x_wconf 69' lang='lat' dir='ltr'>invidia</span> <span class='ocrx_word' id='word_1_995' title='bbox 482 2679 489 2691; x_wconf 93' lang='lat'>‚</span> <span class='ocrx_word' id='word_1_996' title='bbox 499 2659 689 2694; x_wconf 76' lang='lat' dir='ltr'>nefinepericulo</span> <span class='ocrx_word' id='word_1_997' title='bbox 697 2655 816 2692; x_wconf 68' lang='lat' dir='ltr'>quidem]</span> <span class='ocrx_word' id='word_1_998' title='bbox 836 2654 972 2689; x_wconf 79' lang='lat' dir='ltr'>Integrior</span> <span class='ocrx_word' id='word_1_999' title='bbox 983 2652 1018 2679; x_wconf 83' lang='lat' dir='ltr'>est</span> <span class='ocrx_word' id='word_1_1000' title='bbox 1028 2651 1092 2678; x_wconf 82' lang='lat' dir='ltr'>scri-</span> 
     </span>
     <span class='ocr_line' id='line_1_120' title="bbox 134 2688 1092 2735; baseline -0.013 -9"><span class='ocrx_word' id='word_1_1001' title='bbox 134 2707 209 2735; x_wconf 71' lang='lat' dir='ltr'>ptura</span> <span class='ocrx_word' id='word_1_1002' title='bbox 222 2707 338 2726; x_wconf 84' lang='lat' dir='ltr'>veterum</span> <span class='ocrx_word' id='word_1_1003' title='bbox 350 2696 483 2728; x_wconf 82' lang='lat' dir='ltr'>codicum,</span> <span class='ocrx_word' id='word_1_1004' title='bbox 514 2705 574 2722; x_wconf 84' lang='lat' dir='ltr'>uam</span> <span class='ocrx_word' id='word_1_1005' title='bbox 586 2694 684 2730; x_wconf 84' lang='lat' dir='ltr'>public.</span> <span class='ocrx_word' id='word_1_1006' title='bbox 695 2693 857 2724; x_wconf 81' lang='lat' dir='ltr'>editionum,</span> <span class='ocrx_word' id='word_1_1007' title='bbox 867 2691 927 2717; x_wconf 82' lang='lat' dir='ltr'>idco</span> <span class='ocrx_word' id='word_1_1008' title='bbox 937 2698 971 2716; x_wconf 88' lang='lat' dir='ltr'>ex</span> <span class='ocrx_word' id='word_1_1009' title='bbox 982 2688 1092 2716; x_wconf 88' lang='lat' dir='ltr'>illorum</span> 
     </span>
     <span class='ocr_line' id='line_1_121' title="bbox 134 2727 872 2767; baseline -0.011 -6"><span class='ocrx_word' id='word_1_1010' title='bbox 134 2734 186 2762; x_wconf 68' lang='lat' dir='ltr'>ride</span> <span class='ocrx_word' id='word_1_1011' title='bbox 198 2735 228 2761; x_wconf 81' lang='lat' dir='ltr'>sic</span> <span class='ocrx_word' id='word_1_1012' title='bbox 240 2734 323 2760; x_wconf 81' lang='lat' dir='ltr'>edidit</span> <span class='ocrx_word' id='word_1_1013' title='bbox 334 2732 423 2760; x_wconf 82' lang='lat' dir='ltr'>Bofius</span> <span class='ocrx_word' id='word_1_1014' title='bbox 436 2743 441 2759; x_wconf 94' lang='lat'><strong>:</strong></span> <span class='ocrx_word' id='word_1_1015' title='bbox 465 2742 496 2758; x_wconf 81' lang='lat' dir='ltr'>vu</span> <span class='ocrx_word' id='word_1_1016' title='bbox 511 2733 546 2767; x_wconf 77' lang='lat' dir='ltr'>go</span> <span class='ocrx_word' id='word_1_1017' title='bbox 558 2732 610 2758; x_wconf 82' lang='lat' dir='ltr'>tria</span> <span class='ocrx_word' id='word_1_1018' title='bbox 619 2731 666 2757; x_wconf 76' lang='lat' dir='ltr'>illa</span> <span class='ocrx_word' id='word_1_1019' title='bbox 676 2729 756 2756; x_wconf 80' lang='lat' dir='ltr'>verba</span> <span class='ocrx_word' id='word_1_1020' title='bbox 768 2727 872 2754; x_wconf 75' lang='lat' dir='ltr'>desunt.</span> 
     </span>
    </p>

    <p class='ocr_par' dir='ltr' id='par_1_25' title="bbox 134 2760 1095 2906">
     <span class='ocr_line' id='line_1_122' title="bbox 172 2760 1094 2803; baseline -0.012 -6"><span class='ocrx_word' id='word_1_1021' title='bbox 172 2778 199 2803; x_wconf 91' lang='lat'>4.</span> <span class='ocrx_word' id='word_1_1022' title='bbox 220 2775 251 2796; x_wconf 80' lang='lat' dir='ltr'>Et</span> <span class='ocrx_word' id='word_1_1023' title='bbox 260 2772 305 2796; x_wconf 68' lang='lat' dir='ltr'>odii</span> <span class='ocrx_word' id='word_1_1024' title='bbox 315 2778 405 2803; x_wconf 77' lang='lat' dir='ltr'>poenam</span> <span class='ocrx_word' id='word_1_1025' title='bbox 415 2778 443 2795; x_wconf 89' lang='lat' dir='ltr'>ac</span> <span class='ocrx_word' id='word_1_1026' title='bbox 453 2768 559 2802; x_wconf 62' lang='lat' dir='ltr'>doloris]</span> <span class='ocrx_word' id='word_1_1027' title='bbox 585 2766 656 2793; x_wconf 61' lang='lat' dir='ltr'>Vi&amp;&gt;</span> <span class='ocrx_word' id='word_1_1028' title='bbox 671 2765 774 2792; x_wconf 83' lang='lat' dir='ltr'>edidit:</span> <span class='ocrx_word' id='word_1_1029' title='bbox 787 2765 832 2790; x_wconf 70' lang='lat' dir='ltr'>odii</span> <span class='ocrx_word' id='word_1_1030' title='bbox 838 2765 934 2797; x_wconf 77' lang='lat' dir='ltr'>plenam</span> <span class='ocrx_word' id='word_1_1031' title='bbox 945 2781 953 2794; x_wconf 96' lang='lat'>,</span> <span class='ocrx_word' id='word_1_1032' title='bbox 963 2770 1043 2798; x_wconf 84' lang='lat' dir='ltr'>quam</span> <span class='ocrx_word' id='word_1_1033' title='bbox 1054 2760 1094 2786; x_wconf 90' lang='lat' dir='ltr'>le-</span> 
     </span>
     <span class='ocr_line' id='line_1_123' title="bbox 134 2798 1095 2839; baseline -0.01 -6"><span class='ocrx_word' id='word_1_1034' title='bbox 134 2806 253 2834; x_wconf 65' lang='lat' dir='ltr'>&amp;ionein</span> <span class='ocrx_word' id='word_1_1035' title='bbox 264 2816 324 2833; x_wconf 81' lang='lat' dir='ltr'>cuni</span> <span class='ocrx_word' id='word_1_1036' title='bbox 337 2806 429 2832; x_wconf 80' lang='lat' dir='ltr'>multis</span> <span class='ocrx_word' id='word_1_1037' title='bbox 439 2805 472 2831; x_wconf 82' lang='lat' dir='ltr'>de</span> <span class='ocrx_word' id='word_1_1038' title='bbox 482 2804 560 2831; x_wconf 75' lang='lat' dir='ltr'>caulis</span> <span class='ocrx_word' id='word_1_1039' title='bbox 572 2814 622 2830; x_wconf 85' lang='lat' dir='ltr'>non</span> <span class='ocrx_word' id='word_1_1040' title='bbox 635 2802 728 2839; x_wconf 84' lang='lat' dir='ltr'>probat</span> <span class='ocrx_word' id='word_1_1041' title='bbox 740 2801 841 2832; x_wconf 75' lang='lat' dir='ltr'>Rosius,</span> <span class='ocrx_word' id='word_1_1042' title='bbox 850 2808 906 2826; x_wconf 87' lang='lat' dir='ltr'>tum</span> <span class='ocrx_word' id='word_1_1043' title='bbox 918 2798 990 2835; x_wconf 86' lang='lat' dir='ltr'>quod</span> <span class='ocrx_word' id='word_1_1044' title='bbox 1001 2798 1026 2824; x_wconf 84' lang='lat' dir='ltr'>in</span> <span class='ocrx_word' id='word_1_1045' title='bbox 1040 2798 1095 2823; x_wconf 86' lang='lat' dir='ltr'>De-</span> 
     </span>
     <span class='ocr_line' id='line_1_124' title="bbox 134 2837 1095 2877; baseline -0.01 -8"><span class='ocrx_word' id='word_1_1046' title='bbox 134 2850 207 2869; x_wconf 84' lang='lat' dir='ltr'>curt.</span> <span class='ocrx_word' id='word_1_1047' title='bbox 217 2842 334 2868; x_wconf 70' lang='lat' dir='ltr'>Tornaes.</span> <span class='ocrx_word' id='word_1_1048' title='bbox 345 2843 369 2867; x_wconf 61' lang='grc' dir='ltr'>ὃς</span> <span class='ocrx_word' id='word_1_1049' title='bbox 383 2841 500 2868; x_wconf 87' lang='lat' dir='ltr'>Crusell.</span> <span class='ocrx_word' id='word_1_1050' title='bbox 511 2840 643 2877; x_wconf 70' lang='lat' dir='ltr'>perspicue</span> <span class='ocrx_word' id='word_1_1051' title='bbox 654 2845 792 2866; x_wconf 82' lang='lat' dir='ltr'>exaratum</span> <span class='ocrx_word' id='word_1_1052' title='bbox 803 2837 838 2864; x_wconf 88' lang='lat' dir='ltr'>est</span> <span class='ocrx_word' id='word_1_1053' title='bbox 848 2837 1006 2869; x_wconf 56' lang='grc' dir='ltr'>οάὶὶραειιτυη,Α</span> <span class='ocrx_word' id='word_1_1054' title='bbox 1017 2842 1095 2870; x_wconf 85' lang='lat' dir='ltr'>quam</span> 
     </span>
     <span class='ocr_line' id='line_1_125' title="bbox 134 2877 574 2906; baseline -0.007 0"><span class='ocrx_word' id='word_1_1055' title='bbox 134 2877 281 2906; x_wconf 63' lang='lat' dir='ltr'>lectionem</span> <span class='ocrx_word' id='word_1_1056' title='bbox 294 2878 389 2904; x_wconf 82' lang='lat' dir='ltr'>retinet</span> <span class='ocrx_word' id='word_1_1057' title='bbox 400 2878 464 2904; x_wconf 85' lang='lat' dir='ltr'>item</span> <span class='ocrx_word' id='word_1_1058' title='bbox 478 2877 574 2903; x_wconf 79' lang='lat' dir='ltr'>Lamb.</span> 
     </span>
    </p>

    <p class='ocr_par' dir='ltr' id='par_1_26' title="bbox 136 2905 1097 2984">
     <span class='ocr_line' id='line_1_126' title="bbox 177 2905 1097 2948; baseline -0.008 -8"><span class='ocrx_word' id='word_1_1059' title='bbox 177 2923 202 2948; x_wconf 89' lang='lat'>5.</span> <span class='ocrx_word' id='word_1_1060' title='bbox 223 2916 395 2940; x_wconf 75' lang='lat' dir='ltr'>Verumtamen.</span> <span class='ocrx_word' id='word_1_1061' title='bbox 414 2923 462 2939; x_wconf 77' lang='lat' dir='ltr'>ecce</span> <span class='ocrx_word' id='word_1_1062' title='bbox 482 2921 560 2939; x_wconf 73' lang='lat' dir='ltr'>merem</span> <span class='ocrx_word' id='word_1_1063' title='bbox 569 2911 714 2945; x_wconf 54' lang='lat' dir='ltr'>Antinum]</span> <span class='ocrx_word' id='word_1_1064' title='bbox 740 2911 801 2936; x_wconf 85' lang='lat' dir='ltr'>Hoc</span> <span class='ocrx_word' id='word_1_1065' title='bbox 810 2908 904 2936; x_wconf 83' lang='lat' dir='ltr'>ordine</span> <span class='ocrx_word' id='word_1_1066' title='bbox 916 2906 1032 2935; x_wconf 80' lang='lat' dir='ltr'>restituit</span> <span class='ocrx_word' id='word_1_1067' title='bbox 1042 2905 1097 2933; x_wconf 74' lang='lat' dir='ltr'>haec</span> 
     </span>
     <span class='ocr_line' id='line_1_127' title="bbox 136 2948 910 2984; baseline -0.008 -6"><span class='ocrx_word' id='word_1_1068' title='bbox 136 2950 264 2978; x_wconf 75' lang='lat' dir='ltr'>vocabula</span> <span class='ocrx_word' id='word_1_1069' title='bbox 274 2948 346 2974; x_wconf 64' lang='lat' dir='ltr'>Vi&amp;</span> <span class='ocrx_word' id='word_1_1070' title='bbox 356 2957 431 2975; x_wconf 78' lang='lat' dir='ltr'>antea</span> <span class='ocrx_word' id='word_1_1071' title='bbox 442 2949 579 2984; x_wconf 83' lang='lat' dir='ltr'>legebatur</span> <span class='ocrx_word' id='word_1_1072' title='bbox 589 2955 754 2973; x_wconf 67' lang='lat' dir='ltr'>verumtamen</span> <span class='ocrx_word' id='word_1_1073' title='bbox 763 2953 841 2972; x_wconf 81' lang='lat' dir='ltr'>aurem</span> <span class='ocrx_word' id='word_1_1074' title='bbox 851 2954 910 2972; x_wconf 81' lang='lat' dir='ltr'>ecce.</span> 
     </span>
    </p>
   </div>
   <div class='ocr_carea' id='block_1_17' title="bbox 173 2979 1116 3019">
    <p class='ocr_par' dir='ltr' id='par_1_27' title="bbox 173 2979 1116 3019">
     <span class='ocr_line' id='line_1_128' title="bbox 173 2979 1116 3019; baseline -0.012 -6"><span class='ocrx_word' id='word_1_1075' title='bbox 173 2986 203 3013; x_wconf 90' lang='lat'>6.</span> <span class='ocrx_word' id='word_1_1076' title='bbox 214 2985 296 3011; x_wconf 53' lang='lat' dir='ltr'>Veram</span> <span class='ocrx_word' id='word_1_1077' title='bbox 305 2986 356 3010; x_wconf 81' lang='lat' dir='ltr'>illuc</span> <span class='ocrx_word' id='word_1_1078' title='bbox 366 2986 475 3018; x_wconf 46' lang='lat' dir='ltr'>nisteron]</span> <span class='ocrx_word' id='word_1_1079' title='bbox 490 2985 582 3011; x_wconf 80' lang='lat' dir='ltr'>Lamb.</span> <span class='ocrx_word' id='word_1_1080' title='bbox 594 2984 664 3010; x_wconf 81' lang='lat' dir='ltr'>forte</span> <span class='ocrx_word' id='word_1_1081' title='bbox 675 2982 816 3019; x_wconf 80' lang='lat' dir='ltr'>legendum</span> <span class='ocrx_word' id='word_1_1082' title='bbox 828 2981 991 3011; x_wconf 73' lang='lat' dir='ltr'>dicit,verum</span> <span class='ocrx_word' id='word_1_1083' title='bbox 1002 2988 1035 3004; x_wconf 83' lang='lat' dir='ltr'>me</span> <span class='ocrx_word' id='word_1_1084' title='bbox 1043 2979 1097 3003; x_wconf 79' lang='lat' dir='ltr'>illuc</span> <span class='ocrx_word' id='word_1_1085' title='bbox 1114 3001 1116 3009; x_wconf 63' lang='lat'>.</span> 
     </span>
    </p>
   </div>
   <div class='ocr_carea' id='block_1_18' title="bbox 134 3015 1097 3168">
    <p class='ocr_par' dir='ltr' id='par_1_28' title="bbox 134 3015 1097 3168">
     <span class='ocr_line' id='line_1_129' title="bbox 135 3015 1097 3057; baseline -0.009 -9"><span class='ocrx_word' id='word_1_1086' title='bbox 135 3023 209 3057; x_wconf 52' lang='lat' dir='ltr'>rqffro</span> <span class='ocrx_word' id='word_1_1087' title='bbox 219 3034 231 3055; x_wconf 65' lang='lat' dir='ltr'><em>q</em></span> <span class='ocrx_word' id='word_1_1088' title='bbox 239 3021 279 3048; x_wconf 75' lang='lat' dir='ltr'>vel</span> <span class='ocrx_word' id='word_1_1089' title='bbox 291 3028 320 3047; x_wconf 81' lang='lat' dir='ltr'>ut</span> <span class='ocrx_word' id='word_1_1090' title='bbox 332 3020 411 3055; x_wconf 75' lang='lat' dir='ltr'>vulgo</span> <span class='ocrx_word' id='word_1_1091' title='bbox 419 3040 425 3050; x_wconf 87' lang='lat'>,</span> <span class='ocrx_word' id='word_1_1092' title='bbox 435 3030 517 3045; x_wconf 78' lang='lat' dir='ltr'>verum</span> <span class='ocrx_word' id='word_1_1093' title='bbox 536 3023 589 3046; x_wconf 78' lang='lat' dir='ltr'>illuc</span> <span class='ocrx_word' id='word_1_1094' title='bbox 599 3022 682 3054; x_wconf 60' lang='lat' dir='ltr'>resero,</span> <span class='ocrx_word' id='word_1_1095' title='bbox 694 3027 723 3045; x_wconf 83' lang='lat' dir='ltr'>ut</span> <span class='ocrx_word' id='word_1_1096' title='bbox 735 3017 915 3047; x_wconf 76' lang='lat' dir='ltr'>subaudiatur.</span> <span class='ocrx_word' id='word_1_1097' title='bbox 925 3018 969 3042; x_wconf 83' lang='lat' dir='ltr'>haec</span> <span class='ocrx_word' id='word_1_1098' title='bbox 977 3025 1025 3051; x_wconf 75' lang='lat' dir='ltr'>quae</span> <span class='ocrx_word' id='word_1_1099' title='bbox 1035 3015 1097 3041; x_wconf 69' lang='lat' dir='ltr'>dixi.</span> 
     </span>
     <span class='ocr_line' id='line_1_130' title="bbox 173 3051 1096 3093; baseline -0.008 -10"><span class='ocrx_word' id='word_1_1100' title='bbox 173 3067 201 3093; x_wconf 94' lang='lat'>7.</span> <span class='ocrx_word' id='word_1_1101' title='bbox 221 3058 310 3090; x_wconf 72' lang='lat' dir='ltr'>Negan&#39;</span> <span class='ocrx_word' id='word_1_1102' title='bbox 331 3058 376 3082; x_wconf 70' lang='lat' dir='ltr'>haec</span> <span class='ocrx_word' id='word_1_1103' title='bbox 383 3057 443 3087; x_wconf 72' lang='lat' dir='ltr'>ferri</span> <span class='ocrx_word' id='word_1_1104' title='bbox 459 3056 541 3089; x_wconf 51' lang='lat' dir='ltr'>poffia]</span> <span class='ocrx_word' id='word_1_1105' title='bbox 562 3056 679 3082; x_wconf 71' lang='lat' dir='ltr'>Torrraes.</span> <span class='ocrx_word' id='word_1_1106' title='bbox 698 3057 724 3081; x_wconf 76' lang='grc' dir='ltr'>ὃ(</span> <span class='ocrx_word' id='word_1_1107' title='bbox 737 3053 853 3081; x_wconf 72' lang='lat' dir='ltr'>Crusell.</span> <span class='ocrx_word' id='word_1_1108' title='bbox 872 3060 957 3086; x_wconf 78' lang='lat' dir='ltr'>negant</span> <span class='ocrx_word' id='word_1_1109' title='bbox 968 3071 976 3084; x_wconf 86' lang='lat'>‚</span> <span class='ocrx_word' id='word_1_1110' title='bbox 995 3051 1096 3087; x_wconf 77' lang='lat' dir='ltr'>scripfit</span> 
     </span>
     <span class='ocr_line' id='line_1_131' title="bbox 134 3086 1095 3168; baseline -0.006 -47"><span class='ocrx_word' id='word_1_1111' title='bbox 134 3093 339 3168; x_wconf 49' lang='lat' dir='ltr'>{ezgilest’fg‘ffiz’s</span> <span class='ocrx_word' id='word_1_1112' title='bbox 350 3112 357 3125; x_wconf 81' lang='lat'>‚</span> <span class='ocrx_word' id='word_1_1113' title='bbox 368 3092 394 3119; x_wconf 85' lang='lat' dir='ltr'>id</span> <span class='ocrx_word' id='word_1_1114' title='bbox 414 3092 449 3120; x_wconf 76' lang='lat' dir='ltr'>est</span> <span class='ocrx_word' id='word_1_1115' title='bbox 461 3111 469 3125; x_wconf 93' lang='lat'><em>,</em></span> <span class='ocrx_word' id='word_1_1116' title='bbox 487 3093 607 3126; x_wconf 76' lang='lat' dir='ltr'>negas-ne.</span> <span class='ocrx_word' id='word_1_1117' title='bbox 628 3092 703 3128; x_wconf 81' lang='lat' dir='ltr'>vulg.</span> <span class='ocrx_word' id='word_1_1118' title='bbox 717 3098 804 3126; x_wconf 75' lang='lat' dir='ltr'>negant</span> <span class='ocrx_word' id='word_1_1119' title='bbox 811 3093 857 3118; x_wconf 64' lang='lat' dir='ltr'>hac</span> <span class='ocrx_word' id='word_1_1120' title='bbox 857 3092 924 3126; x_wconf 76' lang='lat' dir='ltr'>ferri</span> <span class='ocrx_word' id='word_1_1121' title='bbox 926 3089 1004 3124; x_wconf 50' lang='lat' dir='ltr'>jaffe,-</span> <span class='ocrx_word' id='word_1_1122' title='bbox 1023 3086 1095 3124; x_wconf 81' lang='lat' dir='ltr'>quod</span> 
     </span>
    </p>
   </div>
   <div class='ocr_carea' id='block_1_19' title="bbox 1111 2550 1119 3112">
    <p class='ocr_par' dir='ltr' id='par_1_29' title="bbox 1111 2550 1119 3112">
     <span class='ocr_line' id='line_1_132' title="bbox 1111 2550 1119 3112; baseline 0 0"><span class='ocrx_word' id='word_1_1123' title='bbox 1111 2550 1119 3112; x_wconf 95' lang='lat' dir='ltr'> </span> 
     </span>
    </p>
   </div>
   <div class='ocr_carea' id='block_1_20' title="bbox 1130 2539 2098 3183">
    <p class='ocr_par' dir='ltr' id='par_1_30' title="bbox 1130 2539 2094 2650">
     <span class='ocr_line' id='line_1_133' title="bbox 1166 2539 2094 2576; baseline -0.004 -8"><span class='ocrx_word' id='word_1_1124' title='bbox 1166 2542 1194 2569; x_wconf 86' lang='lat'>8.</span> <span class='ocrx_word' id='word_1_1125' title='bbox 1214 2543 1308 2576; x_wconf 49' lang='grc' dir='ltr'>βροτω</span> <span class='ocrx_word' id='word_1_1126' title='bbox 1318 2541 1380 2567; x_wconf 79' lang='lat' dir='ltr'>modo</span> <span class='ocrx_word' id='word_1_1127' title='bbox 1392 2541 1418 2574; x_wconf 76' lang='lat' dir='ltr'><em>fi</em></span> <span class='ocrx_word' id='word_1_1128' title='bbox 1429 2551 1465 2567; x_wconf 83' lang='lat' dir='ltr'>res</span> <span class='ocrx_word' id='word_1_1129' title='bbox 1475 2542 1547 2566; x_wconf 78' lang='lat' dir='ltr'>habet</span> <span class='ocrx_word' id='word_1_1130' title='bbox 1559 2560 1567 2573; x_wconf 83' lang='lat'>‚</span> <span class='ocrx_word' id='word_1_1131' title='bbox 1586 2551 1631 2568; x_wconf 82' lang='lat' dir='ltr'>non</span> <span class='ocrx_word' id='word_1_1132' title='bbox 1641 2543 1675 2567; x_wconf 64' lang='lat' dir='ltr'>eff</span> <span class='ocrx_word' id='word_1_1133' title='bbox 1682 2543 1748 2566; x_wconf 76' lang='lat' dir='ltr'>item.</span> <span class='ocrx_word' id='word_1_1134' title='bbox 1766 2539 1933 2573; x_wconf 72' lang='lat' dir='ltr'>Qamdudum</span> <span class='ocrx_word' id='word_1_1135' title='bbox 1941 2540 2007 2565; x_wconf 81' lang='lat' dir='ltr'>nihil</span> <span class='ocrx_word' id='word_1_1136' title='bbox 2011 2539 2094 2570; x_wconf 71' lang='lat' dir='ltr'>habeo,</span> 
     </span>
     <span class='ocr_line' id='line_1_134' title="bbox 1130 2576 2094 2614; baseline -0.006 -9"><span class='ocrx_word' id='word_1_1137' title='bbox 1130 2580 1197 2613; x_wconf 72' lang='lat' dir='ltr'>&amp;c.]</span> <span class='ocrx_word' id='word_1_1138' title='bbox 1220 2581 1235 2604; x_wconf 77' lang='lat' dir='ltr'>V</span> <span class='ocrx_word' id='word_1_1139' title='bbox 1245 2578 1301 2614; x_wconf 90' lang='lat' dir='ltr'>ulg.</span> <span class='ocrx_word' id='word_1_1140' title='bbox 1319 2578 1398 2604; x_wconf 83' lang='lat' dir='ltr'>aliter</span> <span class='ocrx_word' id='word_1_1141' title='bbox 1408 2576 1548 2613; x_wconf 83' lang='lat' dir='ltr'>distinguit</span> <span class='ocrx_word' id='word_1_1142' title='bbox 1560 2596 1568 2610; x_wconf 86' lang='lat'><em>,</em></span> <span class='ocrx_word' id='word_1_1143' title='bbox 1587 2587 1673 2612; x_wconf 76' lang='lat' dir='ltr'>quoquo</span> <span class='ocrx_word' id='word_1_1144' title='bbox 1682 2577 1774 2611; x_wconf 66' lang='lat' dir='ltr'>modost</span> <span class='ocrx_word' id='word_1_1145' title='bbox 1784 2585 1821 2603; x_wconf 76' lang='lat' dir='ltr'>res</span> <span class='ocrx_word' id='word_1_1146' title='bbox 1831 2577 1912 2602; x_wconf 76' lang='lat' dir='ltr'>habet.</span> <span class='ocrx_word' id='word_1_1147' title='bbox 1930 2584 1975 2601; x_wconf 85' lang='lat' dir='ltr'>non</span> <span class='ocrx_word' id='word_1_1148' title='bbox 1984 2577 2094 2606; x_wconf 53' lang='lat' dir='ltr'>estium,</span> 
     </span>
     <span class='ocr_line' id='line_1_135' title="bbox 1132 2614 1480 2650; baseline -0.006 -9"><span class='ocrx_word' id='word_1_1149' title='bbox 1132 2614 1301 2650; x_wconf 75' lang='lat' dir='ltr'>quamdudum.</span> <span class='ocrx_word' id='word_1_1150' title='bbox 1323 2616 1393 2640; x_wconf 71' lang='lat' dir='ltr'>Nihil</span> <span class='ocrx_word' id='word_1_1151' title='bbox 1400 2615 1480 2639; x_wconf 82' lang='lat' dir='ltr'>habeo.</span> 
     </span>
    </p>

    <p class='ocr_par' dir='ltr' id='par_1_31' title="bbox 1133 2644 2098 2751">
     <span class='ocr_line' id='line_1_136' title="bbox 1166 2644 2098 2686; baseline -0.006 -10"><span class='ocrx_word' id='word_1_1152' title='bbox 1166 2660 1196 2686; x_wconf 91' lang='lat'>9.</span> <span class='ocrx_word' id='word_1_1153' title='bbox 1213 2654 1268 2678; x_wconf 54' lang='lat' dir='ltr'>{An</span> <span class='ocrx_word' id='word_1_1154' title='bbox 1276 2654 1303 2676; x_wconf 79' lang='lat' dir='ltr'>in</span> <span class='ocrx_word' id='word_1_1155' title='bbox 1312 2652 1469 2676; x_wconf 81' lang='lat' dir='ltr'>ambulatione</span> <span class='ocrx_word' id='word_1_1156' title='bbox 1478 2649 1605 2683; x_wconf 48' lang='lat' dir='ltr'>inii-weh]</span> <span class='ocrx_word' id='word_1_1157' title='bbox 1630 2650 1690 2675; x_wconf 89' lang='lat' dir='ltr'>Hoc</span> <span class='ocrx_word' id='word_1_1158' title='bbox 1701 2647 1857 2677; x_wconf 81' lang='lat' dir='ltr'>vocabulum</span> <span class='ocrx_word' id='word_1_1159' title='bbox 1868 2646 1996 2674; x_wconf 76' lang='lat' dir='ltr'>Germani</span> <span class='ocrx_word' id='word_1_1160' title='bbox 2007 2644 2035 2671; x_wconf 87' lang='lat'>&amp;</span> <span class='ocrx_word' id='word_1_1161' title='bbox 2045 2645 2098 2671; x_wconf 84' lang='lat' dir='ltr'>Vi-</span> 
     </span>
     <span class='ocr_line' id='line_1_137' title="bbox 1133 2680 2095 2722; baseline -0.006 -8"><span class='ocrx_word' id='word_1_1162' title='bbox 1133 2687 1203 2714; x_wconf 66' lang='lat' dir='ltr'>Ctor.</span> <span class='ocrx_word' id='word_1_1163' title='bbox 1214 2696 1247 2713; x_wconf 89' lang='lat' dir='ltr'>cx</span> <span class='ocrx_word' id='word_1_1164' title='bbox 1259 2686 1310 2714; x_wconf 87' lang='lat' dir='ltr'>suis</span> <span class='ocrx_word' id='word_1_1165' title='bbox 1321 2686 1455 2713; x_wconf 82' lang='lat' dir='ltr'>codicibus</span> <span class='ocrx_word' id='word_1_1166' title='bbox 1467 2687 1494 2713; x_wconf 74' lang='grc' dir='ltr'>ὅτ.</span> <span class='ocrx_word' id='word_1_1167' title='bbox 1506 2687 1533 2713; x_wconf 87' lang='lat' dir='ltr'>in</span> <span class='ocrx_word' id='word_1_1168' title='bbox 1545 2685 1684 2722; x_wconf 86' lang='lat' dir='ltr'>sequentes</span> <span class='ocrx_word' id='word_1_1169' title='bbox 1693 2685 1803 2712; x_wconf 74' lang='lat' dir='ltr'>Graecos</span> <span class='ocrx_word' id='word_1_1170' title='bbox 1820 2681 1908 2711; x_wconf 83' lang='lat' dir='ltr'>versus</span> <span class='ocrx_word' id='word_1_1171' title='bbox 1917 2682 1998 2719; x_wconf 85' lang='lat' dir='ltr'>primi</span> <span class='ocrx_word' id='word_1_1172' title='bbox 2015 2680 2095 2709; x_wconf 84' lang='lat' dir='ltr'>resti-</span> 
     </span>
     <span class='ocr_line' id='line_1_138' title="bbox 1134 2731 1255 2751; baseline -0.017 0"><span class='ocrx_word' id='word_1_1173' title='bbox 1134 2731 1255 2751; x_wconf 79' lang='lat' dir='ltr'>tuerunt.</span> 
     </span>
    </p>

    <p class='ocr_par' dir='ltr' id='par_1_32' title="bbox 1175 2759 1619 2794">
     <span class='ocr_line' id='line_1_139' title="bbox 1175 2759 1619 2794; baseline -0.007 -7"><span class='ocrx_word' id='word_1_1174' title='bbox 1175 2769 1216 2787; x_wconf 88' lang='lat'>10.</span> <span class='ocrx_word' id='word_1_1175' title='bbox 1238 2760 1303 2785; x_wconf 61' lang='lat' dir='ltr'>Ceri&amp;</span> <span class='ocrx_word' id='word_1_1176' title='bbox 1312 2759 1383 2793; x_wconf 60' lang='lat' dir='ltr'>[cim]</span> <span class='ocrx_word' id='word_1_1177' title='bbox 1404 2759 1486 2794; x_wconf 84' lang='lat' dir='ltr'>Vulg.</span> <span class='ocrx_word' id='word_1_1178' title='bbox 1497 2759 1619 2792; x_wconf 69' lang='lat' dir='ltr'>tertbscio.</span> 
     </span>
    </p>

    <p class='ocr_par' dir='ltr' id='par_1_33' title="bbox 1135 2788 2096 2867">
     <span class='ocr_line' id='line_1_140' title="bbox 1174 2788 2096 2829; baseline -0.007 -7"><span class='ocrx_word' id='word_1_1179' title='bbox 1174 2805 1182 2823; x_wconf 83' lang='lat'><em>1</em></span> <span class='ocrx_word' id='word_1_1180' title='bbox 1193 2806 1214 2822; x_wconf 86' lang='lat'>1.</span> <span class='ocrx_word' id='word_1_1181' title='bbox 1234 2797 1368 2829; x_wconf 69' lang='lat' dir='ltr'>Proficiscor</span> <span class='ocrx_word' id='word_1_1182' title='bbox 1377 2802 1403 2820; x_wconf 81' lang='lat' dir='ltr'>ut</span> <span class='ocrx_word' id='word_1_1183' title='bbox 1412 2797 1573 2828; x_wconf 80' lang='lat' dir='ltr'>constitueram</span> <span class='ocrx_word' id='word_1_1184' title='bbox 1583 2796 1674 2827; x_wconf 62' lang='lat' dir='ltr'>ligatus</span> <span class='ocrx_word' id='word_1_1185' title='bbox 1690 2796 1716 2819; x_wconf 84' lang='lat' dir='ltr'>in</span> <span class='ocrx_word' id='word_1_1186' title='bbox 1725 2793 1838 2819; x_wconf 65' lang='lat' dir='ltr'>Graiam</span> <span class='ocrx_word' id='word_1_1187' title='bbox 1847 2789 1884 2825; x_wconf 69' lang='lat'>3]</span> <span class='ocrx_word' id='word_1_1188' title='bbox 1905 2789 1971 2817; x_wconf 71' lang='lat' dir='ltr'>Haec</span> <span class='ocrx_word' id='word_1_1189' title='bbox 1981 2798 2039 2816; x_wconf 84' lang='lat' dir='ltr'>cum</span> <span class='ocrx_word' id='word_1_1190' title='bbox 2051 2788 2096 2817; x_wconf 75' lang='lat' dir='ltr'>in-</span> 
     </span>
     <span class='ocr_line' id='line_1_141' title="bbox 1135 2829 1654 2867; baseline -0.01 -8"><span class='ocrx_word' id='word_1_1191' title='bbox 1135 2833 1318 2867; x_wconf 81' lang='lat' dir='ltr'>terrogatione</span> <span class='ocrx_word' id='word_1_1192' title='bbox 1330 2831 1442 2866; x_wconf 84' lang='lat' dir='ltr'>legenda</span> <span class='ocrx_word' id='word_1_1193' title='bbox 1454 2830 1543 2858; x_wconf 75' lang='lat' dir='ltr'>Belius</span> <span class='ocrx_word' id='word_1_1194' title='bbox 1555 2829 1654 2856; x_wconf 67' lang='lat' dir='ltr'>asserit.</span> 
     </span>
    </p>

    <p class='ocr_par' dir='ltr' id='par_1_34' title="bbox 1135 2860 2098 3048">
     <span class='ocr_line' id='line_1_142' title="bbox 1176 2860 2094 2900; baseline -0.009 -5"><span class='ocrx_word' id='word_1_1195' title='bbox 1176 2878 1218 2895; x_wconf 64' lang='lat'>12.</span> <span class='ocrx_word' id='word_1_1196' title='bbox 1228 2872 1270 2894; x_wconf 69' lang='lat' dir='ltr'>SIn</span> <span class='ocrx_word' id='word_1_1197' title='bbox 1281 2874 1361 2894; x_wconf 78' lang='lat' dir='ltr'>autem</span> <span class='ocrx_word' id='word_1_1198' title='bbox 1370 2867 1541 2900; x_wconf 72' lang='lat' dir='ltr'>manseru,fhre</span> <span class='ocrx_word' id='word_1_1199' title='bbox 1551 2875 1585 2891; x_wconf 80' lang='lat' dir='ltr'>me</span> <span class='ocrx_word' id='word_1_1200' title='bbox 1593 2865 1686 2899; x_wconf 76' lang='lat' dir='ltr'>quidem</span> <span class='ocrx_word' id='word_1_1201' title='bbox 1694 2863 1760 2889; x_wconf 77' lang='lat' dir='ltr'>video</span> <span class='ocrx_word' id='word_1_1202' title='bbox 1769 2864 1795 2887; x_wconf 85' lang='lat' dir='ltr'>ln</span> <span class='ocrx_word' id='word_1_1203' title='bbox 1804 2861 1960 2897; x_wconf 57' lang='lat' dir='ltr'>dtfirimines]</span> <span class='ocrx_word' id='word_1_1204' title='bbox 1975 2860 2094 2888; x_wconf 79' lang='lat' dir='ltr'>Eandem</span> 
     </span>
     <span class='ocr_line' id='line_1_143' title="bbox 1136 2897 2092 2942; baseline -0.008 -10"><span class='ocrx_word' id='word_1_1205' title='bbox 1136 2905 1290 2942; x_wconf 81' lang='lat' dir='ltr'>scripturam</span> <span class='ocrx_word' id='word_1_1206' title='bbox 1310 2903 1430 2930; x_wconf 79' lang='lat' dir='ltr'>referunt</span> <span class='ocrx_word' id='word_1_1207' title='bbox 1442 2904 1552 2929; x_wconf 85' lang='lat' dir='ltr'>Decurt.</span> <span class='ocrx_word' id='word_1_1208' title='bbox 1571 2902 1599 2926; x_wconf 87' lang='lat'>&amp;</span> <span class='ocrx_word' id='word_1_1209' title='bbox 1619 2898 1735 2926; x_wconf 79' lang='lat' dir='ltr'>Crusell.</span> <span class='ocrx_word' id='word_1_1210' title='bbox 1755 2907 1833 2933; x_wconf 82' lang='lat' dir='ltr'>quani</span> <span class='ocrx_word' id='word_1_1211' title='bbox 1853 2898 1880 2924; x_wconf 71' lang='lat' dir='ltr'>Sc</span> <span class='ocrx_word' id='word_1_1212' title='bbox 1892 2897 2092 2925; x_wconf 79' lang='lat' dir='ltr'>Tornaeliauus:</span> 
     </span>
     <span class='ocr_line' id='line_1_144' title="bbox 1136 2933 2098 2972; baseline -0.009 -3"><span class='ocrx_word' id='word_1_1213' title='bbox 1136 2951 1169 2969; x_wconf 89' lang='lat' dir='ltr'>ex</span> <span class='ocrx_word' id='word_1_1214' title='bbox 1182 2942 1255 2972; x_wconf 69' lang='lat' dir='ltr'>cuius</span> <span class='ocrx_word' id='word_1_1215' title='bbox 1269 2940 1320 2967; x_wconf 85' lang='lat' dir='ltr'>fide</span> <span class='ocrx_word' id='word_1_1216' title='bbox 1332 2938 1426 2966; x_wconf 84' lang='lat' dir='ltr'>Lamb.</span> <span class='ocrx_word' id='word_1_1217' title='bbox 1444 2936 1596 2969; x_wconf 78' lang='lat' dir='ltr'>iamdudum</span> <span class='ocrx_word' id='word_1_1218' title='bbox 1608 2935 1699 2962; x_wconf 84' lang='lat' dir='ltr'>docuit</span> <span class='ocrx_word' id='word_1_1219' title='bbox 1718 2934 1754 2960; x_wconf 75' lang='lat' dir='ltr'>ita</span> <span class='ocrx_word' id='word_1_1220' title='bbox 1764 2934 1906 2969; x_wconf 79' lang='lat' dir='ltr'>legendum</span> <span class='ocrx_word' id='word_1_1221' title='bbox 1918 2933 1967 2960; x_wconf 79' lang='lat' dir='ltr'>effe</span> <span class='ocrx_word' id='word_1_1222' title='bbox 1980 2952 1989 2966; x_wconf 93' lang='lat'>,</span> <span class='ocrx_word' id='word_1_1223' title='bbox 2005 2934 2055 2967; x_wconf 76' lang='lat' dir='ltr'>fore</span> <span class='ocrx_word' id='word_1_1224' title='bbox 2062 2942 2098 2960; x_wconf 79' lang='lat' dir='ltr'>me</span> 
     </span>
     <span class='ocr_line' id='line_1_145' title="bbox 1136 2969 2098 3013; baseline -0.007 -10"><span class='ocrx_word' id='word_1_1225' title='bbox 1136 2978 1227 3013; x_wconf 73' lang='lat' dir='ltr'>quidem</span> <span class='ocrx_word' id='word_1_1226' title='bbox 1235 2977 1302 3003; x_wconf 81' lang='lat' dir='ltr'>video</span> <span class='ocrx_word' id='word_1_1227' title='bbox 1311 2979 1337 3001; x_wconf 81' lang='lat' dir='ltr'>in</span> <span class='ocrx_word' id='word_1_1228' title='bbox 1346 2976 1487 3009; x_wconf 78' lang='lat' dir='ltr'>discrimine.</span> <span class='ocrx_word' id='word_1_1229' title='bbox 1508 2973 1581 3008; x_wconf 66' lang='lat' dir='ltr'>vulg.</span> <span class='ocrx_word' id='word_1_1230' title='bbox 1594 2974 1632 3006; x_wconf 80' lang='lat' dir='ltr'>fin</span> <span class='ocrx_word' id='word_1_1231' title='bbox 1644 2979 1725 2998; x_wconf 74' lang='lat' dir='ltr'>aurem</span> <span class='ocrx_word' id='word_1_1232' title='bbox 1745 2972 1864 3004; x_wconf 53' lang='lat' dir='ltr'>mansero:</span> <span class='ocrx_word' id='word_1_1233' title='bbox 1882 2969 1985 3006; x_wconf 70' lang='lat' dir='ltr'>equidem</span> <span class='ocrx_word' id='word_1_1234' title='bbox 1994 2969 2061 2997; x_wconf 72' lang='lat' dir='ltr'>video</span> <span class='ocrx_word' id='word_1_1235' title='bbox 2070 2972 2098 2996; x_wconf 71' lang='lat' dir='ltr'>in</span> 
     </span>
     <span class='ocr_line' id='line_1_146' title="bbox 1135 3015 1278 3048; baseline 0 -9"><span class='ocrx_word' id='word_1_1236' title='bbox 1135 3015 1278 3048; x_wconf 72' lang='lat' dir='ltr'>drscrimine.</span> 
     </span>
    </p>

    <p class='ocr_par' dir='ltr' id='par_1_35' title="bbox 1137 3042 2098 3150">
     <span class='ocr_line' id='line_1_147' title="bbox 1180 3042 2098 3085; baseline -0.008 -10"><span class='ocrx_word' id='word_1_1237' title='bbox 1180 3059 1189 3076; x_wconf 84' lang='lat'>1</span> <span class='ocrx_word' id='word_1_1238' title='bbox 1197 3058 1209 3085; x_wconf 79' lang='lat'><em>3</em></span> <span class='ocrx_word' id='word_1_1239' title='bbox 1218 3070 1223 3074; x_wconf 95' lang='lat'>.</span> <span class='ocrx_word' id='word_1_1240' title='bbox 1242 3051 1364 3082; x_wconf 73' lang='lat' dir='ltr'>Mirificas</span> <span class='ocrx_word' id='word_1_1241' title='bbox 1375 3045 1498 3079; x_wconf 57' lang='lat' dir='ltr'>Egnaffl]</span> <span class='ocrx_word' id='word_1_1242' title='bbox 1522 3043 1613 3070; x_wconf 78' lang='lat' dir='ltr'>Editio</span> <span class='ocrx_word' id='word_1_1243' title='bbox 1624 3042 1777 3070; x_wconf 60' lang='lat' dir='ltr'>vieini-iana</span> <span class='ocrx_word' id='word_1_1244' title='bbox 1789 3063 1796 3074; x_wconf 86' lang='lat'><strong><em>‚</em></strong></span> <span class='ocrx_word' id='word_1_1245' title='bbox 1816 3046 1854 3068; x_wconf 66' lang='lat' dir='ltr'>mii</span> <span class='ocrx_word' id='word_1_1246' title='bbox 1862 3045 1930 3077; x_wconf 76' lang='lat' dir='ltr'>ificas</span> <span class='ocrx_word' id='word_1_1247' title='bbox 1939 3044 1974 3074; x_wconf 59' lang='lat' dir='ltr'>{Q</span> <span class='ocrx_word' id='word_1_1248' title='bbox 1984 3042 2098 3075; x_wconf 51' lang='lat' dir='ltr'>Egnati&amp;</span> 
     </span>
     <span class='ocr_line' id='line_1_148' title="bbox 1138 3077 2098 3119; baseline -0.009 -7"><span class='ocrx_word' id='word_1_1249' title='bbox 1138 3087 1250 3113; x_wconf 75' lang='lat' dir='ltr'>Det-nrt.</span> <span class='ocrx_word' id='word_1_1250' title='bbox 1271 3083 1434 3119; x_wconf 70' lang='lat' dir='ltr'>miriji‘chicb</span> <span class='ocrx_word' id='word_1_1251' title='bbox 1443 3084 1604 3119; x_wconf 41' lang='lat' dir='ltr'>&amp;Ec-,natm</span> <span class='ocrx_word' id='word_1_1252' title='bbox 1624 3079 1667 3107; x_wconf 84' lang='lat' dir='ltr'>sed</span> <span class='ocrx_word' id='word_1_1253' title='bbox 1685 3079 1713 3108; x_wconf 76' lang='lat' dir='ltr'>id</span> <span class='ocrx_word' id='word_1_1254' title='bbox 1726 3088 1858 3115; x_wconf 75' lang='lat' dir='ltr'>tamquam</span> <span class='ocrx_word' id='word_1_1255' title='bbox 1869 3077 1997 3115; x_wconf 77' lang='lat' dir='ltr'>glossema</span> <span class='ocrx_word' id='word_1_1256' title='bbox 2015 3086 2098 3113; x_wconf 84' lang='lat' dir='ltr'>repu-</span> 
     </span>
     <span class='ocr_line' id='line_1_149' title="bbox 1137 3120 1302 3150; baseline -0.006 -1"><span class='ocrx_word' id='word_1_1257' title='bbox 1137 3121 1193 3150; x_wconf 77' lang='lat' dir='ltr'>diat</span> <span class='ocrx_word' id='word_1_1258' title='bbox 1202 3120 1302 3150; x_wconf 69' lang='lat' dir='ltr'>Rosius.</span> 
     </span>
    </p>

    <p class='ocr_par' dir='ltr' id='par_1_36' title="bbox 1978 3147 2094 3183">
     <span class='ocr_line' id='line_1_150' title="bbox 1978 3147 2094 3183; baseline -0.009 -8"><span class='ocrx_word' id='word_1_1259' title='bbox 1978 3158 2002 3178; x_wconf 83' lang='lat'>1.</span> <span class='ocrx_word' id='word_1_1260' title='bbox 2012 3147 2094 3183; x_wconf 64' lang='lat' dir='ltr'>Quin</span> 
     </span>
    </p>
   </div>
   <div class='ocr_carea' id='block_1_21' title="bbox 2085 273 2127 310">
    <p class='ocr_par' dir='ltr' id='par_1_37' title="bbox 2085 273 2127 310">
     <span class='ocr_line' id='line_1_151' title="bbox 2085 273 2127 310; baseline 0 0"><span class='ocrx_word' id='word_1_1261' title='bbox 2085 273 2127 310; x_wconf 84' lang='lat'>13</span> 
     </span>
    </p>
   </div>
   <div class='ocr_carea' id='block_1_22' title="bbox 2301 3147 2337 3363">
    <p class='ocr_par' dir='ltr' id='par_1_38' title="bbox 2301 3147 2337 3363">
     <span class='ocr_line' id='line_1_152' title="bbox 2301 3147 2337 3363; baseline 0 37"><span class='ocrx_word' id='word_1_1262' title='bbox 2301 3147 2337 3363; x_wconf 95' lang='lat' dir='ltr'> </span> 
     </span>
    </p>
   </div>
  </div>
 </body>
</html>
