2360 3400
111 736 156 768 43
173 729 327 759 vertendis
334 729 495 769 diligentes
505 728 636 758 fuerunt.

555 115 650 146 DE

170 186 314 229 *quaedam
333 182 424 215 etiam
443 191 483 214 ex
500 183 664 214 hominum
678 203 686 217 ‚
714 184 905 224 pecudumve
923 192 1087 223 conceptu,
1109 183 1142 213 &

177 232 238 261 satu
248 248 256 262 ,
277 226 465 257 ostentorum
497 224 731 256 exercitatiffimi
759 228 933 267 interpretes
953 225 1140 256 exstiterunt.

177 279 309 311 quorum
327 267 450 309 quidem
469 269 531 298 vim
545 287 552 301 ,
575 276 608 297 ut
626 277 658 298 tu
680 269 756 298 soles
766 268 883 302 dicere,
903 269 992 298 verba
1002 268 1061 307 ipsa
1071 276 1142 306 pru—

178 313 283 342 denter
301 310 318 341 ὲ
332 310 498 349 majoribus
508 308 598 348 posita
607 309 766 340 declarant.
789 311 858 351 quia
870 309 1139 341 enim‘ostendunt,

175 352 362 393 portendunt
375 371 382 385 ‚
414 350 602 385 monstrant,
631 352 798 392 praedicunt
814 372 821 386 ‚
851 350 953 387 ostenta
965 371 973 383 ‚
1000 357 1138 392 pertenta,

175 392 296 430 monstra
306 414 314 427 ,
321 393 451 436 prodigia
461 394 612 424 dicuntur.
635 394 745 423 Arabes
755 402 853 423 autem
868 413 877 426 ‚
901 393 934 422 δε
944 393 1071 433 Phryges
1085 411 1094 425 ,
1107 391 1139 421 δε

176 436 299 470 Cilices,
311 435 393 477 quod
405 435 486 475 pastu
498 434 648 475 pecudum
660 436 794 465 maxime
808 443 953 468 utuntur,
962 443 1096 473 campos,
1106 433 1139 462 δε

176 480 312 508 monteis
329 480 430 508 hieme
441 499 449 511 ,
470 476 608 508 &aestate
624 486 806 518 peragrantes
821 496 829 510 ,
850 485 1003 516 propterea
1020 473 1139 505 facilius

177 528 277 549 cantus
288 522 389 550 avium
402 540 410 553 ‚
422 520 455 549 <Sc
467 519 581 549 volatus
590 527 781 548 notaverunt.
803 519 968 558 eademque
980 518 1013 547 &
1023 516 1136 548 Pifidiae

177 563 260 592 causa
270 561 327 592 fuit
337 582 345 595 ‚
368 561 400 591 δε
411 563 481 591 huic
492 560 598 591 nostrae
608 560 755 591 Umbriae.
780 563 864 591 Tum
873 562 958 590 Caria
970 567 1031 589 tota
1043 579 1052 593 ,
1062 568 1137 599 prae-

170 606 319 644 cipueque
328 602 506 637 Telmesses,
519 613 593 643 quos
601 603 670 632 ante
681 602 759 636 dixi,
770 602 851 643 quod
862 611 945 642 agros
956 601 1137 633 uberrimos,

176 648 373 687 maximeque
392 646 519 675 fertileis
539 645 692 678 incolunt,
721 645 754 674 in
772 644 881 685 quibus
903 643 998 673 multa
1015 651 1137 683 propter

173 686 405 717 foecunditatem
417 687 489 727 fingi
502 707 510 719 ‚
530 687 671 728 gignique
681 685 803 725 poss'unt
815 705 823 719 ‚
839 687 870 715 in
879 683 991 714 ostentis
1000 684 1137 715 animad-

660 730 736 768 Quis
747 727 817 758 vero
828 737 890 757 non
901 726 982 756 videt
992 746 1001 760 ,
1013 728 1046 756 in
1056 730 1136 766 opti-

173 780 223 801 ma
232 781 348 812 quaque
365 781 426 810 rep.
449 769 618 810 plurimum
637 770 764 809 auspicia
776 789 784 802 ,
808 769 841 799 &
852 769 963 809 reliqua
973 769 1133 799 divinandi

171 822 280 852 genera
292 812 437 843 valuisse?
454 821 523 852 quis
536 821 588 840 rex
598 820 744 850 umquam
753 810 811 840 ,fuit
821 830 829 844 ‚
841 812 908 850 quis
917 810 1047 850 populus
1058 830 1066 843 ‚
1079 812 1133 850 qui

172 864 238 884 non
248 863 380 884 uteretur
390 851 671 894 praedzsffionedivina
683 862 694 883 :e
711 862 808 892 neque
818 851 917 882 solum
928 853 960 881 in
970 861 1041 891 pace
1053 870 1063 886 ,
1083 852 1132 882 sed

170 896 206 924 in
216 896 299 925 bello
313 895 411 924 multo
423 895 512 923 etiam
526 895 639 933 magis:
657 901 718 932 quo
731 893 827 930 majus
837 902 1054 923 eratcertamen
1066 913 1074 926 ‚
1096 894 1130 924 δε

168 937 333 966 discrimen
352 936 462 966 salutis.
486 936 606 964 Omitto
627 934 762 969 nostros,
783 936 966 975 quinihilin
978 935 1060 965 bello
1070 933 1130 965 fine

170 979 249 1007 extis
266 986 373 1019 agunt,
400 976 478 1006 nihil
497 974 558 1005 sine
581 977 720 1016 auspiciis
741 977 826 1007 domi
845 977 969 1007 habent.
992 978 1131 1017 Auspicia

168 1028 292 1049 exrerna
311 1019 475 1049 videamus.
500 1020 581 1048 Nam
602 1018 634 1048 &
649 1019 847 1049 Athenienses
858 1018 1004 1049 omnibus
1014 1019 1130 1059 semper

165 1060 299 1101 publicis
307 1060 439 1091 consiliis
451 1060 575 1090 divinos
583 1060 729 1101 quosdam
739 1060 912 1094 sacerdotes,
925 1070 1002 1101 quos
1012 1062 1132 1090 manteis

165 1111 282 1133 ‘vocant
295 1122 304 1136 ,
324 1103 539 1133 adhibuerunt:
559 1102 592 1132 &
604 1102 825 1132 Lacedaemonii
836 1102 956 1142 regibus
966 1103 1025 1133 suis
1036 1113 1131 1144 augu-

166 1154 233 1174 rem
243 1143 411 1174 assefforem
422 1144 588 1177 dede-runt3
601 1153 735 1184 itemque
747 1144 866 1174 senibus
876 1143 928 1183 (sic
937 1146 1020 1174 enim
1031 1143 1128 1175 confi-

166 1186 244 1216 lium
264 1187 420 1226 publicum
449 1186 609 1225 appellant)
637 1195 778 1226 augurem
801 1185 939 1216 interesse
957 1187 1129 1217 voluerunt:

167 1228 323 1268 iidemque
340 1228 377 1258 de
396 1228 486 1258 rebus
503 1227 667 1267 majoribus
688 1228 804 1268 semper
825 1228 1130 1268 autDelphisoracu-

162 1269 233 1299 vlum
245 1290 253 1303 ,
266 1279 313 1300 aut
323 1270 359 1299 ab
369 1272 545 1300 Hammone
558 1289 567 1302 ‚
576 1269 650 1300 aut‘a
660 1270 792 1299 Dodona
800 1268 947 1309 petebant.
972 1272 1129 1311 Lycurgus

164 1311 290 1350 quidem
304 1332 312 1344 ‚
338 1314 389 1352 qui
401 1311 702 1342 Lacedaemoniorum
723 1321 817 1352 remp.
840 1321 1035 1352 temperavit,
1050 1313 1128 1355 >leges

159 1354 231 1393 suas
251 1353 427 1384 amstoritate
446 1353 599 1392 Apollinis
621 1354 787 1393 Delphici,
818 1353 1020 1384 confirmavit.
1054 1365 1126 1395 quas

165 1395 239 1424 cum
261 1396 353 1426 vellet
368 1396 519 1435 Lysander
537 1404 744 1427 commutare,
769 1393 872 1425 eadem
896 1395 938 1425 est
955 1396 1125 1435 prohibitus

164 1437 322 1477 religione.
345 1440 444 1476 Atque
462 1437 768 1476 etiamquipraeerant
781 1437 1018 1467 Lacedaemoniis
1030 1458 1039 1471 ‚
1060 1448 1125 1469 non

162 1478 300 1508 contenti
310 1477 505 1518 vigilantibus
513 1479 609 1510 curis,
630 1480 662 1506 in
676 1476 820 1516 Pasiphaae
829 1477 902 1507 fano
914 1498 922 1511 ‚
945 1479 1027 1519 quod
1041 1478 1082 1509 est
1092 1482 1125 1509 in

164 1529 233 1559 agro
244 1527 364 1559 propter
372 1519 478 1549 urbem
493 1538 502 1552 ‚
526 1522 536 1537 ¹
552 1518 722 1548 somniandi
734 1519 816 1548 causa
829 1520 1034 1554 excubabant,
1055 1523 1125 1561 quia

161 1563 359 1601 vera‘quietis
376 1561 494 1591 oracula
502 1559 660 1590 ducebant.
685 1560 730 1590 Ad
741 1559 839 1589 nostra
844 1562 905 1600 jam
916 1561 1015 1590 redeo.
1037 1563 1123 1603 Qo-

158 1605 215 1631 ties
225 1603 341 1633 senatus
350 1603 538 1633 decemviros
549 1601 584 1632 ad
596 1601 688 1632 libros
699 1600 842 1641 irejuffir?
852 1612 923 1632 nam
936 1602 1050 1633 &cum
1060 1605 1122 1633 duo

157 1642 215 1673 visi
226 1644 303 1674 soles
312 1643 406 1675 ess'ent
419 1665 429 1678 ‚
451 1643 563 1675 &cum
574 1653 630 1674 tres
640 1643 738 1677 lunae,
758 1644 875 1673 &cum
888 1643 980 1677 faces,
1005 1645 1038 1675 &
1048 1645 1119 1675 cum

159 1685 206 1716 sol
216 1685 307 1716 noete
326 1687 407 1716 visus
419 1685 508 1718 esset,
530 1685 563 1715 δε
575 1685 645 1715 cum
657 1686 673 1715 e
689 1686 768 1715 coelo
778 1684 919 1715 fremitus
928 1686 1046 1716 auditus
1056 1707 1065 1721 ‚
1086 1687 1120 1718 &

159 1726 232 1757 cum
242 1728 354 1758 coelum
368 1725 526 1758 disceffisse
537 1727 636 1761 visum
646 1726 689 1757 est
702 1746 710 1760 ,
731 1737 818 1767 atque
831 1729 863 1756 in
875 1737 911 1756 eo
922 1728 1119 1759 animadversi

157 1769 253 1809 globi.
276 1771 382 1801 Delata
397 1771 489 1800 etiam
499 1769 535 1799 ad
542 1769 676 1798 senatum
687 1768 767 1798 labes
777 1770 837 1807 agri
848 1770 1117 1802 Pi·ivernatis‚cum

155 1810 193 1841 ad
202 1810 357 1842 infinitam
366 1811 554 1842 altitudinem
568 1820 641 1840 terra
651 1808 808 1840 desediss'et
819 1829 828 1843 ,
841 1810 1120 1850 Apuliaque-maxi-

156 1855 217 1882 mis
230 1862 316 1884 terrae
334 1849 468 1884 motibus
479 1851 666 1893 conquassata
674 1850 753 1882 effer.
777 1851 885 1892 quibus
898 1855 1046 1891 portentis
1053 1862 1118 1882 ma-

149 1904 211 1934 gna
218 1896 316 1937 populo
327 1899 366 1925 R.
379 1895 446 1925 bella
457 1915 465 1929 ‚
478 1895 713 1936 perniciosaeque
722 1892 885 1924 seditiones
895 1893 1116 1925 denuntiaban-

152 1945 207 1966 tur.
235 1938 327 1978 inque
346 1939 392 1967 his
412 1937 558 1967 omnibus
568 1936 705 1977 responsa
714 1935 902 1975 haruspicum
915 1945 985 1965 cum
994 1936 1116 1977 Sibyllae

151 1977 283 2009 versibus
301 1980 513 2020 congruebant.
537 1979 619 2020 Qid
630 1998 639 2012 ‚
661 1988 732 2009 cum
748 1979 853 2007 Cumis
863 1978 974 2017 Apollo
985 1978 1111 2013 sudavit,

143 2021 258 2060 Cipuae
266 2020 402 2051 Vi&oria
414 2024 424 2050 ?
434 2021 506 2062 quid
515 2028 597 2051 ortus
606 2020 772 2060 androgyni
784 2022 794 2049 ?
805 2018 1004 2050 nonne-fatale
1013 2021 1110 2060 quod-

145 2062 220 2092 dam
231 2063 405 2094 monstrum
423 2063 505 2094 fuit?
517 2062 596 2104 quid
609 2082 617 2096 ,
636 2061 718 2103 quod
728 2061 838 2091 fluvius
852 2070 958 2092 atratus
970 2062 1110 2103 sanguine

149 2103 241 2135 fluxit
251 2105 364 2145 ?quid1,
375 2105 447 2135 cum
460 2105 533 2145 saepe
543 2104 689 2144 lapidum,
700 2104 850 2144 sanguinis
862 2113 1108 2144 nonnumquam,

141 2154 230 2176 terra:
248 2146 399 2176 interdum
420 2167 428 2181 ,
456 2145 611 2188 quondam
626 2155 719 2176 etiam
732 2144 841 2175 ²la8tis
858 2145 957 2175 imber
977 2145 1110 2177 effluxit?

146 2186 308 2228 quid‚ci)1m
321 2198 353 2219 in
364 2189 517 2228 Capitolio
527 2186 605 2218 iesus
613 2197 769 2219 centaurus
779 2187 795 2217 ὲ
804 2188 883 2217 coelo
891 2186 947 2217 est?
959 2189 990 2217 in
1001 2191 1104 2218 Aven-

145 2232 213 2259 tino
226 2239 315 2269 portae
328 2251 336 2264 ‚
352 2231 385 2261 &
396 2231 557 2260 homines?
575 2230 700 2260 Tusculi
711 2229 789 2260 aedes
799 2228 927 2259 Castoris
936 2249 944 2262 ,
958 2230 990 2259 &
1001 2230 1104 2260 Pollu-

143 2273 198 2305 cis,
210 2274 380 2312 Romaeque
388 2274 518 2312 pietatis?
530 2282 634 2303 nonne
644 2272 677 2302 δι’,
688 2271 853 2311 haruspices
864 2281 895 2300 ea
904 2270 1104 2313 responderunt,

147 2323 207 2354 qua
223 2322 391 2348 evenerunt,
413 2314 446 2344 &
465 2316 498 2344 in
517 2315 639 2355 Sibyllae
657 2314 741 2344 libris
760 2313 874 2343 eaedem
892 2323 1013 2353 repertae
1030 2324 1104 2354 prae-

82 2363 132 2396 44
147 2355 301 2386 dictiones
318 2356 409 2386 sunt?
427 2358 555 2398 Qoties
575 2357 691 2387 senatus
709 2356 898 2386 decemviros
914 2355 948 2385 ad
960 2355 1052 2385 libros
1062 2358 1103 2385 ire

141 2396 245 2437 juffit?
263 2400 382 2438 quantis
399 2400 431 2428 in
441 2399 545 2433 rebus,
565 2408 716 2439 quamque
726 2395 955 2437 saeperesponfis
966 2398 1100 2436 haruspi-

140 2448 210 2469 cum
221 2442 338 2479 paruit?
354 2441 474 2471 Ceciliae
485 2460 493 2474 ‚
545 2463 550 2468 .
563 2440 632 2471 filiae
647 2461 655 2475 ,
675 2440 795 2470 somnio
808 2459 817 2473 ‚
837 2438 933 2469 mode>
945 2459 953 2473 ‚
975 2438 1100 2470 Marsico

140 2480 222 2510 bello
234 2501 242 2514 ‚
264 2482 414 2521 templum
436 2482 479 2513 est
497 2482 513 2513 a
545 2491 632 2514 enatu
653 2482 766 2513 Iunoni
784 2482 906 2521 Sospitae
916 2480 1097 2511 restitutum.

137 2523 220 2563 quod
241 2523 366 2563 quidem
377 2523 534 2554 somnium
544 2525 667 2556 Sisenna
677 2523 748 2554 cum
757 2521 958 2562 disputavisset
969 2525 1037 2553 miri
1044 2522 1098 2553 fiee

135 2565 173 2594 ad
192 2565 318 2594 verbum
337 2573 408 2594 cum
426 2575 457 2595 re
467 2563 662 2599 convenisse,
683 2575 749 2595 tum
762 2565 941 2597 insolenter,
961 2565 1050 2594 credo
1061 2565 1097 2595 ab

134 2606 548 2647 EpicureoaliquoinduEtus
563 2627 571 2641 ‚
592 2607 738 2647 disputat,
753 2605 946 2645 fhmniucredi
957 2617 1008 2635 non
1019 2614 1097 2648 opor-

137 2655 201 2677 tere.
225 2647 311 2678 Idem
323 2657 425 2678 contra
434 2647 547 2678 ostenta
556 2649 633 2678 nihil
645 2648 774 2688 disputat
783 2668 792 2680 ‚
805 2650 990 2688 exponitque
1003 2650 1096 2678 initio

136 2690 209 2720 belli
221 2689 338 2719 Marsici
349 2689 381 2719 &
393 2689 519 2720 deorum
530 2689 681 2721 simulacra
693 2688 836 2720 sudavisse
847 2709 855 2723 ,
875 2689 908 2719 &
919 2689 1093 2730 sanguinem

135 2729 257 2762 fluxiffe
268 2751 278 2767 ,
298 2731 330 2765 ὃς
341 2730 497 2765 disceffiffe
514 2733 648 2765 coelum:
668 2732 701 2764 δε
719 2741 758 2764 ex
776 2732 896 2764 occulto
909 2731 1022 2763 auditas
1031 2730 1091 2763 esse

166 2863 195 2883 τ.
215 2858 351 2884 Somniandi
358 2858 430 2892 causa
439 2855 612 2890 excubabant]
629 2857 742 2891 Recepit
752 2856 896 2883 Lambinus
907 2855 1087 2886 coriiefturam

131 2890 164 2918 P.
174 2893 460 2926 Manutiiincubabant5
477 2903 527 2920 nou
539 2893 646 2919 bonam.
659 2897 732 2918 certe
742 2901 836 2919 contra
848 2891 904 2918 mss.
919 2892 1019 2919 nostros
1030 2892 1085 2919 lex.

132 2936 194 2954 nam
205 2929 368 2957 excubabant
379 2932 393 2956 a
404 2929 485 2956 domo
497 2929 613 2955 suasoris
624 2929 649 2955 in
660 2927 715 2954 tede
726 2927 804 2954 siem.
824 2927 995 2964 quamobrem
1006 2928 1033 2954 ὃς
1044 2938 1085 2955 ex-

131 2964 202 2989 cubi-e
212 2964 306 2991 Plauto
316 2965 441 2992 dicuntur
452 2974 460 2996 ;
473 2974 502 2992 ut
514 2966 618 2991 monuit
630 2964 803 2991 Gulielmius.

170 3008 198 3025 2.
220 3001 302 3027 Latiis
311 3003 384 3026 imber
401 3002 518 3036 effluxit]
539 3002 583 3028 Sic
593 3001 679 3027 Aldus
691 3000 787 3027 senior.
805 3000 839 3027 sic
850 2999 921 3028 Pith.
933 3000 1003 3027 fies.
1012 2999 1087 3026 Visst.

131 3035 160 3061 ὃ(
172 3034 239 3061 Pall.
250 3035 386 3071 sequentes
396 3039 486 3070 effluxit
499 3056 506 3069 ‚
516 3037 596 3064 etiarn
607 3036 754 3063 Vifflorius.

170 3079 195 3106 3.
215 3074 240 3097 si
248 3074 315 3097 lacus
325 3073 441 3106 cmiffm]
463 3073 521 3099 Pal.
531 3073 582 3100 sec.
601 3083 653 3100 non
664 3072 781 3108 agnoscit
800 3073 900 3107 emiffm.
920 3071 984 3108 quid
1004 3072 1087 3100 fuerit

129 3105 156 3134 in
164 3107 265 3142 primo,
276 3108 408 3135 incertum
419 3109 455 3135 est
467 3127 475 3140 ‚
494 3116 587 3146 utpote
597 3109 655 3135 heic
665 3109 771 3136 mutilo.

163 3149 194 3178 4.
212 3146 269 3171 Poff
279 3145 341 3179 njas
351 3146 527 3181 captosfaflum
537 3145 577 3180 effi
586 3145 722 3182 vidimus]
741 3144 817 3174 Nihil
830 3143 970 3173 decederet
977 3143 1085 3174 ‘senten-

730 101 1422 151 DIVINAT10NE

1504 107 1597 154 L1
1635 121 1679 152 n.
1749 109 1780 154 1.
2023 114 2144 162 1161

1183 191 1272 216 vo'ces
1284 207 1293 221 ,
1314 197 1381 227 quae
1390 187 1519 228 pericula
1530 188 1602 219 belli
1614 190 1787 221 nuntiarent
1799 200 1805 221 :
1824 190 1858 223 &
1867 191 1998 223 Lanuvii
2007 193 2140 234 clypeos,

1182 228 1262 266 quod
1272 230 1476 269 haruspicibus
1488 230 1685 262 tristiffimum
1697 233 1794 263 visum
1804 232 1875 265 effet
1885 254 1894 267 ,
1909 233 1924 264 a
1935 236 2072 266 muribus
2083 236 2144 267 effe

1181 269 1312 300 derosos.
1338 272 1417 312 Qid
1429 291 1437 306 ‚
1459 272 1582 312 quodin
1596 273 1753 304 annalibus
1764 275 1926 308 habemus,
1948 278 2145 315 Vejentibel-

1181 310 1213 338 10
1222 328 1233 343 s
1245 310 1315 341 cum
1328 313 1408 343 lacus
1418 314 1552 345 Albanus
1562 325 1665 355 praeter
1675 316 1803 347 modum
1812 315 1948 348 creviss'et
1959 338 1967 352 ‚
1978 320 2142 359 Vejentem

1178 352 1329 397 quendam
1350 355 1385 385 ad
1407 365 1464 385 nos
1482 358 1642 387 hominem
1662 358 1797 389 nobilem
1812 358 1971 400 profugiss‘e
1983 381 1991 394 ,
2010 371 2044 391 eu
2051 372 2142 402 mque

1181 393 1289 440 dixisse
1301 414 1309 428 ,
1333 405 1370 425 ex
1394 396 1460 427 fatis
1473 417 1481 431 ,
1504 408 1569 438 qua:
1581 401 1722 437 Veientes
1745 401 1851 440 scripta
1867 402 2027 437 haberent,
2047 406 2142 444 Vejos

1179 444 1243 474 capi
1254 446 1316 466 non
1328 437 1410 476 posse
1425 458 1432 472 ,
1443 439 1511 467 darm
1522 440 1598 469 lacus
1609 442 1633 470 is
1644 441 1830 476 redundaret,
1843 443 1887 476 &,
1904 447 1916 471 3
1928 442 1947 474 si
1959 444 2037 475 lacus
2048 447 2142 477 emis-

1177 476 1225 506 sus
1235 496 1243 508 ‚
1255 477 1354 517 lapsu,
1380 480 1411 509 δε
1420 482 1506 511 cursu
1519 483 1570 512 suo
1581 482 1613 512 ad
1632 492 1710 513 mare
1719 483 1924 523 profluxisset,
1934 488 2141 525 perniciosum

1176 519 1290 565 populo
1301 522 1394 550 Rom.
1419 521 1460 551 sin
1480 533 1579 553 autem
1601 526 1640 554 ita
1651 523 1723 555 effer
1733 525 1857 559 edu6rus
1870 546 1878 560 ‚
1897 528 1971 557 utad
1983 538 2061 558 mate
2072 539 2142 569 per-

1179 569 1285 590 venire
1307 571 1370 591 non
1392 562 1487 602 poss'et
1500 585 1507 598 ,
1529 575 1594 595 tum
1615 566 1736 597 salutare
1752 567 1862 598 nostris
1871 568 1945 598 fore.
1968 579 2006 599 ex
2015 580 2075 609 quo
2086 572 2138 602 illa

1176 601 1365 632 admirabilis
1384 606 1400 634 a
1422 607 1587 645 majoribus
1598 608 1720 638 Albane:
1737 620 1819 650 aquae
1836 609 1910 641 safra
1931 611 2073 642 (1εάυᾶιο
2084 612 2136 642 est.

1181 642 1263 674 Cum
1283 653 1383 674 autem
1394 648 1537 685 Vejentes
1554 648 1617 677 bello
1630 649 1694 691 fcssi'
1711 652 1821 691 legatos
1839 653 1875 682 ad
1894 652 2028 683 senatum
2040 653 2138 683 initis-

1175 684 1240 715 sent
1253 694 1341 729 {tum
1353 697 1390 716 ex
1402 689 1448 717 his
1459 689 1581 729 quidam
1593 690 1701 721 dlxiffe
1711 693 1836 727 dicitur,
1855 704 1920 724 non
1931 697 2035 725 omnia
2044 696 2134 725 illum

1175 729 1355 768 transiugam
1367 731 1472 759 ausum
1483 730 1540 760 ess'e
1552 732 1664 761 senatui
1674 733 1786 764 dicere:
1809 738 1841 764 in
1852 736 1959 766 iisdem
1971 736 2134 767 enimiatis

1173 768 1314 808 scriptum
1326 771 1479 809 Vejenteis
1498 772 1604 802 habere
1616 792 1624 806 ‚
1647 776 1734 804 Foroe
1743 786 1782 805 ur
1793 787 1894 807 naevi
1910 787 1929 807 Λ
1942 788 2064 808 GALLIS
2076 789 2135 809 Ro-

1176 818 1228 839 MA
1240 815 1449 842 clipeum-un.
1473 814 1553 853 quod
1565 814 1688 855 quidem
1703 817 1851 848 sexennio
1861 823 1876 845 4
1886 819 1952 859 post
1963 822 2053 857 Veios
2063 830 2134 860 cap-

1170 893 1276 928 audite,
1288 894 1322 924 &3
1334 897 1365 925 in
1376 895 1463 926 rebus
1475 897 1602 928 turbidis
1613 899 1750 930 veridicae
1761 911 1847 931 voces
1859 912 1895 931 ex
1906 905 2025 934 occulto
2035 903 2132 935 milia:

1169 934 1228 964 effe
1238 935 1387 967 dicuntur.
1411 939 1497 978 cujus
1514 941 1630 980 generis
1648 940 1709 971 duo
1731 943 1798 972 sunt
1818 953 1855 973 ex
1868 946 1971 974 multis
1980 947 2132 986 exempla,

1170 976 1219 1006 sed
1231 980 1376 1008 maxima.
1397 982 1477 1010 Nam
1491 991 1555 1011 non
1565 982 1664 1013 multo
1674 992 1742 1013 ante
1751 984 1857 1014 urbem
1869 996 1982 1026 captam
1992 988 2132 1020 exaudita

1169 1028 1230 1049 vox
1247 1019 1290 1050 est
1309 1020 1324 1050 a
1346 1021 1415 1051 luco
1426 1021 1521 1053 Vestae
1532 1043 1542 1056 ‚
1562 1026 1615 1064 qui
1632 1025 1647 1054 a
1660 1026 1760 1055 Palatii
1778 1026 1872 1057 radice
1885 1030 1916 1058 in
1927 1038 2037 1060 novam
2048 1032 2130 1060 viam

1170 1059 1306 1091 devexus
1318 1061 1379 1092 est:
1403 1065 1452 1093 Vr
1465 1073 1551 1094 murti
1565 1085 1574 1099 ,.
1598 1065 1631 1095 Sc
1648 1076 1740 1106 portae
1761 1067 1964 1100 reficerentur:
1989 1070 2130 1106 futurum

1166 1101 1245 1136 effe,
1263 1102 1318 1133 nisi
1336 1105 1490 1144 provisum
1514 1105 1604 1140 effet,
1625 1110 1766 1139 utRoma
1784 1120 1946 1150 caperetur.
1971 1113 2062 1154 Qod
2082 1124 2130 1142 ne-

1162 1143 1309 1184 gled'i‘um,
1329 1144 1394 1175 ciim
1411 1149 1506 1176 caveri
1524 1156 1651 1188 poterat,
1672 1150 1738 1190 post
1750 1153 2004 1191 acceptam‘illam
2028 1157 2129 1185 maxi*

1166 1196 1249 1217 mam
1277 1187 1391 1218 cladem
1419 1191 1601 1229 explicatum
1622 1191 1672 1222 est.
1707 1203 1753 1223 ara
1771 1195 1855 1223 enim
1875 1203 1936 1224 Aio
1957 1205 2126 1236 LoQssNrt

1165 1238 1255 1269 quam
1268 1229 1389 1269 saeptam
1401 1231 1539 1261 videmus
1551 1252 1559 1266 ,
1578 1233 1753 1264 exadversus
1764 1245 1834 1265 eum
1846 1236 1947 1266 locum
1957 1239 2124 1268 consecrata

1166 1269 1219 1300 est.
1243 1273 1341 1311 Atque
1361 1273 1453 1303 etiam
1470 1274 1613 1313 scriptum
1628 1275 1758 1306 amultis
1767 1276 1827 1311 est,
1848 1277 1919 1308 cuin
1931 1288 2012 1309 terra:
2026 1289 2129 1309 motus

1166 1311 1260 1342 faetus
1270 1311 1341 1343 esset
1351 1333 1360 1347 ,
1382 1316 1431 1344 Vr
1441 1324 1497 1345 sui-2
1508 1326 1618 1346 Pt.ENA
1629 1327 1844 1349 Pnocuanrto
1854 1329 1979 1350 mener-
1991 1341 1999 1354 ‚
2017 1331 2128 1352 vocem

1143 1366 1145 1375 =
1165 1354 1201 1384 ab
1213 1354 1274 1385 aede
1283 1357 1413 1385 Iunonis
1424 1366 1461 1386 ex
1473 1367 1536 1387 arce
1546 1357 1705 1388 exstitisse:
1724 1363 1863 1400 quocirca
1876 1364 2027 1392 Iunonem
2039 1363 2128 1394 illam.

1165 1397 1340 1436 appellatam
1352 1399 1511 1428 Monetam.
1535 1402 1608 1430 Haec
1625 1403 1715 1441 igitur
1726 1403 1758 1432 δε
1777 1403 1792 1432 a
1807 1402 1865 1433 diis
1875 1402 2033 1444 significata
2046 1425 2052 1438 ‚
2066 1405 2098 1435 δε
2109 1405 2125 1435 ’Ξ

1165 1437 1274 1468 nostris
1290 1439 1456 1479 majoribus
1472 1441 1602 1481 judicata
1624 1447 1874 1474 contemnimus?
1896 1449 2005 1486 Neque
2025 1447 2125 1477 solum

1163 1479 1290 1510 deorum
1302 1490 1389 1511 voces
1400 1483 1574 1523 Pythagorei
1586 1484 1865 1516 5observitaverunt
1876 1506 1884 1519 ‚
1904 1488 1952 1516 sed
1965 1489 2054 1517 etiam
2068 1488 2126 1517 ho-

1162 1522 1285 1551 minum
1296 1542 1305 1555 ,
1327 1532 1394 1563 quae
1405 1532 1513 1554 vocant
1522 1526 1629 1554 omina.
1652 1536 1716 1566 quae
1727 1527 1856 1566 majores
1866 1527 1979 1561 nostri,
1992 1531 2062 1568 quia
2072 1539 2125 1560 va·

1161 1562 1407 1597 lerecensebant‚
1427 1565 1540 1595 idcirco
1555 1567 1700 1596 omnibus
1710 1567 1798 1596 rebus
1807 1568 1928 1608 agendis
1941 1588 1948 1601 ,
1970 1578 2058 1608 Qon
2067 1580 2126 1599 Bo-

1162 1612 1235 1633 NuM
1248 1623 1256 1637 ,
1269 1613 1429 1635 FAusrnM
1442 1626 1451 1638 ,
1476 1616 1578 1637 Fssntx
1589 1626 1597 1640 ,
1619 1617 1925 1647 FORTUNATUMQE
1934 1619 2038 1643 essm,
2048 1620 2125 1650 prae-

1160 1643 1316 1678 sabantur:
1335 1646 1480 1688 rebusque
1500 1648 1632 1682 divinis,
1651 1659 1717 1690 quae
1736 1650 1856 1691 publice
1877 1650 2001 1686 fierent,
2023 1662 2125 1683 uti-*A-

1161 1696 1297 1717 venun-r
1311 1698 1450 1719 LtNouis
1461 1709 1469 1723 ,
1489 1690 1709 1730 imperabatur:
1734 1691 2120 1733 inqueferiisimperandis,

1159 1727 1304 1758 utlitibus
1323 1731 1358 1763 ὼ
1368 1731 1691 1771 jurgiisfhabstincrent.
1714 1736 1895 1774 Itemquein
1906 1733 2055 1766 lustranda
2068 1746 2122 1768 co—

1158 1769 1243 1800 lonia
1254 1790 1262 1804 ‚
1274 1771 1311 1801 ab
1319 1781 1356 1801 eo
1367 1791 1376 1805 ,
1389 1775 1439 1812 qui
1450 1783 1515 1803 eam
1527 1774 1686 1812 deduceret
1697 1787 1705 1808 ·,
1732 1776 1765 1805 &
1777 1776 1849 1806 cum
1863 1785 2026 1815 imperator
2034 1788 2124 1808 exer-

1157 1812 1252 1840 citum
1268 1831 1277 1846 ,
1299 1814 1405 1843 censor
1416 1815 1564 1854 populum
1575 1814 1725 1850 lustraret,
1745 1816 1821 1845 bonis
1831 1817 1988 1847 nominibus
1996 1821 2048 1860 qui
2060 1821 2119 1850 ho-

1156 1851 1224 1881 stias
1237 1853 1400 1888 ducerent,
1423 1856 1616 1896 eligebantur.
1639 1858 1719 1897 quod
1738 1858 1820 1888 idem
1837 1860 1871 1889 in.
1881 1859 2120 1892 deleauconsu-

1156 1893 1199 1922 les
1210 1893 1369 1925 observant
1387 1900 1545 1936 utpri-mus
1554 1899 1642 1928 miles
1653 1897 1703 1929 fiat
1714 1898 1798 1930 bono
1808 1903 1945 1931 nomine.
1968 1912 2033 1943 quae
2046 1905 2117 1944 qui-

1154 1934 1224 1965 dem
1243 1936 1260 1966 a
1278 1946 1305 1966 te
1327 1937 1382 1967 scis
1397 1938 1581 1973 &consule‚
1605 1939 1827 1980 &imperatore
1837 1942 1955 1973 summa
1964 1944 2116 1984 religione

1153 1975 1211 2006 effe
1230 1979 1351 2009 servata.
1372 1980 1604 2020 ‘Praerogativam
1620 1983 1714 2012 etiam
1735 1983 1863 2019 maiores
1885 1983 2114 2026 ⁶omenjusto-

1150 2063 1236 2091 nium
1257 2071 1328 2093 nota
1346 2063 1510 2102 proferam.
1534 2067 1570 2095 L.
1580 2066 1702 2096 Paullus
1719 2068 1942 2098 consuliterum
1955 2089 1964 2102 ‚
1985 2079 2055 2099 cum
2068 2072 2108 2104 ei,

1150 2102 1263 2133 bellum
1283 2113 1316 2135 ut
1327 2115 1398 2135 cum
1410 2116 1474 2147 rege
1484 2107 1570 2136 Perse
1579 2116 1702 2148 gereret,
1713 2108 1880 2148 obtigisset:
1903 2119 1936 2140 ut
1947 2112 2050 2151 eaipsa
2060 2111 2110 2142 die

1147 2144 1277 2176 domum
1296 2146 1331 2177 ad
1343 2147 1493 2187 vesperam
1507 2149 1613 2182 rediit,
1631 2148 1762 2181 filiolam
1774 2152 1854 2181 suam
1867 2153 2003 2182 Tertiam
2020 2173 2029 2186 ‚
2041 2164 2108 2194 quae

1146 2195 1211 2217 tum
1232 2196 1292 2218 erat
1313 2189 1478 2220 admodum
1489 2200 1574 2230 parva
1587 2210 1595 2225 ,
1616 2191 1751 2222 osculans
1760 2193 2109 2225 animadvertittristicu·

1145 2229 1216 2258 lam.
1242 2231 1315 2270 quid
1327 2230 1386 2263 est,
1400 2232 1519 2272 inquit,
1538 2242 1605 2262 mea
1615 2235 1716 2264 Tertia
1727 2234 1817 2274 ?quid
1828 2234 1917 2265 tristis
1930 2245 1959 2265 es
1973 2237 2108 2279 ?Mipa-

1143 2277 1194 2304 ter,
1206 2272 1317 2312 inquit,
1331 2273 1581 2314 Perfizperiimum
1594 2274 1643 2304 ille
1653 2274 1900 2315 a1·6tiuspuellam
1911 2278 2103 2317 complexus,

1142 2314 1267 2354 ,Accipio
1278 2315 1523 2355 inquinmerzfilia
1531 2326 1618 2350 omen,
1630 2321 1644 2344 7
1655 2326 1819 2348 eratautem
1833 2328 1971 2349 mortuus
1981 2320 2105 2353 catellus

1143 2364 1179 2384 eo
1190 2358 1328 2386 nomine.
1352 2358 1390 2386 L.
1402 2358 1540 2388 Flaccum
1552 2378 1559 2392 ,
1584 2356 1741 2389 flaminem
1752 2361 1918 2390 Martialem
1931 2371 1986 2401 ego
1997 2361 2102 2392 audivi

1140 2406 1210 2426 cum
1230 2397 1360 2431 diceret,
1384 2400 1534 2430 Caeciliam
1557 2401 1695 2435 Metelli,
1719 2401 1791 2432 cum
1811 2403 1902 2433 vellet
1920 2403 2029 2433 sororis
2040 2403 2101 2434 suae

1140 2437 1234 2468 filiam
1254 2441 1287 2469 in
1309 2443 1541 2471 matrimonium
1560 2442 1727 2477 collocare,
1747 2442 1883 2474 cxiss'ein
1893 2444 2043 2485 quoddam
2055 2445 2101 2476 sa-

1136 2480 1250 2510 cellum
1262 2483 1378 2512 ominis
1388 2484 1524 2523 capiendi
1533 2485 1626 2513 causa:
1637 2484 1718 2524 quod
1731 2483 1792 2515 Fieri
1804 2496 1889 2516 more
1899 2495 2037 2516 veterum
2050 2486 2099 2518 so-

1137 2522 1236 2555 lebat,
1256 2533 1326 2553 cum
1337 2526 1423 2566 virgo
1435 2524 1519 2555 staret
1529 2545 1538 2559 ‚
1554 2527 1586 2555 δε
1596 2525 1715 2556 Caecilia
1728 2528 1758 2556 in
1769 2527 1836 2557 sella
1846 2528 1958 2557 sederet
1970 2549 1978 2561 ‚
1997 2538 2097 2569 neque

1138 2563 1190 2594 diu
1204 2566 1262 2595 ulla
1275 2575 1336 2595 vox
1347 2565 1490 2596 extitifl'et
1501 2588 1508 2600 ‚
1530 2567 1660 2606 puellam
1673 2567 1860 2609 defatigatam
1872 2568 1986 2609 petiiss'e
1996 2571 2012 2600 a
2028 2580 2098 2601 ma—

1139 2614 1253 2639 tertera,
1268 2616 1300 2636 ut
1313 2606 1363 2637 sibi
1375 2608 1550 2638 concederet
1560 2603 1766 2649 paullisper‚ut
1780 2620 1810 2639 iri
1824 2612 1889 2648 ejus
1899 2611 1967 2641 sella
1976 2614 2097 2652 requie—

1136 2647 1243 2680 sceret:
1263 2649 1346 2679 illam
1358 2659 1456 2680 autem
1468 2649 1576 2680 dixiffe
1589 2671 1597 2683 ‚
1614 2650 1679 2680 Veri)
1693 2672 1701 2684 ‚
1720 2661 1780 2680 mea
1791 2653 1881 2692 puella
1894 2673 1901 2686 ,
1917 2651 1971 2682 ribi
1981 2653 2090 2684 concedo

1135 2699 1209 2718 meas
1219 2689 1290 2729 fides
1325 2691 1407 2731 quod
1423 2701 1515 2721 omen
1527 2701 1571 2721 res
1587 2693 1744 2723 consecuta
1762 2693 1812 2724 est:
1834 2695 1896 2734 ipsa
1908 2697 1992 2724 enim
2006 2696 2091 2726 brevi

1134 2740 1254 2764 mortua
1270 2732 1329 2763 est:
1349 2735 1434 2775 virgo
1449 2742 1550 2764 autern
1568 2732 1665 2776 nupsit
1684 2736 1733 2765 cui
1745 2735 1862 2767 Caecilia
1875 2746 1968 2778 nupta
1982 2735 2089 2767 fuerat.

2013 2780 2089 2811 Haec

1126 2858 1181 2887 tim,
1192 2858 1311 2892 quumvis
1323 2857 1498 2889 recideretur,
1509 2859 1550 2891 effi·
1559 2858 1674 2885 vidimus.
1700 2857 1800 2892 vulgati
1811 2857 1894 2885 adhuc
1904 2857 2031 2894 iiicPtius,
2040 2857 2086 2884 vi-

1128 2894 1207 2918 demus
1220 2913 1227 2923 ‚
1242 2893 1313 2919 versu
1327 2893 1382 2919 fere
1395 2894 1486 2929 longo.

1165 2938 1188 2961 5.
1206 2930 1442 2963 elisii-vitaverunt]
1464 2931 1505 2956 lta
1516 2929 1572 2956 mss.
1585 2929 1663 2956 nostri
1674 2929 1730 2962 sex,
1743 2938 1850 2956 necnon
1861 2928 1944 2956 editio
1954 2928 2082 2956 visioni.

1126 2965 1449 3001 Vulgatifflhservaveruns
1469 2975 1502 2992 ex
1514 2966 1604 2992 iildeni
1624 2965 1699 3002 supra
1712 2967 1792 2993 etiam
1802 2965 1904 3001 reposui
1923 2967 2081 2999 exadveffus,

1126 3002 1188 3027 cuin
1201 3002 1272 3037 prius
1284 3002 1418 3036 legeretur
1429 3002 1555 3035 aa‘werfirr,
1570 3008 1685 3029 tantum.

1161 3038 1190 3063 6.
1210 3039 1396 3070 Omenjustorum
1406 3038 1571 3072 comifiorum]
1593 3039 1633 3064 Ita
1643 3038 1677 3064 cst
1687 3040 1714 3066 in
1726 3038 1758 3065 Ρ.
1769 3038 1884 3065 Manutii
1899 3037 2029 3070 editione,
2040 3036 2080 3064 se—

1123 3073 1249 3108 cutusque
1260 3073 1294 3099 est
1307 3073 1463 3105 Lambinus,
1474 3072 1516 3099 sed
1529 3075 1681 3101 vetustiores
1694 3075 1721 3101 δε
1732 3074 1789 3101 ιιιΠῖ
1801 3074 1895 3105 nostri,
1904 3083 1990 3099 omncs.

1158 3117 1184 3143 7.
1205 3112 1267 3134 Erat
1277 3117 1354 3134 autem
1363 3116 1468 3134 mortum
1485 3110 1607 3144 catellus]
1629 3110 1672 3137 Est
1683 3112 1699 3139 a
1717 3111 1812 3140 nostris
1831 3109 1888 3138 mss.
1909 3111 1935 3138 ἃ
1949 3110 2016 3136 edit.
2027 3107 2076 3135 Vi-

1121 3144 1252 3175 Roriam.
1272 3145 1379 3181 vulgata
1388 3145 1457 3173 euim
1468 3152 1561 3171 mortua
1571 3148 1664 3174 catella.

1434 3181 1624 3210 Hlihhhhh
1975 3181 2081 3208 Ἰ-Μῑ·

1173 851 1341 883 [οεῑεέὶυτῃ
1353 852 1412 883 ess'e
1432 855 1576 885 vidimus.
1608 859 1690 897 Saepe
1702 860 1793 888 etiam
1813 860 1844 889 δε
1867 862 1899 890 in
1918 863 2029 901 praeliis
2039 865 2134 894 Fauni
2151 864 2197 896 45

1151 2028 1221 2048 rum
1238 2022 1434 2051 comitiorum
1453 2021 1512 2052 effe
1525 2024 1695 2055 voluerunt.
1720 2028 1816 2066 Atque
1826 2036 1881 2067 ego
1891 2028 2031 2067 exempla
2042 2038 2111 2058 om·
2128 2028 2179 2071 46
