2316 3395
241 123 300 188 58
666 123 1159 174 M.Tut.1.11

241 216 278 237 ex
289 204 392 236 ceteris
403 203 521 236 dabitur
529 202 796 236 constitutionibus
807 204 885 235 sumi
893 203 1045 244 oportebit
1053 223 1062 237 ,
1083 201 1156 234 sicut
1165 204 1198 234 in

242 249 463 288 comparatione
472 256 652 288 praeceptum
662 245 704 277 est
716 257 721 276 ;
734 245 836 277 Postea
846 244 867 275 sl
876 255 933 286 qua
941 244 1061 276 facultas
1071 248 1137 280 erit,
1149 255 1202 286 per

242 290 372 331 aliquam
392 287 639 319 constitutionem
659 288 747 318 illum
759 307 766 321 ‚
792 289 824 317 in
833 297 925 328 quem
935 290 1052 319 crimen
1062 288 1200 319 transfer-

242 340 301 366 tur,
313 330 472 361 defendere
484 342 489 360 ;
513 330 634 361 Deinde
646 350 653 363 ‚
667 330 761 360 levius
772 327 830 359 esse
841 329 928 363 illud,
940 330 1021 371 quod
1030 332 1064 361 in
1074 330 1199 360 alterum

262 382 395 404 eccatum
406 383 473 403 rcus
484 370 737 412 transferanquam
749 370 830 412 quod
842 371 901 411 ipse
913 372 1087 412 susceperit:
1099 370 1201 403 Postea

242 414 440 446 translationis
451 414 582 455 partibus
592 414 634 443 uti
646 433 654 447 ,
667 413 700 442 &
709 411 865 443 ostendere
877 434 885 446 ,
897 413 913 444 a
922 424 995 455 quo,
1010 415 1042 445 δε
1051 424 1104 455 per
1111 423 1198 455 quos,

244 457 277 487 ὃς
287 466 348 498 quo
358 456 464 490 modo,
479 456 511 485 &
521 465 582 495 quo
591 464 740 494 tempore,
751 463 802 485 aut
811 466 826 484 a
847 456 866 489 i,
879 464 929 486 aut
939 455 1073 494 iudicari,
1083 465 1134 487 aut
1143 455 1200 487 sta-

242 501 286 529 tui
298 498 333 528 de
345 509 378 528 ea
386 508 415 528 re
427 499 602 528 convenerit
614 507 618 524 τ
647 506 679 526 ac
698 494 787 527 simul
805 499 836 527 ol
870 497 960 529 ndere
971 518 979 532 ,
1004 501 1080 528 Nori
1100 508 1200 529 orior<-

243 550 361 570 TuissE
378 538 445 570 ante
469 538 648 579 supplicium
659 558 668 572 ,
691 537 783 580 quam
798 539 950 578 judicium
961 560 969 574 ,
997 542 1198 581 interponere.

242 584 326 612 Tum
338 582 415 622 leges
426 590 546 622 quoque
558 580 708 619 &judicia
719 580 950 612 demonstranda
957 582 1038 615 sunt,
1064 592 1116 623 per
1134 591 1201 623 quae

241 624 373 663 potuerit
381 622 411 652 id
422 631 586 661 peccatum,
598 621 682 663 quod
692 623 797 662 sponte
807 623 856 653 sua
865 633 931 654 rcus
941 633 1064 664 punitus
1076 623 1120 657 sit,
1131 633 1200 653 mo-

241 665 323 694 ribus
335 664 490 703 &judicio
501 664 664 695 vindicari:
696 664 816 694 Deinde
826 675 932 706 negare
942 665 1064 696 debebit
1076 687 1084 699 .
1104 665 1200 695 audiri

242 716 380 746 oportere
390 705 421 736 id
432 727 441 740 ,
461 705 543 748 quod
554 708 587 736 in
599 716 670 736 eum
681 707 820 736 criminis
830 706 1000 738 conferatur
1010 728 1017 741 ,
1042 707 1078 738 de
1095 717 1157 748 quo
1176 709 1200 736 is

241 748 314 787 ipse,
326 750 379 789 qui
389 747 696 787 conferat,jiidicium
706 746 770 778 fieri
782 748 929 779 noluerit:
954 749 1026 780 &id
1039 770 1046 783 ,
1060 749 1141 790 quod
1150 750 1201 788 ju-

241 789 373 819 dicatum
393 800 457 820 non
477 788 511 820 fit
520 810 527 823 ‚
547 799 602 830 pro
612 788 728 820 infer
738 790 839 820 haberi
848 800 984 830 oportere
997 803 1002 821 :
1023 791 1125 822 Postea
1135 793 1198 820 im-

241 831 417 872 pudentiam
435 831 638 862 demonstrare
652 841 760 862 eorum
771 852 780 866 ‚
800 834 851 873 qui
861 842 932 863 eum
943 843 1024 863 nunc
1034 832 1110 873 apud
1122 831 1201 869 judi-

241 883 289 903 ces
299 873 445 908 accusent,
457 883 548 915 quem
559 872 619 904 sine
630 873 779 910 judicibus
789 872 841 914 ipfi
851 874 1101 906 condemnarint:
1119 876 1151 904 &
1164 873 1200 904 de

242 925 279 945 eo
292 914 440 952 judicium
450 915 571 948 faciant,
585 915 621 946 de
633 916 763 956 quojam
774 914 827 955 ipsi
837 916 1018 957 supplicium
1030 917 1200 947 sumserint.

241 955 346 988 Postea
355 957 625 997 perturbationem-j
633 957 725 987 udicii
734 956 866 988 futuram
878 959 1013 989 dicemus
1026 979 1033 993 ,
1046 957 1201 995 &iudices

242 996 376 1039 longius,
387 998 478 1040 quam
487 997 662 1039 potestatem
674 999 800 1029 habeant
810 1019 817 1033 ‚
837 999 1040 1042 progressuros
1050 1020 1059 1035 ‚
1081 999 1101 1029 s1
1112 999 1201 1030 simul

242 1041 277 1070 ὃς
287 1041 323 1070 de
333 1050 395 1074 reo,
409 1040 441 1070 δε
451 1040 487 1070 de
497 1051 545 1075 eo,
552 1050 650 1111 Iquern
660 1050 727 1071 reus
737 1050 835 1083 arguat
845 1062 852 1074 ‚
867 1042 1035 1079 judicarint.
1069 1041 1200 1074 Deinde,

242 1082 302 1112 hoc
312 1080 333 1111 si
342 1081 540 1112 constitutum
563 1092 585 1112 it
596 1102 604 1116 ‚
626 1091 658 1113 ut
666 1092 782 1123 peccata
791 1084 933 1114 homines
944 1085 1070 1124 peccatis
1080 1104 1089 1118 ‚
1111 1084 1143 1114 δε
1154 1085 1201 1113 in·-

238 1123 331 1165 jurias
340 1125 461 1163 injuriis
480 1124 652 1164 ulczfi-antur
661 1145 669 1158 ‚
690 1134 836 1166 quantum
847 1126 1119 1156 incommodorum
1129 1135 1204 1155 con-

243 1166 386 1207 sequatur.
411 1169 455 1196 Ac
465 1164 485 1195 si
495 1166 578 1196 idem
588 1165 683 1196 facere
692 1168 752 1207 ipse
764 1188 771 1200 ,
790 1169 841 1208 qui
852 1177 936 1198 nunc
945 1168 1058 1199 accusat
1066 1188 1074 1201 ,
1085 1167 1202 1197 voluis-

241 1207 304 1241 set,
325 1217 363 1237 ne
381 1208 438 1238 hoc
454 1207 579 1249 quidem
590 1209 654 1248 ipso
665 1208 828 1250 quidquam
839 1219 914 1249 opus
927 1208 1158 1249 fuiss'ejudicio:
1179 1206 1200 1239 si

243 1248 316 1279 vero
325 1251 416 1279 ceteri
425 1260 547 1291 quoque
559 1250 640 1281 idem
650 1250 759 1281 faciant
769 1271 777 1285 ,
801 1253 945 1282 omnium
960 1250 1112 1292 judicium
1131 1251 1201 1281 nul·

244 1290 310 1320 lum
319 1290 464 1321 futurum.
495 1291 598 1322 Postea
607 1291 862 1323 demonstrabitur
873 1313 881 1326 ,
905 1303 943 1324 ne
954 1314 962 1327 ‚
983 1292 1003 1323 fi
1009 1293 1126 1333 judicio
1136 1295 1203 1334 qui-

244 1332 316 1363 dem
326 1333 378 1364 illa
387 1332 526 1364 damnata
535 1332 608 1363 effer
618 1354 626 1367 ,
648 1335 681 1364 in
691 1345 782 1375 quam
793 1334 823 1364 id
834 1337 950 1365 crimen
960 1335 995 1365 ab
1005 1345 1056 1365 reo
1068 1337 1202 1365 contem-

244 1383 311 1408 tur,
332 1374 458 1415 potuiffe
469 1377 549 1405 hunc
560 1376 650 1417 ipsum
662 1376 698 1406 de
708 1377 759 1407 illa
770 1376 951 1416 supplicium
962 1377 1087 1407 sumere.
1121 1380 1204 1418 Q-

244 1426 274 1447 re
284 1415 344 1446 esse
355 1416 517 1458 indignum
530 1438 538 1451 ‚
549 1427 619 1447 eum
630 1438 638 1451 ‚
659 1419 710 1459 qui
723 1428 759 1448 ne
769 1418 807 1448 de
817 1418 955 1449 damnata
963 1418 1088 1460 quidem
1098 1427 1201 1459 poenas

246 1458 361 1488 stimere
371 1457 523 1498 potuisset,
534 1459 571 1489 ‹le
581 1469 615 1489 ea
624 1460 804 1499 supplicium
816 1458 946 1490 sumsisse
957 1480 965 1494 ,
984 1471 1049 1502 quae
1061 1471 1098 1491 ne
1108 1460 1204 1491 addu-

244 1499 292 1530 &a
301 1500 424 1542 quidem
436 1499 470 1530 su·
479 1503 512 1531 in
519 1499 682 1540 judicium.
720 1501 839 1532 Deinde
849 1501 1012 1541 postulabit
1021 1522 1029 1536 ‚
1050 1512 1082 1532 ut
1093 1502 1201 1544 legem,

245 1552 302 1582 qua
313 1545 376 1584 lege
385 1541 497 1577 fecerit,
509 1542 649 1583 proferat.
669 1543 791 1574 Deinde
803 1543 1063 1584 quemadmodum
1074 1546 1107 1575 in
1116 1554 1203 1575 com-

242 1585 395 1623 paratione
403 1585 663 1625 praecipiebamuS,
676 1585 796 1616 utillud
806 1585 887 1626 quod
897 1587 1131 1626 comparabatur,
1149 1596 1202 1616 ex—

244 1634 414 1656 tenuaretur
422 1626 458 1656 ab
466 1627 632 1657 accusatore
640 1627 731 1668 quam
743 1626 879 1658 maxime
892 1637 898 1656 ε
918 1626 956 1658 fic
974 1631 1007 1658 in
1028 1630 1086 1659 hoc
1096 1638 1202 1670 genere

245 1667 397 1707 oportebit
406 1669 489 1698 illius
499 1669 628 1709 culpam,
640 1671 672 1699 in
683 1679 775 1709 quem
785 1672 902 1700 crimen
912 1669 1111 1704 transferetur,
1130 1680 1202 1701 cum

243 1711 333 1749 hujus
344 1708 505 1744 maleficio,
516 1712 569 1752 qui
580 1711 608 1740 se
615 1711 682 1750 jure
690 1710 790 1741 fecifl'e
803 1711 1075 1752 dicancompaxare.
1099 1712 1202 1743 Postea

243 1750 513 1783 demonstrandum
523 1752 566 1783 est
577 1773 584 1787 ‚
596 1763 660 1782 non
671 1751 729 1782 esse
739 1753 815 1784 illud
827 1753 976 1792 ejusmodi
989 1774 997 1788 ,
1013 1763 1044 1785 ut
1053 1754 1093 1785 ob
1102 1754 1133 1785 id
1145 1756 1204 1785 hoc

244 1791 308 1822 fieri
318 1796 504 1824 conveniret.
528 1797 672 1825 Extrema
681 1793 724 1825 est
735 1815 743 1828 ‚
757 1797 832 1825 utin
843 1798 1076 1835 comparatione,
1089 1795 1202 1827 afl'um-

243 1837 288 1864 tio
294 1835 306 1874 j
313 1835 493 1866 udicationis
502 1857 510 1870 ,
534 1837 566 1866 ὃς
576 1836 612 1866 de
623 1847 655 1866 ea
665 1846 718 1877 per
727 1836 995 1877 amplificationem
1006 1849 1043 1868 ex
1054 1839 1203 1869 delibera-

182 1891 200 1915 2
207 1882 222 1915 3
244 1878 339 1924 tionis
346 1880 498 1917 praeceptis
508 1877 615 1909 diffluo.
638 1878 789 1909 Defensor
799 1888 899 1909 autem
910 1889 975 1920 quae
982 1890 1036 1920 per
1045 1881 1114 1911 alias
1126 1890 1202 1911 con-

246 1917 418 1949 stitutiones
428 1919 610 1950 inducentur
620 1940 628 1954 ,
649 1930 688 1950 ex
698 1922 734 1950 iis
745 1921 820 1951 locis
831 1941 840 1954 ‚
852 1922 903 1960 qui
914 1922 1012 1952 traditi
1022 1923 1090 1953 sunt
1100 1943 1108 1956 ‚
1120 1921 1205 1952 infir-

247 1960 356 1991 mabit.
388 1962 486 2001 Ipsam
504 1970 605 1992 autem
624 1962 803 1993 relationem
821 1963 1048 2002 comprobabit,
1068 1964 1204 2005 primum

246 2002 384 2044 augendo
395 2004 470 2041 ejus,
482 2005 515 2033 in
525 2014 617 2044 quern
628 2003 718 2034 refert
727 2007 853 2039 crimen,
865 2005 983 2044 culpam
996 2006 1028 2037 ὃς
1037 2007 1203 2040 audaciam,

244 2045 279 2074 &
296 2044 387 2085 quam
408 2046 543 2075 maxime
554 2055 606 2085 pei·
615 2045 858 2087 indignationem
872 2066 880 2079 ‚
900 2045 920 2076 fi
931 2058 976 2077 res
987 2047 1060 2078 feret
1075 2069 1082 2081 ,
1099 2048 1206 2088 junEta

244 2085 472 2127 conquestione,
483 2096 550 2117 ante
561 2087 667 2117 oculos
677 2088 831 2127 ponendo.
854 2088 958 2119 Postea
968 2088 1066 2120 levius
1078 2090 1206 2120 demon-

247 2126 366 2158 strando
376 2138 460 2157 reum
471 2130 612 2168 punitum
624 2149 632 2161 ,
646 2130 737 2169 quam
750 2128 782 2159 sit
793 2130 844 2159 ille
852 2133 1032 2170 promeritus
1044 2152 1053 2165 ‚
1075 2132 1107 2162 &
1116 2132 1205 2162 suum

247 2168 428 2209 supplicium
441 2179 510 2200 curn
522 2170 605 2200 illius
615 2172 725 2210 injuria
734 2170 932 2201 conferendo.
956 2173 1077 2203 Deinde
1087 2181 1207 2212 oporte-

245 2210 291 2240 bit
302 2220 353 2240 eos
363 2211 513 2252 locos‚qui
521 2212 561 2242 ita
570 2221 657 2242 erunt
666 2211 702 2243 ab
710 2213 874 2243 accusatore
884 2213 1006 2247 metati,
1019 2223 1051 2244 ut
1060 2214 1206 2248 refelli,&

246 2254 426 2282 contrariam
438 2254 470 2282 in
480 2262 594 2293 partem
604 2257 740 2284 converti
749 2252 858 2293 poffint
868 2273 877 2288 ,
906 2258 1009 2295 quoin
1019 2265 1127 2297 genere
1138 2256 1206 2285 sunt

247 2301 305 2323 tres
324 2296 453 2325 extremi
465 2314 473 2328 ,
494 2297 648 2326 contrariis
666 2296 833 2326 rationibus
852 2294 1016 2327 infirmare.
1041 2297 1096 2327 Illa
1104 2306 1204 2327 autem

244 2337 389 2366 acerrima
400 2336 602 2367 accusatorum
615 2339 807 2371 criminatio,
831 2347 883 2377 per
899 2348 990 2379 quam
1009 2339 1206 2379 perturbatio-

246 2387 319 2407 nem
329 2376 393 2407 fore
404 2380 547 2408 omnium
555 2378 742 2418 judiciorum
752 2379 990 2414 demonstr-musi
1001 2382 1036 2411 de
1046 2381 1206 2411 indemna-

247 2427 279 2449 to
289 2419 428 2459 supplicii
438 2420 577 2450 sumendi
587 2420 715 2460 potestas
725 2421 789 2452 data
798 2420 832 2451 sit
842 2441 851 2455 ,
872 2422 1036 2453 levabitur:
1064 2421 1202 2452 Primum

247 2459 268 2490 fi
278 2461 427 2500 ejusmodi
438 2460 691 2492 demonstrabitur
700 2464 810 2503 injuria
819 2483 827 2497 ,
851 2472 882 2493 ut
893 2474 957 2494 non
968 2463 1063 2495 modo
1073 2466 1138 2493 viro
1151 2464 1206 2494 bo-

247 2511 289 2531 no
299 2522 309 2536 ,
326 2501 435 2532 verum
452 2502 585 2534 omnino
604 2505 725 2535 homini
735 2504 832 2535 libero
842 2505 978 2536 videatur
987 2516 1050 2536 non
1059 2504 1147 2536 fuisse
1158 2515 1205 2536 to-

245 2543 381 2589 leranda:
405 2545 526 2575 Deinde
536 2547 575 2576 ita
585 2547 738 2586 perspicua
747 2566 756 2579 ‚
778 2555 810 2577 ut
819 2557 856 2577 ne
867 2547 902 2577 ab
912 2548 976 2587 ipso
986 2547 1111 2589 quidem
1123 2567 1131 2582 ,
1151 2550 1204 2588 qui

244 2583 368 2618 fecisset,
382 2587 413 2615 in
423 2586 553 2617 dubium
564 2597 736 2618 vocaretur:
748 2589 868 2619 Deinde
880 2589 1042 2629 ejusmodi,
1053 2599 1086 2620 ut
1094 2592 1127 2619 in
1136 2599 1203 2620 eam

244 2627 270 2656 is
282 2626 418 2657 maxime
429 2627 565 2659 debuerit
573 2629 818 2665 animadvertere,
830 2632 881 2672 qui
890 2631 1148 2662 animadverterit:
1171 2641 1204 2662 ut

244 2677 310 2697 non
321 2677 382 2698 tam
392 2668 507 2699 renum
519 2690 527 2703 ,
549 2680 683 2702 nontam
694 2671 786 2702 fuerit
796 2671 957 2703 honestum
967 2694 976 2708 ,
997 2675 1031 2705 in
1049 2673 1202 2713 judicium

245 2709 330 2756 illam
342 2719 405 2739 rem
417 2714 571 2750 pervenire
582 2733 590 2746 ‚
610 2712 700 2754 quam
713 2724 749 2744 eo
759 2714 854 2744 modo
864 2735 872 2749 ,
884 2723 968 2756 atque
978 2715 1013 2745 ab
1024 2725 1060 2745 eo
1070 2715 1207 2746 vindica-

245 2761 271 2782 ri
285 2771 292 2785 ‚
313 2752 472 2793 quomodo
484 2772 491 2786 ,
512 2754 545 2784 &
555 2753 570 2784 a
580 2765 640 2795 quo
651 2753 684 2785 fit
693 2755 842 2787 vindicata
855 2768 859 2786 :
883 2756 985 2787 Postea
996 2755 1034 2788 fic
1043 2767 1106 2787 rem
1117 2756 1203 2787 fuisse

247 2802 375 2838 apertam
389 2814 397 2827 ,
419 2795 608 2834 utjudicium
618 2796 654 2827 de
664 2807 697 2828 ca
707 2808 737 2827 re
749 2795 812 2828 fieri
823 2799 901 2828 nihil
911 2801 1076 2830 attinuerit.
1109 2802 1205 2841 Atque

245 2835 294 2864 hic
304 2834 570 2868 demonstrandum
581 2838 623 2869 cst
632 2840 808 2875 rationibus,
821 2841 952 2871 &rebus
962 2839 1109 2872 fimilibus
1120 2862 1128 2876 ,
1139 2852 1207 2882 pei·-

247 2876 356 2906 multas
367 2879 406 2906 ita
414 2880 538 2908 atroceis
548 2899 556 2912 ‚
580 2880 612 2910 &
622 2882 786 2920 perspicuas
798 2893 845 2912 res
866 2881 925 2913 effe
936 2904 944 2917 ‚
967 2892 1000 2913 ut
1019 2883 1055 2914 de
1075 2885 1122 2914 his
1141 2894 1205 2914 non

247 2916 344 2948 modo
355 2928 420 2949 non
431 2919 545 2951 neccsse
555 2919 599 2955 sit,
613 2922 662 2952 sed
674 2932 712 2953 ne
723 2924 795 2954 utile
806 2925 941 2966 quidem,
953 2927 1028 2967 quin
1038 2925 1204 2966 moxjudi—

1218 765 1219 788 ;
1241 759 1281 781 tet
1293 750 1361 783 efle.
1373 750 1464 781 fuerit
1474 750 1629 781 vindicata.

1238 123 1768 174 Crcanours

1242 207 1326 238 cium
1337 204 1577 247 fianexspeam.
1589 209 1690 239 Locus
1701 207 1875 237 communis
1885 204 2062 237 accusatoris
2071 205 2103 236 in
2116 213 2199 241 eum,

1264 251 1294 280 ui
1304 247 1376 280 cum
1386 248 1428 284 id,
1440 249 1522 291 quod
1532 252 1672 291 arguitur,
1685 259 1790 290 negare
1800 260 1864 280 non
1874 247 1970 289 possit,
1978 257 2079 278 tamen
2088 247 2201 289 aliquid

1241 259 1295 322 ilbi
1306 292 1366 332 spei
1376 299 1529 332 comparet
1538 301 1576 321 ex
1584 291 1771 332 judiciorum
1783 291 2014 332 perturbatione.
2044 292 2141 331 Atque
2152 288 2201 319 hic

1241 333 1378 364 utilitatis
1397 333 1579 372 judiciorum
1597 332 1814 364 demonstratio
1825 353 1833 367 ,
1855 333 1888 363 &
1906 331 1942 364 de
1959 343 1995 363 eo
2010 330 2200 373 conquestio,

1240 377 1293 416 qui
1313 376 1494 416 supplicium
1513 375 1630 406 dederit
1647 375 1838 405 indemnatus
1852 386 1856 404 :
1879 377 1911 405 in
1932 375 1995 414 ejus
2008 383 2122 407 autem,
2148 374 2202 414 qui

1240 418 1387 451 sumserit,
1399 417 1552 448 audaciam
1565 418 1598 448 &
1608 417 1826 450 crudelitatem,
1840 417 2018 458 indignatio.
2039 416 2086 446 Ab
2095 415 2202 445 defen-

1239 459 1304 490 sore
1316 479 1324 493 ,
1346 461 1379 489 in
1389 461 1452 497 ejus
1464 479 1472 492 ,
1492 468 1584 499 quern
1595 458 1674 489 ultus
1687 457 1720 488 sit
1730 478 1738 492 ,
1761 462 1770 478 ¹
1783 458 1937 488 audaciam
1949 459 1993 488 sui
2008 456 2200 499 conquestio·-

1239 511 1278 531 ne
1293 511 1297 530 z
1310 511 1375 531 rem
1388 511 1451 530 non
1461 510 1498 530 ex
1509 502 1636 530 nomine
1648 498 1736 540 ipsius
1746 500 1923 542 negotii‚sed
1933 510 1970 530 ex
1981 498 2107 530 consulo
2118 499 2143 537 ej
2148 509 2196 532 us.

1239 544 1291 584 qui
1300 542 1413 576 fecerit,
1427 542 1460 571 &
1470 541 1562 575 causa,
1574 542 1607 571 &
1618 550 1753 582 ternpore
1763 540 1941 572 considerari
1952 550 2087 581 oportere
2101 551 2106 569 :
2125 540 2199 581 quid

1241 584 1313 615 mali
1322 583 1460 614 futurum
1473 581 1506 613 sit
1516 603 1525 616 ,
1536 592 1585 613 aut
1593 593 1631 613 ex
1641 585 1759 623 injuria,
1771 592 1820 613 aut
1830 592 1868 613 ex
1879 583 1986 613 scelere
1996 583 2132 621 aiicujus,
2144 579 2201 612 nisi

1240 635 1328 659 tanta,
1342 625 1374 656 &
1385 635 1444 655 tam
1454 625 1608 665 perspicua
1617 625 1738 655 audacia
1747 625 1782 654 ab
1791 635 1828 654 eo
1838 644 1847 659 ,
1860 624 1895 655 ad
1905 624 1954 664 cuj
1958 634 1990 654 us
2002 623 2115 655 famam
2127 644 2135 657 ,
2150 632 2200 654 aut

1239 668 1274 697 ad
1293 669 1440 707 parenteis
1451 687 1458 700 ,
1480 675 1530 697 aut
1547 667 1583 697 ad
1601 667 1713 696 liberos
1731 668 1926 706 pertinuerit,
1947 676 1995 696 aut
2013 666 2049 697 ad
2067 666 2198 707 aliquam

1240 720 1305 739 rem
1316 729 1323 742 ‚
1336 719 1426 750 quam
1437 718 1532 739 caram
1544 707 1601 738 esse
1612 708 1760 738 omnibus
1772 728 1779 741 ‚
1792 717 1841 738 aut
1850 706 1967 738 necesse
1977 707 2020 739 est
2030 727 2038 741 ,
2052 717 2101 738 aut
2111 717 2200 748 opor-

1675 753 1822 781 Remotio
1832 752 1967 780 criminis
1979 749 2022 780 est
2032 770 2040 784 ,
2052 749 2123 780 cuin
2134 750 2198 789 ejus

1242 795 1372 823 intentio
1382 791 1464 826 faeti,
1475 792 1557 833 quod
1568 792 1603 822 ab
1613 792 1778 822 adversario
1787 791 1912 822 infertur
1922 812 1930 825 ,
1947 794 1980 822 in
1990 795 2096 825 alium,
2107 801 2156 821 aut
2167 793 2200 821 in

1240 834 1321 865 aliud
1331 834 1515 864 dimovetur.
1538 833 1572 864 Id
1584 832 1616 863 fit
1628 835 1785 874 bipertitm
1806 844 1878 864 nam
1889 843 1955 864 tum
1965 834 2048 864 causa
2058 853 2066 866 ,
2080 842 2145 863 turn
2156 843 2202 863 res

1242 877 1302 917 ipsa
1320 885 1502 906 removetur.
1525 876 1623 906 Causae
1635 878 1816 906 remotionis
1827 877 1885 905 hoc
1896 876 1985 905 nobis
1996 875 2138 916 exemplo
2147 873 2181 904 sit
2193 884 2200 904 ε

1241 918 1358 949 Rhodii
1369 918 1513 960 quosdam
1524 918 1658 959 legarunt
1667 918 1809 951 Athenas,
1821 920 1938 958 Legatis
1948 916 2106 959 quaestores
2117 917 2202 947 surn-

1242 969 1308 990 tum
1319 980 1327 994 ‚
1339 970 1430 1001 quem
1441 959 1666 1000 oportebatdari
1677 979 1685 994 ,
1699 969 1763 989 non
1774 959 1926 990 dederunt.
1957 962 2060 1000 Legati
2070 957 2200 999 profeffi.

1244 1012 1308 1032 non
1318 1002 1395 1032 sunt.
1428 1002 1618 1032 Accusantur.
1651 1004 1787 1032 Intentio
1805 1000 1848 1031 est
1859 1021 1866 1035 ,
1888 1000 2037 1032 Proficisci
2057 1002 2200 1041 oportuit.

1242 1042 1387 1084 Depulsio
1405 1043 1449 1073 est
1459 1064 1467 1077 ,
1489 1046 1564 1074 Non
1581 1046 1723 1084 oportuit.
1752 1043 1886 1085 Qaestio
1896 1042 1938 1073 est
1949 1064 1957 1076 ‚
1978 1045 2201 1083 oportueritne.

1243 1088 1334 1116 Ratio
1343 1084 1395 1119 est,
1407 1089 1529 1116 Sumtus
1539 1087 1622 1115 enim
1632 1088 1684 1126 qui
1695 1086 1731 1115 de
1740 1086 1863 1125 publico
1873 1085 1934 1115 dari
1945 1085 2029 1119 soler,
2040 1086 2065 1114 is
2076 1085 2111 1114 ab
2121 1094 2203 1125 quae-

1243 1127 1321 1158 store
1331 1137 1395 1158 non
1406 1126 1449 1158 est
1460 1127 1552 1158 datus.
1573 1126 1743 1157 Infirmatio
1752 1126 1805 1160 est,
1817 1129 1879 1157 Vos
1891 1136 1991 1157 tamen
2001 1127 2043 1160 id,
2055 1129 2135 1167 quod
2145 1135 2202 1166 pu-

1242 1169 1321 1200 blice
1333 1169 1418 1199 vobis
1435 1169 1537 1199 datum
1549 1177 1609 1199 erat
1618 1171 1751 1210 negotii,
1763 1167 1910 1198 conficere
1921 1169 2084 1209 oportebat.
2113 1167 2203 1209 Judi-

1241 1213 1317 1242 catio
1328 1210 1381 1244 est,
1394 1209 1472 1241 Ctim
1485 1213 1531 1244 iis,
1544 1213 1596 1252 qui
1606 1212 1691 1250 legati
1701 1219 1785 1241 erant
1795 1230 1803 1243 ,
1815 1211 1930 1240 sumtus
1941 1231 1949 1244 ,
1970 1210 2068 1251 quide
2078 1209 2202 1249 publico

1241 1253 1412 1286 debebatur,
1424 1263 1488 1282 non
1497 1252 1633 1285 daretur,
1644 1254 1849 1292 oportueritne
1860 1262 1912 1282 eos
1923 1251 2071 1282 conticere
2083 1252 2200 1281 nihilo-

1242 1297 1346 1324 minus
1357 1295 1549 1335 legationem.
1584 1296 1650 1324 Hoc
1661 1304 1693 1324 in
1703 1304 1809 1335 genere
1820 1293 1956 1334 primum
1967 1314 1975 1327 ‚
1999 1292 2071 1324 sicut
2080 1295 2113 1323 in
2123 1302 2204 1323 cete-

1241 1339 1292 1370 ris.
1305 1335 1326 1366 si
1335 1335 1408 1377 quid
1420 1344 1469 1366 aut
1478 1346 1517 1366 ex
1527 1337 1595 1375 conj
1600 1335 1734 1368 eauraii.
1750 1345 1799 1365 aut
1810 1346 1848 1365 ex
1860 1338 1916 1366 alia
1926 1335 2143 1366 constitutione
2154 1336 2203 1365 su-

1243 1381 1288 1408 mi
1297 1376 1383 1419 poffit
1393 1398 1401 1412 ,
1421 1377 1517 1408 videri
1528 1377 1686 1418 oportebit.
1718 1377 1839 1407 Deinde
1849 1378 1988 1418 pleraque
1998 1387 2036 1408 ex
2045 1386 2200 1417 compara-

1241 1420 1376 1454 tione,&
1388 1429 1427 1451 ex
1437 1420 1581 1450 relatione
1590 1421 1728 1450 criminis
1740 1421 1772 1448 in
1783 1420 1859 1449 hanc
1868 1430 1988 1460 quoque
1998 1419 2116 1449 causam
2128 1428 2204 1448 con·—

1241 1464 1346 1493 venire
1356 1470 1504 1502 poterunt.
1537 1461 1697 1492 Accusator
1705 1470 1804 1491 autem
1815 1460 1914 1495 illurn,
1927 1462 2012 1500 cujus
2022 1461 2108 1501 culpa
2117 1460 2148 1490 id
2158 1459 2204 1491 fa-

1243 1503 1329 1534 &um
1340 1514 1407 1534 reus
1416 1503 1514 1537 dicet,
1532 1504 1668 1544 primum
1679 1503 1836 1533 defendet:
1861 1501 1881 1532 si
1897 1505 2015 1543 poterit.
2038 1501 2082 1532 sin
2099 1504 2203 1532 minus

1242 1548 1367 1586 poterit:
1389 1545 1508 1586 negabit
1519 1565 1528 1579 ,
1538 1545 1573 1575 ad
1585 1545 1802 1584 hocjudicium
1813 1565 1821 1578 ,
1835 1545 1927 1578 illius,
1939 1545 1987 1575 sed
1997 1546 2099 1582 hujus,
2109 1553 2202 1585 quem

1241 1588 1303 1629 ipse
1313 1588 1428 1618 accuset
1436 1606 1445 1621 ‚
1466 1587 1584 1627 culpam
1595 1589 1751 1627 pertinere.
1774 1586 1876 1617 Postea
1883 1586 1963 1617 d'icet
1973 1607 1982 1620 ,
2002 1589 2067 1617 Suo
2088 1595 2203 1625 QEM-

1244 1640 1314 1670 Qu
1331 1628 1435 1660 officio
1443 1630 1598 1659 consulere
1611 1638 1747 1668 oportere
1760 1639 1765 1657 :
1787 1638 1853 1662 nec,
1867 1627 1947 1659 fiille
1956 1627 2109 1668 peccasset,
2122 1635 2203 1658 nunc

1244 1670 1407 1713 oportuiss'e
1417 1681 1548 1711 peccare.
1574 1670 1694 1701 Deinde
1704 1669 1724 1700 fi
1736 1671 1787 1700 ille
1799 1670 1960 1711 deliquerit
1968 1690 1976 1704 ,
1999 1671 2154 1710 separatim
2164 1670 2203 1699 il·-

1243 1715 1308 1745 lurn
1320 1734 1329 1748 ,
1340 1712 1413 1744 ficut
1423 1714 1504 1743 hunc
1515 1733 1523 1747 ,
1543 1714 1670 1744 accusari
1680 1722 1814 1752 oportere
1826 1732 1835 1746 ,
1856 1715 1889 1743 ὅς
1898 1722 1962 1743 non
1970 1722 2041 1742 cum
2052 1712 2140 1752 hujus
2151 1711 2203 1741 de-

1241 1754 1377 1787 fensione
1394 1756 1540 1796 conjungi
1557 1755 1641 1785 illius
1659 1755 1890 1785 accusationem.
1925 1753 2075 1784 Defensor
2102 1762 2203 1783 autem

1242 1796 1313 1829 cum
1325 1806 1420 1828 cetera
1431 1817 1439 1830 ,
1460 1795 1481 1826 s1
1494 1807 1550 1837 qua
1559 1806 1598 1826 ex
1606 1797 1672 1827 aliis
1683 1796 1820 1827 incident
1828 1795 2096 1827 constitutionibus
2107 1816 2115 1829 ‚
2136 1804 2203 1836 per-

1244 1839 1390 1873 tradant,
1410 1838 1447 1869 de
1465 1839 1528 1880 ipsa
1545 1840 1717 1868 remotione
1728 1837 1766 1868 slc
1775 1838 2039 1880 argumentabitur.
2063 1836 2202 1868 Primum

1243 1882 1290 1918 cuj
1295 1891 1329 1912 us
1339 1879 1478 1911 acciderit
1487 1880 1581 1920 culpa,
1592 1879 1808 1911 demonstrabit
1819 1891 1824 1909 :
1840 1879 1972 1913 Deinde,
1984 1878 2055 1910 cum
2067 1879 2098 1909 id
2108 1884 2204 1908 aliena

1241 1924 1327 1963 ‘culpa
1343 1920 1494 1953 accidisset
1503 1942 1512 1956 ,
1532 1921 1669 1952 ostendet
1679 1922 1706 1952 se
1716 1930 1765 1952 aut
1775 1932 1838 1952 non
1849 1920 1977 1962 potuiffe
1988 1941 1996 1955 ‚
2016 1931 2067 1951 aut
2076 1931 2140 1951 non
2150 1921 2203 1951 de-

1244 1963 1340 1996 baisse
1349 1964 1379 1995 id
1388 1963 1494 1998 facere,
1505 1964 1587 2005 quod
1596 1964 1745 1995 accusator
1753 1964 1831 1995 dicat
1840 1961 2013 2004 oportuisse.
2036 1961 2128 2033 (fiiod
2138 1972 2202 1992 non

1243 2009 1373 2048 potuerit
1382 2026 1390 2040 ,
1410 2016 1448 2036 ex
1459 2007 1596 2036 utilitatis
1605 2005 1736 2046 partibus
1746 2026 1754 2040 ,
1766 2016 1798 2036 in
1808 2007 1917 2046 quibus
1926 2005 1969 2035 est
1980 2014 2051 2035 nece
2076 2005 2202 2035 itudinis

1245 2051 1291 2079 vis
1301 2048 1453 2089 implicata
1462 2068 1470 2082 ,
1483 2047 1712 2078 demonstrabit.
1744 2046 1835 2089 Qod
1847 2057 1911 2077 non
1921 2047 2058 2077 debuerit
2068 2067 2076 2079 ‚
2096 2056 2135 2076 ex
2145 2047 2201 2076 ho-

1244 2090 1355 2121 nestate
1367 2089 1607 2120 considerabitur.
1640 2092 1688 2118 De
1698 2098 1823 2130 utroque
1833 2086 2005 2119 distinetii‘is
2014 2089 2047 2117 in
2057 2087 2203 2118 delibera-

1245 2135 1309 2162 tivo
1339 2141 1426 2161 enere
1439 2131 1563 2161 dicetur.
1596 2130 1717 2160 Deinde
1729 2132 1834 2160 omnia
1842 2129 1919 2159 sadra
1929 2128 1986 2159 effe
1996 2129 2032 2159 ab
2043 2139 2093 2159 reo
2105 2150 2112 2162 ,
2136 2139 2203 2170 quae

1245 2176 1278 2204 in
1290 2143 1377 2212 ipsius
1387 2172 1500 2202 fuerint
1508 2171 1662 2212 potestate.
1685 2170 1768 2212 quod
1778 2173 1882 2201 minus
1893 2191 1901 2205 ,
1913 2171 2003 2213 quam
2013 2173 2201 2205 convenerit,

2220 761 2264 796 29

1245 2213 1359 2244 fafitum
1371 2211 1405 2242 fit
1416 2233 1424 2247 ,
1445 2214 1530 2253 culpa
1540 2212 1571 2243 id
1582 2213 1700 2243 alterius
1712 2212 1859 2243 accidisse.
1893 2212 2013 2244 Deinde
2031 2214 2065 2243 in
2081 2213 2202 2243 alterius
2221 2216 2224 2220 ’

1245 2257 1330 2296 culpa
1339 2255 1517 2294 exponenda
1527 2254 1795 2285 demonstrandum
1808 2254 1850 2285 est
1860 2275 1867 2289 ‚
1897 2263 2045 2296 quantum
2063 2255 2204 2285 volunta-

1246 2299 1283 2327 tis
1295 2317 1303 2330 ,
1316 2297 1348 2326 &
1360 2296 1450 2327 studii
1460 2295 1591 2326 fueritin
1601 2297 1665 2336 ipso
1678 2307 1683 2325 z
1706 2297 1737 2327 &
1748 2297 1779 2327 id
1790 2295 1877 2339 signis
1888 2295 2133 2327 confirmandum
2144 2298 2203 2327 hu-

1243 2337 1390 2378 jusmodi,
1404 2348 1441 2367 ex
1452 2347 1545 2367 cetera
1552 2337 1708 2379 diligentia
1719 2359 1727 2373 ,
1739 2349 1776 2368 ex
1786 2348 1853 2369 ante
1863 2338 1950 2369 fa&is
1962 2358 1970 2373 ‚
1981 2347 2031 2369 aut
2041 2338 2129 2369 dietis
2141 2350 2146 2368 :
2158 2348 2201 2370 at-

1246 2391 1302 2420 que
1314 2381 1372 2410 hoc
1382 2378 1433 2419 ipsi
1445 2380 1516 2409 utile
1527 2378 1612 2410 fuiffe
1622 2380 1728 2414 facere,
1741 2381 1848 2410 inutile
1858 2390 1959 2411 autem
1969 2390 2033 2410 non
2042 2380 2136 2411 facere
2147 2401 2155 2415 ‚
2168 2381 2202 2411 δε

1245 2432 1315 2451 cum
1327 2430 1421 2451 cetera
1431 2423 1492 2451 vita
1503 2423 1597 2462 magis
1607 2423 1664 2452 hoc
1672 2421 1760 2452 fuifl'e
1768 2422 2108 2464 consentaneum,quarn
2118 2422 2202 2463 quod

1244 2472 1364 2504 propter
1374 2463 1493 2493 alterius
1502 2474 1621 2504 cuipam
1632 2474 1695 2494 non
1705 2463 1808 2495 fecerit
1860 2467 1891 2495 Si
1908 2474 2008 2495 autem
2027 2466 2135 2495 nonin
2144 2465 2201 2494 ho-

1247 2507 1364 2535 minem
1375 2514 1500 2539 certum,
1512 2506 1561 2535 sed
1573 2507 1604 2535 in
1616 2516 1681 2536 rem
1691 2507 1823 2547 aliquam
1834 2507 1916 2537 causa
1925 2506 2137 2537 demovebitui·
2148 2527 2157 2541 ‚
2168 2515 2201 2538 ut

1246 2549 1279 2576 in
1289 2548 1342 2577 hac
1352 2546 1455 2577 eadem
1466 2557 1508 2580 re,
1520 2545 1541 2576 fi
1551 2547 1679 2588 quaestor
1688 2557 1825 2578 mortuus
1836 2547 1917 2582 ess'et,
1931 2549 1963 2579 δε
1972 2548 2086 2579 idcirco
2096 2550 2199 2589 legatis

1244 2590 1370 2629 pecunia
1379 2588 1443 2618 data
1454 2599 1516 2619 non
1526 2587 1598 2619 esset
1608 2601 1616 2624 3
1636 2591 1820 2620 accusatione
1838 2590 1957 2621 alterius
1969 2610 1978 2623 ,
1999 2591 2031 2620 δι
2040 2591 2134 2630 culpae
2146 2590 2200 2620 de-

1243 2628 1379 2670 pulsione
1389 2630 1489 2660 demta
1497 2651 1505 2664 ‚
1523 2633 1628 2661 ceteris
1639 2630 1776 2662 similiter
1795 2633 1837 2661 uri
1847 2632 1921 2662 locis
1931 2632 2098 2672 oportebit,
2119 2633 2150 2662 &
2161 2642 2201 2663 ex

1242 2670 1440 2702 concessionis
1450 2672 1581 2712 partibus
1590 2683 1655 2713 quae
1665 2675 1866 2707 convenient,
1887 2672 2051 2704 afl'umere:
2075 2673 2111 2703 de
2131 2677 2199 2715 qtri-

1246 2714 1301 2743 bus
1321 2713 1387 2754 post
1405 2715 1494 2744 nobis
1514 2714 1678 2745 dicendum
1698 2724 1760 2746 erit.
1792 2717 1868 2746 Loci
1886 2724 1986 2746 autem
2008 2725 2201 2750 communes,

1246 2759 1260 2775 2
1272 2755 1365 2786 iidem
1377 2758 1432 2786 utn'
1438 2756 1506 2796 sque
1516 2755 1591 2790 fere,
1603 2760 1654 2798 qui
1666 2757 1866 2798 superioribus
1875 2756 2201 2792 affumtivis‚incident.

1248 2800 1290 2828 Hi
1301 2807 1401 2828 tamen
1411 2796 1563 2828 certiffimi
1576 2809 1581 2827 :
1601 2800 1796 2834 Accusatoris‚
1807 2799 1877 2830 fatti
1888 2800 2056 2842 indignatio
2068 2811 2072 2829 :
2084 2798 2201 2830 Defen-

1246 2840 1320 2870 soris
1329 2860 1338 2874 ‚
1361 2839 1432 2870 cum
1452 2842 1486 2870 in
1505 2840 1565 2871 alio
1582 2842 1668 2881 culpa
1686 2840 1719 2871 fit
1729 2862 1737 2876 ‚
1760 2845 1772 2869 3
1783 2844 1816 2872 in
1835 2842 1900 2881 ipso
1909 2852 1973 2872 non
1983 2840 2017 2872 fit
2025 2862 2034 2876 ,
2054 2841 2202 2882 supplicio

1246 2892 1330 2911 reum
1342 2881 1419 2912 affici
1431 2892 1495 2912 non
1505 2891 1652 2922 oportere.
1676 2882 1768 2923 Ipsius
1777 2892 1878 2913 autem
1888 2885 1931 2913 rei
1942 2881 1976 2913 fit
1984 2883 2202 2918 remotio,ciim

1246 2924 1277 2954 id
1290 2944 1298 2958 ,
1318 2924 1399 2965 quod
1410 2924 1495 2954 datur
1504 2927 1645 2959 crimini,
1666 2934 1753 2966 negat
1760 2935 1857 2965 neque
1868 2925 1903 2955 ad
1914 2926 1942 2955 se
1952 2945 1961 2959 ‚
1976 2935 2073 2967 neque
2085 2926 2120 2956 ad
2131 2924 2201 2956 offi-

2118 2976 2204 2998 cium

251 3012 2199 3034 &ww—*m*-

287 3049 310 3067 1.
329 3042 477 3069 wdaciam
488 3044 530 3077 fici
547 3047 725 3081 conquestione]
747 3047 872 3081 Conjecit
891 3049 1036 3076 Lambinus
1049 3069 1057 3081 ,
1078 3050 1205 3076 audaciam
1248 3050 1275 3075 δε
1287 3049 1372 3076 Palat.
1384 3048 1487 3075 secimd.
1499 3056 1562 3076 tert.
1582 3056 1609 3076 at
1620 3049 1690 3076 enim
1700 3050 1920 3085 prinrutriufique.

245 3079 373 3118 effugans-Zia
381 3098 387 3104 .
399 3079 469 3119 quod
480 3079 582 3120 secutus
593 3081 680 3109 fuerat
691 3083 852 3110 Gulielmius
864 3095 870 3111 :
893 3095 945 3112 non
955 3085 1036 3113 ausim
1046 3095 1096 3122 ego
1107 3096 1115 3118 3
1128 3086 1204 3113 Paia-

246 3118 308 3140 tiiiis
321 3113 386 3140 nlh1l
400 3116 570 3143 variantibus.

280 3157 310 3176 ι.
328 3150 400 3178 Iidem
418 3153 522 3188 utrasque
531 3153 612 3190 fei-8²]
626 3152 769 3183 Lambinus
780 3157 874 3192 utrique
885 3176 894 3192 ,
907 3157 978 3195 quod
988 3158 1016 3185 8<
1027 3159 1055 3187 in
1067 3157 1203 3188 Grevenb.

1285 3094 1311 3121 3.
1331 3089 1359 3112 ln
1367 3086 1411 3119 ipsb
1419 3086 1492 3119 nonfi
1504 3085 1525 3119 ,]
1539 3085 1633 3114 Delcvi
1647 3086 1765 3116 voculam
1777 3105 1786 3121 ‚
1796 3093 1851 3119 aut,
1861 3095 1919 3122 quae
1928 3086 1966 3114 his
1976 3085 2200 3124 praemittebatur,

1247 3121 1320 3152 suasu
1330 3121 1443 3151 Palatini
1453 3120 1569 3151 secundi.
2180 3129 2183 3131 ’

2126 3196 2200 3224 le‘x

2223 2483 2266 2516 30
