2316 3395
161 1205 203 1230 21

233 135 326 184 134
637 121 1146 170 M.Tu1.1.11

226 200 419 240 peritissimus
427 222 436 236 ‚
458 201 506 233 sed
516 203 607 234 etiam
617 204 652 234 ad
663 202 826 233 dicendum
844 210 968 242 paratus.
992 204 1039 232 De
1050 201 1181 232 minori-

228 242 284 272 bus
294 252 392 273 autem
406 264 413 277 ‚
435 245 618 285 CSiilpicius
628 245 730 274 Gallus
741 265 749 278 ,
762 246 813 284 qui
823 243 959 274 maxime
970 245 1113 273 omnium
1124 252 1183 273 no-

229 283 338 314 bilium
351 288 461 316 Giaecis
471 287 575 316 litteris
585 286 712 318 studuit,
732 286 814 325 isque
825 285 857 315 δε
869 294 1021 316 oratorum
1032 287 1064 315 in
1074 295 1183 315 nume-

227 335 262 355 ro
274 325 315 356 est
324 327 442 357 habitus
453 349 461 360 ,
474 328 506 358 &
517 327 575 358 fuit
584 328 705 367 reliquis
716 327 801 356 rebus
812 336 932 357 ornatus
941 347 949 360 ‚
960 336 1047 368 atque
1055 327 1183 369 elegans.

224 368 293 408 Jam
304 371 387 398 enim
403 379 462 410 erat
473 369 592 398 unctior
599 368 734 409 quandam
747 388 754 402 ‚
774 368 1016 409 splendidiorque
1025 368 1186 399 consuetu-

229 408 271 438 do
281 410 435 449 loquendi.
461 413 541 440 Nam
554 431 561 443 ,
583 412 642 440 hoc
651 419 773 450 praetore
792 410 880 440 ludos
892 412 1029 450 Apollini
1045 410 1186 443 faciente,

229 449 302 480 cuin
314 451 467 490 Thyesten
477 451 608 481 fabulam
619 450 764 481 docuisset
774 472 782 485 ,
794 454 947 495 QMarcio
959 472 966 486 ‚
988 454 1043 482 Cn.
1055 452 1185 482 Servilio

231 501 314 522 coss.
337 503 467 523 mortem
486 493 562 523 obiit
573 495 701 523 Ennius.
725 496 793 523 Erat
811 494 919 524 iisdem
932 494 1119 534 temporibus
1128 495 1180 523 Ti.

230 535 379 563 Gracchus
391 555 399 566 ,
420 537 483 564 P-F.
496 537 547 575 qui
559 535 604 564 bis
616 545 684 565 cos.
698 535 909 566 &censorfuit
919 556 927 569 ,
947 537 1033 575 cujus
1046 536 1078 565 &
1088 537 1184 565 oratio

230 576 329 605 Gi‘aeca
338 575 413 615 apud
423 577 561 606 Rhodios
582 587 587 605 2
607 587 699 617 quem
716 579 815 607 civem
824 577 895 607 cum
904 588 1024 618 gravem
1034 598 1043 611 ,
1064 586 1130 607 tum
1141 585 1185 605 et-

228 617 289 646 iam
309 617 502 657 eloquentem
520 617 634 648 constat
652 617 749 648 fuiss'e.
773 621 806 649 P.
816 622 904 649 etiam
915 621 1087 659 Scipionem
1100 615 1184 647 Nasi—

228 667 293 687 cam
306 678 313 691 ‚
334 661 385 698 qui
400 658 442 688 est
454 660 599 688 Corculum
615 661 774 700 appellatus
787 681 794 693 ,
814 663 866 701 qui
884 663 958 691 item
971 662 1014 690 bis
1033 658 1179 690 consul&

227 700 415 733 censoiwiiit,
436 701 571 731 habitum
582 702 776 743 eloquentem
788 722 796 735 ,
822 707 830 722 ¹
846 705 889 732 M.
904 703 998 732 alium
1010 702 1092 731 illius
1103 721 1110 734 a
1132 701 1183 741 qui

227 741 305 771 sacra
323 744 486 781 acceperit,
507 741 605 773 filium
616 764 624 777 ‚
645 743 750 773 dicunt
768 746 857 773 etiam
876 746 911 773 L.
923 744 1088 773 Lentulum
1100 762 1109 776 ‚
1130 744 1182 782 qui

227 791 299 812 cum
311 786 342 813 C.
355 784 462 823 Figulo
474 794 539 814 cos.
550 784 619 815 fuit:
647 785 890 824 QNobiliorem
902 805 911 819 ‚
935 787 979 814 M.
992 783 1090 814 filium
1101 804 1109 817 ‚
1124 784 1182 820 iarn

227 826 323 864 patrio
335 824 470 855 instituto
480 826 617 856 deditum
628 826 727 857 studio
737 827 967 867 litterarum,qui
978 828 1068 856 etiam
1080 828 1184 865 QEn-

226 868 316 896 nium
328 886 336 899 ‚
355 869 407 908 qui
424 877 495 897 cum
512 877 591 907 patre
610 868 837 908 ejusinAEtolia
848 868 1043 901 militaverat,
1063 869 1183 897 civitate

227 907 372 942 donavit,
390 906 463 939 cum
482 912 620 941 triumvir
637 910 792 939 coloniam
812 908 982 939 deduxiss'et
1000 919 1005 938 2
1026 909 1059 939 &
1069 911 1107 939 T.
1120 911 1185 938 An-

227 951 317 979 nium
327 950 458 980 Luscum
470 971 478 983 ‚
491 952 578 990 hujus
589 952 736 991 qulvii
746 951 891 991 collegam
902 971 910 984 ,
929 961 993 980 non
1004 950 1182 980 indisertum

230 990 334 1021 dicunt
343 990 439 1021 fuifl'e.
459 995 556 1033 Atque
565 995 654 1022 etiarn
665 995 700 1022 L.
713 993 830 1022 Paullus
840 991 974 1022 Africani
983 1002 1075 1032 pater,
1085 992 1186 1033 perso—

229 1042 301 1062 nam
315 1033 446 1075 principis
455 1035 521 1063 civu
539 1033 627 1064 facile
638 1034 767 1064 dicendo
787 1034 922 1064 tuebatur
941 1045 946 1063 2
966 1043 993 1064 at
1010 1032 1082 1064 verb
1093 1035 1183 1063 etiam

228 1083 294 1104 tum
307 1078 418 1105 Catone
428 1078 500 1105 vivo
510 1095 518 1110 ,
536 1077 689 1116 quiannos
701 1078 833 1117 quinque
845 1096 854 1109 ,
875 1076 907 1106 δε
918 1086 1024 1106 Lxxx.
1035 1085 1120 1106 natus
1131 1085 1184 1105 ex—

227 1114 309 1147 ceffit
318 1116 334 1146 ὲ
345 1119 403 1146 vita
415 1137 423 1150 ‚
437 1116 508 1147 cum
518 1117 641 1158 quidem
651 1127 688 1147 eo
698 1118 762 1157 ipso
771 1128 852 1147 anno
862 1127 964 1148 contra
975 1120 1034 1147 Ser.
1042 1117 1181 1150 Galbam,

227 1158 263 1188 ad
276 1159 424 1198 populum
435 1159 552 1189 summa
562 1161 758 1189 contentione
767 1158 888 1190 dixifl‘et
899 1170 904 1188 ;
916 1169 1006 1200 quam
1017 1161 1107 1189 etiam
1119 1168 1184 1188 ora-

226 1202 346 1231 tionem
364 1201 500 1240 scriptam
511 1201 641 1242 reliquit.
687 1200 743 1231 Sed
754 1202 827 1231 vivo
839 1204 950 1232 Catone
971 1203 1104 1230 minores
1114 1209 1182 1230 natu

227 1242 320 1272 multi
339 1251 402 1271 uno
420 1250 554 1281 tempore
571 1251 701 1273 oratores
711 1241 888 1272 floruerunt.
913 1245 994 1273 Nam
1008 1243 1085 1273 &A-
1097 1241 1182 1273 Albi-

225 1285 391 1324 nus‚is,qui
402 1285 505 1314 Graece
515 1282 624 1324 scripsit
633 1283 800 1318 historiam,
812 1286 864 1325 qui
874 1285 979 1315 consul
988 1294 1059 1316 cum
1072 1285 1106 1313 L.
1119 1285 1182 1313 Lu-

225 1325 309 1355 cullo
318 1324 395 1358 fuit,
413 1325 446 1355 &
463 1325 606 1356 litteratus
617 1325 780 1356 &disertus
790 1326 848 1356 fuit
867 1337 873 1355 z
893 1326 1032 1356 &tenuit
1041 1335 1112 1356 cum
1123 1326 1182 1354 hoc

225 1367 330 1397 locum
348 1366 500 1408 quendam
519 1369 609 1398 etiam
626 1370 687 1398 Ser.
706 1368 846 1402 Fulvius,
866 1371 880 1387 ²
893 1368 994 1398 &una
1005 1371 1064 1397 Ser.
1076 1366 1181 1398 Fabius

227 1407 329 1439 Pastor
340 1429 348 1441 ‚
371 1408 487 1447 &juris
497 1429 504 1443 ,
527 1409 735 1439 &litterarum
746 1429 754 1444 ,
777 1410 809 1440 δε
819 1411 1000 1451 antiquitatis
1011 1409 1087 1439 bene
1106 1410 1183 1449 peri-

226 1459 283 1480 tus.
309 1451 497 1492 Qintusque
508 1451 613 1481 Fabius
624 1451 726 1483 Labeo
736 1452 795 1482 fuit
803 1461 922 1482 ornatus
930 1451 1036 1482 iisdem
1047 1450 1108 1481 fere
1120 1451 1182 1480 lau-

226 1491 324 1522 dibus.
349 1494 431 1522 Nam
441 1493 623 1531 Q.Metellus
634 1513 642 1527 ‚
663 1495 687 1523 is
698 1514 706 1526 ‚
724 1495 809 1533 cujus
819 1502 959 1535 quattuor
978 1492 1033 1523 filii
1042 1493 1181 1523 consula-

226 1543 273 1564 res
283 1533 406 1563 fuerunt
415 1554 423 1566 ‚
436 1536 468 1563 in
479 1536 584 1573 primis
593 1534 635 1565 est
646 1535 762 1565 habitus
773 1537 821 1565 elo
844 1546 929 1569 uens,
942 1537 993 1576 qui
1005 1544 1058 1575 pro
1070 1536 1183 1564 L.Cot-

227 1584 256 1606 ta
267 1575 346 1605 dixit
356 1596 364 1608 ,
385 1577 537 1606 accusante
547 1575 689 1607 Africano
701 1597 709 1610 ‚
729 1578 814 1616 cujus
868 1578 931 1607 aliae
944 1578 1011 1607 sunt
1020 1578 1180 1609 orationes,

230 1617 264 1647 δε
272 1626 374 1647 contra
384 1619 434 1647 Ti.
445 1619 612 1648 Gracchum
625 1617 757 1658 exposita
764 1618 806 1648 est
816 1620 848 1648 in
861 1621 892 1648 C.
904 1621 1010 1648 Fannii
1017 1617 1182 1648 annalibus.

229 1661 316 1690 Tuin
335 1659 397 1698 ipse
408 1661 532 1689 L.Cotta
549 1667 689 1689 veterator
697 1660 814 1690 habitus
825 1680 833 1694 ‚
853 1660 902 1690 sed
913 1662 944 1690 C.
958 1660 1069 1690 Laelius
1080 1680 1088 1694 ,
1110 1659 1142 1689 &
1152 1662 1182 1690 P.

227 1700 385 1734 Africanus
393 1702 426 1730 in
436 1702 513 1740 prim
520 1703 544 1732 is
551 1701 726 1741 eloquentes
738 1712 883 1742 :quorum
894 1701 1009 1732 exstant
1019 1703 1180 1734 orationes,

228 1753 268 1773 ex
278 1742 388 1783 quibus
396 1741 562 1772 existimari
580 1742 616 1772 de
631 1745 759 1783 ingeniis
769 1754 920 1774 oratorum
937 1743 1044 1784 potest.
1068 1744 1124 1774 Sed
1135 1745 1184 1772 in—

228 1793 273 1815 ter
283 1785 339 1813 hos
357 1793 438 1814 aetate
447 1785 583 1824 paullum
595 1785 640 1814 liis
650 1784 825 1815 antecedens
842 1785 904 1816 fine
916 1784 1111 1816 controversia
1121 1788 1180 1815 Ser.

229 1826 324 1856 Galba
332 1846 340 1859 ‚
351 1826 523 1866 eloquentia
531 1825 667 1866 praestitit
679 1838 683 1856 :
697 1827 730 1857 Sc
741 1829 888 1858 nimirum
899 1830 922 1857 is
933 1830 1069 1868 princeps
1079 1837 1116 1857 ex
1127 1829 1184 1857 La-

229 1870 301 1899 tinis
312 1887 320 1900 ‚
334 1868 385 1897 illa
394 1877 547 1897 oratorum
557 1870 673 1908 propria
684 1889 692 1902 ‚
713 1869 745 1898 &
755 1868 832 1909 quasi
842 1870 975 1911 legitima
983 1880 1070 1910 opera
1080 1868 1183 1899 naasta-

227 1912 290 1943 vit,
305 1919 336 1939 ut
345 1909 530 1950 egrederetur
540 1910 555 1939 a
565 1909 716 1950 proposito
727 1911 852 1941 ornandi
863 1912 946 1942 causa
955 1932 963 1945 ,
985 1921 1016 1941 ut
1026 1910 1185 1941 deleeiaret

226 1961 350 1982 animos
361 1971 368 1984 ‚
381 1960 430 1981 aut
439 1961 628 1990 permoveret
639 1972 647 1985 ‚
670 1961 826 1993 utaugeiet
834 1963 898 1982 rem
911 1974 918 1986 ‚
940 1962 972 1983 ut
984 1953 1184 1983 miserationi-

227 1993 284 2023 bus
297 2013 304 2026 ,
324 2001 357 2022 ut
364 1993 581 2022 communibus
597 1993 671 2023 locis
684 2003 813 2024 uteretur
833 2005 838 2023 :
857 1994 906 2024 sed
916 1995 1016 2025 nescio
1026 1994 1183 2035 quomodo

226 2035 316 2073 hujus
327 2055 336 2068 ,
356 2044 448 2075 quem
458 2034 572 2064 constat
588 2035 760 2075 eloquentia
767 2035 928 2076 praestitisse
939 2057 946 2070 ‚
966 2037 1109 2066 exiliores
1120 2046 1185 2065 ora-

217 2078 326 2106 'tiones
344 2077 411 2108 sunt
422 2096 429 2109 ‚
450 2076 661 2106 &redolentes
673 2080 765 2118 magis
777 2080 984 2118 antiquitatem
996 2098 1004 2112 ‚
1026 2078 1117 2118 quam
1133 2086 1182 2107 aut

228 2118 317 2148 Laelii
329 2137 337 2151 ‚
357 2127 407 2147 aut
415 2119 564 2158 Scipionis
575 2137 582 2150 ,
603 2127 653 2147 aut
661 2121 751 2149 etiam
762 2118 849 2158 ipsius
859 2122 990 2149 Catonis.
1011 2122 1110 2160 itaque
1128 2129 1183 2149 ex-

226 2168 377 2193 aruerunt5
387 2160 509 2198 vixjam
519 2168 551 2188 ut
559 2169 722 2200 appareant.
736 2162 783 2189 De
794 2159 882 2199 ipsius
892 2161 1025 2194 Laelii‚&
1035 2162 1184 2200 Scipionis

228 2203 353 2241 ingenio
365 2221 372 2233 ‚
393 2210 575 2241 quamquam
596 2211 629 2230 ea
642 2201 704 2240 jam
714 2200 756 2231 est
767 2204 872 2241 opinio
885 2222 892 2235 ‚
912 2202 1120 2241 utplurimum
1131 2204 1184 2231 tri-

228 2242 335 2274 buatur
344 2242 503 2276 ambobus3
513 2242 634 2271 dicendi
644 2251 745 2272 tamen
754 2243 815 2272 laus
826 2242 868 2273 est
877 2245 910 2272 in
922 2244 1018 2274 Laelio
1028 2242 1181 2272 illustrior.
1192 2279 1195 2282 ἤ

230 2287 270 2314 At
285 2286 379 2314 oratio
390 2284 476 2314 Laelii
485 2283 516 2312 de
526 2284 639 2323 collegia
649 2304 657 2316 ,
676 2294 739 2313 non
752 2285 861 2315 melior
873 2305 880 2317 ,
901 2286 991 2325 quam
1003 2305 1011 2318 ,
1033 2285 1069 2314 de
1080 2285 1184 2314 multis

229 2335 320 2366 quam
339 2326 423 2356 voles
436 2345 443 2357 ‚
467 2326 616 2364 Scipionis
636 2336 640 2353 :
660 2336 722 2355 non
734 2326 795 2366 quo
812 2326 862 2356 illa
872 2327 958 2356 Laelii
975 2326 1139 2366 quidquam
1151 2325 1184 2356 sit

229 2367 346 2397 dulcius
358 2387 367 2401 ‚
386 2375 436 2396 aut
451 2365 533 2407 quod
553 2366 589 2396 de
606 2367 753 2408 religione
773 2367 832 2397 dici
847 2366 934 2407 poffit
951 2367 1101 2408 augustius
1117 2367 1184 2401 ‚sed

229 2409 331 2439 multo
342 2418 442 2439 tamen
452 2407 594 2438 vetustior
605 2429 613 2441 ,
624 2408 656 2437 &
667 2408 817 2438 horridior
826 2410 877 2438 ille
889 2430 897 2441 ‚
910 2408 999 2450 quam
1009 2411 1108 2448 Scipio
1119 2429 1126 2441 ,
1140 2409 1182 2443 &,

229 2449 302 2480 cum
313 2449 410 2480 sintin
420 2449 550 2479 dicendo
559 2451 646 2479 variae
656 2451 821 2480 voluntates
833 2471 840 2484 ‚
852 2450 991 2480 delectari
1001 2452 1079 2480 milii
1091 2453 1184 2491 magis

228 2494 403 2534 antiquitate
421 2491 539 2521 videtur
556 2511 565 2526 ‚
592 2492 625 2521 δε
643 2491 779 2521 lubenter
796 2491 894 2522 verbis
913 2494 1004 2522 etiam
1024 2494 1068 2522 uti
1086 2492 1186 2532 paullo

230 2543 326 2574 magis
343 2534 445 2572 priscis
460 2533 581 2563 Laelius.
611 2533 666 2563 Sed
681 2543 737 2563 zsr
749 2544 813 2564 Mos
832 2534 1016 2568 hominum,
1037 2542 1070 2563 ut
1087 2534 1190 2564 nolint

230 2575 363 2604 eundem
374 2574 508 2614 pluribus
520 2574 608 2604 rebus
620 2575 776 2605 excellere.
801 2578 882 2605 Nam
895 2585 926 2605 ut
937 2586 974 2609 ex
986 2576 1090 2605 bellica
1101 2575 1187 2605 laude

230 2616 267 2645 ad
273 2616 375 2655 spirare
386 2615 421 2645 ad
432 2615 609 2646 Africanum
620 2626 713 2645 nemo
723 2616 819 2657 potest
830 2637 838 2650 ,
857 2619 890 2646 in
899 2627 956 2658 qua
965 2617 1024 2656 ipsa
1035 2619 1187 2658 egregium

232 2659 340 2688 viriati
350 2657 431 2687 bello
439 2658 604 2697 reperimus
614 2656 699 2688 fuisse
710 2658 841 2689 Laelium
861 2669 866 2688 :
886 2657 923 2689 sic
935 2660 1048 2700 ingenii
1059 2678 1068 2692 ‚
1079 2659 1189 2690 littera-

1224 121 1755 170 Cicssuours

1227 213 1295 233 rum
1306 223 1315 238 ‚
1327 202 1505 244 eloquentiae
1517 224 1525 238 ‚
1537 204 1686 244 sapientiae
1697 204 1827 245 denique
1841 223 1849 238 ‚
1871 203 1921 235 etsi
1932 202 2048 246 utrique
2057 202 2180 245 primas.

1227 247 1339 286 priores
1357 254 1458 276 tamen
1469 246 1597 276 libenter
1612 244 1752 276 deferunt
1770 246 1874 278 Lael'io.
1899 249 1965 277 Nec
1982 248 2184 277 mihicetero-

1228 297 1295 317 rum
1309 287 1428 327 judicio
1438 287 1536 318 solum
1546 287 1682 321 videtui-3
1700 288 1846 318 sedetiam
1858 288 1991 329 ipsorum
2009 290 2087 318 inter
2105 289 2186 328 ipsos

1228 327 1366 359 concess'u
1385 331 1424 359 ita
1442 330 1588 359 tributum
1607 327 1705 359 fuiss'e.
1732 332 1800 360 Erat
1811 332 1941 359 omnino
1960 340 2024 360 tum
2044 340 2112 359 mos
2123 350 2131 364 ‚
2151 338 2186 361 ut

1228 373 1261 400 in
1280 371 1402 410 reliquis
1415 371 1501 400 rebus
1513 372 1640 404 melior,
1660 369 1697 400 sic
1708 372 1809 401 inhoc
1824 372 1887 411 ipso
1897 373 2075 402 humanior:
2098 380 2129 402 ut
2140 370 2184 402 fa-

1227 413 1299 442 ciles
1317 412 1410 442 css'cnt
1428 415 1461 442 in
1479 413 1566 442 suum
1583 415 1691 453 cuique
1711 413 1879 443 tribuendo.
1912 415 2180 447 Memoriateneo,

1227 457 1361 493 Smyrnae
1374 475 1382 486 ,
1394 463 1443 483 me
1453 464 1490 483 ex
1501 455 1653 483 P.Rutilio
1664 453 1747 484 Rufo
1757 452 1880 488 audisse,
1889 453 1960 484 cum
1972 455 2080 484 diceret
2090 474 2098 487 ‚
2111 454 2184 484 ado-

1226 495 1391 525 lescentulo
1403 495 1430 524 se
1439 493 1572 525 accidiffe
1583 515 1593 528 ‚
1602 504 1677 524 utex
1687 498 1753 525 S.C.
1766 495 1888 525 Publius
1898 498 2010 535 Scipio,
2022 496 2054 525 &
2065 498 2185 526 DBru-

1227 546 1272 566 tus
1291 538 1336 575 (ut
1354 537 1475 575 opinor)
1490 546 1572 566 coss.
1590 535 1626 565 de
1646 547 1675 566 re
1695 539 1785 566 atroci
1799 557 1807 569 ,
1830 547 1994 582 magnaque
2011 547 2185 578 quaererent.

1228 580 1309 607 Nam
1320 577 1391 607 cum
1414 581 1426 605 3
1441 579 1471 607 in
1488 576 1557 608 silva
1566 578 1625 607 Sila
1634 576 1708 607 fasta
1726 578 1819 608 caedes
1839 577 1909 608 esset
1919 598 1927 611 ,
1948 580 2071 619 notique
2082 579 2186 609 homi-

1228 629 1280 649 nes
1291 618 1442 649 interfefiti
1453 639 1461 652 ‚
1484 618 1759 659 insimulareturque
1769 619 1885 649 familia
1897 641 1904 652 ,
1919 622 2026 659 partim
2037 622 2128 650 etiam
2146 621 2186 650 li-

1228 661 1288 690 beri
1308 681 1317 693 ‚
1338 662 1484 691 societatis
1501 663 1564 699 ejus
1576 681 1584 694 ‚
1606 664 1699 701 4quae
1718 664 1839 701 picarias
1860 661 1896 691 de
1915 665 1944 691 P.
1959 663 2099 692 Cornelio
2112 682 2121 695 ‚
2142 664 2180 693 L.

1227 705 1384 732 Mummio
1393 705 1503 732 Causs.
1516 701 1687 732 redemiss'et
1696 722 1704 735 ,
1724 701 1882 732 decrevisse
1894 703 2027 733 senatum
2039 724 2047 737 ‚
2062 713 2094 733 ut
2104 703 2140 733 de
2151 713 2185 735 ea

1225 754 1255 773 re
1266 744 1479 785 cognoscerent
1489 744 1521 774 &
1532 744 1689 774 statuerent
1697 745 1843 775 consules.
1868 745 1991 774 Causam
1998 755 2046 786 pro
2055 743 2183 785 publica-

1227 787 1264 814 nis
1274 786 1404 816 accurate
1415 805 1423 819 ‚
1444 795 1476 816 ut
1492 786 1607 825 semper
1623 785 1727 816 solitus
1744 784 1833 820 esset,
1852 787 2056 828 eleganterque
2074 784 2183 817 dixisse

1228 827 1367 857 Laelium.
1406 826 1486 857 Cum
1506 827 1642 858 consules
1654 847 1662 861 ‚
1683 837 1712 856 re
1730 827 1829 858 audita
1840 849 1847 861 ‚
1870 828 1990 870 amplius
2011 828 2046 858 de
2064 826 2182 858 consilii

1226 869 1369 899 sententia
1378 866 1659 908 pronuntiaviffent,
1685 872 1786 908 paucis
1803 869 1980 909 interpositis
2001 869 2106 900 diebus
2125 872 2183 900 ite-

1227 920 1295 940 rum
1307 911 1436 941 Laelium
1447 911 1546 940 multo
1556 909 1912 952 diligentius,meliusque
1922 910 2042 941 dixiss'e:
2055 913 2184 942 iterum-

1226 962 1283 993 que
1302 952 1412 983 eodem
1433 952 1527 982 modo
1547 951 1746 982 §.consulibus
1762 962 1827 982 rem
1846 952 1904 983 eil’e
1921 953 2073 993 prolatam.
2098 956 2183 983 Tum

1228 994 1358 1024 Lcelium
1370 1015 1379 1028 ‚
1399 992 1470 1024 cum
1481 1004 1551 1023 eum
1562 994 1635 1024 socii
1648 993 1778 1024 domum
1787 993 1971 1025 reduxiss'ent
1983 994 2183 1037 :egissentque

1222 1038 1325 1077 gratias
1338 1056 1346 1070 ‚
1368 1036 1400 1066 δε
1411 1056 1419 1069 ,
1431 1046 1470 1065 ne
1479 1035 1686 1076 defatigeretur
1696 1056 1705 1070 ‚
1715 1035 1877 1066 oraviss‘ent
1887 1057 1894 1069 ‚
1910 1037 2047 1067 locutum
2058 1035 2115 1066 effe
2126 1039 2178 1070 ita,

1226 1078 1253 1108 se
1263 1098 1271 1111 ‚
1291 1088 1358 1119 qua:
1367 1076 1494 1110 fecisset,
1517 1078 1644 1107 honoris
1653 1088 1758 1108 eorum
1768 1078 1849 1108 causa
1859 1098 1867 1111 ‚
1891 1078 2021 1108 studiose
2033 1098 2041 1111 ‚
2062 1088 2182 1108 accura-

1227 1129 1312 1160 teque
1323 1118 1422 1150 feciffe
1445 1129 1450 1147 t
1469 1119 1518 1149 sed
1530 1119 1558 1149 se
1567 1119 1699 1149 arbitrari
1711 1140 1719 1153 ,
1740 1120 1951 1150 causamillam
1968 1120 1984 1149 a
1999 1123 2060 1150 Ser.
2072 1119 2177 1152 Galba.

1225 1161 1306 1201 quod
1317 1163 1341 1190 is
1361 1164 1374 1188 5
1386 1163 1418 1190 in
1437 1159 1566 1190 dicendo
1578 1162 1728 1194 ornatior,
1747 1163 1899 1202 acriorque
1909 1160 1998 1195 effer,
2017 1160 2135 1202 gravius
2146 1161 2183 1192 Sc

1224 1201 1435 1232 vehementius
1445 1200 1527 1242 posse
1539 1201 1670 1232 defendi.
1693 1205 1794 1242 Itaque
1804 1203 1976 1233 auetoritate
1987 1205 2018 1233 C.
2030 1203 2117 1233 Laelii
2126 1213 2184 1243 pu-

1226 1244 1359 1275 blicanos
1373 1244 1490 1274 causam
1507 1241 1643 1273 detuliss'e
1653 1243 1688 1273 ad
1700 1244 1835 1274 Galbam.
1858 1245 1949 1274 Illum
1961 1254 2060 1274 autem
2071 1265 2079 1278 ‚
2097 1244 2182 1286 quod

1224 1287 1252 1316 ei
1262 1288 1327 1316 viro
1338 1284 1556 1316 succedendum
1566 1283 1638 1315 ess'et
1646 1305 1655 1318 ‚
1673 1285 1840 1316 verecunde
1851 1306 1860 1319 ‚
1879 1286 1911 1316 ὃς
1921 1286 2091 1317 dubitanter
2101 1296 2183 1316 rece-

1223 1326 1305 1367 pisse.
1318 1337 1412 1357 unum
1424 1325 1502 1368 quasi
1512 1326 1793 1366 comperendinatus
1811 1347 1819 1360 ,
1841 1328 1979 1358 medium
1989 1328 2071 1358 diem
2081 1327 2181 1362 fuisse,

1224 1378 1316 1410 quem
1327 1377 1425 1399 totum
1437 1368 1564 1398 Galbam
1573 1370 1607 1398 in
1616 1367 1827 1399 consideranda
1835 1380 1887 1399 cau
1893 1370 1918 1399 sa
1927 1390 1935 1404 ,
1955 1369 2182 1410 componenda-

1224 1421 1281 1452 que
1291 1410 1428 1452 posuisse.
1452 1410 1485 1440 &
1496 1430 1504 1444 ,
1521 1409 1593 1440 cum
1603 1412 1788 1451 cognitionis
1797 1410 1859 1441 dies
1869 1409 1940 1441 effet
1950 1431 1958 1445 ,
1977 1412 2080 1451 &ipse
2089 1413 2179 1442 Ruti-

1224 1454 1281 1483 lius
1293 1462 1394 1494 rogatu
1403 1454 1555 1483 sociomm
1565 1451 1694 1482 domum
1705 1451 1740 1482 ad
1750 1452 1877 1483 Galbam
1888 1453 1977 1483 mane
1987 1452 2112 1483 venisset
2121 1473 2130 1486 ‚
2148 1461 2183 1484 ut

1224 1505 1295 1525 eum
1304 1496 1489 1528 admoneret,
1502 1495 1534 1523 ὃς
1545 1493 1580 1524 ad
1590 1494 1710 1524 dicendi
1721 1503 1839 1534 tempus
1850 1494 2004 1524 adduceret
2016 1505 2022 1524 2
2040 1495 2131 1540 usque
2141 1495 2181 1524 il-

1225 1537 1291 1566 lum
1303 1556 1311 1570 ‚
1332 1536 1430 1577 quoad
1450 1537 1478 1565 ei
1497 1537 1671 1566 nuntiatum
1681 1533 1751 1565 esset
1768 1536 1906 1566 consules
1924 1535 2105 1566 descendisse
2117 1556 2125 1570 ,
2144 1546 2181 1566 o-

1226 1579 1349 1608 mnibus
1366 1576 1491 1608 exclusis
1507 1586 1749 1607 commentatum
1767 1579 1799 1606 in
1809 1576 1937 1618 quadam
1947 1577 2095 1608 testudine
2107 1587 2181 1610 cum

1225 1621 1316 1650 servis
1328 1620 1461 1650 litteratis
1470 1616 1558 1648 fuiss‘e
1570 1629 1575 1647 :
1594 1628 1725 1659 quorum
1735 1619 1815 1649 aliud
1826 1618 1935 1650 dietate
1944 1618 2053 1650 eodem
2063 1628 2182 1660 tempo-

1227 1672 1256 1692 re
1267 1662 1372 1692 solitus
1380 1659 1590 1691 esset-interim
1602 1659 1674 1690 cum
1685 1658 1757 1690 efl'et
1766 1663 1793 1690 ei
1803 1663 1974 1691 nuntiatum
1984 1669 2102 1701 tempus
2112 1659 2182 1697 esst,

1225 1701 1316 1734 exisse
1327 1705 1359 1733 in
1370 1702 1459 1733 aedeis
1478 1712 1514 1732 eo
1524 1703 1625 1732 colore
1637 1722 1646 1736 ‚
1665 1702 1746 1732 &iis
1766 1703 1862 1733 oculis
1873 1723 1882 1737 ‚
1904 1711 1937 1733 ut
1946 1701 2034 1743 egiffe
2051 1702 2181 1738 causam,

1226 1756 1289 1776 non
1299 1753 1540 1775 commentatum
1550 1753 1676 1784 putares.
1702 1743 1839 1774 Addebat
1848 1746 1937 1774 etiam
1950 1765 1958 1778 ‚
1970 1744 2060 1786 idque
2070 1744 2106 1775 ad
2115 1754 2181 1775 rem

1224 1790 1371 1828 pertinere
1380 1786 1499 1827 putabat
1512 1797 1517 1815 :
1536 1786 1689 1826 scriPtores
1697 1786 1767 1815 illos
1777 1785 1856 1816 male
1866 1786 2002 1816 multatas
2009 1784 2100 1816 exisse
2111 1796 2184 1817 cum

1227 1830 1332 1859 Galba.
1355 1839 1393 1859 ex
1413 1838 1473 1870 quo
1487 1826 1685 1869 significabat,
1704 1828 1794 1858 illum
1806 1830 1917 1858 nonin
1935 1827 2050 1869 agendo
2069 1827 2182 1863 solum,

1225 1871 1273 1902 sed
1295 1873 1387 1901 etiam
1406 1872 1438 1900 in
1459 1868 1633 1899 meditando
1651 1869 1863 1899 vehementem
1883 1890 1892 1903 ,
1917 1879 2003 1910 atque
2021 1870 2180 1900 incensum

1225 1911 1321 1942 fuiss‘e.
1345 1911 1426 1954 Qid
1438 1912 1553 1941 multa?
1566 1921 1670 1952 magna
1677 1910 1896 1950 exspeEtatione
1906 1912 2046 1951 plurimis
2055 1911 2183 1942 audien-

1225 1955 1304 1984 tibus
1314 1974 1323 1988 ,
1342 1964 1444 1984 coram
1453 1953 1518 1993 ipso
1527 1954 1622 1983 Laelio
1632 1951 1761 1982 siciliam
1771 1953 1886 1983 causam
1899 1973 1907 1986 ‚
1927 1962 2006 1983 tanta
2015 1955 2065 1987 vi,
2088 1961 2181 1984 tanta-

1246 2007 1282 2026 ue
1301 1997 1442 2037 gravitate
1460 1993 1567 2025 dixiss'e
1578 1995 1704 2025 Galbam
1716 2014 1724 2029 ‚
1747 1995 1871 2024 utnulla
1881 1993 1942 2024 fere
1961 2004 2025 2035 pars
2035 1996 2183 2026 orationis

1225 2007 1345 2068 silentio
1371 2039 1574 2077 praeteriretur.
1606 2039 1707 2076 Itaque
1726 2037 1831 2066 multis
1849 2037 1976 2077 querelis
1997 2056 2005 2069 ,
2029 2037 2184 2078 multaque

1226 2080 1415 2110 miseratione
1437 2078 1570 2108 adhibita
1589 2097 1598 2111 ,
1620 2078 1718 2107 socios
1737 2098 1745 2112 ‚
1770 2080 1913 2107 omnibus
1935 2077 2178 2117 approbantibus,

1224 2120 1239 2141 ⁶
1254 2122 1306 2150 illa
1315 2121 1364 2150 die
1376 2141 1384 2153 ,
1404 2119 1567 2160 quaestione
1578 2117 1802 2148 liberatowefl'e.
1826 2121 1873 2148 Ex
1889 2119 1942 2149 hac
1951 2119 2106 2152 Rutiliana
2115 2129 2182 2150 nar-

1225 2164 1338 2192 ratione
1357 2162 1495 2200 suspicari
1513 2161 1583 2189 licet
1595 2180 1604 2193 ,
1627 2159 1699 2189 cum
1719 2160 1785 2190 duae
1804 2160 1928 2190 summae
1947 2158 2002 2190 sint
2019 2162 2052 2190 in
2063 2169 2179 2192 oratore

1226 2203 1325 2233 laudes
1339 2223 1347 2236 ‚
1361 2213 1419 2232 una
1429 2202 1572 2231 subtiliter
1582 2201 1761 2241 disputandi,
1772 2201 1806 2231 ad
1817 2202 1989 2232 docendum
2003 2213 2008 2231 :
2021 2202 2109 2234 altera
2119 2213 2184 2244 gra-

1225 2247 1302 2274 viter
1311 2244 1429 2284 agendi,
1445 2243 1479 2273 ad
1489 2245 1609 2273 animos
1618 2242 1805 2272 audientium
1814 2244 2038 2283 permovendos
2051 2255 2056 2273 :
2068 2248 2184 2275 multo-

1226 2297 1282 2328 que
1293 2287 1359 2326 plus
1367 2283 1502 2325 proficiat
1513 2287 1549 2318 is,
1560 2286 1611 2324 qui
1622 2284 1780 2322 inflammet
1791 2285 1921 2322 judicem
1934 2305 1942 2319 ‚
1953 2286 2042 2326 quam
2055 2287 2118 2320 ille,
2130 2289 2184 2327 qui

1226 2329 1332 2358 doceat
1351 2337 1356 2355 z
1378 2327 1555 2367 elegantiam
1576 2336 1607 2354 in
1618 2327 1715 2356 Laelio
1724 2346 1732 2359 ‚
1754 2328 1819 2356 vim
1832 2329 1863 2356 in
1875 2327 1969 2357 Galba
1986 2326 2082 2357 fuiffe.
2105 2331 2182 2370 Qiae

1226 2369 1349 2410 quidem
1360 2370 1405 2397 vis
1418 2377 1483 2397 tum
1495 2367 1632 2397 maxime
1644 2369 1762 2409 cognita
1772 2368 1825 2402 est,
1836 2367 1907 2398 cum
1918 2389 1926 2403 ,
1940 2367 2086 2400 Lusitanis
2097 2369 2112 2400 ἒι
2123 2373 2182 2400 Ser.

1229 2410 1322 2440 Galba
1329 2419 1451 2450 praetore
1459 2418 1560 2438 contra
1571 2408 1819 2449 intei·pofitam,ut
1829 2409 2062 2445 existimabatur,
2073 2410 2177 2445 fidem,

1230 2451 1393 2481 interfe6hs
1405 2471 1412 2485 ,
1433 2453 1471 2481 T.
1484 2451 1601 2480 Libone
1612 2452 1733 2481 tribuno
1749 2452 1791 2492 pl.
1803 2452 1951 2491 populum
1967 2454 2108 2483 incitante
2120 2473 2128 2488 2
2150 2453 2184 2485 δε

1230 2495 1417 2534 rogationem
1428 2494 1458 2522 in
1470 2492 1595 2522 Galbam
1606 2493 1756 2533 privilegii
1775 2492 1905 2523 similem
1915 2493 2028 2524 ferente
2040 2514 2048 2528 ‚
2068 2495 2186 2526 summa

1231 2533 1379 2565 senesiam
1399 2534 1444 2572 (ut
1461 2534 1527 2563 ante
1540 2533 1616 2573 dixi)
1627 2537 1670 2563 M.
1684 2535 1862 2576 Catolegem
1874 2535 1996 2566 suadens
2014 2538 2048 2565 in
2058 2536 2186 2566 Galbam

1232 2577 1327 2606 multa
1336 2576 1429 2606 dixit:
1449 2585 1538 2616 quam
1549 2578 1715 2606 orationem
1728 2579 1759 2605 in
1771 2577 1898 2617 Origines
1909 2577 1972 2607 suas
1983 2578 2084 2607 retulit
2094 2598 2102 2611 ‚
2113 2587 2187 2617 pau-

1232 2620 1275 2648 cis
1285 2618 1444 2658 antequam
1455 2626 1591 2646 mortuus
1601 2617 1654 2651 est,
1664 2628 1701 2648 an
1711 2618 1826 2652 diebus,
1838 2628 1874 2648 an
1886 2617 2057 2649 mensibus?
2077 2624 2091 2647 7
2102 2622 2187 2650 Tum

1233 2661 1321 2700 igitur
1338 2659 1473 2690 recusans
1486 2659 1579 2689 Galba
1597 2669 1651 2699 pro
1669 2660 1728 2690 sese
1742 2680 1750 2693 ,
1771 2660 1803 2690 ὃς
1820 2660 1925 2701 populi
1942 2662 2076 2692 Romani
2095 2659 2190 2692 fidem

2078 2703 2192 2743 implo—

272 2795 294 2813 ι.
315 2792 356 2814 M.
365 2789 437 2812 a'ium
447 2789 511 2812 illim-
519 2789 638 2822 quisito-a
648 2791 846 2822 acceperitfilium
858 2809 866 2820 ,
875 2790 966 2822 dicunt,
976 2790 1043 2824 ὄψα]
1055 2790 1133 2816 Nihil
1147 2800 1192 2818 ra-
1212 2795 1214 2814 1
1227 2791 1308 2823 ,[ἳίνατ
1316 2793 1362 2816 im.
1375 2791 1467 2824 Cujac-
1478 2793 1504 2816 in
1514 2794 1660 2826 ifiivasstta.
1672 2792 1740 2819 unde
1751 2794 1778 2819 &
1790 2793 1910 2821 nonnulli
1923 2794 2025 2830 legunt,
2034 2795 2191 2828 infilvafiu.

231 2822 303 2849 riant
313 2822 370 2848 Pal.
382 2821 424 2848 sed
435 2824 505 2848 enim
517 2826 608 2856 Curae.
621 2829 660 2850 M.
675 2832 753 2859 nstint.
774 2826 802 2850 &
816 2834 876 2851 vcro
888 2826 918 2851 P.
930 2827 1067 2852 Manutius
1087 2825 1172 2853 edidit
1184 2846 1192 2859 ‚

1269 2834 1298 2859 4.
1318 2828 1374 2857 92«ae
1383 2828 1517 2860 picarian]
1540 2828 1617 2854 Hand
1636 2829 1715 2855 aliter
1734 2829 1790 2855 Pal.
1805 2830 1956 2865 placuitque
1966 2830 2106 2862 Vh'storio,
2125 2831 2196 2872 ite»,

231 2865 300 2886 aunt
309 2860 373 2883 illim·
384 2877 391 2890 ,
402 2868 452 2888 Of·
464 2859 545 2884 dit-unt
554 2862 624 2884 ctiam
637 2879 644 2891 ‚
654 2861 704 2890 (Isc.
726 2860 796 2896 quod
807 2861 965 2922 &facebat
976 2862 1124 2889 Gulielmio
1135 2882 1143 2895 ,
1154 2862 1194 2889 so·
1234 2863 1343 2895 Cujacio
1354 2861 1401 2888 lib.
1414 2872 1427 2887 v
1437 2883 1441 2888 .
1451 2861 1484 2887 de
1496 2863 1603 2890 iveudis.
1625 2865 1723 2899 legitur
1742 2865 1820 2891 aliter
1834 2868 1965 2897 picearias.
1986 2865 2044 2892 sunt
2053 2867 2133 2893 etiam
2145 2875 2190 2902 qul

234 2893 372 2919 luminodo
389 2893 498 2928 putabat
517 2894 586 2929 posse
604 2896 683 2921 etiam
695 2895 777 2922 deleri
788 2896 835 2922 illu

231 3008 299 3027 cunr.

269 3045 298 3064 ²-
317 3039 351 3061 Et
360 3044 410 3061 una
417 3040 469 3064 Str.
479 3037 569 3061 Fabius
578 3037 683 3070 Pissor]
705 3038 790 3064 Palat.
801 3040 830 3069 (ἔγ
838 3040 971 3074 unafirwis
983 3042 1042 3067 Fab.
1055 3040 1156 3080 ⁴Cujac.
1166 3042 1194 3073 ὠ·

230 3081 282 3097 mm
290 3075 381 3097 serim.
401 3070 472 3106 quod
483 3072 601 3098 mutabat
611 3073 727 3104 infixtm
739 3093 746 3104 ,
758 3075 929 3101 Gulielmius.

293 3127 298 3132 .
317 3110 346 3132 ln
355 3109 424 3141 sylva
433 3108 510 3142 snm]
531 3108 731 3134 Turiiebiunuin
742 3110 777 3136 est
790 3129 798 3141 ‚
818 3111 890 3144 cujus
902 3111 1069 3138 confirmatio
1082 3111 1194 3139 videnda

233 3115 346 3170 nivei-s.
357 3152 428 3180 cap.i
437 3163 442 3170 .
452 3143 603 3180 iterumque
614 3143 823 3175 lib.xxi⁷i.c.iz.
836 3146 1194 3183 vulgata,fil·vafiaa.1'al.ix

373 3210 375 3212 .
386 3199 392 3213 Ι

283 2929 288 2932 ξ
866 2898 958 2923 dicunt.
988 2898 1097 2933 Pighius
1108 2899 1194 2925 noster

232 2929 260 2955 in
274 2929 342 2955 lastis
356 2948 363 2960 ‚
382 2929 413 2954 ad
425 2939 520 2955 annum
533 2930 603 2956 urbis
614 2940 740 2957 DLxxix.
759 2931 858 2965 trajicit
881 2942 955 2960 voces
975 2933 1111 2969 legitque:
1134 2937 1194 2960 Cen-

226 2965 322 2998 sor-fiii!
334 2984 342 2996 ,
360 2966 440 2990 'Public'
456 2968 519 2990 illim
536 2969 578 3000 qui
587 2967 663 2999 sacra
673 2976 792 3000 acceperat
805 2971 884 3002 filtum
894 2971 1000 2995 habitum
1010 2972 1147 3004 eloquentem
1156 2971 1195 2996 di-

1228 2900 1357 2931 pccnarias
1368 2897 1507 2932 legendum
1520 2906 1656 2933 putarunt.
1677 2900 1770 2927 eratin
1782 2900 2065 2934 euiacianopiccarias.
2162 2928 2165 2931 ,

1271 2943 1296 2966 ς.
1316 2937 1343 2958 In
1353 2934 1445 2958 dicendo
1455 2935 1585 2968 ornatior]
1599 2935 1684 2961 Palat.
1696 2937 1814 2962 alahor-tor.
1833 2936 1925 2969 Cujac.
1937 2938 2047 2962 adhortor
2059 2957 2066 2969 ‚
2085 2943 2194 2973 oportet

1232 2968 1277 2995 sub
1288 2968 1400 2997 eokiliud
1413 2968 1475 3004 quid
1487 2969 1578 3001 lateat,
1591 2980 1670 3005 quam
1682 2971 1752 3006 quod
1763 2972 1827 2998 alias
1838 2980 1890 2997 01·ae
1900 2971 2157 3007 adliiigitui·‚fhrtior.

1267 3005 1295 3030 6.
1316 3007 1359 3029 Illa
1371 3006 1406 3030 die
1415 3007 1530 3037 quastione
1548 3007 1657 3032 liberatus
1676 3007 1743 3041 effla]
1764 3007 1855 3040 Cujac.
1866 3008 1907 3032 illa
1916 3008 1950 3033 Ais
1959 3009 2084 3041 qnfitione.
2106 3009 2192 3037 Palat.

1213 3059 1214 3062 η
1232 3039 1388 3076 compendio
1399 3040 1516 3076 sci-iplit3
1537 3039 1579 3067 sed
1591 3049 1679 3069 tamen
1686 3042 1726 3068 ‘ita
1740 3062 1748 3075 ‚
1761 3050 1790 3069 ut
1801 3041 1894 3068 resolvi
1904 3042 1997 3070 debeat
2009 3063 2017 3075 ,
2036 3046 2077 3070 illa
2087 3045 2193 3079 diffiniſs-

1231 3080 1290 3103 7inne
1298 3077 1339 3101 lib.
1351 3077 1401 3106 &a
1413 3076 1537 3112 appolite.
1590 3095 1622 3105 ..
1854 3101 1855 3104 ,

1266 3121 1294 3147 7.
1314 3113 1369 3137 Tum
1381 3114 1454 3145 igitur
1464 3112 1574 3144 recusans
1585 3113 1662 3138 Galba
1668 3113 1789 3148 profift.]
1810 3113 1946 3140 Corradus
1960 3114 2052 3151 adjicit
2062 3118 2076 3143 ὲ
2087 3115 2195 3143 Valerio

1232 3147 1368 3187 Maximo,
1377 3149 1441 3177 m‘hil
1448 3148 1570 3188 recussu-53
1589 3148 1632 3176 sed
1642 3148 1702 3178 libri
1713 3160 1765 3179 non
1775 3150 1840 3178 item
1847 3150 1951 3186 juvant.

2112 3196 2135 3216 ¹.
2146 3190 2196 3214 Du·

2204 422 2249 448 22

2202 2125 2244 2160 23
