2360 3400
320 143 1987 209 MT.&emisamTmoNE'M,ETAL10s,L113.XV1.

537 231 626 292 M.
720 232 1119 296 TULLII
1216 237 1826 303 CICERONIS

2059 162 2154 222 767

205 332 542 411 EPIST
564 333 916 412 OLAR
938 334 1127 411 ΠΜ
1165 353 1274 404 AD
1309 338 2108 425 FAMILIARES
2137 398 2173 427 ‚,

484 450 806 506 LIBER
867 450 1364 506 DECIMUS
1429 455 1877 524 SEXTUS,

1123 545 1164 587 A

680 626 1159 686 TIRO

269 758 339 787 ¹M.
355 759 396 787 T.
417 758 450 786 C.
475 757 530 786 ET
553 757 701 787 CICERO
724 756 834 786 MEUS
848 775 857 788 ‚
889 757 944 785 ET
965 756 1027 784 FP..
1051 756 1107 785 ET

380 800 556 828 FRATRIS
582 800 656 828 FIL.
682 799 836 827 TIRONI
858 799 886 826 S.
902 800 932 826 P.
948 798 988 825 D.

391 857 401 864 2
429 856 431 858 ¹
466 845 583 872 Ammo
602 839 720 871 facilius
729 842 829 880 putavi
846 839 928 879 poffe
947 839 1081 869 mei-'erre
1091 837 1166 869 defi-

466 883 584 912 derium
597 885 659 912 tui:
680 882 728 911 sed
739 881 828 921 plane
839 891 904 910 non
915 881 996 910 fero:
1012 881 1046 910 δε
1056 891 1165 921 quam-

462 934 553 964 quam
563 925 664 964 magni
675 923 709 952 ad
721 924 870 952 honorem
884 922 1019 953 nostrum
1031 922 1163 956 interest,

461 965 551 1005 quam
563 964 698 1004 primum
710 964 744 994 ad
757 964 861 994 urbem
873 974 922 994 me
933 974 1047 997 venire,
1061 973 1161 994 tamen

459 1006 587 1046 peccasse
599 1008 676 1036 mihi
688 1005 792 1036 videor
803 1026 811 1040 ,
830 1008 881 1047 qui
896 1005 912 1036 ὲ
928 1015 954 1036 te
967 1005 1159 1052 discesserim.

460 1049 516 1079 Sed
527 1051 596 1089 quia
610 1058 657 1079 tua
670 1048 810 1078 voluntas
822 1058 854 1078 ea
864 1047 1021 1078 videbatur
1031 1046 1087 1078 efle
1098 1068 1106 1081 ‚
1130 1057 1161 1078 ut

417 1091 420 1094 “
463 1092 580 1132 prorsus
595 1110 603 1124 ,
622 1088 677 1120 nisi
695 1088 876 1120 confirmato
894 1100 1019 1130 corpore
1035 1110 1043 1123 ,
1065 1090 1162 1120 nolles

196 1136 332 1176 navigare
345 1155 354 1168 ,
370 1137 384 1154 ²
396 1133 555 1174 approbavi
568 1142 653 1163 tuum
663 1130 824 1162 consilium
835 1151 844 1165 ‚
860 1142 957 1172 neque
968 1141 1050 1161 nunc
1062 1141 1162 1165 muto,

193 1175 215 1207 fi
227 1179 300 1207 tuin
311 1176 415 1206 eadem
427 1186 457 1206 es
469 1175 623 1205 sententia.
647 1176 698 1204 Sin
710 1182 810 1203 autem
825 1172 926 1213 postea
936 1193 943 1207 ‚
955 1174 1044 1214 quam
1057 1174 1161 1220 cibum

194 1217 298 1258 cepisti
311 1239 319 1251 ‚
341 1218 452 1248 videris
472 1217 526 1248 tibi
545 1215 628 1256 poss'e
648 1225 698 1245 me
711 1215 874 1256 consequi,
900 1224 984 1245 tunm
997 1214 1157 1245 consilium

196 1260 248 1290 est.
279 1262 451 1290 Marionem
466 1258 501 1289 ad
518 1268 544 1289 te
559 1257 596 1287 eb
612 1256 678 1287 mifi
698 1277 706 1290 ‚
731 1266 763 1287 ut
776 1267 825 1287 aut
839 1267 938 1287 tecum
953 1257 988 1287 ad
1003 1267 1052 1287 me
1066 1258 1157 1304 quam

193 1300 330 1342 primum
341 1304 458 1332 veniret
471 1312 476 1330 z
487 1309 536 1331 aut
548 1321 556 1334 ‚
570 1299 590 1329 fi
601 1309 631 1330 tu
643 1308 790 1329 morarere
803 1319 811 1332 ,
825 1298 922 1329 statim
934 1299 968 1329 ad
979 1309 1028 1328 me
1039 1300 1157 1346 rediret.

196 1346 247 1374 Tu
258 1351 358 1374 autem
372 1344 428 1373 hoc
440 1343 495 1373 tibi
504 1341 644 1382 persuade
655 1361 664 1374 ,
685 1339 704 1370 fi
721 1340 890 1385 commodo
908 1341 1085 1371 valitudinis
1099 1350 1155 1371 tuae

196 1384 261 1416 fieri
275 1383 379 1425 poffit,
401 1385 478 1414 nihil
494 1394 544 1414 me
557 1383 648 1413 malle
659 1402 667 1416 ‚
686 1392 775 1422 quam
791 1391 819 1412 te
833 1381 890 1412 esse
904 1393 1041 1430 mecum3
1071 1382 1090 1412 si
1106 1392 1156 1412 au-

194 1436 257 1458 tem
275 1426 422 1467 intelliges
442 1436 518 1466 opus
538 1424 596 1455 css'e
609 1445 617 1458 ,
640 1433 668 1454 te
687 1426 795 1456 Patris,
815 1424 1043 1454 convalescendi
1061 1425 1155 1458 causa,

191 1468 328 1509 paullum
340 1469 544 1501 commorari,
563 1466 642 1496 nihil
657 1476 706 1498 me
720 1465 810 1495 malle
824 1485 831 1499 ,
855 1466 945 1506 quim
958 1476 985 1496 te
996 1466 1101 1496 valere.
1125 1469 1155 1496 Si

193 1510 292 1541 statim
309 1511 440 1550 naviges,
453 1519 509 1540 nos
521 1507 655 1539 Leucade
666 1507 857 1547 consequere.
885 1507 927 1537 sin
940 1517 967 1538 tc
977 1507 1156 1538 confirmare

190 1549 256 1583 visi
272 1552 304 1581 &
315 1553 443 1581 comites
454 1572 462 1585 ,
475 1549 705 1590 &tempestates
719 1569 727 1582 ,
740 1548 772 1578 &
788 1559 896 1579 navem
909 1550 1049 1580 idoneam
1061 1559 1092 1580 ut
1105 1551 1155 1580 ha-

192 1593 279 1627 beas,
297 1592 456 1633 diligenter
471 1592 599 1623 videbis.
622 1594 729 1621 Unum
746 1590 823 1620 illud
837 1611 845 1625 ‚
869 1593 1018 1625 rniTiro,
1037 1592 1152 1625 videto,

191 1634 213 1665 fi
234 1645 283 1665 me
302 1645 383 1665 amas
394 1655 402 1667 ,
424 1645 463 1665 ne
471 1643 499 1665 te
510 1634 659 1664 Marionis
668 1633 830 1666 adventus,
854 1633 885 1663 &
906 1633 951 1663 hae
966 1634 1070 1664 litterae
1085 1644 1154 1664 mo-

191 1685 290 1707 veant.
313 1677 404 1717 Qod
415 1677 578 1707 valitudini
589 1685 646 1705 tuae
657 1676 793 1704 maxime
804 1674 971 1710 conducet,
993 1674 1013 1704 si
1030 1675 1134 1706 feceris
1149 1687 1154 1705 ;

191 1717 328 1749 maxim&
346 1718 562 1758 obtemperaris
580 1717 729 1748 voluntati
743 1726 829 1746 meae.
854 1719 926 1747 Haec
936 1727 990 1757 pro
1005 1726 1057 1747 tuo
1069 1720 1153 1759 inge-

191 1762 246 1791 nio
257 1758 417 1790 considera.
442 1763 509 1790 Nos
522 1762 560 1790 ita
569 1767 597 1789 te
607 1757 807 1789 desideramus
818 1778 825 1792 ‚
840 1767 872 1788 ut
883 1769 1031 1789 amemus.
1055 1770 1151 1794 amor,

191 1811 226 1832 ut
235 1802 389 1832 valentem
399 1801 555 1831 videamus
566 1820 575 1834 ,
588 1802 734 1830 hortatur:
749 1798 940 1833 desiderium,
951 1800 1081 1841 utquam
1093 1804 1154 1841 pri-

192 1842 294 1873 rnssim.
318 1842 399 1872 Illud
417 1845 508 1884 igitur
527 1841 639 1883 potius.
662 1844 737 1872 Cura
750 1852 819 1882 ergo
832 1840 1019 1882 potiffimiim
1033 1862 1042 1875 ,
1063 1852 1155 1873 utva-

193 1885 252 1914 leas
268 1895 273 1913 :
297 1883 334 1914 de
350 1886 408 1915 tuis
423 1883 699 1915 innumerabilibus
718 1885 751 1913 in
766 1893 815 1913 me
827 1881 938 1914 officiis
951 1886 1008 1914 erit
1020 1886 1077 1914 hoc
1090 1894 1153 1926 gra·

193 1925 350 1956 tiffimum.
379 1936 390 1955 i
400 1936 411 1955 1
421 1936 444 1956 1.
460 1929 566 1956 Nonas
580 1925 795 1955 Novembreis.

156 1985 176 2008 2
326 1969 1019 1998 TULLIUSTIRONISUOS.P.D.

296 2012 355 2039 ON
373 2020 453 2050 queo
470 2010 506 2040 ad
527 2019 573 2043 te,
592 2009 740 2039 neclubet
750 2008 893 2042 scribere,
912 2019 973 2049 quo
983 2010 1088 2039 animo
1099 2008 1151 2039 sim

197 2006 438 2085 NaffeRus:
459 2050 576 2082 tantum
592 2050 686 2080 scribo
699 2071 707 2084 ,
729 2050 761 2080 &
776 2050 829 2080 tibi
840 2070 848 2083 ,
870 2050 902 2080 δε
917 2051 995 2080 mihi
1009 2053 1152 2081 maximae

191 2090 341 2132 voluptati
351 2092 415 2123 fore
425 2113 433 2127 ,
450 2091 470 2122 fi
484 2102 510 2123 te
521 2092 645 2122 firmum
657 2092 747 2133 quam
758 2092 893 2132 primum
904 2092 1022 2140 videro.
1046 2095 1151 2123 Tertio

192 2133 241 2163 die
254 2134 304 2164 abs
321 2143 347 2164 te
361 2135 395 2165 ad
405 2135 544 2175 Alyziam
557 2133 775 2164 access'eramus.
799 2137 826 2164 Is
841 2134 925 2164 locus
936 2133 977 2164 est
987 2144 1059 2165 citra
1070 2137 1151 2183 Leu-

192 2175 296 2205 cadem
309 2175 398 2207 stadia
411 2186 491 2207 cxx.
507 2175 642 2207 Leucade
654 2185 703 2206 aut
713 2185 739 2206 te
750 2176 846 2216 ipsum
859 2196 867 2210 ,
882 2185 931 2205 aut
942 2185 1004 2206 tuas
1014 2176 1124 2207 litteras
1135 2189 1151 2208 a

190 2218 331 2247 Marione
349 2219 488 2258 putabam
510 2228 561 2248 me
578 2227 777 2257 accepturum.
801 2217 956 2259 Qantum
974 2228 1023 2247 me
1037 2218 1148 2260 diligis,

189 2258 308 2289 tanturn
323 2259 367 2290 fac
382 2269 414 2290 ut
423 2261 519 2290 valeas
531 2280 539 2294 ,
556 2260 605 2290 vel
614 2259 761 2301 quantum
772 2268 799 2290 te
809 2260 824 2290 a
836 2270 885 2290 me
895 2259 949 2290 scis
958 2259 1056 2301 diligi.
1080 2263 1149 2291 No-

190 2302 239 2330 nis
249 2301 422 2331 Novembr.
433 2303 549 2341 Alyzia.

243 2345 426 2374 TULLIUS
449 2347 504 2374 ET
527 2345 694 2376 CICERO,
719 2345 870 2373 TIRONI
892 2345 991 2378 SUO,
1014 2346 1093 2375 S‚D.

375 2388 432 2416 ET
453 2388 490 2423 Q.
503 2388 638 2416 PATER
651 2405 660 2419 ‚
684 2388 740 2415 ET
761 2387 954 2428 QFiLIUs.
1071 2427 1080 2436 x

192 2422 280 2499 N
289 2427 334 2457 OS
347 2427 423 2466 apud
433 2428 573 2467 Alyziam
587 2448 594 2461 ,
615 2437 653 2457 ex
672 2437 733 2468 quo
747 2428 815 2457 loco
831 2427 884 2458 tibi
895 2428 1007 2458 litteras
1016 2437 1084 2458 ante
1095 2428 1147 2459 de-

288 2466 539 2502 deramusmnum
549 2469 630 2499 diem
642 2471 824 2499 commorati
836 2468 1036 2510 sumus‚qu?>d
1046 2472 1146 2512 Qin—

187 2516 235 2537 tus
245 2518 301 2538 nos
314 2511 490 2541 consecutus
501 2521 565 2541 non
576 2520 645 2541 erat.
669 2513 698 2541 Is
716 2511 778 2540 dies
796 2510 855 2541 fuit
875 2521 963 2541 nonae
973 2512 1144 2542 Novenibr.

186 2549 261 2579 Inde
272 2559 338 2580 ante
350 2551 448 2582 lucem
459 2552 679 2592 proficiscentes
689 2572 698 2586 ,
720 2562 787 2583 ante
801 2553 882 2583 diem
892 2562 929 2582 vi
939 2563 950 2582 1
960 2563 970 2583 1
979 2574 986 2582 .
999 2554 1065 2584 idus
1077 2556 1144 2584 No-

183 2591 285 2621 vemb.
299 2594 349 2622 has
359 2593 474 2624 litterea
483 2593 635 2624 dedimus.
659 2597 709 2624 Tu
721 2615 729 2627 ‚
751 2592 772 2623 fi
785 2604 842 2624 nos
856 2596 977 2624 omneis
989 2605 1069 2626 amas
1080 2615 1088 2629 ‚
1110 2596 1144 2626 δε

182 2634 334 2673 praecipue
350 2645 400 2664 me
411 2655 419 2669 ,
441 2635 615 2675 magistrum
634 2644 718 2665 tuum
731 2655 740 2668 ,
759 2634 907 2666 confirma
915 2645 954 2666 te.
978 2639 1043 2676 Ego
1056 2637 1142 2667 valde

183 2675 324 2714 suspenso
334 2678 440 2706 animo
449 2677 589 2716 exspeao
602 2697 610 2710 ‚
626 2676 762 2715 primum
775 2685 802 2706 te
814 2678 924 2707 scilicet
935 2697 944 2710 ‚
957 2677 1066 2726 deinde
1076 2680 1143 2727 Ma—

180 2718 300 2748 tionem
311 2727 382 2748 cum
395 2721 451 2749 tuis
461 2719 579 2749 litteris.
605 2721 718 2749 Omnes
727 2721 867 2758 cupimus
879 2739 888 2752 ,
908 2729 964 2759 ego
977 2729 1010 2749 in
1024 2729 1143 2760 primis,

166 765 180 789 1

157 2351 171 2384 3

184 2845 332 2897 LORdo
343 2847 518 2883 Epistolarum
539 2849 564 2876 in
587 2850 636 2876 hoe
654 2857 777 2877 extremo
796 2850 866 2876 libro
876 2850 953 2876 valde
971 2851 1140 2887 perturbatus

269 2881 316 2908 est.
336 2892 381 2909 nos
393 2893 453 2910 cum
466 2904 475 2916 ‚
493 2894 571 2920 quem
585 2886 730 2913 Lambinus
750 2887 899 2913 construxit
911 2907 918 2918 ‚
938 2887 1017 2913 secuti
1036 2887 1135 2919 sumus,

179 2924 231 2942 non
243 2916 354 2945 multum
366 2919 487 2946 interesse
498 2922 678 2949 existimantes
691 2942 698 2955 ‚
718 2933 771 2959 quo
781 2923 840 2949 loco
851 2923 903 2948 liaec
915 2924 954 2949 vel
967 2923 1012 2949 illa
1023 2924 1137 2958 legatur.

181 2951 260 2978 Vitiis
280 2952 378 2980 bellum
389 2955 536 2983 indiximus
549 2977 557 2990 ,
578 2967 607 2985 nt
617 2959 688 2986 {uum
701 2959 815 2986 nitorem
829 2960 922 2986 Tullio
942 2960 1116 2994 reciperemus
1129 2971 1134 2986 :

180 2987 284 3014 velitari
299 2991 360 3015 νετὸ
374 3009 382 3022 ,
392 2992 454 3026 quid
467 2993 554 3028 priore
566 3013 574 3026 ,
585 2995 648 3031 quid
659 2995 802 3028 posteriore
813 2997 867 3022 acie
880 3015 888 3027 ,
899 2995 1082 3022 collocandum
1094 2996 1135 3028 sit,

179 3031 238 3049 cum
250 3030 291 3050 tot
301 3024 460 3053 editionibus
471 3029 587 3056 animum
601 3041 734 3067 nunquam
750 3031 916 3058 induximus..

214 3067 241 3085 2.
260 3060 399 3092 Adproba'vi
409 3069 474 3087 tuum
483 3066 596 3098 consilium
606 3079 614 3099 ‚-
625 3077 697 3102 mque
705 3077 768 3093 nunc
777 3069 864 3102 murm]
887 3068 965 3095 Nihil
978 3067 1132 3094 mutandum

177 3094 267 3121 censeo
279 3106 285 3122 z
309 3095 410 3123 Peck'io
419 3107 544 3135 excerpta
556 3120 564 3131 ,
582 3112 654 3137 neque
663 3112 725 3129 nunc
737 3111 793 3130 nuto
804 3123 812 3136 ‚
831 3104 896 3131 ficu:
907 3105 933 3130 &-
944 3105 1029 3141 prima
1040 3105 1133 3131 editio.

174 3130 309 3157 Palatinus
320 3133 416 3158 tertius
428 3133 493 3168 legit
505 3138 580 3163 mitto.

208 3174 235 3202 3.
254 3170 322 3193 Dum
330 3170 399 3194 horas
409 3169 489 3204 Tasta·
499 3171 620 3207 sm'mus.]
636 3174 736 3202 Monet
756 3175 796 3202 vir
808 3176 926 3204 eruditus
939 3195 948 3209 ,
970 3176 1131 3212 (indicarunt

1201 543 1658 688 DNEM.

1204 752 1295 794 quarn
1306 752 1440 793 primum
1454 763 1481 785 te
1492 755 1609 786 videre:
1629 756 1675 787 sed
1687 777 1695 791 ,
1713 760 1754 788 mi
1767 762 1843 791 Tiro
1856 782 1864 795 ,
1878 764 2040 796 valentem.
2064 769 2162 808 Qare

1205 796 1283 824 nihil
1294 799 1457 835 properaris
1469 818 1476 830 ‚
1494 797 1559 827 satis
1570 799 1705 838 quotidie
1718 801 1839 836 videm,
1862 803 1881 833 si
1894 808 2013 837 valebis.
2038 811 2162 840 Utilita—

1206 836 1285 866 tibus
1296 839 1352 867 tuis
1361 836 1478 877 poss'urn
1491 849 1586 869 carere
1599 850 1643 870 :te
1653 842 1748 872 valere
1759 863 1768 876 ‚
1780 852 1827 874 tua
1837 847 1919 876 causa
1928 852 2005 888 prim
2012 849 2064 881 Cim
2075 851 2160 886 volo,

1206 887 1269 908 turn
1284 889 1350 908 mea
1361 899 1369 912 ,
1381 882 1424 909 mi
1436 882 1523 910 Tiro.
1548 882 1630 912 Vale.

1275 922 1413 951 M.T.c.
1438 925 1493 952 ET
1515 925 1551 959 Q.
1565 926 1627 954 FR.
1652 928 1708 956 ET
1729 928 1768 965 Q.
1782 929 1855 958 FIL.
1871 931 2039 966 TIRONI,
2063 936 2090 964 S.

1212 960 1392 1036 VAiziE
1410 966 1475 993 sum
1496 963 1620 995 affectus
1639 970 1697 997 tuis
1711 969 1837 999 litteris:
1855 971 1939 1001 valde
1949 976 2046 1011 priore
2058 977 2161 1017 pagina

1302 1005 1505 1044 perturbatus,
1523 1007 1659 1046 paullum
1679 1011 1766 1040 altera
1785 1021 1938 1043 recreatus.
1962 1017 2057 1055 Qare
2080 1028 2162 1048 nunc

1203 1045 1327 1086 quidem
1345 1056 1408 1076 non
1421 1047 1527 1078 dubito
1537 1069 1545 1082 ,
1566 1051 1640 1090 quin
1653 1071 1661 1084 ,
1682 1052 1779 1092 quoad
1790 1054 1877 1093 plane
1886 1055 1983 1086 valeas
1995 1076 2002 1089 ,
2023 1066 2051 1087 te
2063 1068 2160 1100 neque

1202 1088 1408 1129 navigationi,
1432 1099 1530 1129 neque
1548 1094 1604 1122 viae
1623 1096 1809 1125 committas.
1832 1096 1900 1126 satis
1911 1105 1938 1127 te
1948 1101 2063 1128 mature
2076 1102 2160 1130 vidc-

1201 1139 1234 1159 ro
1246 1150 1255 1163 ‚
1274 1128 1294 1158 fi
1315 1130 1404 1169 plane
1423 1131 1637 1163 confirmatum
1655 1135 1769 1165 videro.
1793 1139 1842 1167 De
1859 1138 1977 1169 medico
1997 1140 2029 1170 &
2041 1142 2159 1172 tubene

1200 1170 1366 1202 existimari
1383 1172 1485 1203 scribis
1498 1195 1506 1207 ‚
1527 1175 1560 1204 δε
1576 1185 1631 1217 ego
1650 1176 1687 1206 fic
1703 1178 1803 1208 audio.
1829 1180 1877 1209 sed
1890 1181 1978 1220 plane
1990 1185 2160 1213 curationes

1199 1214 1264 1253 ejus
1283 1223 1348 1243 non
1364 1215 1548 1287 probofilns
1566 1221 1650 1248 enim
1668 1219 1800 1250 dandum
1820 1221 1875 1252 tibi
1896 1232 1960 1252 non
1979 1222 2056 1257 fuit,
2083 1235 2157 1256 cum

1201 1256 1450 1298 ,(ᾳμθςέιῦιχζῷυ
1464 1267 1478 1287 e
1506 1256 1553 1287 es:
1575 1259 1623 1289 sed
1642 1268 1742 1291 tamen
1763 1262 1796 1292 &
1814 1263 1849 1293 ad
1863 1263 1952 1294 illum
1968 1264 2160 1306 scripsiaccu-

1199 1304 1257 1334 rate
1269 1324 1277 1338 ,
1301 1304 1333 1334 &
1346 1305 1380 1335 ad
1392 1306 1556 1345 Lysonem.
1580 1310 1625 1339 Ad
1634 1312 1760 1341 Curium
1776 1311 1849 1342 verb
1861 1333 1869 1347 ‚
1884 1313 2087 1346 suaviffimum
2102 1317 2159 1346 ho-

1197 1397 1223 1417 ta
1234 1387 1346 1428 scripsi:
1369 1390 1400 1418 in
1411 1391 1456 1419 liis
1465 1393 1554 1421 etiam
1568 1413 1575 1425 ,
1594 1402 1644 1427 ut,
1657 1392 1677 1423 si
1689 1395 1742 1424 tibi
1754 1396 1903 1426 videretur
1913 1406 1960 1431 ,te
1974 1398 2009 1428 ad
2021 1400 2048 1428 se
2060 1408 2157 1430 trans-

1195 1428 1291 1460 ferret.
1316 1431 1395 1470 Lyso
1413 1433 1496 1462 enim
1510 1436 1610 1464 noster
1619 1445 1722 1466 vereor
1734 1457 1742 1470 ,
1764 1447 1801 1467 ne
1810 1439 2009 1480 negligentior
2019 1439 2052 1470 fit
2068 1451 2074 1470 2
2096 1443 2157 1480 pri-

1198 1472 1284 1501 mum
1297 1492 1304 1505 ‚
1320 1475 1389 1512 quia
1399 1483 1507 1503 omnes
1519 1474 1615 1506 Graeci
1629 1488 1634 1506 :
1650 1477 1759 1508 deinde
1771 1499 1780 1513 ,
1791 1479 1874 1519 quod
1885 1500 1894 1514 ,
1905 1491 1975 1511 cum
1987 1481 2002 1511 ὲ
2013 1491 2063 1512 me
2074 1483 2156 1512 litte-

1196 1523 1240 1542 ras
1251 1513 1406 1553 accepisset
1417 1535 1425 1548 ,
1447 1517 1525 1546 mihi
1536 1518 1632 1548 nullas
1643 1519 1765 1549 remifit.
1789 1520 1839 1550 sed
1848 1531 1917 1551 eum
1929 1530 1959 1551 tu
1970 1523 2081 1553 laudas.
2105 1527 2157 1554 Tu

1195 1556 1307 1595 igitur,
1330 1556 1403 1596 quid
1425 1555 1596 1589 faciendum
1618 1558 1673 1594 sit,
1690 1561 1848 1600 judicabis.
1872 1563 1953 1593 Illud
1968 1583 1976 1596 ‚
1996 1566 2040 1594 mi
2064 1567 2153 1599 Tiro,

1199 1605 1225 1626 te
1236 1607 1310 1637 rogo
1322 1615 1330 1630 ‚
1352 1598 1463 1628 sumtui
1477 1609 1515 1629 ne
1525 1610 1622 1640 parcas
1633 1602 1693 1632 ulla
1702 1604 1734 1632 in
1744 1613 1774 1632 re
1786 1623 1795 1636 ,
1815 1604 1897 1644 quod
1907 1604 1942 1635 ad
1955 1606 2157 1637 valitudinem

1193 1647 1269 1677 opus
1289 1637 1331 1668 sit.
1355 1639 1458 1680 Scripsi
1470 1641 1504 1670 ad
1517 1644 1641 1672 Curium
1655 1663 1663 1676 ‚
1682 1644 1763 1684 quod
1781 1644 1920 1680 dixiffes,
1934 1646 2013 1677 daret
2024 1648 2155 1679 medico.

1196 1679 1248 1719 ipsi
1267 1689 1340 1720 puto
1358 1682 1472 1722 aliquid
1488 1683 1623 1714 dandum
1641 1683 1700 1715 effe
1712 1706 1720 1719 ,
1740 1685 1802 1726 quo
1823 1685 2033 1718 fitstudiosior.
2057 1693 2155 1720 Innu—

1197 1722 1351 1752 merabilia
1362 1732 1411 1753 tua
1425 1724 1537 1756 suntin
1548 1736 1597 1756 me
1609 1725 1710 1757 officia
1722 1748 1730 1761 ,
1749 1728 1912 1759 domestica
1923 1749 1931 1763 ‚
1946 1729 2073 1761 forensia
2083 1752 2091 1765 ,
2105 1742 2157 1762 ui·-

1194 1763 1268 1794 bana
1279 1784 1287 1798 ,
1298 1767 1495 1804 provincialia
1510 1769 1560 1797 :in
1572 1778 1601 1798 re
1610 1771 1724 1808 privata
1739 1789 1747 1803 ,
1758 1772 1788 1800 in
1798 1771 1917 1810 publica
1927 1773 1980 1806 ,in
1990 1771 2108 1807 studiis,
2121 1776 2155 1804 in

1194 1805 1300 1836 litteris
1320 1806 1439 1837 nostris.
1465 1811 1576 1840 Omnia
1595 1813 1723 1845 viceris,
1743 1811 1782 1844 si,
1802 1821 1834 1842 ut
1853 1813 1955 1852 spero,
1975 1823 2003 1844 te
2017 1816 2155 1846 validum

1192 1848 1307 1877 videro.
1331 1851 1394 1888 Ego
1407 1859 1479 1889 puto
1490 1859 1517 1880 te
1528 1850 1704 1885 bellissime‚
1726 1851 1745 1881 si
1757 1852 1837 1883 τεξὶὲ
1847 1863 1901 1884 erit
1912 1875 1919 1888 ,
1941 1854 2012 1885 curn
2023 1857 2156 1897 quaesto-

1195 1898 1225 1918 re
1243 1889 1392 1919 Mescinio
1410 1890 1617 1922 decursurum.
1640 1895 1902 1925 noninhumanus
1912 1895 1971 1926 est.
1994 1906 2099 1938 teque,
2121 1908 2156 1930 ut

1197 1931 1275 1959 mihi
1295 1931 1374 1960 visus
1385 1931 1427 1962 est
1437 1933 1564 1973 ‚diligit
1575 1954 1582 1968 ,
1604 1934 1636 1964 &
1647 1934 1718 1964 cum
1730 1936 1889 1966 valitudini
1901 1946 1957 1969 tuae
1965 1938 2155 1980 diligentissi-

1196 1971 1245 2001 me
1270 1973 1456 2003 consulueris
1471 1994 1478 2008 ,
1499 1984 1582 2008 tum,
1606 1978 1650 2005 mi
1671 1979 1765 2011 Tiro,
1786 1979 1937 2009 consulito
1957 1984 2153 2023 navigationi.

1194 2013 1288 2043 Nulla
1307 2015 1385 2043 inre
1403 2015 1465 2054 jam
1486 2025 1514 2046 te
1533 2016 1672 2047 festinare
1695 2019 1776 2049 volo.
1801 2021 1881 2050 nihil
1902 2022 2023 2056 Jaboro,
2045 2023 2100 2053 nisi
2122 2033 2154 2055 ut

1194 2055 1290 2084 salvus
1310 2054 1353 2085 sis.
1377 2059 1424 2086 Sic
1444 2058 1569 2092 habeto,
1591 2061 1633 2088 mi
1655 2062 1749 2094 Tiro,
1772 2064 1930 2092 nerninem
1945 2063 2020 2097 esse,
2039 2068 2153 2105 quime

1191 2106 1271 2126 amet
1283 2117 1291 2130 ,
1312 2107 1387 2138 quin
1396 2099 1477 2129 idem
1490 2108 1518 2129 te
1526 2110 1604 2130 amet
1616 2111 1621 2130 ;
1634 2101 1666 2131 &
1677 2112 1746 2132 cuin
1758 2112 1822 2138 tua,
1838 2104 1868 2134 &
1881 2114 1946 2135 mea
1958 2108 2092 2137 maxime
2104 2110 2153 2137 in-

1191 2137 1277 2168 terest
1295 2149 1322 2169 te
1343 2140 1437 2170 valere
1450 2160 1457 2174 ,
1479 2151 1543 2181 tum
1564 2143 1668 2172 multis
1684 2143 1819 2175 estcurae.
1845 2146 1970 2180 Adhuc,
1992 2148 2066 2178 dum
2077 2151 2154 2179 mihi

1189 2181 1275 2210 nullo
1293 2181 1366 2211 loco*
1380 2180 1476 2212 deeffe
1496 2186 1561 2217 vis,
1588 2195 1756 2226 numquam
1777 2195 1805 2216 te
1825 2187 2003 2219 confirmare
2018 2190 2154 2229 potuisti.

1189 2232 1270 2252 nunc
1281 2232 1308 2252 te
1318 2224 1398 2252 nihil
1411 2225 1545 2264 impedit:
1555 2230 1660 2257 omnia
1671 2228 1798 2267 depone,
1810 2232 1930 2269 corpori
1947 2231 2031 2261 servi:
2054 2242 2153 2273 quan—

1189 2272 1248 2294 tam
1265 2264 1450 2306 diligentiam
1462 2270 1493 2296 in
1506 2268 1703 2299 valitudinem
1716 2279 1796 2300 tuam
1809 2272 1974 2302 contuleris
1987 2293 1994 2306 ,
2010 2276 2085 2303 tanti
2098 2284 2149 2304 me

1187 2304 1410 2345 fierijudicubo.
1439 2309 1512 2338 Vale
1526 2329 1533 2342 ,
1547 2312 1589 2339 mi
1601 2313 1698 2350 Tyro,
1712 2312 1776 2341 vale
1789 2333 1797 2345 ,
1809 2312 1874 2342 vale
1885 2334 1892 2345 ,
1906 2314 1938 2343 δε
1949 2314 2035 2344 salve.
2059 2317 2152 2355 Lepta

1187 2347 1244 2377 tibi
1262 2348 1388 2378 salutem
1401 2350 1492 2384 dicit,
1513 2351 1670 2382 &omnes¹
1695 2354 1777 2383 Vale.
1803 2364 1868 2384 vn.
1892 2355 1963 2385 Idus
1979 2358 2148 2388 Novembr-

1190 2390 1336 2420 Leucade.
2103 2404 2105 2407 “

1164 2440 1167 2477 Ι
1249 2434 1451 2466 TULLHJS,
1476 2436 1531 2465 ET
1553 2437 1718 2470 CICERO,
1744 2439 1798 2467 ET
1820 2440 1917 2479 QQ
1935 2441 2085 2470 TIRONI

1390 2477 1614 2508 HUMANISS.
1640 2481 1694 2508 ET
1714 2481 1802 2509 OPT
1827 2482 1943 2510 S.P.D

1204 2513 1224 2570 ς
1253 2513 1265 2549 7
1286 2518 1344 2545 Ιῡε
1359 2536 1366 2549 ,
1387 2527 1494 2557 quanta
1518 2517 1551 2548 sit
1571 2521 1601 2548 in
1623 2528 1650 2549 te
1669 2520 1804 2550 suavitas.
1833 2525 1925 2562 3quis
1936 2523 2022 2553 horas
2033 2525 2147 2565 Thyrei

1284 2557 1408 2588 fuimus.
1433 2561 1630 2589 Xenomenes
1649 2561 1754 2601 hospes
1773 2572 1832 2592 tam
1846 2572 1871 2592 te
1883 2564 2001 2604 diligit,
2021 2575 2111 2606 quarn
2125 2566 2146 2597 fi

1183 2599 1296 2628 vixerit
1307 2609 1414 2630 tecum.
1438 2603 1466 2630 Is
1476 2604 1580 2631 omnia
1589 2602 1739 2642 pollicitus
1749 2603 1801 2637 est,
1818 2614 1883 2645 quae
1894 2605 1946 2635 tibi
1958 2605 2051 2637 essent
2060 2618 2147 2648 opus:

1184 2638 1332 2670 fafiurum
1344 2651 1429 2681 puto.
1454 2645 1532 2672 Mihi
1543 2644 1673 2682 placebat
1683 2664 1691 2676 ‚
1704 2644 1722 2673 si
1735 2644 1850 2675 firmior
1859 2646 1930 2676 csl'es
1944 2652 1978 2680 ‚4
1990 2657 2056 2678 utte
2066 2651 2149 2680 Leu-

1182 2681 1285 2710 cadem
1307 2682 1472 2722 deportaret
1488 2705 1497 2717 ‚
1519 2695 1550 2715 ut
1564 2685 1605 2714 ibi
1626 2694 1654 2714 te
1672 2686 1760 2725 plan'e
1779 2686 1982 2719 confirmares.
2007 2691 2145 2727 Videbis,

1182 2723 1255 2762 quid
1265 2725 1358 2754 Curio
1369 2744 1377 2758 ‚
1397 2726 1468 2765 quid
1481 2727 1592 2766 Lysoni
1608 2746 1615 2760 ‚
1635 2728 1706 2767 quid
1719 2728 1838 2759 medico
1849 2730 1968 2770 placeat.
1993 2733 2145 2765 Volebam

2104 2776 2140 2807 ad

1188 2853 1232 2879 :ilii
1246 2874 1254 2885 ,
1266 2864 1378 2889 quorum
1394 2856 1469 2882 verb]
1480 2857 1534 2883 fert·
1548 2867 1626 2892 pono:
1640 2859 1777 2887 videamus
1788 2871 1819 2889 an
1833 2862 1930 2890 reflius
1940 2865 2032 2898 vhyrcis
2043 2885 2051 2897 ‚
2071 2866 2146 2901 lega-

1187 2896 1246 2917 tur:
1270 2892 1354 2924 cujus,
1367 2899 1395 2917 ut
1408 2893 1480 2928 Epiri
1495 2893 1595 2926 insulae,
1607 2896 1768 2922 mentionem
1780 2898 1844 2925 facit
1855 2900 1957 2926 Strabo.
1980 2902 2072 2928 Pauli&
2087 2902 2143 2938 post

1186 2926 1278 2961 legunt
1290 2928 1425 2954 Palatinus
1446 2928 1532 2955 sextus
1547 2950 1553 2961 ,
1578 2932 1765 2968 Hittoipianns
1778 2953 1786 2965 ,
1804 2937 1871 2969 quast
1887 2940 2080 2964 via-critarum:
2099 2939 2142 2964 led

1185 2963 1324 2997 vulgatum
1344 2964 1466 2991 defendit
1476 2966 1598 2993 Catullus
1612 2987 1620 2999 ,
1638 2976 1691 2993 mor
1700 2968 1750 2994 nim
1760 2972 1814 2996 bene
1826 2990 1834 3002 ,
1853 2971 1925 3005 tymim
1945 2976 2002 2999 mihi
2014 2982 2145 3006 pararint-.-

1182 2997 1236 3024 imo
1257 3000 1344 3034 potius
1356 3000 1430 3026 illam
1443 3011 1519 3037 quarn
1540 3012 1572 3029 ex
1593 3012 1654 3030 inc.
1672 3014 1725 3031 orm
1745 3006 1909 3042 vulgaturum
1922 3008 2069 3036 editionum
2090 3011 2143 3036 ini-

1185 3034 1329 3067 press‘ernut
1344 3055 1351 3067 ‚
1370 3036 1441 3069 ,μήκη
1459 3043 1550 3064 vixerit
1567 3047 1658 3065 tecum:
1675 3042 1739 3067 inihi
1750 3042 1796 3068 illa
1814 3045 1957 3079 genuinam
1977 3055 2005 3072 ac
2025 3054 2141 3072 veterem

1184 3070 1342 3104 eleg-uitium
1356 3072 1475 3099 redolere
1486 3074 1602 3101 videtur.

1215 3114 1243 3138 4.
1266 3110 1294 3131 Ut
1309 3114 1329 3131 re
1339 3109 1468 3134 Leucadem
1487 3110 1644 3145 deportas-tn]
1667 3113 1708 3139 Sic
1719 3113 1816 3140 rci‘stius
1837 3125 1871 3142 ex
1884 3116 1948 3142 I'all⁴
1961 3118 2079 3143 Vaticani
2091 3128 2141 3143 ex-

1181 3143 1291 3177 cerptis,
1304 3144 1420 3170 editiore
1431 3146 1524 3181 prii-nu,
1535 3156 1564 3173 ac
1576 3147 1741 3178 Vixitorianit.
1762 3152 1949 3187 Histoi-pinnis
1962 3162 2047 3180 taineii
2061 3173 2069 3184 ,
2095 3160 2140 3177 aa<

1157 3186 1292 3212 ‚pos-taret.
1322 3181 1419 3216 vulgo:
1443 3189 1586 3215 arpertus-ts.

2032 3233 2054 3250 i.
2065 3227 2143 3258 ‘Kane

2181 951 2203 979 4

1199 1347 1316 1376 minem
1328 1367 1335 1380 ‚
1357 1347 1389 1376 &
1400 1348 1511 1378 summi
1523 1348 1616 1381 officii
1629 1372 1637 1385 ,
1654 1353 1836 1394 summaeque
1847 1357 2040 1387 humanitatis
2051 1378 2060 1391 ,
2072 1359 2156 1388 mul·
2191 1368 2194 1371 ·

2168 2459 2190 2490 5
