2295 3400
104 1837 151 1883 2¹3

157 137 253 200 438
565 125 1066 176 M.TvLL11

163 219 276 249 civium
289 234 296 247 ,
309 209 494 244 clandestino
506 209 611 240 scelere
623 205 769 238 conflatus
779 226 788 240 ,
799 201 1033 250 crudelissimum
1047 221 1056 235 ‚
1081 200 1113 230 &

166 254 359 289 lu&uosiffim
365 264 415 283 um
426 253 554 282 exitium
564 251 663 291 patria:
673 245 864 288 comparassct
876 257 881 274 :
906 244 1022 292 cum-ad
1032 253 1114 273 occa—

166 301 230 331 sum
242 318 249 331 ,
269 297 482 334 interitumque
497 295 568 332 reip.
588 291 716 322 Catilina
733 291 765 319 in
775 287 873 319 castris
884 307 892 321 ,
912 287 1002 316 inlus
1016 294 1115 315 autem

167 340 288 378 templis
299 357 307 371 ,
325 346 410 376 atque
421 333 506 365 testis
516 334 580 364 dux
590 332 737 363 Lentulus
746 329 817 361 ess‘ct
824 327 1003 360 constitutus
1017 339 1022 356 ι
1038 328 1115 357 meis

167 380 316 413 consiliis,
339 379 414 407 meis
435 375 605 408 laboribus,
627 376 688 404 mei
702 374 806 412 capitis
821 371 979 412 periculis,
993 368 1052 416 fine
1067 375 1115 397 tu-

168 430 262 452 musru
272 441 280 454 ,
301 419 360 449 sine
371 417 488 448 delcstu
499 437 507 451 ,
519 415 578 447 sine
588 418 677 447 armis
688 435 696 448 ,
718 413 778 444 sine
788 415 938 446 exercitu,
960 415 971 431 ¹
983 420 1117 452 quinque

167 462 345 495 hominibus
353 457 574 500 comprehensis
584 479 592 492 ,
610 467 696 498 atque
714 453 854 487 confoffis
864 475 872 488 ‚
886 452 1057 484 incensione
1070 462 1119 482 ur-

168 507 238 535 bem
251 525 258 538 ,
278 504 483 533 internecione
491 502 584 531 civeis
596 520 603 534 ,
620 499 753 530 vastitate
763 498 878 528 Italiam
890 516 898 530 ,
908 497 1028 527 interitu
1039 504 1119 524 rem-

168 546 253 588 publ.
265 546 387 575 liberavi
400 554 405 572 t
428 553 484 585 ego
494 545 589 573 vitam
601 543 742 572 omnium
752 541 867 570 civium
880 558 889 572 ,
915 537 1022 568 statum
1033 536 1118 566 orbis

169 598 264 620 terrae,
275 587 380 617 urbem
392 587 465 616 hanc
476 584 606 625 denique
617 603 625 617 ,
640 583 739 613 sedem
750 583 892 611 omnium
904 578 1040 610 nostrum
1054 598 1061 611 ‚
1074 588 1119 608 ar-

168 640 235 661 cem
247 638 350 670 regum
363 647 371 662 ‚
381 637 412 657 ac
422 629 582 657 nationum
591 634 772 658 exterarum,
788 624 892 653 lumen
902 624 1051 664 gentium,
1064 619 1119 666 do-

169 672 325 702 micilium
340 670 472 709 imperii,
486 669 611 710 quinque
619 667 763 696 hominum
775 666 944 695 amentium
954 684 962 697 ,
979 673 1010 693 ac
1020 661 1118 709 perdi-

169 723 269 744 torum
279 711 492 753 poemzrcdemi.
515 713 563 740 An
573 719 622 739 ine
640 706 815 739 existimasti
826 708 889 737 haec
905 707 1069 746 injuratum
1087 713 1119 733 in

171 755 285 791 iudicio
299 763 362 784 non
379 751 438 784 esse
447 751 601 782 did’turum
613 771 621 784 ,
638 760 704 791 quae
718 751 831 790 juratus
850 751 883 778 in
893 749 1028 778 maxima
1043 754 1117 794 90¹²?

168 792 258 828 cione
277 793 440 826 dixissem?
463 796 560 834 Atque
571 795 661 823 etiam
681 791 755 822 illud
773 790 879 820 addam
897 810 905 824 ,
927 791 1019 829 nequi
1038 792 1117 817 torte

167 839 292 879 incipiat
302 837 459 877 improbus
477 834 576 866 subito
592 844 620 864 te
634 843 749 866 amare,
769 835 936 872 Torquate,
959 831 992 860 δε
1008 828 1120 874 aliquid

169 881 281 921 sperare
294 879 330 909 de
342 888 369 908 te
382 889 387 908 ε
402 887 486 918 atque
498 897 506 911 ,
525 886 556 907 ut
565 876 646 906 idem
658 884 765 905 omnes
775 873 951 905 exaudiant,
963 870 1121 901 clai-issima

168 932 244 952 voce
254 921 361 952 dicam.
386 922 502 950 Harum
512 920 653 948 omnium
666 926 765 947 rerum
777 935 785 950 ,
797 925 868 956 quas
878 924 932 956 ego
943 917 956 933 ²
968 916 1000 943 in
1011 912 1120 942 consu-

169 964 228 994 latu
239 973 293 1004 pro
305 962 392 993 salute
402 962 562 991 communi
574 959 685 999 suscepi
697 979 705 992 ,
727 958 760 988 δε
770 955 858 998 gelli,
876 958 910 986 L.
921 956 972 985 ille
983 957 1120 994 Torqua-

172 1015 219 1036 tus
234 1025 242 1038 ,
263 1004 336 1035 curn
355 1002 425 1033 esset
444 1011 528 1032 meus
549 1000 773 1032 contubernalis
788 1002 821 1029 in
840 998 1014 1030 consulatu,
1033 1005 1119 1036 atque

170 1049 261 1077 etiam
280 1048 312 1076 in
323 1054 446 1086 praetura
459 1041 562 1073 fuisset
570 1041 683 1076 auetor,
694 1041 819 1081 adjutor,
830 1042 974 1080 particeps
986 1037 1099 1068 exstitit
1111 1047 1116 1065 ;

168 1089 242 1119 cum
251 1089 398 1128 princeps,
406 1085 478 1116 cum
486 1083 598 1117 aritstor,
608 1083 678 1115 cum
689 1082 805 1124 fignifer
813 1081 1036 1121 effetjuventutbs
1047 1100 1054 1112 ‚
1070 1089 1121 1119 pa-

169 1140 238 1160 rens
249 1139 322 1168 ejus,
333 1130 428 1158 homo
438 1124 654 1157 amantiffimus
663 1128 771 1166 patriae,
781 1125 910 1154 maximi
919 1124 1025 1156 animi,
1037 1122 1119 1152 sum-

172 1174 216 1201 mi
228 1169 344 1201 consilii
356 1190 364 1202 ,
377 1167 528 1210 singularis
536 1167 709 1204 constantiae
720 1187 728 1201 ,
750 1165 821 1197 cum
832 1164 902 1195 effet
915 1174 991 1205 aeger
1000 1184 1008 1197 ,
1020 1172 1121 1194 tamen

170 1213 317 1242 omnibus
330 1211 487 1241 rebusillis
500 1209 654 1240 interfuit:
678 1218 845 1249 numquam
858 1206 902 1237 est
920 1207 935 1236 ii
954 1215 1003 1235 me
1013 1205 1121 1246 digres-

170 1255 218 1285 sus
235 1265 240 1282 :
265 1253 373 1285 studio,
388 1251 514 1282 consilio
525 1271 533 1285 ,
543 1251 717 1282 au&oritate
728 1259 805 1280 unus
815 1249 930 1289 adjuvit
937 1247 1118 1287 plurimum,

169 1296 243 1326 cuni
264 1294 473 1325 infirmitatem
490 1295 622 1333 corporis
646 1293 738 1322 animi
757 1293 867 1320 virtute
884 1291 1035 1329 superaret.
1066 1290 1122 1317 Vi-

169 1337 261 1368 desne
272 1358 280 1370 ,
305 1346 337 1367 ut
346 1338 471 1376 eripiam
488 1344 515 1365 te
531 1345 568 1365 ex
578 1334 788 1374 improborum
798 1332 893 1363 subita
904 1333 994 1372 gratia
1007 1351 1015 1364 ‚
1030 1330 1062 1360 &
1075 1340 1121 1359 re—

169 1379 335 1409 conciliem
345 1378 434 1408 bonis
444 1377 588 1407 omnibus
601 1379 611 1406 ?
633 1378 722 1417 quite
733 1375 765 1405 δε
775 1374 924 1415 diligunt,
938 1373 970 1403 δε
979 1374 1119 1405 retinent,

170 1420 402 1460 retinebuntque
416 1420 531 1460 semper
543 1429 548 1448 :
568 1428 622 1449 nec
634 1439 642 1451 ,
664 1416 684 1447 si
694 1417 710 1447 a
720 1427 769 1447 me
785 1415 863 1446 forte
877 1415 1034 1445 desciveris
1045 1433 1053 1448 ,
1074 1413 1121 1443 id-

170 1464 252 1493 circo
264 1471 291 1492 te
301 1462 316 1492 a
327 1462 354 1492 se
366 1482 374 1495 ,
392 1461 423 1491 &
433 1461 448 1491 a
457 1471 516 1501 rep.
530 1461 562 1490 δε
581 1460 596 1490 a
606 1469 654 1491 tua
664 1459 807 1500 dignitate
819 1455 944 1488 deficere
962 1458 1120 1496 patientur.

170 1503 228 1535 Sed
237 1505 299 1543 jam
309 1500 444 1533 rededad
458 1501 589 1533 causam:
616 1510 701 1543 atque
715 1502 773 1530 hoc
782 1509 837 1529 vos
848 1519 856 1533 ,
864 1499 874 1539 j
880 1498 981 1528 udices
990 1518 998 1532 ,
1013 1497 1102 1528 testor
1114 1507 1120 1526 ;

171 1546 251 1575 mihi
262 1545 298 1574 de
309 1545 486 1584 memetipso
497 1553 556 1574 tam
575 1544 671 1573 multa
683 1541 804 1572 dicendi
819 1539 969 1571 necessitas
986 1539 1121 1580 quaedam

170 1585 309 1627 imposita
317 1585 358 1616 est
368 1587 404 1616 ab
414 1587 480 1616 illo.
500 1588 581 1616 Narn
594 1605 603 1619 ,
623 1584 643 1614 si
654 1587 825 1625 Torquatus
834 1582 947 1613 Sullam
965 1581 1066 1611 solum
1076 1591 1122 1610 ac-

169 1627 292 1660 cusasset
305 1639 311 1658 z
332 1638 388 1669 ego
397 1637 516 1669 quoque
526 1627 582 1658 hoc
592 1635 727 1666 tempore
737 1625 816 1655 nihil
824 1623 904 1654 aliud
913 1632 1031 1664 agerem
1043 1643 1050 1656 ,
1067 1621 1122 1652 nisi

171 1680 255 1704 eum,
266 1672 319 1711 qui
332 1670 476 1700 accusatus
489 1667 571 1702 esset,
582 1665 839 1698 defenderemzsed
849 1664 921 1696 cum
935 1665 986 1694 ille
1001 1673 1062 1694 tota
1071 1664 1122 1694 illa

170 1713 349 1742 orationein
359 1721 407 1740 me
417 1709 489 1741 esset
498 1709 634 1740 inve&us
644 1730 653 1743 ,
669 1708 782 1739 &cum
797 1709 886 1738 initio
897 1727 906 1740 ,
927 1715 960 1737 ut
969 1706 1033 1736 dixi
1043 1726 1051 1739 ,
1070 1705 1122 1735 de-

170 1752 340 1784 fensionem
355 1762 455 1782 meam
474 1751 647 1782 auctoritate
667 1751 790 1791 spoliare
808 1747 967 1779 voluisset:
989 1749 1080 1778 etiam
1104 1746 1124 1776 si

170 1795 260 1826 dolor
268 1804 355 1825 meus
363 1793 539 1833 respondere
551 1803 615 1823 non
623 1800 751 1833 cogeret,
762 1800 863 1821 tamen
880 1790 940 1830 ipsa
956 1789 1038 1820 causa
1048 1790 1125 1819 hanc

173 1837 188 1868 a
203 1847 252 1867 me
265 1838 434 1866 orationem
449 1834 609 1877 flagitasset.
633 1833 848 1874 Allobrogibus
867 1833 1045 1861 nominatum
1059 1831 1125 1861 Sul-

172 1879 234 1909 lam
245 1876 301 1908 ess‘e
315 1877 402 1908 dicis.
429 1880 440 1904 3
452 1879 527 1919 Qis
540 1878 646 1917 negat?
669 1875 717 1907 sed
735 1875 799 1916 lege
809 1874 976 1907 indicium,
995 1873 1029 1903 δε
1043 1872 1124 1906 vide,

171 1919 432 1961 quemadmodum
444 1919 620 1949 nominatus
630 1916 673 1948 fit.
697 1919 733 1947 L.
747 1914 873 1947 Caffium
883 1915 1026 1945 dixerunt
1038 1924 1125 1944 com-

173 1959 364 1994 memorasse,
374 1970 445 1991 cum
455 1962 559 1991 ceteris
569 1960 754 1990 Autronium
766 1958 866 1988 secum
875 1956 980 1987 facere.
1003 1958 1126 1996 Qaero,

171 2014 249 2034 num
261 2003 375 2034 Sullam
396 2002 504 2032 dixerit
519 2000 648 2033 Cassius?
668 2004 686 2028 4
697 2000 854 2041 nusquam.
877 1999 936 2029 sese
953 1999 1035 2038 ajunt
1045 2008 1126 2038 quae-

172 2044 236 2076 fiss'e
247 2045 284 2075 de
294 2043 390 2075 Caffio
399 2045 472 2086 quid
478 2044 685 2083 Sullasenriret.
707 2042 813 2072 Videte
823 2040 1011 2082 diligentiam
1022 2041 1126 2070 Gallo-

171 2097 261 2118 rum:
284 2088 335 2127 qui
346 2088 438 2116 vitam
449 2087 613 2116 hominum
624 2106 633 2119 ‚
651 2093 847 2124 naturamque
866 2092 931 2112 non
942 2081 1077 2116 nossent,
1094 2091 1127 2112 ac

172 2127 294 2159 tanturn
304 2126 450 2158 audiffent
460 2147 468 2161 ,
489 2137 552 2161 eos,
561 2129 625 2168 pari
639 2127 803 2157 calamitate
822 2122 880 2154 effe
891 2136 899 2158 3
911 2122 1123 2169 quaefiverunr,

172 2168 307 2200 essentne
326 2169 431 2199 eadem
449 2170 623 2199 voluntate?
645 2167 727 2208 Qid
737 2168 824 2196 tum?
848 2165 957 2196 Cassius
974 2164 1126 2206 sirespon-

173 2210 261 2242 disset
278 2210 360 2240 idem
372 2211 478 2241 sentire
491 2231 500 2245 ,
521 2211 553 2241 &
562 2211 664 2241 secum
679 2209 774 2239 facere
784 2207 897 2238 Sullam
909 2227 917 2241 ,
935 2216 1038 2238 tamen
1048 2209 1127 2237 mihi

173 2262 241 2284 non
257 2252 408 2282 videretur
424 2254 455 2282 in
468 2253 549 2282 hunc
565 2252 597 2282 id
615 2249 814 2281 criminosum
827 2247 885 2278 esse
903 2249 1022 2279 debere.
1045 2249 1127 2291 Qid

173 2296 236 2325 ita?
258 2295 327 2335 quia
335 2296 386 2334 qui
397 2293 535 2324 barbaros
549 2295 690 2323 homines
700 2291 736 2321 ad
745 2291 861 2321 bellum
872 2291 1050 2330 impelleret,
1062 2300 1126 2321 non

174 2335 300 2366 debebat
313 2346 436 2364 minuere
445 2336 554 2364 illorum
557 2335 753 2375 suspicionem,
766 2332 798 2362 &
808 2341 931 2372 purgare
941 2342 1003 2365 eos,
1015 2332 1050 2361 de
1060 2334 1127 2372 qui-

172 2378 230 2408 bus
239 2377 284 2407 illi
294 2377 407 2417 aliquid
417 2377 639 2416 suspicarentur.
661 2377 735 2405 Non
744 2374 895 2414 respondit
903 2382 1004 2403 tamen
1016 2373 1076 2403 una
1086 2372 1128 2403 fa-

171 2428 238 2449 cere
256 2419 383 2449 Sullam.
417 2422 538 2448 Etenim
559 2417 630 2448 css'et
650 2416 808 2448 absurdum
821 2435 829 2449 ,
855 2414 927 2444 cum
944 2423 1057 2445 ceteros
1074 2413 1125 2444 sua

173 2461 280 2500 sponte
293 2458 474 2490 nominasset
485 2480 492 2493 ,
506 2462 696 2490 mentionem
709 2458 797 2489 Sullae
816 2456 910 2488 facere
919 2457 1037 2486 nullam
1047 2475 1056 2490 ,
1075 2454 1130 2485 nisi

173 2502 368 2532 admonitum
381 2521 390 2535 ,
420 2502 454 2532 &
469 2504 695 2542 interrogatum.
726 2498 781 2530 nisi
802 2498 879 2529 forte
897 2496 1058 2528 verisimile
1077 2496 1129 2530 est,

173 2545 208 2573 P.
219 2544 306 2574 Sulla:
317 2554 432 2573 nomen
442 2545 474 2573 in
485 2546 634 2573 memoria
644 2541 739 2573 Cassio
760 2551 824 2571 non
835 2539 930 2570 fuisse.
956 2538 974 2569 si
989 2539 1131 2569 nobilitas

1135 119 1679 168 Cxcnnonis

1158 209 1224 230 non
1242 209 1302 231 tam
1322 199 1448 231 illustres
1457 200 1594 234 fuissent:
1617 212 1719 234 tamen
1728 201 1870 233 Autronii
1888 211 2109 237 commemora-

1160 244 1202 272 tio
1216 244 1398 272 memoriam
1406 243 1495 273 Sullae
1504 243 1657 275 retuliss'et.
1674 246 1776 278 etiam,
1788 253 1821 275 ut
1829 245 1963 279 arbitror,
1974 245 2045 276 cum
2057 257 2110 277 au-

1160 283 1307 314 &oritates
1327 286 1500 324 principum
1517 287 1734 326 conjurationis
1749 286 1784 317 ad
1803 286 1973 318 incitandos
1989 290 2110 318 animos

1160 327 1359 367 Allobrogum
1378 327 1532 366 colligeret
1549 327 1677 363 Caffius,
1699 329 1732 359 &
1744 328 1818 360 cum
1829 329 1913 360 sciret
1929 337 2042 359 exteras
2056 340 2110 360 na·

1161 370 1259 398 tiones
1271 368 1405 398 maxime
1424 368 1579 399 nobilitate
1588 373 1724 404 moveri,
1744 380 1807 400 non
1818 369 1900 411 prius
1910 373 2108 405 Autronium,

1160 412 1250 451 quam
1260 411 1373 440 Sullam
1384 408 1573 441 nominasset.
1593 413 1661 454 Jam
1671 411 1744 442 verb
1757 413 1833 442 illud
1847 413 1963 459 probari
1975 413 2109 443 minime

1161 451 1265 492 potest,
1277 452 1390 485 Gallos,
1406 454 1554 483 Autronio
1565 456 1724 484 nominato
1735 473 1744 487 ‚
1758 453 1869 493 putasse
1879 474 1886 488 ,
1901 464 2021 495 propter
2033 455 2110 486 cala-

1162 496 1274 524 mitatis
1287 492 1516 523 similitudinem
1529 514 1538 529 ,
1557 494 1610 525 fibi
1625 495 1739 536 aliquid
1755 495 1790 524 de
1809 496 1889 526 Sulla
1905 495 1962 526 effi:
1974 506 2111 537 quaeren-

1163 536 1237 566 dum
1249 546 1254 564 :
1278 534 1375 565 Cassio
1384 554 1392 569 ‚
1406 534 1426 564 si
1435 536 1485 565 hic
1494 534 1564 567 esset
1575 539 1608 566 iri
1617 537 1725 567 eodem
1735 536 1842 567 scelere
1851 557 1859 571 ‚
1881 547 1918 566 ne
1927 537 1999 567 cum
2011 539 2112 579 appel-

1163 576 1244 608 lass'et
1261 577 1385 618 quidem
1400 580 1603 612 Autronium,
1623 579 1712 618 liujus
1734 579 1768 608 in
1786 587 1922 609 mentem
1935 581 2038 610 venire
2055 589 2113 620 po-

1164 618 1261 650 tuiss'e.
1284 619 1340 649 Sed
1355 629 1455 650 tamen
1469 618 1541 660 quid
1555 620 1707 660 respondit
1716 619 1752 650 de
1762 621 1844 650 Sulla
1861 618 1992 651 Cassius?
2014 621 2049 652 Se
2066 631 2114 651 ne·

1158 663 1229 701 fure
1241 668 1357 690 certum.
1384 664 1460 691 Non
1472 670 1584 702 purgat,
1596 664 1704 702 inquit.
1728 664 1805 692 Dixi
1814 671 1912 693 antea:
1932 673 1970 693 ne
1981 661 2000 692 si
2011 673 2115 705 argue-

1162 712 1205 733 ret
1218 703 1342 744 quidem
1353 711 1417 733 tum
1426 703 1558 744 denique
1568 724 1576 737 ,
1596 702 1668 734 cum
1679 702 1750 734 effet
1765 706 1958 747 interrogatus
1966 725 1975 739 ,
1993 705 2025 735 id
2036 705 2114 735 mihi

1161 746 1359 776 criminosum
1371 745 1528 775 videretur.
1552 749 1564 772 5
1574 745 1630 776 Sed
1646 755 1702 788 ego
1713 746 1861 786 injudtct'u
1870 766 1878 780 ,
1891 746 1966 776 &in
1975 746 2116 788 quaestio-

1165 787 1255 817 nibus
1270 797 1334 817 non
1345 788 1403 818 hoc
1413 787 1609 828 quaerendum
1619 789 1754 822 arbitror,
1764 797 1839 818 num
1849 796 1988 829 purgetur
1997 789 2035 819 ali
2058 790 2114 819 uis:

1166 828 1216 858 sed
1238 839 1315 858 num
1338 838 1480 871 arguatur.
1511 832 1626 859 etenim
1649 829 1721 860 cum
1740 839 1834 871 negat·
1845 829 1873 860 se
1892 831 1963 860 scire
1981 832 2021 861 Ca
2045 840 2092 860 ius
2103 850 2113 866 ,

1165 869 1265 900 utrum
1278 871 1410 901 sublevat
1419 871 1545 905 Sullam,
1556 881 1592 902 an
1603 872 1670 902 satis
1680 872 1782 912 probat
1792 872 1820 902 se
1830 873 1963 902 nescire?
1975 872 2114 903 Sublevat

1163 911 1239 952 apud
1251 912 1365 942 Gallos.
1388 912 1469 953 Qd
1483 914 1539 944 ita?
1561 923 1599 943 ne
1610 913 1764 944 indicent?
1787 914 1868 955 Qid
1881 917 1894 943 ἓ
1915 912 2112 954 sipericulum

1164 952 1221 983 esse
1231 952 1354 993 putasset
1363 973 1371 987 ‚
1388 964 1424 984 ne
1435 954 1481 984 illi
1492 964 1637 996 umquam
1651 955 1817 986 indicarent
1829 975 1837 987 .
1849 956 1886 985 de
1894 956 1989 995 seipso
1998 954 2117 986 confes-

1164 995 1212 1025 sus
1225 993 1314 1025 ess'et?
1326 995 1459 1026 nesciVit.
1483 997 1597 1031 Credo,
1615 998 1730 1037 judices
1741 1018 1749 1031 ,
1771 996 1900 1027 celatum
1914 996 1971 1027 effe
1980 995 2112 1027 Caffium

1163 1036 1199 1066 de
1209 1037 1290 1067 Sulla
1299 1047 1371 1067 uno.
1397 1047 1467 1067 nam
1478 1038 1513 1067 de
1522 1041 1626 1069 ceteris
1636 1040 1713 1070 certe
1729 1039 1835 1069 sciebat
1847 1050 1852 1068 :
1865 1039 1898 1069 &
1907 1049 1939 1069 ea
1947 1038 2034 1069 domi
2048 1040 2114 1078 ejus

1163 1079 1299 1119 pleraque
1309 1078 1437 1109 conflata
1445 1078 1501 1109 effe
1520 1080 1678 1111 constabat.
1702 1083 1877 1121 Qiinegare
1887 1081 1988 1111 noluit
2005 1078 2062 1110 effe
2079 1082 2114 1111 in

1164 1130 1200 1149 eo
1211 1129 1339 1150 numero
1349 1121 1474 1154 Sullam,
1486 1131 1548 1161 quo
1554 1122 1617 1163 plus
1625 1122 1682 1161 spei
1693 1123 1786 1152 Gallis
1796 1122 1876 1153 daret
1887 1133 1892 1151 z
1906 1122 2003 1152 dicere
2012 1131 2114 1152 autem

1162 1161 1270 1191 falsum
1281 1171 1347 1192 non
1355 1163 1440 1192 ausus
1451 1162 1509 1193 est:
1522 1164 1634 1193 nescire
1644 1164 1732 1194 dixit.
1755 1166 1847 1204 Atqui
1858 1165 1915 1194 hoc
1924 1164 2115 1203 perspicuum

1166 1202 1218 1237 est,
1232 1202 1305 1234 cum
1318 1205 1345 1233 is
1356 1223 1364 1237 ,
1375 1206 1426 1244 qui
1437 1203 1473 1233 de
1486 1205 1630 1234 omnibus
1644 1205 1751 1238 scierit,
1763 1205 1800 1235 de
1810 1205 1893 1236 Sulla
1902 1205 1930 1235 se
1945 1204 2016 1235 scire
2027 1214 2118 1246 nega-

1162 1246 1201 1275 rit
1211 1257 1219 1279 3
1242 1244 1368 1275 eandem
1379 1248 1445 1276 vim
1458 1244 1516 1275 ess'e
1524 1249 1693 1287 negationis
1702 1247 1790 1286 liujus
1803 1268 1811 1280 ,
1832 1246 1923 1287 quam
1934 1244 1955 1275 si
1964 1254 2046 1276 extra
2054 1257 2120 1276 con-

1155 1287 1330 1325 jurationem
1344 1289 1424 1318 hunc
1434 1286 1501 1321 effe,
1513 1288 1541 1318 se
1550 1289 1620 1318 scire
1634 1287 1763 1318 dixisset.
1786 1299 1869 1322 nam,
1888 1297 1986 1327 cnjus
2002 1297 2118 1318 scmu-

1163 1338 1255 1358 τιΑΜ
1277 1329 1313 1359 de
1323 1329 1468 1359 omnibus
1477 1329 1591 1359 constat
1599 1328 1686 1360 fuisse
1698 1350 1706 1363 ,
1727 1331 1752 1370 ej
1758 1341 1791 1361 us
1801 1333 1948 1373 ignoratio
1956 1330 1993 1361 de
2002 1330 2116 1371 aliquo,

1163 1372 1297 1412 purgatio
1308 1370 1396 1401 debet
1405 1370 1511 1401 videri.
1532 1371 1590 1402 Sed
1605 1372 1668 1411 jam
1679 1381 1742 1401 non
1751 1382 1851 1414 quaero
1863 1392 1871 1406 ,
1891 1381 2034 1414 purgetne
2046 1371 2116 1402 Cas-

1165 1411 1221 1442 sius
1239 1413 1369 1443 Sullam:
1395 1412 1470 1443 illud
1485 1414 1565 1443 mihi
1585 1412 1704 1444 tantum
1721 1414 1790 1446 satis
1807 1413 1867 1447 est,
1885 1424 1987 1445 contra
2001 1413 2118 1445 Sullam

1164 1454 1242 1484 nihil
1253 1453 1311 1484 effe
1320 1456 1354 1484 in
1370 1454 1495 1485 indicio.
1525 1455 1670 1486 Exclusus
1683 1456 1736 1486 hac
1753 1457 1967 1487 criminatione
1978 1459 2116 1496 Torqua-

1165 1504 1211 1526 tus
1228 1496 1326 1527 rursus
1336 1498 1370 1526 in
1380 1506 1430 1526 me
1439 1497 1535 1531 irruit,
1547 1506 1598 1527 me
1606 1497 1726 1528 accusat.
1735 1500 1776 1529 ait
1788 1507 1838 1528 me
1845 1497 1929 1527 aliter
1939 1517 1946 1531 ,
1957 1507 1988 1528 ac
1997 1496 2116 1528 diffiim

1165 1536 1217 1571 est,
1230 1539 1262 1567 in
1272 1537 1384 1568 tabulas
1392 1538 1526 1578 publicas
1535 1537 1673 1569 retulisse.
1697 1542 1723 1569 O
1735 1540 1777 1570 dii
1787 1540 1986 1569 immortaleis
1997 1542 2002 1568 ¹.
2015 1538 2117 1578 (vobis

1165 1581 1248 1609 enim
1260 1579 1389 1610 tribuam
1402 1599 1410 1613 ‚
1422 1590 1487 1621 quae
1498 1579 1592 1611 vestra
1601 1581 1683 1611 sunt:
1695 1590 1750 1612 nec
1760 1579 1832 1611 veri>
1841 1579 1961 1621 poffum
1971 1591 2042 1611 meo
2052 1590 2118 1611 tan-

1164 1629 1229 1651 tum
1240 1622 1363 1662 ingenio
1373 1621 1439 1653 dare
1450 1642 1458 1655 ,
1480 1630 1512 1652 ut
1522 1631 1619 1652 totres
1631 1642 1639 1655 ,
1652 1631 1745 1653 tantas
1757 1643 1765 1657 ,
1778 1632 1838 1653 tam
1861 1624 1953 1653 varias
1963 1642 1972 1657 ,
1992 1632 2053 1653 tarn
2071 1632 2118 1652 re-

1164 1664 1301 1703 pentinas
1317 1683 1327 1696 ,
1357 1665 1388 1693 in
1407 1664 1458 1699 illa
1473 1662 1722 1694 turbulentissima
1750 1662 1921 1704 tempestate
1949 1663 2122 1704 reipublicae

1166 1715 1232 1734 mea
1242 1705 1336 1744 sponte
1352 1704 1531 1745 dispexerim)
1551 1714 1606 1736 vos
1622 1704 1760 1745 profe&b
1770 1708 1910 1736 animum
1927 1714 2032 1735 meum
2050 1714 2118 1736 tum

1164 1746 1372 1777 conservandae
1395 1749 1495 1787 patriae
1522 1746 1683 1786 cupiditate
1706 1746 1882 1779 incendistis
1903 1757 1910 1776 ε
1941 1757 1997 1778 vos
2013 1756 2063 1777 me
2081 1747 2120 1778 ab

1166 1788 1310 1818 omnibus
1326 1790 1430 1818 ceteris
1446 1789 1678 1829 cogitationibus
1688 1786 1704 1809 ⁶
1713 1790 1748 1820 ad
1768 1799 1861 1820 unam
1879 1789 2005 1819 salutem
2018 1790 2120 1829 reipu-

1167 1830 1250 1860 blicae
1261 1829 1429 1860 contulistis
1445 1840 1450 1859 :
1474 1839 1529 1860 vos
1548 1829 1679 1871 denique
1699 1833 1732 1862 in
1745 1833 1834 1862 tantis
1851 1831 1980 1861 tenebris
1997 1832 2119 1865 erroris,

1168 1871 1375 1902 &inscientiae
1391 1870 1585 1902 clarissimum
1605 1873 1711 1903 lumen
1727 1871 1896 1913 praetulistis
1919 1874 2016 1903 menti
2033 1881 2120 1903 meae.

1168 1913 1240 1943 Vidi
1251 1923 1306 1954 ego
1315 1914 1385 1947 hoc,
1392 1915 1403 1954 j
1409 1913 1521 1948 udices,
1533 1912 1588 1944 nisi
1597 1915 1698 1944 recenti
1708 1916 1842 1944 memoria
1850 1914 1979 1949 senatus,
1989 1913 2121 1945 auetori-

1169 1963 1258 1985 tatem
1277 1956 1367 1996 hujus
1380 1955 1487 1986 indicii
1503 1958 1714 1987 monumentis
1730 1957 1861 1998 publicis
1877 1955 1997 1987 testatus
2014 1954 2120 1990 essem,

1167 1995 1232 2027 fore
1242 2016 1251 2030 ,
1265 2006 1297 2027 ut
1308 1997 1469 2038 aliquando
1479 2007 1544 2028 non
1554 2000 1727 2038 Torquatus
1739 2018 1748 2034 ‚
1766 2008 1864 2039 neque
1873 2000 2020 2040 Torquati
2038 1997 2122 2039 quis-

1167 2040 1248 2079 piam
1260 2037 1365 2068 similis
1383 2040 1466 2079 (nam
1483 2039 1515 2070 id
1535 2049 1585 2069 me
1605 2040 1738 2071 multum
1752 2039 1875 2080 fefellit)
1892 2040 1942 2070 sed
1963 2049 1996 2070 ut
2014 2040 2125 2080 aliquis

1170 2082 1353 2121 patrimonio
1363 2080 1532 2123 naufragus,
1542 2083 1687 2113 inimicus
1700 2084 1776 2116 otii,
1787 2082 1942 2112 bonorum
1952 2080 2056 2115 hostis,
2067 2081 2125 2112 ali-

1169 2132 1212 2153 ter
1225 2122 1353 2153 indicata
1361 2125 1425 2154 haec
1434 2123 1491 2153 esse
1501 2123 1610 2154 diceret
1622 2143 1630 2157 ‚
1652 2124 1713 2165 quo
1721 2123 1839 2155 facilius
1848 2142 1857 2157 ‚
1876 2132 1969 2154 vento
1978 2124 2079 2164 aliquo
2089 2123 2124 2152 in

1169 2165 1321 2204 optimum
1339 2175 1490 2207 quemque
1506 2167 1635 2196 excitato
1647 2186 1655 2201 ,
1675 2165 1771 2207 poffet
1788 2168 1822 2196 in
1831 2166 1919 2195 malis
1929 2168 2001 2205 reip.
2007 2172 2123 2205 portum

1169 2207 1294 2236 suorum
1305 2208 1457 2238 malorum
1467 2208 1598 2248 aliquem
1610 2209 1756 2238 invenire.
1783 2205 2073 2247 Itaqueintrodustis
2088 2206 2123 2235 in

1171 2249 1306 2278 senatum
1317 2249 1486 2279 indicibus:
1509 2248 1652 2280 constitui
1668 2250 1833 2281 senatores,
1853 2250 1906 2288 qui
1924 2249 2028 2277 omnia
2041 2246 2124 2277 indi-

1170 2299 1240 2319 cum
1251 2289 1330 2319 dista
1341 2310 1349 2324 ‚
1360 2292 1537 2331 interrogata
1546 2310 1555 2323 ‚
1571 2290 1708 2330 responsa
1718 2288 1919 2331 perscriberent.
1941 2292 1981 2319 At
1989 2298 2065 2330 quos
2075 2290 2123 2319 vi-

1170 2333 1237 2360 ros?
1259 2340 1324 2360 non
1335 2332 1434 2360 solum
1448 2332 1564 2360 summa
1572 2333 1699 2365 virtute,
1717 2332 1750 2361 &
1769 2329 1826 2361 fide
1838 2350 1846 2364 ,
1860 2332 1947 2371 cujus
1960 2331 2076 2373 generis
2090 2332 2124 2360 in

1171 2372 1271 2401 senatu
1282 2372 1403 2402 facultas
1415 2375 1566 2402 maxima:
1592 2372 1640 2402 sed
1661 2375 1750 2403 etiam
1761 2382 1837 2413 quos
1854 2373 1983 2403 sciebam
2003 2381 2126 2402 memo-

1172 2415 1213 2442 ria
1223 2432 1232 2446 ,
1256 2412 1389 2447 scientia,
1400 2413 1629 2448 consuetudine,
1642 2415 1675 2445 &
1684 2416 1831 2445 celeritate
1842 2414 2002 2448 scribendi,
2018 2413 2127 2444 facilli·

1174 2464 1224 2483 me
1235 2474 1243 2487 ,
1264 2464 1329 2495 quae
1339 2454 1509 2485 dicerentur
1519 2475 1527 2489 ‚
1542 2458 1679 2497 persequi
1689 2455 1787 2496 poss'e:
1810 2458 1843 2486 C.
1857 2456 2039 2486 Cosconium
2051 2476 2060 2489 ‚
2074 2456 2127 2496 qui

1172 2505 1242 2526 tunc
1261 2506 1320 2527 erat
1329 2506 1451 2536 praetor:
1476 2500 1519 2527 M.
1532 2497 1698 2528 Messallam
1708 2519 1716 2532 ‚
1738 2500 1790 2539 qui
1801 2507 1867 2528 tum
1878 2507 2033 2538 praeturam
2044 2506 2128 2538 pete-

1175 2538 1239 2568 bat:
1262 2541 1292 2568 P.
1304 2538 1469 2580 Nigidium
1483 2559 1491 2573 ,
1506 2542 1581 2579 App.
1594 2540 1767 2570 Claudium.
1790 2540 1879 2570 credo
1889 2538 1945 2570 effe
1954 2541 2125 2573 neminem,

174 2585 312 2615 hominis
321 2605 329 2619 ‚
346 2584 367 2615 si
376 2584 485 2616 affli&a
497 2585 617 2616 fortuna
629 2606 637 2619 ‚
651 2583 670 2617 si
679 2585 813 2625 reliquiae
821 2581 952 2623 pristinae
965 2581 1128 2623 dignitatis,
1174 2585 1187 2608 7
1201 2581 1252 2621 qui
1265 2581 1310 2610 his
1320 2581 1499 2612 hominibus
1511 2582 1547 2613 ad
1560 2582 1629 2613 vere
1649 2581 1839 2613 referendum
1851 2602 1860 2616 ,
1876 2591 1926 2612 aut
1948 2583 2038 2612 etiam
2058 2581 2130 2611 scri-

1983 2622 2130 2657 bendum,

216 2700 225 2717 1
234 2712 239 2717 .
258 2692 365 2725 Qinque
375 2694 504 2718 homimlmi
513 2695 672 2727 comprehensis
684 2701 754 2727 atquc
764 2694 889 2728 confhffis]
913 2691 1009 2718 Nescio
1019 2701 1050 2719 an
1063 2692 1127 2718 ult-'1-

175 2736 219 2753 ma
230 2736 281 2753 vox
293 2736 365 2762 pura.
386 2728 507 2755 meliores
519 2731 588 2755 enim
601 2730 667 2755 Pan.
680 2737 750 2763 atque
760 2731 868 2764 confiffs.
889 2727 959 2764 quod
971 2729 1056 2755 minus
1068 2727 1127 2753 fue-

175 2764 212 2789 rit
223 2762 392 2789 invidiosum.
414 2765 488 2790 &ita
499 2773 569 2792 certe
583 2764 682 2802 scripsit
693 2767 809 2797 cicero,
829 2772 858 2792 ut
868 2764 975 2791 demum
986 2764 1019 2791 de
1030 2764 1128 2801 suppli-

177 2801 219 2825 cio
233 2799 357 2833 loquatur
376 2801 484 2835 periodo
495 2800 622 2836 sequenti.

215 2844 242 2860 2.
262 2838 290 2860 121
301 2836 417 2868 consulatu
430 2856 437 2868 ‚
457 2845 526 2870 atqu:
545 2840 614 2862 etiam
624 2841 649 2863 in
664 2844 770 2870 prmum
782 2838 865 2871 futffbt
882 2836 989 2870 afflatu]
1012 2836 1129 2862 CoaS‘cus

1169 2692 1249 2717 etiam
1261 2691 1336 2723 liuius
1348 2691 1449 2728 periodi
1461 2691 1615 2718 sententiam
1628 2701 1636 2723 3
1657 2700 1715 2717 cum
1726 2698 1802 2718 antea
1821 2690 1887 2717 falso
1897 2691 1924 2717 8<
1936 2690 2044 2718 obscuri:
2056 2692 2129 2726 lege-

1172 2735 1261 2754 retur:
1283 2737 1411 2763 numquam
1423 2729 1472 2762 sese
1483 2747 1491 2760 ,
1509 2728 1560 2759 &uz
1580 2730 1715 2754 calamitate
1725 2731 1765 2762 qui
1779 2729 1884 2762 fixerant
1901 2727 1941 2762 effe
1958 2731 1984 2753 in
1994 2727 2071 2753 eadem
2082 2737 2128 2753 vo-

1172 2766 1276 2789 lunrate.

1212 2809 1237 2833 5.
1256 2800 1301 2825 Sed
1311 2809 1346 2833 ego
1355 2801 1380 2825 in
1391 2799 1491 2833 judiciis
1500 2801 1529 2831 (ξ’
1537 2802 1562 2826 in
1572 2800 1756 2835 questionibus]
1777 2800 1818 2826 Ita
1828 2798 1896 2825 Pall.
1907 2799 1988 2826 nostri
1999 2796 2085 2834 scripti
2098 2798 2127 2824 δε

1150 2861 1152 2865 Α
1171 2835 1296 2862 aliorum.
1317 2835 1462 2862 Lambinus
1474 2836 1566 2862 intulit
1583 2837 1687 2862 indiciis.
1708 2836 1794 2862 minus
1805 2835 1881 2862 ben‘e.
1906 2844 1965 2861 nam
1977 2834 2129 2871 quaeltioni-

176 2869 233 2896 suin
244 2870 425 2907 obtemperare
436 2872 568 2908 scripturae
581 2874 636 2899 l’al.
648 2874 709 2900 noxii
723 2894 729 2905 ‚
750 2873 845 2900 deletis
856 2871 1022 2900 intermediis
1033 2882 1082 2897 enm
1095 2874 1130 2905 fi-
1151 2870 1152 2908 l
1173 2872 1328 2906 busjudicia
1339 2872 1432 2907 utique
1442 2880 1612 2898 exercentur.

174 2908 252 2945 gniser
270 2908 319 2937 effer
332 2910 474 2941 parentum.
494 2909 572 2935 aliter
582 2910 634 2935 liaec
644 2910 781 2937 constituit
791 2909 935 2937 Lambinus
947 2928 956 2941 ‚
966 2908 1010 2935 sed
1020 2917 1054 2934 ex
1065 2918 1128 2935 con-

174 2942 281 2975 Jeftura
294 2943 403 2969 Henrici
416 2945 548 2980 Stephani.

218 2986 242 3013 3.
262 2979 319 3010 Qis
329 2987 396 3011 negat
407 2983 416 3005 ἓ
430 2981 642 3013 ji.ilt3321in.›¹icit.rm
654 3001 662 3013 ,
672 2982 701 3012 ὁ*
709 2982 765 3007 vide
777 3001 784 3013 ,
793 2982 861 3016 Gyen]
885 2980 1013 3008 Cori-rexi
1025 2980 1132 3016 elegan-

179 3020 220 3040 ter
230 3018 244 3039 ὰ
256 3015 408 3049 'rin-'ingrers-
422 3035 428 3046 ,
448 3016 638 3056 :tendebatque
649 3018 752 3053 prorsus
773 3019 896 3054 proxime
916 3017 972 3044 Pal.
985 3026 1079 3043 nonus.
1100 3026 1132 3042 ne

178 3049 390 3076 emendationem
411 3051 474 3077 lianc
494 3052 537 3077 nbi
556 3052 714 3079 adleriberet
732 3054 894 3080 Gulielmius
917 3074 924 3086 ‚
948 3051 1131 3090 imputandum

178 3086 357 3147 1Zinzerlingo
368 3087 455 3113 nostro
468 3107 475 3119 ,
495 3088 538 3123 qui
558 3088 659 3124 pridem
679 3089 757 3125 ipliun
777 3090 954 3117 ostentavitin
970 3087 1133 3116 Promulside

192 3130 232 3147 ua.

213 3165 241 3191 4.
261 3158 471 3193 Nufiluam.fifi,
490 3160 559 3195 dm]
581 3160 623 3187 Ex
642 3161 698 3188 Pal.
716 3171 787 3189 nouo
806 3160 994 3198 &Turingico
1012 3160 1135 3189 constitui

1210 2909 1238 2934 6.
1257 2909 1298 2934 Ad
1304 2917 1377 2932 unam
1380 2909 1483 2941 salntem
1493 2906 1709 2941 rc1p.eor.tulistis.]
1732 2907 1788 2934 Pal.
1800 2916 1896 2938 nonus,
1907 2908 2057 2938 con-vernstis.

1210 2953 1225 2978 7
1232 2964 1237 2970 .
1256 2945 1303 2976 Q1
1307 2945 1346 2969 *lm
1355 2946 1486 2970 hominibus
1496 2944 1530 2969 ad
1536 2945 1591 2969 vere
1603 2944 1747 2976 referendum
1756 2955 1764 2975 ‚-
1784 2950 1828 2968 aut
1837 2944 2072 2976 etiamftribendum,
2086 2949 2130 2969 am

1168 2980 1314 3013 fidemputet
1325 2999 1332 3011 ,
1350 2983 1517 3013 antingenium
1528 2979 1645 3013 dtfmffe]
1670 2978 1865 3014 Repraesentavi
1883 2978 1953 3014 quod
1969 2986 2024 3005 erat
2034 2980 2060 3005 in
2073 2979 2129 3005 Pal.

1176 3026 1245 3042 nono
1255 3016 1282 3040 Sc
1295 3016 1443 3050 Turingico
1456 3035 1463 3047 ,
1482 3024 1545 3041 exce
1566 3022 1594 3040 to
1604 3013 1674 3050 quod
1694 3015 1725 3040 iis
1736 3014 1825 3040 aberat
1844 3022 1885 3040 aut
1895 3015 2130 3048 ciiamfi‘ribendum,

1175 3051 1246 3088 quod
1266 3060 1313 3077 nec
1332 3052 1357 3077 in
1370 3052 1425 3078 ullo
1436 3051 1493 3078 niis.
1512 3061 1546 3077 no
1571 3059 1659 3077 rorum
1670 3051 1848 3077 vitaliorum.
1869 3050 2014 3077 Lambinus
2033 3050 2066 3076 de
2084 3049 2131 3076 suo

1178 3088 1235 3113 heic
1247 3088 1330 3113 multa
1339 3087 1442 3113 auftori
1455 3087 1566 3123 largitus
1576 3087 1622 3113 est.
1633 3094 1658 3113 :it
1670 3086 1775 3122 vulgata
1804 3086 1951 3118 raeferebut,
1962 3090 2003 3120 qui
2013 3088 2048 3112 his
2054 3088 2131 3112 omni-

1177 3125 1221 3149 bm
1231 3132 1273 3148 aut
1283 3124 1316 3148 ad
1323 3125 1378 3149 vere*
1388 3124 1511 3157 referendis
1523 3143 1530 3155 ,
1549 3130 1592 3149 aut
1601 3126 1671 3148 etiam
1684 3124 1776 3155 sbrrbcn
1793 3124 1812 3148 is
1829 3130 1879 3155 put,
1886 3131 1894 3147 t
1905 3126 2020 3157 ingenium
2029 3123 2131 3156 defiuffl’.

1177 3167 1255 3195 atque
1266 3159 1314 3186 hoc
1323 3159 1410 3188 statim
1421 3160 1480 3187 loco
1491 3159 1580 3188 deficit
1591 3158 1725 3187 Palatinus
1737 3159 1822 3186 noster
1833 3168 1928 3186 nonus.
2061 3193 2083 3217 Ε
2110 3190 2133 3226 s

2019 3201 2030 3219 1
2037 3211 2043 3219 .
2084 3200 2113 3216 ms
2124 3200 2131 3215 Ι
