2302 3353
44 2191 85 2217 21

587 99 1198 145 na-ORAa-oaa

132 190 232 215 mores
249 181 428 213 hominum,
449 187 514 220 quae
523 178 559 209 ad
569 181 662 209 vitam
673 200 681 213 ‚
704 189 769 220 quae
787 177 821 208 ad
833 180 975 208 vii-tutem
987 200 995 213 ‚
1014 189 1080 220 quae

125 225 162 256 ad
181 224 394 264 rempublicam
406 221 609 261 pertinebant,
630 223 837 263 cognitionem
851 240 859 252 ‚
882 221 914 249 &
925 221 1079 250 scientiam

125 276 195 297 cum
206 264 325 296 dicendi
336 265 448 293 tatione
459 262 622 303 iungebant
640 273 645 291 z
665 262 767 303 postea
783 265 791 280 ¹
806 260 952 291 dissociati
972 262 1017 299 (ut
1025 271 1080 290 ex—

124 308 223 347 posui)
233 306 247 336 a
257 309 372 336 Socrate
383 325 392 337 ,
412 304 512 334 diserti
524 306 539 334 a
551 303 648 334 dorfflis
659 325 666 337 ,
690 304 722 334 ἔτ
732 304 872 342 deinceps
882 302 897 332 a
907 304 1077 335 Socraticis,

123 351 197 379 item
208 346 350 377 omnibus
363 366 370 379 ,
382 346 554 386 philosophi
566 346 769 386 eloquentiam
781 344 983 384 despexerunt
992 364 999 377 ,
1012 353 1078 373 ora-

123 399 200 420 tores
210 389 381 428 sapientiam
398 398 403 416 :
424 398 520 428 neque
530 387 695 428 quidquam
707 397 744 417 ex
754 387 873 417 alterius
883 394 962 426 parte
974 387 1077 426 tetige-

76 437 78 439 ’
121 439 209 464 runt,
231 428 285 459 nisl
297 429 376 470 quod
388 429 433 458 illi
446 429 481 459 ab
492 430 539 458 his
552 450 560 462 ,
579 429 672 459 autab
682 429 743 458 illis
753 430 785 459 hi
797 436 1020 458 mutuarentur:
1039 437 1077 456 ex

119 482 181 513 quo
197 470 367 512 promiscue
380 472 530 500 haurirent
541 469 561 500 fi
572 481 692 501 manere
702 473 734 500 in
746 469 870 511 pristina
879 470 1077 499 communio—

119 524 158 544 nc
169 512 338 543 voluissent.
359 513 426 545 Sed,
437 522 469 542 ut
478 511 637 553 pontifices
648 521 761 542 veteres
773 533 780 545 ‚
792 520 910 552 propter
920 509 1077 541 sacrificio-

119 565 186 585 rum
197 554 410 584 multitudinem
419 557 488 584 treis
498 557 579 584 viros
590 555 735 594 epulones
746 553 804 583 effe
815 554 985 585 voluerunt,
1003 551 1076 581 cum

119 595 213 626 effent
232 594 284 636 ipsi
295 596 310 626 a
321 598 441 630 Numa,
459 605 490 626 ut
507 599 599 627 etiam
611 596 685 626 illud
702 595 844 625 ludorum
862 595 979 634 epulare
992 594 1078 623 sacri-

120 636 222 668 ficium
235 638 381 671 facerent,
394 638 520 668 instituti
543 649 548 667 :
569 637 606 668 sic
616 639 754 668 Socratici
765 637 780 666 a
791 637 817 666 se
830 637 983 666 causarum
993 634 1076 665 aflo-

117 689 162 709 res
173 680 205 709 &
215 679 231 710 a
242 681 401 709 communi
413 680 609 719 philosophiae
625 680 752 708 nomine
764 679 986 717 separaverunt,
1003 676 1077 706 cum

117 730 230 751 veteres
253 721 375 752 dicendi
398 722 431 751 &
452 722 548 751 intelli
572 719 640 750 endi
662 718 824 749 mirificam
836 719 1007 748 societatem
1019 717 1077 748 effe

118 762 289 793 voluissent.
346 773 388 793 uae
408 762 478 793 cum
491 764 528 792 ita
550 771 595 792 isit
605 782 613 795 ,
628 761 796 801 paullulum
809 761 951 802 equidem
970 760 1007 790 de
1027 770 1077 789 me

121 804 318 844 deprecabor,
334 807 363 835 &
374 814 471 844 petam
481 803 497 833 a
508 803 595 833 vobis
606 823 613 836 ‚
638 812 670 832 ut
681 814 711 833 ea
722 824 729 836 ‚
748 813 813 844 quae
825 803 922 832 dicam
937 822 945 835 ,
966 812 1029 831 non
1041 801 1078 831 de

116 847 316 886 memetipso,
336 846 383 876 sed
394 845 430 874 de
449 853 564 874 oratore
581 844 677 875 dicere
687 847 807 885 putetis.
842 847 905 885 Ego
915 854 998 873 enim
1010 844 1076 873 suin

118 890 144 918 is
156 908 164 921 ‚
175 890 245 929 qui,
265 892 335 918 cum
347 887 468 916 summo
479 885 576 916 studio
587 888 674 926 patris
685 889 713 915 in
727 887 853 928 pueritia
864 884 960 914 [tostus
971 884 1074 919 essem,

120 930 154 960 δε
170 932 201 959 in
219 929 319 959 forum
331 930 445 969 ingenii
456 937 572 958 tantum
585 949 592 961 ,
616 938 761 969 quantum
780 929 841 968 ipse
862 928 959 957 sentio
978 948 986 961 ,
1012 937 1076 957 nou

117 980 233 1001 tantum
245 991 253 1003 ‚
274 979 420 1010 quantum
439 971 498 1009 ipse
516 968 637 1000 forsitan
651 970 740 1000 vobis
750 970 869 1002 videar,
891 968 1073 1003 detulissem,

115 1022 180 1042 non
190 1010 296 1052 poffim
306 1011 404 1041 dicere
415 1031 422 1045 ‚
436 1022 485 1040 nie
497 1012 570 1044 haec,
581 1022 646 1052 quae
658 1022 739 1042 nunc
752 1010 938 1051 complestor
949 1031 957 1044 ‚
974 1013 1075 1051 perin—

114 1054 150 1084 de
160 1074 168 1087 ,
180 1063 212 1083 ut
221 1053 317 1083 dicam
328 1052 466 1083 discenda
476 1052 533 1083 ess‘e
544 1074 552 1087 ‚
565 1052 701 1084 didicisse
722 1064 727 1082 :
746 1055 856 1094 quippe
867 1055 920 1094 qui
929 1054 1072 1082 omnium

113 1095 290 1125 matun-ime
309 1094 344 1124 ad
354 1094 486 1134 publicas
505 1096 604 1125 causas
623 1094 792 1125 accesserim
802 1115 810 1128 ,
832 1099 845 1114 2
856 1095 1009 1135 annosque
1022 1105 1073 1124 na-

115 1145 162 1167 tus
174 1146 268 1166 unum
282 1136 314 1166 &
325 1138 434 1177 viginti
451 1135 674 1167 nobilissimum
685 1138 846 1167 hominem
860 1157 869 1169 ,
883 1137 915 1167 &
925 1137 1072 1177 eloquen-

92 1201 95 1204 -
115 1176 278 1212 tiffimum,
302 1178 493 1217 injudicium
503 1181 635 1209 vocarim
649 1189 654 1208 :
670 1179 902 1218 cuidiscipliiia,
924 1177 1014 1208 fuerit
1024 1177 1073 1208 fo-

114 1230 182 1250 rum
195 1230 200 1249 t
212 1219 359 1260 magister,
370 1221 437 1250 usus
447 1241 455 1254 ,
468 1220 589 1262 &leges
600 1241 608 1254 ,
623 1221 655 1250 δε
664 1220 800 1251 instituta
807 1221 913 1260 populi
925 1222 1071 1254 Romani,

113 1262 238 1303 mosque
259 1262 422 1301 majorum.
448 1263 584 1292 Paullum
597 1283 604 1296 ,
627 1261 725 1292 ficiens
743 1262 865 1292 istarum
885 1264 993 1292 artium
1006 1282 1014 1295 ‚
1035 1261 1072 1291 de

112 1304 221 1345 quibus
232 1304 339 1344 loquor
348 1324 356 1336 ,
368 1302 480 1344 gustavi
491 1324 499 1336 ‚
512 1304 640 1346 quaestor
648 1306 682 1334 in
693 1302 757 1334 Asia
768 1302 839 1334 cum
850 1302 941 1333 essem
955 1324 962 1337 ,
975 1314 1072 1344 aequa-

111 1346 174 1376 lem
192 1345 252 1375 fere
264 1355 367 1375 meum
378 1355 416 1374 ex
424 1345 584 1376 Academia
601 1347 752 1375 rhetorem
763 1344 867 1375 naCtus
879 1365 887 1378 ,
908 1345 1065 1375 Metrodo-

111 1397 179 1418 rum
192 1387 279 1416 illum
290 1407 298 1420 ,
328 1386 364 1416 de
374 1388 458 1425 cujus
477 1390 625 1418 memoria
634 1389 889 1417 commemoravit
906 1389 1069 1417 Antonius:

111 1428 225 1459 &inde
235 1427 381 1458 decedens
392 1448 400 1462 ,
411 1429 553 1459 Athenis:
565 1429 617 1459 ubi
629 1439 684 1470 ego
696 1428 810 1459 diutius
821 1428 912 1459 essem
925 1439 1069 1463 moratus,

111 1469 167 1501 nisi
183 1468 412 1500 Atheniensibus
423 1491 434 1503 ,
453 1469 534 1511 quod
547 1470 687 1511 mysteria
698 1481 760 1501 non
778 1469 941 1504 referrent,
961 1471 997 1501 ad
1007 1481 1072 1511 quae

111 1512 205 1543 biduo
223 1511 315 1542 serius
333 1522 473 1542 veneram
483 1533 491 1546 ,
516 1511 755 1544 succensuisl'em.
811 1523 876 1542 uare
891 1513 950 1542 hoc
962 1533 969 1545 ,
987 1512 1070 1554 quod

111 1553 297 1594 compleSmr
315 1563 427 1584 tantam
453 1555 608 1585 scientiam
632 1575 640 1588 ,
663 1557 790 1596 vimque
831 1554 954 1584 odilina:
975 1575 983 1588 ,
1008 1565 1072 1584 non

114 1594 209 1626 modo
226 1606 291 1626 non
307 1606 360 1636 pro
379 1606 429 1626 me
440 1616 448 1629 ,
460 1596 508 1626 scd
519 1607 622 1627 contra
632 1607 682 1627 me
692 1596 734 1627 est
751 1595 852 1636 potius
863 1617 871 1629 ‚
886 1598 962 1635 (non
974 1598 1069 1630 enim,

113 1637 185 1679 quid
205 1648 279 1679 ego,
299 1637 347 1668 sed
367 1638 440 1679 quid
452 1648 550 1668 orator
566 1637 671 1680 possit,
692 1639 812 1679 disputo
824 1639 853 1679 :)
872 1648 957 1679 atque
968 1639 1025 1668 hos
1036 1649 1072 1668 o-

111 1682 212 1710 mneis
223 1699 231 1713 ,
244 1682 294 1720 qui
304 1682 389 1710 arteis
401 1681 561 1711 rhetoricas
572 1690 732 1722 exponunt
743 1701 750 1715 ,
764 1680 969 1721 perridiculos.
993 1683 1071 1711 Scri*

110 1722 186 1752 bunt
193 1723 278 1751 enim
288 1721 325 1751 de
334 1722 436 1752 litium
448 1732 554 1764 genere
564 1744 572 1756 ,
594 1724 627 1753 δε
638 1723 675 1753 de
685 1724 842 1763 principiis
853 1743 861 1756 ,
884 1724 916 1752 δε
926 1722 963 1752 de
972 1732 1069 1753 narra-

109 1763 255 1794 tionibus.
276 1764 331 1794 llla
341 1765 386 1794 vis
395 1773 494 1794 autem
506 1765 686 1806 eloquentiae
696 1785 703 1798 ‚
718 1774 796 1795 tanta
805 1764 848 1794 est
857 1784 866 1798 ,
884 1774 917 1795 ut
926 1767 1070 1795 omnium

109 1816 210 1836 rerum
220 1825 228 1839 ,
239 1807 384 1836 virtutum
396 1826 405 1840 ,
416 1804 589 1837 officiorum
601 1828 609 1841 ,
622 1808 781 1848 omnisque
793 1816 903 1837 naturae
915 1828 922 1840 ,
934 1817 1000 1847 quae
1009 1817 1070 1836 mo-

107 1852 152 1877 res'
160 1848 302 1876 hominum
311 1868 319 1881 ,
332 1858 397 1888 quae
406 1850 524 1878 animos
535 1869 544 1882 ,
556 1859 622 1890 quae
631 1852 723 1880 vitam
736 1850 871 1879 continet
881 1871 889 1882 ‚
905 1851 1066 1889 originem,

109 1891 175 1919 vim
187 1908 195 1922 ,
207 1890 445 1930 mutationesque
455 1899 568 1921 teneat:
580 1891 684 1922 eadem
695 1900 796 1921 mores
809 1911 816 1924 ‚
830 1891 908 1930 leges
919 1911 927 1924 ,
937 1892 1005 1931 jura
1015 1890 1068 1921 de-

111 1931 216 1962 scribat
226 1950 235 1964 ,
247 1931 463 1970 rempublicam
474 1942 568 1974 regat,
587 1935 692 1964 omnia
704 1954 712 1966 ,
725 1943 790 1974 quae
799 1932 835 1963 ad
845 1943 1068 1974 quamcumque

112 1983 176 2004 rem
186 1973 352 2012 pertineant
362 1993 369 2006 ,
391 1974 491 2004 ornate
502 1994 511 2008 ,
531 1976 710 2016 copioseque
720 1975 809 2004 dicat.
836 1978 870 2004 In
882 1985 943 2016 quo
961 1986 1068 2017 genere

112 2023 168 2045 nos
177 2013 301 2054 quidem
311 2015 461 2045 versamur
470 2025 586 2046 tantum
598 2037 606 2051 ,
625 2026 770 2058 quantum
780 2016 936 2056 poss'umus
946 2037 954 2050 ‚
973 2027 1068 2057 quan*

110 2065 176 2086 tum
187 2057 312 2096 ingenio
324 2076 332 2088 ‚
352 2066 498 2096 quantum
514 2058 661 2088 mediocri
671 2058 808 2088 dofftrina
820 2079 827 2092 ,
849 2068 993 2100 quantum
1013 2060 1065 2088 usu

109 2097 246 2127 valemus
256 2117 264 2130 ,
284 2107 381 2138 neque
393 2107 493 2128 tamen
505 2099 567 2129 istis
579 2120 587 2133 ,
607 2102 659 2140 qui
678 2102 709 2129 in
722 2111 779 2129 una
788 2101 979 2140 philosophia
989 2099 1066 2140 quasi

110 2137 323 2168 tabernaculum
334 2141 400 2169 vitae
412 2140 468 2170 suae
480 2142 665 2171 collocarunt
677 2162 685 2174 ‚
699 2140 832 2171 multum
843 2142 954 2172 sanein
965 2141 1067 2181 dispu-

110 2183 221 2212 tatione
231 2180 439 2211 concedimus.
462 2182 543 2224 Qid
555 2185 637 2213 enim
650 2193 735 2212 meus
745 2182 902 2213 familiaris
921 2186 952 2213 C.
965 2184 1067 2213 Velle-

105 2224 155 2265 jus
173 2221 274 2253 afferre
283 2222 380 2262 potest
392 2243 399 2257 ,
416 2224 612 2264 quamobrem
630 2225 766 2265 voluptas
784 2223 818 2255 sit
837 2225 993 2255 summum
1012 2225 1065 2255 bo-

109 2274 185 2296 num
197 2284 206 2298 ,
225 2264 305 2304 quod
317 2275 370 2306 ego
391 2265 454 2295 non
464 2265 613 2306 copiosius
622 2265 730 2307 poffim
741 2267 788 2297 vel
800 2269 886 2297 tutari
899 2287 906 2300 ,
928 2266 948 2296 fi
959 2267 1064 2301 velim,

108 2307 157 2337 vel
167 2305 299 2336 refellere
310 2317 347 2336 cx
358 2307 418 2337 iilis
430 2307 503 2337 locis
514 2328 522 2342 ‚
537 2319 612 2349 quos
623 2310 760 2350 exposuit
771 2311 922 2339 Antonius
933 2329 940 2343 ,
955 2310 1009 2339 hac
1019 2310 1067 2339 di—

107 2347 195 2379 cendi
205 2351 425 2383 exercitatione,
438 2351 470 2379 iii
482 2361 538 2391 qua
550 2351 684 2391 Vellejus
695 2350 737 2381 est
747 2351 828 2382 rudis
840 2372 847 2385 ,
861 2352 1064 2392 unusquisque

108 2387 246 2421 nostrum
266 2391 394 2420 versum
414 2395 424 2420 ?
448 2393 528 2433 Qijd
539 2392 598 2426 est,
624 2393 705 2434 quod
723 2403 773 2423 aut
783 2397 866 2424 Sext,
889 2396 1063 2433 Pompeius,

107 2441 158 2463 aut
167 2431 227 2462 duo
239 2431 340 2466 Balbi,
360 2442 410 2462 aut
419 2444 504 2464 meus
520 2437 633 2465 amicus
646 2455 654 2468 ‚
674 2437 725 2476 qui
743 2446 814 2465 cum
835 2438 965 2466 Panaetio
974 2438 1063 2469 vixit,

109 2473 314 2514 M Vigellius,
327 2474 363 2504 de
373 2478 481 2506 virtute
493 2478 657 2506 'nominum
668 2479 758 2507 Stoici
770 2476 879 2517 poffint
888 2477 995 2511 dicere,
1008 2488 1065 2518 qua

109 2515 345 2556 indisputatione
356 2527 411 2555 ego
420 2518 466 2547 his
477 2517 613 2552 debeam,
624 2528 673 2549 aut
683 2519 813 2549 vestrum
824 2520 981 2560 quisquam
990 2530 1065 2550 con-

107 2556 210 2588 cedere
230 2560 240 2586 ?
263 2559 338 2587 Non
348 2550 388 2588 est
399 2561 483 2590 enim
501 2561 691 2600 philosophia
700 2559 805 2590 similis
816 2564 925 2591 artium
935 2562 1064 2602 reliqua—

109 2608 189 2629 rum.
211 2608 283 2629 nam
305 2608 391 2637 Qin
413 2610 539 2631 i-Aciisr
562 2604 592 2631 in
604 2605 767 2643 geometria
779 2624 787 2636 ,
808 2605 858 2643 qui
877 2613 941 2633 non
949 2603 1066 2633 didice-

70 2659 98 2677 ς
107 2642 149 2672 rit
159 2641 250 2681 ?quid
260 2642 293 2671 in
303 2640 423 2672 musicis
434 2646 444 2672 ?
454 2653 501 2673 aut
512 2653 602 2674 taceat
610 2644 760 2684 oportebit
770 2665 778 2679 ,
792 2654 841 2674 aut
851 2655 888 2674 ne
901 2645 985 2675 sanus
996 2647 1064 2686 qui-

110 2682 344 2723 demjudicetur.
370 2686 443 2714 Haec
452 2684 523 2714 vero
537 2706 545 2719 ‚
562 2697 628 2726 qua:
640 2687 748 2716 suntin
761 2686 949 2726 philosophia
959 2708 967 2720 ,
979 2689 1065 2728 inge-

110 2725 170 2754 niis
179 2733 322 2755 eruuntur
329 2725 364 2755 ad
374 2726 405 2756 id
415 2746 422 2759 ‚
434 2727 514 2767 quod
526 2730 557 2757 in
568 2738 687 2769 quoque
696 2727 856 2758 verisimile
866 2728 908 2758 est
918 2749 926 2762 ,
940 2729 1065 2759 elicien—

109 2764 183 2796 dum
194 2785 202 2800 ,
214 2768 305 2796 acutis
317 2787 325 2800 ‚
345 2776 433 2808 atque
442 2769 556 2799 acribus
568 2791 576 2804 ,
598 2780 690 2810 eaque
701 2772 858 2800 exercitata
867 2772 1002 2801 oratione
1011 2781 1066 2811 po—

107 2806 229 2838 liuntur.
259 2810 336 2842 Hic,
349 2810 398 2839 hic
408 2810 508 2840 noster
517 2812 645 2853 vulgaris
655 2821 754 2842 orator
765 2833 772 2844 ‚
785 2811 805 2841 fi
823 2814 926 2842 minus
944 2815 1000 2842 erit
1011 2814 1067 2842 do-

109 2847 173 2880 &us
183 2868 195 2883 ‚
212 2856 343 2881 attamen
352 2853 385 2881 in
395 2852 524 2883 dicendo
537 2855 713 2886 exercitatus
723 2874 732 2888 ,
744 2854 798 2884 hac
808 2854 869 2894 ipsa
878 2856 1066 2885 exercitatio-

144 2989 154 3007 ι
162 3000 168 3006 .
187 2981 329 3012 Βὶζῖὸιίαήᾶ
338 2987 431 3008 Socrate
442 3001 449 3013 ‚
461 2982 541 3015 discr-ti
550 2981 566 3008 ἃ
576 2983 646 3008 domis
659 3002 666 3013 ‚
676 2983 744 3017 ὡς]
762 2983 887 3018 Plerique
899 2982 956 3009 mss.
967 2983 1058 3016 deserti.

107 3024 158 3043 iion
168 3015 286 3052 displicet
296 3017 512 3050 Lambinimmm,
522 3019 647 3051 diffiniatis
656 3018 671 3044 ἢ
681 3024 784 3050 Socrate,
799 3020 890 3053 dtstrtiff
899 3018 914 3046 ἃ
925 3019 1005 3045 dofris.

142 3059 170 3077 2.
188 3054 322 3087 zdnnofiyuc
341 3061 414 3079 natm
421 3064 494 3079 unum
504 3055 653 3088 &vigintij
675 3056 700 3080 Si
712 3056 837 3082 Tacitum
857 3054 991 3090 sequimur
1005 3075 1011 3086 ,
1031 3061 1061 3081 ut

106 3084 323 3150 fecit-Igainbiiius
335 3109 344 3124 ,
364 3089 556 3119 rescribendum
576 3091 742 3125 undeviginti,
761 3091 966 3120 reclamantibus
986 3091 1061 3119 libris

107 3130 179 3154 omlu
200 3131 240 3151 ΠΒ.

1277 98 1368 144 Li
1406 112 1446 144 Β.
1494 97 1588 144 111.
1998 110 2085 158 117

1128 188 1166 208 ne
1178 181 1338 209 commimi
1351 199 1359 213 ‚
1378 178 1449 210 istos
1467 178 1591 221 quidem
1612 178 1728 210 nostros
1745 178 1928 212 verberabit,
1950 188 2048 219 neque
2060 179 2087 209 se

1113 220 1162 249 ‘ab
1182 222 1220 250 iis
1236 224 1393 251 contemni
1412 232 1444 252 ac
1460 222 1570 262 despici
1581 220 1665 252 sinet.
1688 223 1742 251 Sin
1759 221 1865 261 aliquis
1877 220 2087 251 exstiteritali·

1123 261 1244 300 quando
1266 282 1274 295 ,
1302 265 1353 302 qui
1382 262 1556 294 Aristotelio
1583 273 1668 293 more
1687 263 1724 293 de
1744 263 1888 292 omnibus
1907 263 1995 292 rebus
2024 267 2036 289 3
2052 265 2084 292 in

1125 311 1281 343 utramque
1300 305 1477 335 sententiam
1495 304 1581 345 poffit
1592 305 1689 335 dicere
1701 325 1708 338 ,
1730 305 1804 335 &in
1822 305 2002 334 omnicausa
2013 304 2084 334 duas

1122 347 1281 374 contrarias
1291 348 1457 380 orationes,
1479 349 1633 387 praeceptis
1651 348 1733 377 illius
1751 347 1880 389 cognitis
1892 366 1900 379 ,
1921 346 2081 386 explicare,

1124 393 1173 412 aut
1185 385 1242 414 hoc
1253 385 1385 416 Arcesilae
1398 388 1493 418 modo
1503 410 1511 421 ‚
1533 389 1564 418 δε
1575 389 1730 419 Carneadis
1743 410 1750 422 ,
1762 398 1863 418 contra
1872 398 1966 418 omne
1979 409 1987 420 ,
2000 387 2083 428 quod

1122 424 1306 464 propositum
1319 426 1351 456 sit
1363 448 1370 460 2
1391 428 1507 460 disserat
1520 441 1525 459 ε
1539 433 1651 471 quique
1663 431 1698 461 ad
1711 441 1777 460 eam
1788 432 1935 461 rationem
1945 430 2085 470 adiungat

1122 468 1203 496 hunc
1213 467 1396 497 rhetoricum
1407 471 1494 500 usum
1510 492 1518 504 ,
1531 482 1710 514 moremque
1719 474 2026 512 exercitationemque
2037 472 2083 501 di-

1122 507 1209 538 cendi
1222 528 1230 541 ‚
1252 510 1276 537 is
1287 508 1320 553 sit
1331 520 1416 539 verus
1426 531 1433 543 ,
1456 514 1479 540 is
1490 512 1637 551 pei-fetibus
1649 534 1656 546 2
1680 517 1703 544 is
1715 515 1794 544 solus
1804 523 1913 544 orator.
1938 516 2018 544 Nam
2030 524 2085 543 ne-

1123 560 1181 590 que
1200 548 1259 579 fine
1278 549 1446 581 lorensll‘us
1459 564 1545 581 nervis
1564 555 1629 584 satis
1639 557 1802 586 vehemens
1816 577 1823 590 ,
1845 557 1877 586 ὃς
1890 557 1985 597 gravis
1998 576 2006 589 ‚
2028 565 2084 585 nec

1123 591 1183 621 fine
1201 593 1339 622 varietate
1349 592 1495 623 doeh-ime
1511 595 1576 624 satis
1596 597 1726 635 politus,
1748 598 1780 627 Sc
1792 599 1905 638 sapiens
1917 596 1973 627 esse
1985 606 2084 628 orator

1121 632 1228 673 potest.
1252 636 1348 673 Qre
1359 637 1502 664 Coracem
1522 636 1612 666 istum
1626 638 1757 669 vestrum
1777 642 1924 679 patiamur
1942 649 1998 669 nos
2016 641 2085 680 qui—

1122 675 1193 705 dem
1206 695 1214 707 ,
1230 676 1332 715 pullos
1343 675 1409 705 suos
1419 677 1620 707 excluderem
1638 680 1711 709 nido
1723 701 1730 713 ‚
1751 684 1802 721 qui
1813 682 1934 711 evolent
1946 702 1953 714 ,
1972 681 2084 711 clama-

1123 726 1200 746 tores
1211 715 1319 749 odiosi,
1333 727 1364 747 ac
1375 718 1498 748 molesti
1512 731 1519 752 3
1531 721 1783 762 Pamphilumque
1795 724 1896 753 nescio
1907 734 1997 763 quem
2008 722 2082 753 sina-

1125 769 1192 788 mus
1211 761 1270 788 4in
1289 758 1396 788 infulis
1407 768 1517 791 tantam
1530 771 1591 790 rem
1604 781 1611 794 ,
1632 771 1782 803 tamquam
1801 765 1939 804 puerileis
1959 765 2082 795 delicias

1122 801 1162 830 ali
1188 810 1238 829 uas
1248 800 1408 841 depingere
1427 812 1432 830 :
1450 803 1564 843 nosque
1574 802 1625 843 ipsi
1638 804 1689 833 hac
1699 814 1758 834 tam
1768 816 1873 846 exigua
1883 806 2084 846 disputatione

1122 843 1159 871 he
1176 844 1252 872 terni
1275 843 1457 873 &hodierni
1475 844 1536 874 diei
1555 853 1654 874 totum
1675 848 1800 876 oratoris
1819 858 1931 877 munus
1951 849 2083 888 explice—

1123 894 1191 914 mus
1203 904 1210 917 ,
1222 883 1394 915 dummodo
1405 886 1456 915 illa
1474 896 1519 916 res
1530 895 1609 916 tanta
1619 886 1652 916 sit
1661 907 1669 920 ‚
1690 896 1722 917 ut
1732 888 1876 917 omnibus
1886 890 2083 929 philosopho--

1121 936 1189 955 rum
1201 926 1285 955 libris
1299 947 1305 958 ,
1328 937 1403 966 quos
1415 937 1508 957 nemo
1519 937 1671 958 oratorum
1682 929 1809 959 istorum
1819 940 1963 971 umquam
1973 934 2080 972 attigit,

1121 969 1336 1007 comprehensa
1345 967 1401 998 effe
1410 969 1556 999 videatur.
1588 973 1672 1001 Tum
1684 972 1804 1001 Catulus
1815 992 1823 1004 ‚
1837 972 1923 1002 Haud
1934 983 2081 1013 quaquam

1121 1010 1232 1042 hercle,
1244 1011 1343 1050 inquit
1354 1031 1363 1043 ‚
1375 1009 1480 1043 Crasse,
1499 1012 1672 1042 mirandum
1685 1012 1726 1043 cst
1738 1035 1746 1046 ‚
1761 1012 1820 1043 efl'e
1832 1015 1864 1043 in
1875 1022 1903 1043 te
1914 1022 2024 1044 tantam
2036 1015 2083 1045 di«

1120 1051 1210 1081 cendi
1219 1051 1268 1080 vel
1280 1054 1344 1081 vim
1356 1072 1364 1085 ,
1376 1053 1425 1082 vel
1435 1054 1605 1083 suavitatem
1619 1075 1627 1087 ,
1646 1056 1694 1085 vel
1706 1058 1822 1095 copiam
1837 1066 1842 1083 t
1857 1065 1948 1097 quem
1958 1056 2082 1096 quidem

1122 1103 1207 1123 antea
1223 1092 1326 1123 natura
1343 1094 1426 1124 rebar
1444 1097 1483 1124 ita
1501 1095 1600 1125 dicere
1612 1117 1619 1129 ,
1641 1105 1673 1127 ut
1692 1098 1772 1127 milii
1791 1107 1855 1127 non
1875 1098 1974 1127 solum
1985 1107 2083 1128 oiator

1125 1135 1263 1164 summus
1275 1155 1282 1167 ‚
1305 1135 1453 1166 sedetiam
1472 1136 1702 1176 sapientiffirnus
1718 1140 1814 1169 homo
1822 1139 1956 1169 viderere
1977 1149 1982 1167 :
2002 1150 2083 1169 nuiic

1121 1177 1260 1217 intelligo
1272 1177 1324 1207 illa
1341 1187 1368 1207 te
1380 1178 1494 1218 semper
1511 1181 1601 1209 etiam
1613 1183 1728 1220 potiora
1744 1180 1860 1211 duxisse
1874 1202 1882 1214 ,
1901 1191 1966 1222 qua:
1984 1182 2023 1210 ad
2035 1182 2082 1221 siz-

1120 1226 1258 1259 pientiam
1274 1218 1437 1258 spectarent
1448 1241 1456 1253 ,
1477 1229 1564 1261 atque
1575 1232 1612 1251 ex
1623 1224 1668 1252 his
1680 1224 1755 1253 lianc
1766 1222 1886 1253 dicendi
1895 1225 2013 1263 copiam
2025 1223 2083 1254 flur⁴

1120 1258 1195 1290 xisse
1208 1271 1213 1289 z
1225 1260 1274 1290 sed
1285 1271 1386 1291 tamen
1399 1282 1407 1294 ,
1428 1261 1500 1291 cum
1511 1266 1631 1293 omneis
1641 1264 1746 1306 gradus
1753 1266 1846 1295 aetatis
1858 1265 1998 1295 recordor
2010 1274 2080 1298 tuae.

1120 1312 1249 1343 cumque
1259 1304 1351 1332 vitam
1364 1312 1444 1333 tuam
1456 1325 1463 1336 ,
1476 1314 1508 1333 ac
1518 1304 1611 1335 studia
1622 1305 1778 1336 considero
1790 1318 1794 1335 :
1808 1317 1917 1347 neque,
1930 1317 2081 1347 quorem-

1119 1353 1191 1383 pore
1206 1343 1260 1374 ista
1270 1344 1410 1374 didiceris
1423 1366 1431 1378 ‚
1452 1346 1544 1376 video
1556 1367 1565 1379 ,
1589 1358 1643 1377 nec
1653 1358 1832 1390 magnopere
1844 1358 1871 1378 te
1881 1348 1944 1378 istis
1960 1348 2079 1381 studiis.

1120 1386 1299 1416 hominibus
1310 1407 1319 1419 ,
1339 1386 1422 1417 libris
1434 1408 1444 1420 ‚
1463 1389 1602 1430 intelligo
1619 1389 1779 1424 deditium
1795 1400 1892 1431 neque
1903 1399 2003 1420 tamen
2013 1392 2082 1431 pos-

1121 1428 1187 1457 sum
1200 1427 1323 1458 statuere
1335 1449 1344 1461 ‚
1363 1437 1463 1458 utrum
1474 1431 1569 1470 magis
1586 1433 1679 1461 mirer
1693 1453 1701 1465 ‚
1722 1432 1811 1462 teilla
1825 1453 1833 1465 ‚
1851 1442 1916 1473 quae
1927 1434 2004 1462 mihi
2014 1443 2083 1473 pei·-

1121 1469 1224 1499 suades
1236 1491 1245 1502 ,
1265 1472 1400 1500 maxima
1419 1469 1475 1501 effe
1493 1472 1665 1512 adjumenta
1677 1495 1688 1506 ,
1709 1472 1838 1514 potuisse
1856 1476 1889 1504 in
1909 1476 1969 1504 tuis
1992 1476 2080 1505 tantis

1120 1512 1367 1551 occupationibus
1379 1513 1543 1552 perdiscere
1555 1524 1608 1544 :an
1618 1535 1627 1548 ,
1652 1514 1672 1545 si
1682 1526 1745 1546 non
1755 1518 1888 1556 potueris
1901 1536 1910 1548 ‚
1931 1515 2013 1555 poste
2023 1516 2082 1547 isto

1120 1553 1214 1583 modo
1224 1553 1332 1584 dicere.
1357 1553 1417 1584 Hic
1425 1553 1539 1585 Crass'us
1551 1576 1560 1589 ,
1582 1559 1650 1587 Hoc
1660 1558 1715 1587 tibi
1729 1578 1738 1591 ‚
1750 1560 1848 1598 inquit
1860 1578 1868 1591 ‚
1885 1559 1987 1588 Catule
2000 1579 2008 1593 ‚
2020 1561 2083 1598 pri*

1121 1594 1208 1625 mum
1220 1595 1390 1635 persuadeas
1400 1597 1494 1626 velim
1507 1618 1516 1630 ‚
1529 1608 1578 1627 me
1589 1608 1653 1628 non
1664 1600 1764 1629 multo
1775 1599 1858 1630 secus
1869 1598 1963 1630 facere
1978 1621 1985 1633 2
2006 1600 2079 1630 cum

1119 1636 1155 1667 de
1166 1647 1281 1668 oratore
1291 1638 1441 1678 disputem
1453 1660 1462 1671 ‚
1473 1649 1505 1669 ac
1512 1638 1641 1670 facerem
1655 1661 1663 1673 ,
1683 1639 1703 1671 si
1713 1640 1784 1671 esset
1795 1643 1872 1671 mihi
1888 1641 1924 1671 de
1935 1641 2082 1673 histrione

1119 1679 1292 1710 dicendum.
1317 1690 1456 1721 negarem
1475 1683 1559 1711 enim
1571 1681 1654 1721 posse
1671 1693 1742 1713 eum
1754 1682 1913 1713 satisfacere
1932 1686 1964 1713 in
1983 1683 2078 1723 gestu,

1119 1720 1335 1763 nisipalaestram
1346 1743 1354 1755 ,
1376 1720 1431 1752 nisi
1441 1722 1541 1753 saltare
1551 1723 1699 1755 didiciflet
1710 1736 1716 1754 ;
1728 1735 1825 1766 neque
1836 1745 1845 1758 ‚
1866 1735 1898 1755 ea
1914 1724 1985 1755 cum
1997 1725 2079 1756 dice-

1118 1774 1195 1796 rem,
1209 1774 1258 1793 me
1270 1762 1327 1794 ess'e
1336 1763 1516 1795 histrionem
1528 1764 1642 1795 necesse
1653 1764 1735 1800 esset,
1748 1766 1795 1796 sed
1805 1765 1922 1797 fortafl'e
1932 1777 1996 1798 non
2006 1767 2081 1798 stul·

1118 1814 1182 1835 tum
1193 1806 1285 1836 alieni
1303 1804 1421 1836 artificii
1433 1806 1680 1838 existimatorem.
1710 1809 1855 1839 Similiter
1873 1819 1956 1839 nunc
1966 1809 2002 1839 de
2013 1820 2080 1840 ora·

1118 1856 1180 1877 tore
1193 1869 1201 1881 ,
1222 1847 1320 1878 vestro
1340 1849 1471 1888 impulsu
1484 1869 1492 1881 ,
1512 1849 1622 1890 loquor
1634 1871 1642 1883 ,
1663 1850 1784 1880 summo
1803 1850 1926 1880 scilicet.
1955 1854 2080 1891 Semper

1117 1891 1199 1919 enim
1211 1911 1220 1923 ‚
1245 1900 1433 1931 quacumque
1442 1890 1479 1920 de
1496 1899 1553 1920 arte
1565 1912 1573 1924 ‚
1596 1900 1644 1922 aut
1654 1891 1790 1922 facultate
1800 1894 1940 1932 quaeritur
1950 1913 1958 1925 ‚
1980 1893 2016 1923 de
2026 1894 2078 1923 ab·

1116 1932 1210 1962 soluta
1221 1932 1253 1962 &
1264 1931 1394 1972 perfe&a
1404 1934 1494 1973 quaeri
1514 1933 1597 1962 solet.
1620 1936 1717 1972 Qare
1734 1931 1754 1962 si
1771 1943 1835 1973 jam
1855 1944 1905 1964 me
1916 1935 2008 1965 vultis
2018 1934 2078 1965 effe

1115 1983 1262 2004 oratorem
1283 1995 1291 2006 ,
1303 1972 1324 2003 s1
1341 1977 1436 2004 etiam
1448 1975 1488 2004 sat
1507 1974 1624 2004 bonum
1637 1996 1646 2008 ,
1666 1974 1686 2004 si
1704 1975 1821 2005 bonum
1837 1975 1967 2016 denique
1981 1997 1988 2009 ‚
2009 1987 2076 2007 non

1116 2016 1286 2057 repugnabo
1306 2026 1311 2044 z
1331 2015 1416 2057 (quid
1427 2018 1511 2046 enim
1522 2026 1604 2046 nunc
1614 2015 1668 2047 sim
1690 2018 1808 2057 ineptus
1831 2020 1840 2046 ?
1862 2019 1902 2047 ita
1912 2028 1961 2048 me
1972 2018 2076 2048 existi-

1116 2058 1271 2098 mariscio)
1290 2058 1371 2098 quod
1383 2057 1403 2087 fi
1420 2060 1461 2088 ita
1472 2057 1532 2092 est,
1554 2059 1691 2089 summus
1710 2068 1811 2089 tamen
1821 2060 1898 2089 certe
1918 2070 1982 2090 non
1993 2061 2072 2090 sum.

1115 2109 1211 2140 neque
1221 2102 1304 2129 enim
1314 2099 1390 2139 apud
1401 2101 1543 2129 homines
1553 2111 1596 2130 res
1608 2100 1651 2131 est
1660 2102 1719 2131 ulla
1728 2101 1866 2140 difficilior
1879 2122 1887 2133 ,
1905 2112 2000 2142 neque
2011 2113 2077 2132 ma-

1111 2142 1160 2181 jor
1171 2161 1179 2174 ,
1199 2151 1296 2181 neque
1314 2151 1379 2181 quae
1396 2142 1480 2180 plura
1490 2142 1663 2181 adjumenta
1679 2142 1823 2173 duffiirinae
1836 2141 1987 2174 desideret.
2020 2148 2076 2174 At-

1115 2191 1214 2212 tamen
1225 2185 1369 2223 quoniam
1381 2183 1418 2212 de
1430 2192 1545 2213 oratore
1556 2184 1645 2214 nobis
1656 2184 1869 2224 disputandum
1879 2184 1932 2219 est,
1944 2185 1980 2215 de
1991 2186 2076 2217 sum·

1114 2235 1167 2254 mo
1177 2234 1292 2254 oratore
1303 2223 1401 2254 dicam
1412 2224 1526 2255 necefi'e
1537 2225 1587 2255 est.
1624 2229 1684 2257 Vis
1708 2237 1797 2259 EN1M
1809 2247 1818 2260 ,
1843 2226 1875 2256 &
1894 2236 1995 2258 natura
2019 2230 2073 2262 rei,

1113 2265 1169 2297 nis1
1180 2265 1309 2307 perfefita
1319 2276 1385 2297 ante
1395 2267 1501 2297 oculos
1511 2270 1636 2307 ponitur
1645 2289 1654 2302 ‚
1665 2270 1760 2309 qualis
1772 2289 1780 2302 ‚
1801 2269 1833 2299 δῖ
1844 2278 1952 2310 quanta
1961 2268 1995 2299 sit
2003 2290 2012 2304 ,
2026 2272 2075 2299 in-

1112 2310 1207 2350 telligi
1218 2319 1281 2340 non
1297 2309 1404 2350 potest.
1427 2312 1480 2339 Me
1489 2320 1587 2340 autem
1599 2331 1607 2344 ,
1631 2311 1732 2341 Catule
1743 2330 1752 2344 ‚
1771 2310 1883 2344 fateor,
1907 2322 2005 2352 neque
2016 2313 2073 2342 ho-

1115 2352 1163 2382 dic
1173 2355 1206 2381 in
1216 2351 1280 2382 istis
1290 2352 1424 2385 libris,&
1433 2362 1504 2382 cum
1514 2351 1576 2383 istis
1593 2353 1772 2383 hominibus
1782 2355 1899 2382 vivere.
1914 2364 1969 2383 nec
1980 2352 2052 2383 vero
2063 2374 2071 2388 ,

1112 2394 1142 2424 id
1153 2394 1234 2435 quod
1255 2403 1286 2424 tu
1296 2394 1375 2424 τεᾶἐ
1387 2394 1648 2428 commeministi,
1670 2396 1769 2425 ullum
1781 2405 1926 2435 umquam
1937 2394 2072 2425 habuisse

1111 2432 1270 2476 sepositum
1282 2445 1400 2476 tempus
1418 2436 1453 2466 ad
1462 2437 1659 2471 discendum,
1679 2447 1712 2467 ac
1729 2445 1847 2467 tantum
1867 2435 2000 2467 tribuisse
2015 2437 2073 2467 do-

1112 2478 1215 2508 &rinae
1224 2482 1384 2518 temporis,
1394 2488 1539 2519 quantum
1551 2481 1628 2508 mihi
1637 2479 1759 2518 puerilis
1770 2488 1835 2507 aetas
1844 2477 1976 2508 forenses
1988 2478 2070 2510 feri-„e

2100 981 2146 1005 22

1111 2519 1318 2550 concesserint.
1343 2523 1383 2550 At
1395 2541 1402 2553 ,
1416 2519 1553 2561 siquaeris
1564 2541 1572 2554 ,
1585 2521 1688 2550 Catule
1698 2541 1707 2554 ,
1719 2519 1755 2550 de
1765 2519 1903 2550 doetrina
1913 2519 1966 2550 ista
1977 2541 1985 2554 ,
1996 2521 2069 2562 quid
2087 2531 2129 2564 23

1111 2572 1167 2604 ego
1186 2563 1313 2592 sentiam
1325 2582 1334 2595 ‚
1355 2572 1419 2592 non
1437 2571 1555 2592 tantum
1565 2563 1725 2604 ingenioso
1734 2563 1877 2596 homini,
1899 2563 1932 2592 &
1951 2564 1996 2596 ei,
2018 2565 2071 2604 qui

1111 2604 1214 2634 forum
1226 2624 1235 2637 ,
1255 2606 1308 2645 qui
1326 2614 1440 2634 curiam
1457 2623 1465 2636 ‚
1487 2606 1538 2644 qui
1556 2604 1654 2634 causas
1673 2625 1681 2637 ‚
1701 2606 1753 2644 qui
1770 2603 1918 2644 rempubl.
1938 2603 2070 2644 spesteh

1113 2647 1186 2686 opus
1207 2644 1265 2676 esse
1281 2646 1405 2676 arbitror
1423 2648 1568 2685 temporis
1584 2666 1592 2679 ,
1612 2655 1757 2686 quantum
1769 2644 1822 2675 sibi
1840 2648 1862 2675 ii
1880 2647 2050 2677 sumserunt
2061 2667 2069 2680 ‚

1113 2698 1188 2729 quos
1204 2687 1361 2718 discenteis
1379 2688 1439 2718 vita
1457 2687 1574 2717 defecit.
1598 2690 1716 2718 OMNES
1737 2689 1822 2718 enim
1842 2696 1917 2718 artes
1933 2689 2017 2718 aliter
2035 2689 2071 2719 ab

1114 2732 1149 2759 iis
1161 2729 1320 2761 uastantur
1332 2750 1340 2763 ‚
1360 2732 1412 2770 qui
1431 2739 1477 2759 eas
1494 2729 1529 2759 ad
1550 2730 1637 2759 usum
1655 2729 1853 2760 transierunt:
1871 2730 1955 2760 aliter
1965 2730 1999 2760 ab
2010 2732 2047 2760 iis
2060 2751 2068 2764 ,

1113 2773 1165 2812 qui
1185 2773 1313 2810 ipsarum
1332 2774 1441 2801 artium
1460 2770 1582 2801 tracOtatu
1600 2771 1755 2801 delectati:
1776 2771 1855 2801 nihil
1871 2773 1904 2801 in
1922 2775 1984 2802 vita
2002 2772 2071 2803 sunt

1113 2813 1192 2843 aliud
1212 2813 1316 2844 aSwri.
1343 2812 1485 2855 Magister
1503 2814 1552 2842 hic
1568 2815 1751 2843 Samnitium
1770 2813 1889 2843 summa
1902 2814 1967 2852 jam
1987 2814 2072 2844 sene-

1115 2855 1191 2885 &uce
1204 2855 1257 2890 est,
1270 2856 1302 2886 ὃς
1312 2855 1447 2897 quotidie
1457 2864 1689 2886 commentatur.
1704 2855 1783 2885 nihil
1792 2858 1876 2885 enim
1887 2865 1967 2886 curat
1975 2856 2067 2886 aliud.

2019 2901 2028 2916 ¹
2041 2906 2070 2927 at

1143 2992 1169 3019 3.
1189 2987 1217 3009 171
1227 2984 1569 3017 utramqitefintemi'ampqffit
1579 2983 1679 3017 dicere-,J
1701 2982 1809 3009 Tertius
1822 2982 1878 3008 Pal.
1888 2991 1916 3007 ac
1927 2991 2010 3008 nouus
2022 3001 2029 3012 ,
2043 2984 2069 3007 in

1105 3028 1230 3054 utramque
1243 3027 1337 3052 partem
1346 3020 1507 3052 Jknremiam
1527 3019 1598 3056 quod
1609 3020 1695 3046 miuus
1707 3018 1854 3055 improbem
1866 3037 1874 3050 ‚
1885 3019 1947 3045 licet
1958 3017 2070 3044 Lambi-

1107 3066 1155 3082 nus
1166 3056 1315 3087 illopafrem
1326 3062 1431 3081 retento
1444 3075 1452 3088 ‚
1462 3055 1746 3090 abjeceritftnirntiam.

1142 3099 1170 3124 4.
1190 3095 1218 3116 ln
1235 3091 1320 3124 infidis
1338 3092 1482 3128 depingere]
1502 3092 1628 3128 Explicat
1638 3091 1778 3120 Turnebus
1798 3090 1995 3119 commentariis
2015 3087 2066 3113 suis

1108 3134 1281 3156 oi·;it.c01itr:·.
1292 3127 1418 3157 Rullum,
2021 3161 2072 3188 ω

1571 3164 1594 3192 P
1613 3172 1628 3199 3
1991 3169 2014 3187 1.
