2360 3400
600 89 695 120 DE

487 201 581 264 M.
659 203 1059 293 TULL11

147 311 1103 630 OFFIIZ

314 674 1092 755 MARCUM

526 794 911 849 LIBER

283 910 294 920 ,
352 910 364 923 <-
379 912 386 919 ,
412 886 697 914 UEMAnmonu
711 880 1085 912 ivrofficiaducerenturab

335 921 388 977 (ᾖξ’
415 924 587 958 honestate,
608 927 706 954 Marce
717 923 780 957 fili,
798 932 884 964 atque
893 924 929 953 ab
940 926 1027 954 omni
1038 934 1089 965 ge-

373 975 387 1003 >
417 977 487 997 nere
507 968 643 1000 vii-tutis,
674 965 741 996 satis
757 966 941 1005 explicatum
962 966 1090 996 arbitror

376 1017 381 1042 )
417 1008 494 1039 libro
505 1008 664 1048 superiore.
688 1010 826 1048 Sequitur
837 1027 845 1041 ,
857 1008 960 1037 uthaec
968 1005 1090 1038 officio-

375 1045 387 1057 ‘
416 1060 483 1080 rum
494 1059 600 1092 genera
617 1050 790 1090 persequar,
810 1059 875 1090 quae
895 1050 1044 1088 pertinent
1055 1048 1091 1079 ad

416 1094 485 1123 vitae
497 1092 615 1122 cultum
629 1112 638 1125 ,
650 1091 682 1121 &
692 1091 727 1121 ad
739 1100 839 1121 earum
850 1100 949 1120 rerum
959 1110 967 1124 ‚
980 1090 1091 1131 quibus

363 1153 383 1161 χ.
416 1143 540 1164 utuntur
563 1135 704 1163 homines
716 1152 724 1167 ‚
741 1132 911 1163 facultatem
923 1152 932 1166 ‚
953 1133 988 1162 ad
1006 1141 1090 1172 opes,

130 1176 167 1206 ad
178 1179 289 1216 copias.
315 1187 345 1206 in
358 1185 494 1218 quntum
506 1178 597 1216 quaeri
608 1176 673 1205 dixi
684 1195 693 1208 ‚
707 1175 778 1215 quid
789 1174 860 1203 utile
870 1194 878 1208 ‚
890 1173 962 1215 quid
977 1174 1090 1203 inutile:

131 1220 142 1237 ¹
157 1226 220 1248 tum
236 1228 273 1248 ex
285 1219 410 1248 utilibus
421 1217 494 1259 quid
510 1218 613 1247 utilius
625 1237 633 1251 ‚
654 1225 702 1247 aut
712 1216 784 1257 quid
795 1216 932 1246 maxime
943 1216 1028 1245 utile.
1052 1215 1089 1246 de

127 1259 237 1299 quibus
248 1260 347 1290 dicere
367 1259 535 1301 aggrediar,
556 1258 575 1288 fi
595 1268 682 1299 pauca
692 1258 774 1298 prius
785 1257 821 1288 de
831 1257 968 1287 instituto
981 1277 989 1291 ‚
1009 1257 1089 1287 aede

119 1300 243 1342 judicio
251 1311 321 1331 meo
331 1301 447 1332 dixero.
464 1304 654 1342 Qamquam
670 1302 752 1330 enim
765 1300 833 1329 libri
844 1299 937 1329 nostri
949 1300 1089 1339 complu-

125 1343 186 1372 reis
196 1352 262 1372 non
273 1342 366 1374 modo
377 1343 411 1374 ad
424 1343 543 1383 legendi
555 1362 563 1376 ‚
587 1342 636 1372 sed
647 1344 735 1372 etiam
745 1341 780 1372 ad
794 1341 939 1372 scribendi
949 1340 1085 1371 studium

126 1386 333 1414 excitaverunt
346 1395 351 1414 :
368 1384 631 1415 tameninterdum
644 1393 748 1413 vereor
760 1403 768 1416 ‚
793 1393 829 1412 ne
840 1382 1017 1423 quibusdam
1033 1382 1089 1412 bo-

125 1427 175 1456 nis
189 1428 262 1456 viris
282 1426 478 1466 philosophiae
501 1435 616 1455 nomen
636 1423 669 1454 sit
687 1425 820 1454 invisum
838 1435 843 1453 ;
867 1425 1086 1464 mirenturque,

125 1468 158 1497 in
172 1476 331 1498 eatantum
349 1477 398 1497 me
423 1476 518 1506 operae
530 1486 538 1500 ‚
560 1466 592 1496 &
613 1468 759 1505 temporis
768 1475 891 1505 ponere.
914 1468 977 1506 Ego
987 1474 1087 1496 autem

124 1509 270 1548 quamdiu
280 1509 353 1548 resp.
376 1518 429 1548 per
437 1517 488 1537 eos
496 1507 658 1548 gerebatur,
670 1507 779 1547 quibus
791 1507 886 1546 seipsa
896 1507 1083 1546 commiserat,

124 1552 247 1580 omneis
257 1559 338 1579 meas
360 1559 442 1580 curas
454 1568 463 1583 ‚
480 1549 736 1590 cogitationesque
754 1550 787 1577 in
806 1557 870 1577 eam
882 1547 1086 1577 conferebam:

124 1590 197 1622 cum
208 1600 307 1621 autem
319 1591 477 1621 dominatu
488 1593 577 1621 unius
588 1591 694 1620 omnia
704 1598 875 1620 tenerentur
883 1608 892 1622 ‚
907 1598 1004 1629 neque
1014 1587 1084 1619 ess‘ct

124 1633 251 1674 usquam
273 1631 419 1666 consilio,
439 1642 489 1663 aut
507 1632 676 1663 auEtoritati
693 1631 795 1661 locus:
834 1630 931 1660 socios
954 1630 1086 1671 denique

125 1675 244 1705 tuendae
254 1676 326 1714 reip.
343 1674 480 1704 summos
491 1676 572 1704 viros
581 1694 589 1708 ‚
600 1671 779 1703 amisiss'em:
795 1682 849 1702 nec
861 1681 910 1702 me
925 1674 1085 1713 angoribus

124 1716 250 1750 dedidi,
269 1715 379 1756 quibus
397 1714 489 1745 effem
510 1714 687 1748 confestus,
707 1712 762 1743 nifi
775 1712 1001 1743 iisreststssserir:
1027 1723 1083 1744 nec

122 1757 242 1788 rursum
252 1757 386 1798 indignis
397 1759 523 1787 homine
533 1756 624 1787 doElo
635 1755 848 1795 voluptatibus.
859 1757 957 1795 Atque
968 1756 1083 1785 utinam

121 1799 196 1839 resp.
220 1797 343 1829 stetisset
359 1809 421 1840 quo
439 1808 567 1838 coeperat
586 1797 681 1830 statu,
700 1807 756 1827 nec
775 1798 808 1826 in
827 1798 971 1826 homines
993 1799 1081 1827 ²non

119 1849 183 1871 tam
201 1841 486 1870 commutandarum
508 1849 607 1870 rerum
619 1859 627 1873 ‚
647 1838 739 1880 quam
759 1837 986 1867 evertendarum
997 1839 1082 1877 cupi-

122 1881 179 1912 dos
190 1901 198 1916 ,
212 1880 371 1912 incidisset.
391 1881 527 1922 primum
537 1884 634 1915 enim,
647 1890 679 1911 ut
689 1880 780 1911 stante
790 1889 849 1919 rep.
861 1877 955 1909 facere
966 1879 1081 1909 soleba-

121 1932 192 1954 mus
203 1943 212 1958 ,
234 1925 266 1953 in
277 1923 392 1964 agendo
401 1924 467 1963 plus
478 1942 486 1957 ‚
505 1923 595 1964 quam
605 1926 637 1953 in
648 1921 804 1952 scribendo
814 1941 823 1955 ‚
845 1930 940 1960 operae
954 1930 1080 1960 ponere—

121 1975 193 1996 mus
206 1975 211 1994 :
222 1965 331 1995 deinde
341 1963 409 2005 ipsis
420 1965 534 2006 scriptis
545 1975 608 1995 non
619 1975 651 1995 ea
662 1984 670 1998 ,
691 1974 756 2005 quae
768 1973 849 1993 nunc
863 1982 871 1996 ‚
885 1962 933 1993 sed
943 1961 1077 1992 actiones

121 2006 236 2038 nostras
247 2006 458 2037 mandaremus
470 2027 478 2040 ‚
502 2016 535 2038 ut
554 2008 625 2047 saepe
637 2006 775 2037 fecimus.
799 2004 987 2034 Cumautem
1002 2005 1077 2044 resp.

119 2048 155 2079 in
173 2058 230 2089 qua
248 2050 352 2079 omnis
372 2058 439 2079 mea
456 2058 524 2079 cura
538 2069 548 2084 ‚
570 2050 709 2089 cogitatio
721 2068 728 2081 ‚
752 2057 839 2087 opera
857 2048 930 2086 p0ni
954 2046 1075 2079 solebat>

121 2091 205 2121 nulla
215 2089 286 2121 esset
304 2093 437 2121 omnino
449 2110 458 2124 ,
476 2091 536 2121 illae
547 2091 771 2121 scilicetlitterae
780 2091 1009 2121 conticuerunt,
1029 2087 1077 2117 fo-

119 2132 239 2166 renses,
259 2132 292 2162 &
310 2133 471 2163 senatoriae.
495 2133 573 2162 nihil
592 2142 673 2174 agere
691 2141 791 2161 autem
802 2130 872 2160 cnm
884 2131 1077 2159 animusnon

119 2172 216 2214 poffet
230 2184 235 2203 z
254 2176 287 2203 in
307 2175 354 2204 his
371 2173 477 2205 studiis
493 2174 529 2204 ab
539 2175 629 2204 initio
639 2173 764 2203 versatus
774 2174 884 2205 aetatis,
907 2171 1078 2201 existimavi

124 2219 138 2242 3
151 2214 354 2246 honestissime
373 2214 454 2256 posse
474 2216 606 2256 deponi,
631 2214 650 2245 fi
661 2225 709 2244 me
720 2214 754 2244 ad
764 2213 988 2254 philosophiam
998 2223 1078 2243 retu-

118 2255 229 2287 liss'em.
262 2260 311 2288 cui
339 2256 410 2288 cum
437 2258 573 2288 multum
598 2257 771 2288 adolescens
790 2276 797 2290 ‚
824 2255 958 2285 discendi
977 2255 1073 2288 causa,

118 2301 264 2339 temporis
285 2298 451 2330 tribuissem
476 2310 482 2329 :
517 2299 616 2340 postea
637 2299 726 2340 quam
749 2296 915 2328 honoribus
934 2297 1078 2327 inservire

116 2344 322 2382 coepi‚meque
331 2351 430 2372 totum
442 2343 515 2382 reip.
531 2341 649 2375 ti-adidi;
661 2344 677 2367 4
687 2349 801 2370 tantum
811 2347 869 2369 erat
878 2338 1077 2378 philosophiae

116 2382 197 2418 loci,
218 2392 365 2424 quantum
388 2383 568 2424 superfuerat
585 2385 753 2414 amicorum
768 2402 776 2416 ,
796 2385 809 2409 5
822 2382 854 2413 &
868 2380 982 2421 reipub.
998 2389 1076 2411 tem-

117 2498 128 2516 1
137 2490 197 2544 ,Τ
203 2493 243 2514 Um
253 2499 282 2515 ex
290 2491 391 2514 utilibus-
400 2491 459 2522 quid
466 2491 549 2515 unlius
561 2507 570 2520 ‚
589 2496 632 2514 aut
647 2490 706 2522 quid
715 2489 814 2514 maxim}
824 2488 908 2522 mile]
931 2488 1072 2515 Habentur
1093 2509 1094 2515 .

202 2525 255 2550 haec
274 2525 363 2550 omnia
383 2525 489 2559 quidem
510 2525 536 2550 in
549 2524 633 2550 Paiat.
644 2525 723 2559 prim.
735 2533 786 2550 non
807 2524 885 2550 etiam
905 2525 931 2550 in
944 2525 982 2550 M.
995 2526 1026 2551 F.
1038 2526 1072 2550 D.

113 2562 199 2588 Pal-it.
211 2560 316 2586 (seond.
329 2560 424 2586 nedum
436 2568 464 2586 ut
475 2560 620 2595 approbent
632 2560 678 2586 illa
690 2559 885 2590 Lambiniana3
907 2568 958 2585 rum
970 2569 999 2585 ex
1015 2562 1073 2587 duo-

114 2598 267 2624 bmmillhus
276 2598 428 2630 quidutili'us
439 2614 447 2628 ‚
465 2604 508 2621 aul
528 2606 556 2622 cx
568 2597 681 2629 pluribus
699 2596 757 2630 quid
768 2596 868 2622 maxime
884 2598 953 2622 utile.
972 2596 1028 2623 imo
1040 2596 1073 2623 fic

114 2635 181 2660 nulii
193 2632 299 2670 quidem
313 2633 381 2667 typis
392 2631 490 2658 excusi.

150 2680 177 2696 2.
205 2674 258 2696 Non
285 2678 335 2694 ram
363 2668 581 2694 commutandarum
607 2677 686 2693 rerum
711 2670 783 2702 quizm
802 2670 985 2694 evertendarum
1004 2671 1092 2701 cupa,

110 2707 151 2732 dos
163 2726 171 2738 ,
190 2705 258 2738 &ej
279 2704 393 2731 Palatia.
404 2704 483 2739 prim.
495 2713 546 2730 non
559 2703 635 2730 habet
646 2703 712 2730 illud
725 2713 812 2730 rtrum.
833 2704 902 2740 quod
921 2701 1069 2740 gloffogra-

112 2742 191 2777 pliiiic
201 2740 312 2773 alicujus
324 2740 353 2766 fit
365 2760 373 2772 ‚
384 2740 530 2776 disquirent
543 2740 691 2766 otioliores.

148 2787 175 2814 3.
196 2777 345 2817 Honestiffinst
358 2778 417 2809 pqfflv
434 2777 539 2809 deponi.)
561 2776 667 2812 Vulgari
687 2776 810 2812 aliquot,
830 2776 1069 2810 molestiasinierunt
1088 2781 1090 2787 ¹

108 2813 180 2840 inter
191 2822 280 2840 vocem
292 2822 403 2849 primam
415 2814 439 2838 δι
453 2812 588 2839 secundam
602 2822 609 2841 3
630 2812 701 2848 quod
721 2819 807 2838 tamen
829 2822 880 2839 non
895 2821 1031 2848 comparet
1041 2814 1067 2839 in

107 2849 152 2876 ed.
163 2851 286 2876 Romana
295 2850 380 2886 prima
391 2868 398 2881 ,
410 2856 455 2875 aut
467 2850 506 2875 M.
519 2849 553 2874 D.
565 2858 647 2883 neque¹
659 2848 776 2883 agnoscit
785 2848 870 2874 editio
881 2848 994 2875 victorii
1007 2860 1012 2876 :
1027 2859 1068 2875 ri:—

107 2886 177 2921 cepit
195 2893 282 2912 tamen
301 2886 400 2912 iteruin
411 2885 558 2912 Camerarii
571 2904 579 2916 ,
590 2886 725 2921 exstatque
735 2885 762 2911 iii
774 2884 894 2911 Palatino
903 2885 992 2920 primo
1005 2904 1012 2917 ,
1025 2885 1068 2911 led

107 2930 161 2948 non
172 2922 250 2948 etiam
263 2922 288 2948 in
300 2921 350 2948 sec.

142 2965 170 2990 4.
189 2958 288 2984 ramam
298 2964 350 2983 erar
359 2957 586 2991 Philofiipliiaesoci]
607 2955 769 2983 Vocabulum
781 2959 822 2982 loci
834 2976 842 2989 ‚
860 2966 912 2983 non
926 2956 1031 2984 videtur
1041 2957 1067 2984 in

106 2993 220 3021 Mam-it.
230 3003 316 3029 neque
327 2992 468 3020 videbatur
480 2994 615 3029 requirere
626 2993 801 3020 Gulielmius.

145 3038 171 3063 5.
191 3033 224 3056 Et
236 3031 334 3062 reipubl.
346 3030 478 3063 temsoria]
495 3031 536 3056 lta
549 3031 579 3056 F.
593 3031 626 3055 D.
638 3031 678 3055 M.
691 3030 749 3055 l’al.
761 3029 809 3056 sec.
821 3038 905 3065 neque
916 3029 994 3056 :iliter
1004 3029 1065 3056 edd.

104 3065 257 3102 antiquatae.
279 3074 336 3092 nam
348 3065 510 3097 novati-iens,
520 3068 668 3099 temporibus.
690 3066 715 3092 in
728 3065 813 3092 l’alat.
824 3075 863 3102 pr.
876 3067 910 3092 eil:
922 3069 1028 3099 tempori.

136 3102 164 3130 6.
184 3106 252 3130 Hanc
269 3104 343 3136 igitm
360 3104 402 3137 qu}
419 3102 562 3137 expetunt.]
580 3102 696 3131 Palatio.
716 3101 821 3130 secund.
832 3103 871 3130 Μ.
884 3103 905 3130 F
910 3122 916 3129 .
927 3103 962 3131 D.
982 3105 1064 3139 exspe-

785 75 1242 122 Onerci1s

1337 77 1378 124 L
1413 93 1431 123 1
1468 92 1512 124 Β.
1588 79 1656 126 11.
1991 96 2107 147 ¹23¹

1155 206 1765 272 CicERole

1137 312 2065 631 3:118,

1245 676 1919 760 F1LIUM‚

1019 795 1718 855 SECUNDUS.

1129 883 1263 924 poribus.
1287 883 1322 914 Id
1342 894 1443 916 autem
1466 895 1559 916 omne
1571 887 1804 920 consumebatur
1816 891 1848 920 in
1860 891 1987 932 legendo
2001 902 2007 922 z
2022 893 2094 924 scri-

1133 925 1223 956 bendi
1233 928 1332 971 otium
1354 936 1419 957 non
1438 936 1507 958 erat.
1532 930 1677 959 Maximis
1699 932 1911 972 igitur-inmacu-
1925 935 2091 966 hoctamen
2112 944 2131 968 ,τ

1131 966 1333 998 boniassecuti
1344 969 1500 1003 videmur,
1513 979 1546 1000 ut
1556 980 1588 1000 ea
1598 971 1703 1001 litteris
1715 974 1924 1005 mandaremus
1938 995 1947 1009 ,
1958 986 2024 1017 quae
2038 986 2093 1009 nec

1131 1009 1199 1039 satis
1218 1018 1299 1039 erant
1318 1019 1389 1040 nota
1406 1009 1532 1045 nostris,
1566 1012 1597 1042 δε
1618 1022 1700 1044 erant
1717 1017 1892 1056 cognitione
1912 1017 2093 1058 digniffima.

1131 1053 1220 1092 Qu>
1230 1061 1285 1081 rzsr
1296 1053 1378 1081 enim
1395 1072 1403 1086 ‚
1428 1062 1480 1092 per
1491 1052 1562 1083 deos
1574 1073 1581 1087 ‚
1595 1055 1754 1094 optabilius
1765 1058 1904 1096 sapientia
1916 1061 1925 1087 ?
1936 1059 2007 1099 quid
2018 1069 2093 1100 prae·

1130 1092 1256 1123 stantius
1279 1095 1290 1123 ἓ
1317 1093 1390 1134 quid
1414 1095 1534 1125 'nomini
1557 1097 1694 1126 melius?
1724 1099 1797 1138 quid
1812 1101 1939 1130 homine
1958 1101 2094 1141 dignius²

1132 1132 1149 1153 ⁶
1159 1136 1245 1165 Hanc
1255 1136 1361 1176 igitur,
1373 1137 1425 1176 qui
1437 1145 1580 1176 expetunt
1592 1158 1601 1170 ,
1622 1138 1795 1179 philosophi
1806 1143 2004 1172 nominantur
2019 1152 2093 1173 :nec

1131 1176 1297 1217 quidquam
1307 1177 1388 1207 aliud
1399 1176 1441 1208 est
1450 1179 1642 1218 philosophia
1651 1199 1658 1213 ,
1672 1179 1691 1209 si
1703 1182 1886 1221 interpretari
1899 1184 1985 1217 velis,
1995 1184 2090 1225 quam

1104 1222 1107 1226 ’
1132 1217 1264 1248 studium
1284 1219 1444 1259 sapientiae.
1474 1220 1622 1262 Sapientia
1639 1230 1740 1252 autem
1760 1222 1821 1257 est,
1842 1225 1888 1263 (ut
1903 1225 1919 1255 a
1941 1226 2096 1255 veteribus

1130 1260 1317 1300 philosophis
1328 1259 1489 1292 definitum
1512 1261 1565 1302 est)
1585 1272 1683 1293 rerum
1694 1264 1864 1296 divinarum
1879 1287 1887 1299 ‚
1900 1266 1933 1297 &
1944 1267 2093 1298 humana-

1129 1311 1196 1346 rum
1207 1321 1215 1335 ,
1227 1302 1452 1343 causarumque,
1469 1303 1577 1344 quibus
1589 1305 1633 1335 hae
1645 1315 1690 1335 res
1708 1309 1904 1338 continentur
1917 1328 1926 1342 ,
1947 1308 2070 1339 scientia
2083 1319 2090 1338 z

1129 1353 1215 1382 cujus
1226 1343 1358 1374 studium
1370 1347 1422 1385 qui
1434 1347 1598 1386 vituperat,
1611 1347 1687 1377 haud
1700 1348 1767 1378 sane
1779 1350 1927 1391 intelligo,
1940 1350 2087 1390 quidnam

1132 1383 1163 1414 sit
1175 1404 1184 1418 ‚
1202 1385 1285 1425 quod
1304 1386 1485 1417 laudandum
1500 1396 1592 1427 putet.
1616 1390 1696 1418 Nam
1709 1388 1766 1420 sive
1778 1390 1941 1421 obleEtatio
1949 1394 2090 1432 quaeritur

1128 1428 1223 1456 animi
1236 1447 1244 1460 ‚
1258 1428 1433 1468 requiesque
1444 1438 1597 1459 curarum:
1617 1439 1682 1470 quae
1693 1431 1822 1462 conferri
1831 1442 1901 1462 cum
1913 1443 2018 1463 eorum
2030 1432 2091 1464 stu-

1129 1467 1187 1497 diis
1197 1468 1293 1507 potest
1306 1488 1313 1502 ‚
1337 1473 1389 1509 qui
1401 1474 1415 1498 7
1426 1469 1543 1509 semper
1553 1471 1664 1511 aliquid
1676 1475 1840 1513 anquirunt
1850 1494 1857 1508 ‚
1872 1474 1953 1514 quod
1964 1474 2085 1514 specht,

1128 1509 1161 1539 ὃ(
1173 1510 1265 1539 valeat
1274 1510 1308 1539 ad
1322 1510 1395 1540 bene
1407 1530 1416 1544 ,
1426 1510 1567 1552 beateque
1578 1513 1758 1543 vivendum?
1769 1509 1783 1532 8
1794 1513 1851 1544 five
1863 1517 1937 1545 ratio
1946 1516 2089 1546 constan-

1127 1553 1175 1580 tiae
1188 1570 1196 1584 ‚
1207 1552 1382 1591 virtutisque
1392 1552 1519 1582 ducitur.
1529 1561 1578 1583 aut
1589 1554 1650 1583 haec
1662 1564 1707 1583 ars
1718 1554 1760 1584 est
1771 1575 1779 1588 ,
1791 1564 1839 1585 aut
1849 1556 1932 1586 nulla
1941 1559 2086 1590 omnino,

1125 1600 1277 1632 perquam
1298 1602 1345 1621 eas
1363 1591 1678 1633 assequamur-nullam
1698 1595 1795 1626 dicere
1816 1598 2021 1628 maximarum
2041 1609 2089 1628 re-

1125 1642 1192 1662 rum
1203 1642 1295 1663 artem
1307 1632 1363 1663 esse
1375 1653 1383 1667 ‚
1403 1638 1475 1664 cum
1499 1637 1698 1666 minimarum
1718 1635 1778 1667 fine
1795 1647 1856 1668 arte
1865 1639 1949 1669 nulla
1958 1637 1990 1669 sit
2001 1660 2009 1674 ‚
2028 1641 2090 1670 ho-

1125 1677 1247 1704 minum
1256 1674 1298 1704 est
1306 1685 1410 1714 parum
1421 1675 1602 1707 considerate
1615 1677 1804 1719 loquentium
1817 1698 1825 1712 ‚
1846 1689 1932 1721 atque
1942 1682 1974 1710 in
1987 1684 2090 1712 maxi-

1124 1717 1183 1745 mis
1193 1717 1278 1747 rebus
1289 1720 1461 1748 errantium.
1485 1720 1516 1748 Si
1525 1727 1623 1748 autem
1634 1720 1676 1749 est
1686 1720 1783 1760 aliqua
1792 1721 1946 1761 disciplina
1954 1725 2088 1756 virtutis„

1124 1758 1174 1786 ubi
1186 1768 1218 1787 ea
1235 1768 1384 1798 quaeretur
1398 1779 1406 1792 ‚
1424 1758 1497 1788 cuin
1514 1760 1550 1789 ab
1567 1761 1625 1790 hoc
1649 1761 1781 1791 discendi
1793 1772 1900 1802 genere
1910 1763 2088 1795 discesseris?

1121 1798 1178 1828 Sed
1190 1800 1251 1828 haec
1262 1818 1270 1833 ‚
1292 1799 1363 1829 cum
1382 1800 1418 1829 ad
1437 1801 1662 1840 philosophiam
1685 1805 1876 1833 cohortamur
1888 1824 1897 1837 ,
1919 1806 2091 1836 accuratius-

1121 1839 1266 1879 disputari
1288 1841 1401 1870 solent:
1421 1842 1503 1881 quod
1524 1843 1583 1872 alio
1601 1843 1731 1883 quodam
1753 1845 1830 1874 libro
1852 1844 1992 1877 fecimus.
2017 1850 2087 1878 Hoc

1120 1890 1219 1911 autem
1231 1890 1365 1921 tempore
1377 1882 1492 1912 tantum
1504 1883 1593 1913 nobis
1605 1886 1815 1916 declarandum
1825 1885 1883 1917 fuit
1895 1907 1905 1921 ,
1918 1898 1968 1918 cur
1979 1890 2083 1920 orbati

1119 1926 1190 1962 reip.
1215 1924 1392 1953 muneribus
1403 1944 1412 1956 ,
1432 1924 1467 1954 ad
1488 1925 1545 1954 hoc
1567 1935 1622 1955 nos
1634 1926 1765 1957 studium
1776 1927 2086 1968 potiffimumconiu-

1118 1964 1267 1994 liffemus.
1291 1967 1462 1995 Occurritur
1470 1975 1568 1996 antem
1584 1968 1672 1998 nobis
1686 1989 1693 2002 ‚
1715 1970 1906 2010 &quidema
1923 1971 2036 2006 doc'tis,
2050 1973 2084 2003 &

1116 2006 1241 2037 eruditis
1252 2027 1259 2040 ,
1272 2007 1474 2047 quaerentibus
1486 2027 1494 2041 ,
1515 2007 1619 2039 satisne
1632 2010 1799 2041 constanter
1809 2010 1902 2042 facere
1912 2013 2082 2048 videamur,

1116 2058 1181 2093 qm!
1193 2048 1262 2078 cum
1271 2049 1374 2089 percipi
1384 2049 1458 2078 nihil
1465 2049 1546 2089 poH'e
1557 2050 1702 2086 dicamus,
1715 2062 1816 2083 tamen
1829 2054 1937 2084 &aliis
1947 2055 1983 2085 de
1993 2056 2083 2086 rebus

1115 2089 1252 2120 diflerere
1263 2091 1412 2120 soleamus
1423 2111 1431 2124 ‚
1457 2092 1489 2121 ὅ(
1508 2093 1566 2122 hoc
1584 2093 1645 2132 ipso
1666 2103 1802 2134 tempore
1822 2105 1964 2136 praecepta
1985 2096 2082 2128 officii

1114 2132 1334 2172 persequamur.
1359 2133 1477 2173 Qibus
1488 2133 1600 2163 vellem
1612 2135 1679 2165 satis
1688 2138 1807 2177 cognita
1818 2135 1889 2167 esset
1901 2137 1999 2169 nostra
2012 2139 2082 2170 sen·

1116 2176 1216 2203 tentia.
1234 2183 1298 2203 non
1308 2183 1391 2203 enim
1405 2175 1507 2204 sumus
1519 2177 1551 2209 ii,
1564 2186 1693 2216 quorum
1708 2187 1827 2218 vagetur
1837 2181 1956 2210 animus
1966 2190 2079 2214 errore,

1119 2225 1173 2245 nec
1183 2215 1269 2245 habet
1292 2225 1435 2255 umquam
1449 2237 1458 2250 ‚
1480 2217 1552 2257 quid
1575 2218 1720 2259 sequatur.
1743 2229 1809 2259 quae
1829 2223 1914 2251 enim
1935 2219 2008 2252 effer
2026 2221 2081 2253 ista

1119 2266 1205 2286 mens
1216 2276 1224 2290 ‚
1245 2257 1291 2287 vel
1312 2267 1376 2297 quae
1395 2261 1454 2288 vita
1468 2259 1568 2298 potius
1581 2279 1589 2293 ,
1614 2270 1678 2290 non
1701 2261 1796 2290 modo
1818 2261 2007 2302 disputandi,
2029 2263 2078 2294 sed

1118 2300 1243 2329 vivendi
1253 2301 1368 2328 ratione
1379 2299 1510 2330 sublata?
1527 2302 1594 2331 Nos
1603 2311 1702 2332 autem
1716 2322 1724 2335 ‚
1737 2312 1768 2332 ut
1777 2311 1865 2333 ceteri
1877 2324 1886 2338 ,
1898 2305 1953 2334 alia
1964 2324 1972 2338 ,
1985 2314 2078 2339 certa,

1119 2341 1173 2371 alia
1184 2345 1295 2370 incerta
1306 2339 1363 2370 esse
1375 2341 1495 2372 dicunt:
1517 2341 1553 2372 fic
1566 2343 1601 2373 ab
1613 2345 1659 2373 his
1668 2342 1873 2374 dissentientes
1884 2365 1891 2378 ‚
1903 2346 1958 2376 alia
1968 2347 2078 2386 proba-

1119 2382 1192 2413 bilia
1201 2402 1210 2418 ,
1229 2386 1245 2410 9
1254 2383 1357 2414 contra
1367 2403 1376 2418 ,
1387 2384 1443 2414 alia
1450 2393 1514 2414 non
1525 2384 1693 2425 probabilia
1702 2384 1760 2416 effe
1771 2386 1912 2418 dicimus.
1939 2389 2019 2430 Qid
2033 2387 2077 2419 est

1972 2440 2075 2470 igitur,

1110 2491 1191 2515 Ham.
1211 2489 1323 2515 alterum
1336 2490 1370 2516 cst
1382 2490 1407 2516 in
1419 2490 1533 2517 I’alatin.
1544 2491 1624 2526 prim.
1635 2488 1683 2515 edd
1692 2498 1750 2525 .que
1759 2490 1848 2525 priscis
1861 2509 1868 2521 ,
1888 2499 2000 2523 quarum
2014 2490 2075 2516 Ro-

1114 2534 1189 2551 mana
1209 2525 1294 2561 prima
1314 2536 1365 2552 non
1387 2525 1509 2554 admittit
1523 2526 1642 2553 voculam
1653 2529 1735 2559 igitur.
1757 2525 1900 2552 secund&
1913 2527 2074 2562 Moguiztiiia

1093 2567 1094 2570 ’
1112 2561 1278 2587 collocarunt
1290 2562 1345 2597 post
1356 2570 1476 2595 expetunt.

1147 2605 1174 2631 7.
1193 2601 1284 2630 Semper
1302 2599 1397 2631 aliquid
1413 2599 1572 2632 anquirunt]
1593 2599 1635 2625 Ita
1656 2597 1768 2624 Maurit.
1786 2597 1952 2633 aliorumque
1973 2596 2074 2634 scripti.

1112 2634 1154 2659 cui
1174 2633 1296 2659 alludunt
1307 2632 1608 2669 edd.pi-iscae&mss'.in
1629 2633 1724 2669 quibus
1744 2637 1889 2667 acquir-um.
1912 2642 2072 2669 quaiiiqu.iin

1113 2668 1184 2696 forti:
1204 2670 1252 2696 hoc
1273 2670 1359 2705 priore
1380 2671 1474 2697 melius
1486 2680 1494 2701 3
1518 2671 1579 2696 licet
1591 2670 1715 2706 placitum
1728 2670 1858 2695 Lambino
1871 2679 1900 2695 ac
1911 2670 2072 2696 Guliclinio.

1113 2705 1274 2741 vulgatiores
1287 2725 1295 2738 ‚
1316 2708 1442 2741 inquirunt
1454 2726 1461 2739 ‚
1473 2705 1544 2742 quod
1556 2707 1582 2732 8<
1593 2707 1618 2733 in
1631 2706 1777 2732 multorum
1790 2705 1950 2732 membranis
1963 2725 1971 2738 ,
1990 2706 2071 2733 cti-itii

1111 2741 1224 2768 Nannii.

1148 2777 1174 2803 8.
1195 2781 1251 2804 sive
1270 2781 1333 2804 ratio
1352 2780 1483 2811 constantia
1500 2778 1644 2812 virtutiflyue
1661 2778 1784 2811 Amisiam]
1806 2777 1915 2804 Reduxi
1927 2777 2071 2804 lee‘l‘zoiicm

1111 2814 1293 2840 Viciorianam
1308 2834 1315 2845 ‚
1335 2815 1429 2850 qnippe
1441 2815 1627 2841 Cnmcrariana
1639 2822 1754 2848 (IMA’NHU'
1767 2832 1775 2844 ⁷
1793 2822 1887 2848 praeter
1899 2814 1956 2840 mss'.
1967 2824 2058 2840 omncs
2067 2834 2073 2842 .

1109 2850 1136 2875 ἃ
1161 2851 1307 2886 antiquitus
1327 2852 1397 2886 typis
1418 2860 1449 2877 cx
1472 2850 1560 2877 reslbs.
1581 2851 1612 2876 iic
1633 2859 1702 2876 enim
1719 2850 1876 2885 Moguntina
1899 2852 1925 2876 ὃ(
1949 2851 2072 2876 Romana

1111 2886 1215 2921 primm
1237 2894 1313 2913 extat
1325 2894 1426 2912 tantum
1447 2861 1513 2913 iilud
1532 2890 1648 2920 quaritur
1667 2885 1824 2912 infecunda.
1844 2892 1962 2913 ceterum
1975 2895 2071 2913 notan-

1110 2921 1172 2948 dum
1185 2922 1250 2948 duxi
1264 2922 1321 2949 loco
1332 2925 1465 2955 constmm'ae
1477 2943 1484 2955 ‚
1496 2922 1544 2949 csse
1557 2922 1581 2948 'in
1597 2922 1652 2947 ixii.
1663 2931 1704 2958 pr.
1714 2922 1826 2947 vivendi.

1146 2967 1172 2993 9.
1193 2962 1284 2985 contr-a
1297 2978 1306 2989 ,
1325 2961 1374 2984 affin
1384 2968 1429 2983 non
1447 2958 1765 2992 probahifllncffidirimm]
1788 2956 1858 2983 illud
1878 2967 1923 2983 nan
1937 2959 2073 2990 probini-112:

1108 2993 1179 3021 abest
1191 2996 1230 3021 M.
1244 2995 1274 3020 F.
1286 2996 1318 3021 D.
1333 2994 1447 3020 Palatin.
1458 2995 1563 3021 secund.
1575 3004 1658 3029 neque
1672 2993 1816 3029 agnoscunt
1838 2993 1942 3020 vetusta:
1954 2993 2014 3019 caiti.
2028 2993 2075 3018 isui

1109 3030 1180 3066 quod
1202 3029 1320 3066 quaedam
1340 3040 1428 3056 carum
1450 3033 1500 3057 alia
1517 3032 1690 3064 i111p›·ol1ab.¹‘.'1a.
1720 3030 1792 3066 prins
1812 3031 1893 3056 lraerct
1913 3030 1938 3055 in
1961 3030 2074 3055 l‘ulatiii.

1106 3066 1376 3102 prim.exprcssitquc
1389 3066 1535 3093 melorius.
1557 3065 1626 3092 idem
1647 3074 1736 3093 tamen
1751 3066 1864 3094 Palatia.
1883 3065 1973 3100 abjicit
1994 3074 2077 3090 rotu-

1106 3103 1158 3131 lam
1170 3104 1210 3138 effe
1222 3122 1230 3136 ‚
1242 3112 1299 3139 qiiae
1311 3112 1396 3139 neque
1407 3103 1434 3130 iii
1445 3103 1488 3130 ed.
1501 3104 1624 3131 Romana
1636 3103 1732 3139 prinu«.
2012 3137 2060 3162 mu

1973 3145 1995 3161 1.
2019 3146 2038 3161 xl.
2062 3148 2078 3157 ⁶
