2379 3400
140 1871 185 1912 46
202 1880 237 1908 In
248 1880 354 1908 aethere
363 1888 460 1909 autem
472 1879 544 1910 astra
553 1881 716 1912 volvuntur
728 1894 733 1911 t

224 122 347 172 „34
635 99 702 148 Μ,
772 96 1136 171 Tuvnnxr

214 199 333 232 propter
345 196 408 226 qua:
417 187 578 227 Centaurus
609 221 612 225 ι
1034 217 1038 222 ⁴

309 229 384 257 Cedit
395 247 402 258 ,
419 230 426 244 ¹
441 227 515 263 Equi
524 231 624 263 parteis
630 228 775 262 properans
781 218 954 259 fiabmergere
963 219 984 247 C
983 216 1061 246 helts.

307 268 495 297 Hit-dextram
507 271 618 305 porgens
629 282 636 295 ,
648 261 803 302 quadrupes
813 256 869 301 quii
881 259 960 295 vasta
970 266 1087 287 tenerur.

309 309 406 337 Tendit
416 328 422 337 ,
434 308 468 338 ὠ-
479 304 607 340 illustrem
617 303 789 332 truculentus·
800 302 876 330 cadit
883 302 921 330 ad
928 310 1009 330 aram
1017 319 1028 334 ‚

307 349 364 378 Hic
372 348 426 387 [ιβ
435 347 547 384 infernis
558 343 706 385 &partibus
716 344 801 384 erigit
811 343 908 384 Hydra
919 353 932 371 .-

215 391 308 432 Cujus
321 392 409 428 longe
419 397 527 427 corpus
536 386 578 416 est
587 385 705 416 fusum:

307 435 341 461 In
352 430 493 469 medioque
500 428 683 469 finufui'gens
690 428 806 456 Cratera
819 426 928 456 relucet.

306 475 474 502 Extremam
485 479 573 499 nitens
579 470 706 511 plumato
716 476 819 508 corpore
829 471 933 497 Corvus

307 512 400 548 Rostro
411 512 506 541 tundit
515 523 526 539 .·
546 512 581 544 ὼ
591 511 636 539 hic
646 511 772 540 Gemitus
781 508 824 539 ef}
834 511 879 539 ille
887 509 940 550 sub
951 508 1013 555 ipsss

307 558 321 574 ²
331 558 416 583 Ante
426 571 453 575 --
477 556 574 583 Canem
584 573 591 586 ,
603 553 689 591 Grajo
699 554 816 593 Procyon
826 552 877 593 qui
886 562 996 581 nomme
1005 551 1110 591 fertur.

215 599 287 629 Haec
297 599 398 627 omnis
410 596 567 634 descriptio
578 593 704 623 fiderum
715 612 724 626 ,
745 603 831 634 atque
851 595 900 625 hic
917 603 1014 624 tantus
1030 596 1095 624 caeli
1113 604 1163 624 or-

213 649 299 670 natus
309 658 316 671 ,
329 648 366 668 ex
377 637 549 676 corporibus
560 638 618 666 huc
626 655 636 668 ,
647 635 680 665 δε
689 635 762 666 illuc
772 635 837 665 casu
848 655 856 669 ‚
872 635 904 666 &
915 636 1026 666 temere
1036 645 1165 666 concur-

211 681 341 712 santibus
353 677 480 719 potuiss'e
497 675 597 711 effici,
617 679 758 717 cuiquam
778 677 848 707 sano
867 677 961 708 videri
978 677 1074 717 potest
1088 681 1099 707 ?
1118 687 1166 708 aut

212 721 283 753 vero
293 722 346 751 alia
360 730 426 760 quae
441 729 540 750 natura
551 738 559 752 ‚
578 721 692 749 mentis
706 719 739 749 δε
751 720 874 749 rationis
889 728 993 759 expers
1003 739 1012 753 ‚
1025 721 1085 750 haec
1100 719 1165 750 effi-

213 774 278 794 cere
288 764 393 803 potuit‚
404 771 470 801 quae
480 771 544 791 non
553 760 648 791 modo
659 769 691 790 ut
701 760 816 794 fierent,
828 762 942 791 ratione
951 771 1103 802 eguerunt,
1116 761 1163 792 sed

150 806 197 839 45
218 805 342 844 intelligi
352 805 450 844 qualia
461 801 516 833 fint
526 823 534 836 ‚
555 800 614 832 sine
624 802 741 833 summa
752 804 866 833 ratione
878 812 942 833 non
952 802 1070 844 poffunt
1082 806 1167 834 ?Nec

213 857 284 877 vero
295 849 355 875 liaec
366 845 466 875 solum
476 844 681 875 admirabilia:
702 844 749 875 sed
760 845 949 884 nihil-majus
960 865 968 879 ,
979 845 1069 886 quam
1079 845 1162 886 quod

210 890 256 917 ita
274 885 385 923 stabilis
401 886 447 916 est
467 886 586 915 mundus
608 906 616 920 ‚
644 895 730 927 atque
745 888 783 916 ita
796 887 926 916 cohaeret
938 887 974 917 ad
987 897 1166 927 permanen-

209 929 282 959 dum
295 948 303 962 ‚
326 937 358 958 ut
372 929 449 958 nihil
467 938 504 958 ne
517 929 678 968 excogitari
691 928 816 969 quidem
832 926 1034 970 poffitaptius.
1057 939 1164 959 omnes

206 972 291 1003 enim
302 978 396 1009 partes
409 970 473 1009 ejus
484 970 616 1010 undique
627 970 765 1000 medium
777 971 878 1000 locum
898 969 1076 1011 capessentes
1086 991 1095 1005 ‚
1115 973 1163 1001 ni-

207 1021 312 1042 tuntur
323 1013 482 1051 aequaliter.
502 1010 641 1042 maxime
659 1020 758 1041 autem
777 1021 900 1052 corpora
918 1014 996 1042 inter
1016 1013 1043 1043 se
1059 1012 1164 1052 jun&a

205 1061 400 1093 permanent,
420 1052 490 1083 cum
504 1052 636 1093 quodam
649 1051 728 1094 quasi
742 1054 866 1084 vinculo
880 1054 1063 1085 circumdato
1075 1055 1165 1085 colli-

205 1104 330 1137 gantur:
351 1094 432 1134 quod
449 1093 519 1125 t'acit
534 1104 568 1125 ea
586 1103 708 1128 natura,
729 1105 794 1135 quae
807 1105 858 1136 per
870 1106 996 1126 omnem
1012 1096 1162 1126 mundum

207 1137 312 1166 omnia
329 1145 450 1169 mente,
471 1134 804 1167 &rationeconficiens
816 1136 972 1172 funditur,
993 1138 1026 1168 &
1045 1138 1080 1168 ad
1100 1148 1162 1167 me·
1184 1149 1186 1156 s

207 1177 295 1207 dium
314 1179 408 1217 rapit,
433 1177 466 1208 &
483 1180 632 1208 convertit
648 1187 793 1210 extrema.
826 1182 974 1221 roirca
992 1178 1012 1209 fi
1032 1179 1165 1209 mundus

203 1218 346 1260 globosus
357 1218 419 1252 est,
438 1219 478 1250 ob
488 1229 613 1261 eamque
623 1220 739 1251 causam
754 1230 862 1252 omnes
879 1223 943 1262 ejus
960 1231 1053 1262 partes
1071 1221 1162 1251 undi-

204 1270 264 1301 que
284 1260 441 1300 aequabiles
454 1280 463 1293 ,
483 1262 545 1301 ipse
562 1270 615 1301 per
635 1262 663 1293 se
676 1281 686 1296 ‚
704 1271 792 1302 atque
811 1265 888 1294 inter
903 1264 932 1293 se
950 1266 1164 1294 continentur:
1184 1272 1186 1276 ’

200 1303 380 1341 contingere
393 1301 474 1332 idem
489 1311 570 1333 terrae
581 1302 697 1334 neceffe
709 1304 752 1335 est
763 1324 772 1338 ‚
794 1314 826 1335 ur
837 1324 845 1339 ‚
865 1305 1009 1335 omnibus
1021 1306 1086 1344 eJ'us
1099 1314 1164 1345 par-

203 1342 284 1372 tibus
303 1345 336 1372 in
355 1343 493 1374 medium
512 1345 724 1385 vergentibus,
744 1345 789 1385 (id
803 1356 902 1377 autem
914 1347 1071 1380 medium,
1094 1345 1165 1376 infi-

207 1393 295 1414 mum
307 1387 340 1413 in
350 1384 460 1424 sphaera
469 1384 522 1426 est)
533 1387 611 1416 nihil
621 1388 818 1428 interrumpat
827 1409 835 1422 ,
848 1398 909 1429 quo
918 1388 1085 1419 labefaCtari
1095 1389 1165 1429 pos-

206 1424 240 1456 sit
252 1433 330 1456 tanta
337 1429 495 1457 contentio
502 1429 670 1468 gravitatis,
691 1429 724 1459 &
734 1430 914 1471 ponderum.
939 1430 1111 1472 Eademque
1121 1440 1167 1461 ra-

203 1469 290 1496 tione
299 1477 391 1502 mare,
401 1467 473 1498 cum
484 1469 568 1509 supra
577 1478 684 1501 terram
695 1470 729 1502 sit
738 1491 747 1505 ,
761 1472 899 1502 medium
912 1481 1013 1502 tamen
1025 1481 1105 1502 terrae
1118 1473 1166 1502 lo-

203 1517 276 1538 cum
295 1517 458 1548 expetens,
476 1511 672 1552 conglobatur
688 1513 824 1554 undique
844 1513 1045 1554 aequabiliter,
1067 1524 1164 1554 neque

205 1549 351 1579 redundat
366 1559 509 1590 umquam
521 1571 530 1585 ,
550 1561 647 1593 neque
659 1553 834 1585 effunditur.
860 1556 942 1585 Huic
954 1564 1054 1585 autem
1065 1558 1163 1586 conti-
1184 1553 1185 1570 ³

206 1599 285 1620 nens
295 1591 359 1624 aet,
371 1590 464 1621 fertur
473 1593 524 1622 ille
536 1594 660 1632 quidem
673 1595 791 1626 levitate
802 1596 926 1626 sublimi
939 1614 948 1630 ,
961 1596 1008 1626 sed
1019 1605 1119 1627 tamen
1130 1599 1162 1627 in

204 1633 329 1661 omneis
348 1634 454 1671 parteis
468 1634 494 1662 se
510 1634 570 1673 ipse
585 1634 695 1665 fundit.
719 1638 817 1677 itaque
828 1638 861 1667 &
872 1638 947 1667 mari
956 1640 1161 1673 continuatus,

208 1671 372 1709 &jun-itus
382 1672 424 1702 est
433 1692 443 1706 .
464 1674 497 1703 ὃς
509 1684 610 1705 natura
620 1675 713 1707 fertur
722 1678 758 1708 ad
768 1679 892 1709 caelum:
912 1680 998 1718 cujus
1007 1681 1160 1714 tenuitate,

203 1712 343 1742 &calore
359 1722 555 1753 temperatus,
575 1718 696 1747 vitalem
709 1738 718 1752 ‚
739 1719 771 1749 &
781 1720 935 1750 salutarem
944 1721 1079 1759 spirirum
1089 1731 1162 1761 prae-

203 1754 254 1784 bet
265 1755 480 1785 animantibus.
492 1758 594 1798 Qem
602 1760 763 1798 complexa
773 1761 892 1790 summa
900 1770 966 1800 pars
974 1763 1038 1792 caeli
1050 1782 1058 1795 ,
1071 1766 1083 1790 3
1094 1773 1160 1803 quae
1181 1758 1183 1772 ⁵

205 1796 296 1825 aethra
305 1796 462 1829 dicitun&
474 1797 560 1828 suum
572 1801 680 1829 retinet
689 1800 824 1831 ardorem
835 1803 1007 1836 tenuem5&
1018 1804 1100 1833 nulla
1109 1804 1161 1833 ad—

202 1836 345 1867 mistione
358 1839 656 1872 concretum‚&cum
667 1843 741 1871 a'e'ris
755 1845 941 1872 extremitate
954 1845 1159 1885 conjungitur.

754 1894 819 1924 quae
834 1884 862 1914 se
877 1883 908 1913 &
923 1887 999 1914 nixu
1013 1885 1069 1915 suo
1082 1896 1157 1916 con-

199 1920 316 1960 globata
325 1922 485 1951 continent
497 1932 501 1950 :
523 1921 663 1953 &forma
673 1924 733 1963 ipsa
747 1945 756 1958 ‚
768 1923 917 1966 figuraque
928 1945 937 1959 ‚
955 1927 1003 1956 sua
1014 1936 1158 1957 momen-

199 1970 229 1991 ta
242 1960 409 2007 sustentant.
435 1963 501 1993 sunt
514 1965 597 1994 enim
611 1966 750 1996 rotunda:
770 1967 880 2007 quibus
893 1967 1001 1998 formis
1013 1988 1022 2002 ,
1043 1978 1075 1999 ut
1087 1970 1156 1999 ante

197 2001 307 2032 dixisse
325 2003 429 2033 videor
441 2023 450 2037 .
473 2007 605 2036 minime
623 2010 725 2038 noceri
742 2008 851 2048 potest.
872 2013 947 2040 Sunt
966 2019 1065 2041 autem
1077 2010 1158 2047 stella

198 2052 301 2075 natura
311 2043 466 2076 flammeae.
489 2050 629 2087 quocirca
638 2058 720 2081 terrae
732 2070 740 2084 ‚
755 2053 844 2081 maris
855 2070 865 2085 ‚
884 2061 1026 2092 aquarum
1040 2054 1156 2092 vapori-

198 2085 386 2132 bus-aluntur
397 2089 434 2117 iis
444 2107 453 2121 ,
472 2098 523 2129 qui
534 2090 550 2119 a
560 2090 621 2119 sole
634 2094 651 2118 4
660 2101 698 2121 ex
708 2094 784 2132 agris
795 2091 948 2133 tepefafihs
960 2114 968 2127 ‚
981 2094 1013 2124 &
1023 2104 1061 2124 ex
1072 2097 1156 2135 aquis

199 2136 368 2172 excitantur
381 2140 385 2157 :
398 2129 506 2169 quibus
518 2131 582 2161 altae
593 2151 602 2165 ,
615 2143 818 2174 renovataeque
831 2133 922 2165 stellae
934 2155 943 2168 ‚
954 2145 1040 2175 atque
1051 2137 1157 2166 omnis

195 2170 287 2198 aether
298 2189 306 2201 ,
322 2170 485 2201 retundunt
495 2171 597 2202 eadem
609 2193 617 2207 ‚
632 2175 664 2204 &
675 2177 791 2206 rursum
803 2177 922 2206 trahunt
933 2177 1070 2207 indidem
1082 2198 1090 2211 ‚
1107 2179 1155 2207 ni-

195 2209 355 2240 hilutfere
368 2213 508 2246 intereat,
527 2223 576 2244 aut
586 2215 751 2246 admodum
763 2218 931 2257 paullulum
943 2238 952 2252 ,
966 2219 1048 2259 quod
1060 2219 1155 2249 astro—

196 2261 266 2281 rum
277 2253 354 2292 ignis
364 2272 377 2299 '.
395 2252 427 2282 &
444 2255 558 2285 aetheris
569 2254 691 2288 flamma
703 2259 868 2290 consumat.
893 2263 938 2291 Ex
952 2271 1012 2301 quo
1026 2271 1152 2291 eventu-

197 2302 267 2323 rum
287 2292 379 2323 nostri
399 2304 504 2334 putant
523 2295 554 2326 id
565 2316 573 2331 ,
592 2298 700 2339 dequo
711 2302 875 2331 Panaetium
887 2302 1057 2333 addubitare
1073 2302 1156 2333 dice-

197 2333 270 2364 bant
280 2354 289 2368 ,
310 2343 342 2365 ut
352 2335 387 2366 ad
397 2346 567 2369 extremum
577 2342 665 2369 omnis
675 2342 794 2371 mundus
807 2343 951 2383 i'gnefteret
962 2364 971 2378 ,
987 2345 1057 2375 cum
1068 2365 1077 2378 ‚
1099 2346 1155 2374 hu-

197 2385 285 2422 more
295 2376 475 2423 consumto,
495 2390 591 2421 neque
610 2391 682 2414 terra
701 2385 740 2414 ali
759 2384 874 2424 poss'et,
896 2396 993 2427 neque
1013 2395 1156 2417 remearet

197 2425 268 2463 aer·‚
279 2427 457 2467 cuius-ortus
469 2441 478 2454 ‚
490 2431 562 2463 aqua
570 2426 657 2454 omni
667 2425 808 2458 exhausta
818 2447 827 2461 ‚
840 2426 898 2458 else
909 2438 973 2458 non
986 2427 1098 2468 posset:
1115 2430 1155 2458 ita

199 2458 329 2499 relinqui
345 2461 423 2509 nih-11
441 2472 546 2502 praeter
564 2475 683 2505 ignem:
700 2467 716 2498 a
727 2477 789 2509 quo
803 2470 920 2500 rursum
931 2471 1082 2501 animante
1095 2489 1104 2503 ‚
1123 2479 1155 2500 ac

198 2498 256 2529 deo
275 2511 428 2548 renovatio
447 2506 554 2536 mundi
575 2506 674 2541 fieret,
693 2509 876 2550 atqueidem
886 2520 1008 2542 ornatus
1019 2513 1154 2541 oriretur.

200 2541 285 2571 Nolo
304 2552 336 2572 in
354 2542 505 2576 stellarum
514 2549 629 2578 ratione
641 2551 755 2582 multus
765 2551 854 2582 vobis
867 2553 963 2583 videri
977 2574 986 2587 ,
1005 2554 1155 2584 maxime-

199 2590 257 2622 que
277 2592 396 2632 earum,
417 2596 481 2626 quae
491 2598 579 2619 errare
590 2590 740 2623 dicuntur.
763 2603 891 2634 quarum
905 2604 1003 2626 tantus
1021 2594 1064 2626 est
1080 2605 1155 2626 con-

202 2632 306 2670 centus
316 2635 353 2655 ex
363 2625 570 2661 diffimillimis
581 2634 714 2665 motibus
722 2654 731 2669 ‚
751 2644 803 2670 ut,
823 2635 893 2667 cum
910 2638 1026 2668 summa
1036 2639 1154 2668 Saturni

203 2663 352 2705 refrigeret
362 2669 476 2700 :media
487 2672 590 2703 Martis
601 2675 738 2708 incendat
746 2696 755 2711 ,
765 2678 812 2708 his
825 2678 1074 2721 interjectaJovis
1082 2679 1154 2710 illu-

204 2703 290 2738 stret,
311 2707 343 2738 &
356 2714 673 2757 temperetninfraque
693 2720 820 2750 Martem
836 2720 900 2751 duae
917 2721 979 2752 Soli
1000 2721 1152 2757 obediant,

202 2745 263 2786 ipse
280 2748 330 2778 Sol
348 2751 499 2784 mundum
517 2764 644 2789 omnem
662 2759 712 2791 sua
727 2760 794 2792 luce
814 2763 984 2804 compleat,
1006 2763 1043 2794 ab
1057 2773 1153 2806 eoque
1173 2784 1174 2789 =

1204 97 1739 151 Cicanou1s

1208 185 1294 214 Luna
1305 182 1475 212 illuminata
1491 181 1698 223 graviditates,
1718 185 1858 227 &partus
1870 184 1970 219 afferat
1980 185 1995 223 ‚'
2008 188 2168 222 maturitass·

1209 226 1308 265 resque
1327 223 1479 265 gignendi.
1503 226 1577 265 Qae
1593 226 1744 265 copulatio
1757 237 1854 260 rerum
1867 249 1876 264 ‚
1898 231 1931 261 &
1945 230 2022 272 quafi
2037 232 2167 263 consen·

1210 269 1286 297 tiens
1295 267 1330 297 ad
1340 265 1447 296 mundi
1457 268 1699 298 incolumitatem
1708 273 1925 311 coagmentatio
1935 282 2056 305 natum,
2069 284 2162 314 quem

1210 318 1274 338 non
1289 316 1412 342 movet;
1430 308 1512 338 hunc
1529 309 1640 338 horum
1660 310 1737 339 nihil
1751 320 1883 352 unquam
1897 314 2072 354 reputavisse
2083 315 2166 346 certo

1211 351 1280 381 scio.
1325 353 1386 391 Age
1402 358 1434 379 ut
1451 349 1467 380 a
1483 349 1651 380 caelestibus
1667 351 1755 381 rebus
1770 353 1807 382 ad
1822 353 1980 385 terrestreis
1994 359 2163 387 veniamus:
2182 360 2228 394 47

1209 392 1282 434 quid
1293 391 1335 422 est
1345 394 1375 421 in
1388 393 1433 421 iiis
1443 411 1452 425 ‚
1467 393 1498 421 in
1509 401 1570 432 quo
1583 401 1648 423 non
1658 400 1762 427 natura
1770 395 1859 424 oratio
1871 397 2065 438 intelligentis
2075 408 2164 438 appa-

1210 444 1270 464 reat
1283 437 1293 464 ?
1315 432 1467 473 Principio
1479 445 1487 468 3
1498 443 1603 464 eorum
1616 454 1623 468 ‚
1638 444 1697 476 quae
1706 435 1868 476 gignuntur
1879 435 1892 465 ἑ
1904 444 1977 467 terra
1988 458 1997 472 ‚
2015 439 2115 479 stirpes
2130 440 2163 471 δε

1211 475 1399 506 stabilitatem
1413 476 1485 506 dant
1498 477 1535 506 iis
1550 497 1559 510 ,
1576 485 1642 517 quae
1659 477 1823 511 sustinent,
1845 477 1877 508 δε
1895 488 1934 508 ex
1952 488 2025 511 terra
2043 482 2165 513 succum

1210 519 1329 548 trahunt
1338 537 1346 551 ‚
1366 527 1427 557 quo
1439 518 1553 548 alantur
1566 528 1598 548 ea
1609 538 1617 552 ‚
1638 529 1704 559 quae
1717 519 1866 551 radicibus
1875 523 2087 552 continentur:
2108 523 2165 553 ob-

1209 559 1377 600 ducunturq
1383 569 1418 589 ue
1430 559 1508 589 libro
1517 579 1525 594 ‚
1537 569 1587 590 aut
1595 563 1706 591 cortice
1717 564 1812 592 trunci
1824 581 1833 595 ,
1844 571 1905 602 quo
1915 559 1971 592 fint
1979 562 1995 592 a
2003 562 2167 602 frigoribus

1210 601 1243 631 δε
1252 601 1399 632 caloribus
1409 603 1543 632 tutiores.
1564 603 1631 644 Jam
1646 601 1720 633 vero
1736 604 1808 632 vires
1822 602 1861 633 fic
1870 603 2025 634 claviculis
2034 604 2167 636 admini-

1209 644 1274 674 cula
1285 664 1293 678 ‚
1315 652 1455 684 tanquam
1471 645 1611 674 manibus
1622 664 1630 679 ‚
1651 644 1878 686 apprehendunt
1889 663 1896 677 ‚
1916 655 2002 686 atque
2015 645 2042 675 se
2057 647 2096 676 ita
2108 648 2168 677 eri-

1185 717 1186 723 *
1207 694 1282 726 gunt
1295 706 1304 719 ‚
1318 694 1350 715 ut
1359 687 1538 716 animantes.
1561 688 1644 725 Quin
1653 689 1744 717 etiam
1755 688 1769 716 a
1780 685 1908 716 caulibus
1917 707 1925 720 ,
1937 686 2128 728 hrafficisque,
2141 687 2163 719 fi

1208 727 1301 767 prope
1315 726 1365 757 sati
1376 725 1432 758 sint
1441 748 1450 760 ,
1468 736 1500 758 ut
1509 728 1524 758 a
1534 727 1678 768 pestiferis
1689 747 1698 762 ,
1715 728 1747 759 δε
1759 730 1939 759 nocentibus
1951 749 1960 762 ,
1976 729 2109 770 refugere
2118 729 2169 760 di-

1206 778 1315 799 cuntur
1330 789 1339 802 .
1363 779 1418 800 nec
1435 780 1487 800 eos
1507 770 1567 800 ulla
1585 780 1624 800 ex
1644 780 1722 810 parte
1743 772 1926 811 contingere.
1951 771 2166 802 Animantium

1206 809 1279 841 vero
1289 820 1396 851 quanta
1405 813 1527 842 varietas
1536 811 1599 843 est?
1618 821 1728 853 quanta
1737 811 1773 843 ad
1783 822 1847 842 eam
1859 822 1921 843 rem
1933 813 1980 842 vis
1989 832 1997 846 ,
2018 814 2095 842 utin
2111 812 2165 843 suo

1184 874 1186 884 i
1206 862 1330 894 quaeque
1340 863 1445 894 genere
1456 863 1649 894 permaneant
1659 858 1669 881 3
1681 864 1806 896 quarum
1816 854 1880 885 aliae
1888 856 1977 885 coriis
1988 853 2070 885 tediis:
2080 854 2162 887 sunt.

1206 896 1270 925 aliae
1285 895 1369 925 villis
1382 895 1492 926 vestit-x
1504 915 1513 930 ‚
1533 897 1596 926 aliae
1612 896 1704 935 spinis
1715 897 1850 926 hirsutae:
1872 897 1975 936 pluma
1984 896 2072 930 alias,
2090 896 2163 927 alias

1208 936 1326 977 squama
1345 936 1485 967 videmus
1502 936 1647 968 obdudlas
1664 948 1670 967 ε
1695 938 1766 967 alias
1787 936 1845 967 effe
1865 938 2009 968 cornibus
2027 946 2164 971 armatas,

1206 979 1275 1008 alias
1287 978 1392 1008 habere
1402 977 1511 1020 effugia
1519 988 1696 1019 pennarum.
1721 978 1837 1009 Pastum
1848 989 1946 1009 autem
1957 978 2163 1010 animantibus

1208 1020 1285 1061 large
1295 1039 1303 1054 ,
1316 1020 1349 1050 &
1359 1021 1482 1060 copiose
1494 1029 1594 1051 natura
1604 1030 1674 1050 eum
1689 1040 1696 1053 ‚
1715 1022 1766 1060 qui
1777 1022 1886 1060 cuique
1895 1029 1979 1060 aptus
1988 1029 2064 1054 erat,
2077 1030 2167 1051 com-

1206 1063 1326 1101 paravit.
1352 1064 1534 1091 Enumerare
1546 1060 1665 1101 poffum
1678 1062 1714 1091 ad
1728 1069 1798 1091 eum
1813 1061 1926 1101 pastum
1939 1061 2166 1102 capessendum.

1204 1101 1491 1142 conficiendumque
1502 1123 1510 1136 ,
1522 1113 1587 1144 quae
1599 1101 1674 1132 sitin
1687 1102 1788 1144 figuris
1798 1104 1998 1134 animantium
2010 1124 2019 1137 ,
2031 1103 2065 1134 δε
2074 1103 2166 1144 quam

1206 1144 1307 1174 sollers
1321 1163 1329 1177 ‚
1346 1144 1518 1184 subtilisque
1528 1143 1688 1185 descriptio
1698 1146 1828 1184 partium
1843 1165 1851 1178 ,
1870 1153 2020 1185 quamque
2034 1145 2167 1176 admira-

1207 1185 1279 1215 bilis
1292 1183 1403 1223 fabrica
1415 1184 1608 1215 membrorum.
1632 1187 1738 1216 omnia
1749 1188 1832 1216 enim
1846 1206 1854 1219 ,
1872 1196 1937 1227 quae
1946 1186 2071 1227 quidem
2082 1188 2165 1217 intus

1205 1227 1320 1257 inclusa
1329 1227 1397 1257 sunt
1409 1246 1417 1261 ‚
1429 1229 1468 1258 ita
1479 1236 1544 1258 nata
1553 1247 1561 1261 ,
1572 1234 1660 1268 atque
1670 1236 1709 1257 ita
1720 1228 1812 1258 locata
1822 1227 1891 1258 sunt
1901 1248 1909 1262 ‚
1922 1237 1954 1258 ut
1966 1227 2043 1257 nihil
2054 1236 2163 1258 eorum

1205 1269 1454 1309 supervacaneum
1465 1267 1516 1303 sit,
1537 1269 1616 1299 nihil
1626 1269 1662 1299 ad
1678 1271 1770 1299 vitam
1783 1269 1970 1300 retinendam
1983 1278 2047 1299 non
2063 1269 2168 1300 neces-

1206 1311 1326 1342 sai-ium:
1350 1310 1444 1341 Dedit
1461 1319 1562 1341 autem
1582 1310 1686 1341 eadem
1702 1319 1803 1342 natura
1816 1311 1914 1341 beluis
1934 1311 1966 1341 &
1977 1310 2088 1350 sensum
2099 1331 2108 1344 ,
2129 1309 2164 1341 δε

1205 1354 1363 1394 appetitum
1373 1363 1381 1387 ;
1404 1360 1437 1383 ut
1445 1352 1538 1384 altero
1549 1361 1692 1384 conatum
1703 1352 1845 1384 haberent
1854 1352 1889 1383 ad
1899 1353 2056 1383 naturaleis
2065 1351 2164 1392 pastus

1205 1392 1398 1434 capess‘endos
1407 1414 1415 1428 ‚
1426 1394 1523 1425 altero·
1530 1395 1714 1426 secernerent
1724 1393 1860 1434 pestifera
1869 1395 1885 1425 a
1896 1393 2077 1425 salutaribus.
2093 1394 2165 1435 Jam

1184 1450 1186 1463 ι
1205 1435 1279 1467 vero
1289 1436 1346 1466 alia
1356 1436 1497 1466 animalia
1509 1436 1660 1477 gradiendo
1672 1456 1680 1470 ‚
1701 1437 1756 1467 alia
1768 1434 1894 1478 serpendo
1908 1435 1943 1467 ad
1953 1435 2070 1477 pastum
2081 1444 2165 1466 acce-

1205 1477 1283 1508 dunt
1294 1497 1303 1510 ‚
1316 1478 1373 1508 alia
1382 1477 1500 1507 volando
1511 1497 1520 1511 ‚
1536 1479 1591 1509 alia
1601 1477 1711 1507 nando:
1733 1478 1897 1518 cibumque
1905 1479 2012 1518 partim
2026 1479 2085 1507 oris
2096 1478 2165 1507 hia-

1207 1528 1237 1549 tu
1249 1539 1258 1552 ,
1271 1519 1303 1549 &
1314 1518 1455 1549 dentibus
1465 1518 1533 1559 ipsis
1541 1518 1712 1560 capessunt,
1726 1520 1835 1559 partim
1846 1521 1994 1559 unguium
2005 1519 2163 1549 tenacitate

1202 1562 1364 1600 arripiunt,
1383 1561 1490 1601 partim
1507 1561 1675 1592 aduncitate
1691 1559 1874 1590 rostrorum:
1893 1560 1951 1590 alia
1961 1561 2087 1601 sugunt,
2107 1559 2163 1590 alia

1205 1610 1347 1642 carpunt,
1364 1603 1419 1633 alia
1429 1611 1553 1638 vorant,
1572 1603 1627 1634 alia
1639 1601 1798 1633 mandunt.
1821 1604 1861 1632 At
1883 1611 1920 1631 ue
1930 1603 2019 1631 etiam
2029 1601 2162 1631 aliorum

1182 1652 1184 1677 3
1202 1653 1235 1674 ea
1244 1642 1286 1673 est
1297 1643 1453 1674 humilitas
1463 1664 1472 1678 ,
1491 1653 1525 1675 ut
1534 1644 1638 1675 ciburn
1650 1642 1816 1675 terrestrem
1827 1653 1860 1673 ro
1890 1644 1928 1672 ris
1938 1642 2026 1673 facile
2035 1643 2158 1673 contin-

1200 1693 1278 1726 gant.
1301 1687 1374 1722 Quae
1391 1694 1491 1716 autern
1510 1686 1613 1717 altiora
1632 1685 1699 1716 sunt
1709 1704 1718 1719 ‚
1739 1694 1771 1715 ut
1788 1684 1908 1714 anseres
1917 1704 1925 1717 ,
1945 1692 1978 1713 ut
1994 1685 2083 1723 cygni
2097 1702 2108 1717 ‚
2129 1690 2163 1714 ut

1182 1728 1183 1745 l
1201 1736 1287 1767 grues
1299 1746 1308 1758 ,
1329 1735 1361 1755 ut
1379 1727 1508 1761 cameli;
1526 1727 1704 1766 adjuvantur
1717 1726 1892 1765 proceritate
1909 1725 2071 1755 collorum.
2094 1726 2163 1755 Ma-

1202 1777 1261 1797 nus
1280 1768 1370 1797 etiam
1390 1767 1454 1797 data
1473 1768 1639 1807 elephantis
1652 1785 1661 1801 ‚
1683 1769 1755 1807 quia
1774 1775 1895 1806 propter
1914 1764 2160 1807 magnitudinem

1180 1812 1182 1828 ¹
1200 1810 1333 1847 corporis
1343 1807 1496 1838 difficileis
1511 1809 1608 1839 aditus
1618 1808 1765 1839 habebant
1774 1807 1808 1838 ad
1815 1806 1946 1855 pastum.
1970 1810 2028 1841 At,
2049 1806 2162 1848 quibus
2175 1805 2226 1850 48⁴>

1200 1849 1303 1880 bestiis
1320 1858 1381 1879 erat
1404 1851 1429 1879 is
1447 1849 1531 1880 cibus
1543 1870 1552 1884 ‚
1572 1853 1586 1877 5
1595 1857 1627 1879 ut
1635 1848 1711 1880 alius
1720 1858 1838 1890 generis
1847 1848 1950 1880 bestiis
1960 1849 2158 1884 vescerentur,

1199 1900 1249 1921 aut
1260 1891 1346 1920 vireis
1356 1900 1458 1922 natura
1467 1891 1549 1922 dedit
1560 1911 1569 1925 ,
1588 1900 1639 1922 aut
1649 1891 1830 1921 celeritatem.
1853 1891 1918 1922 data
1926 1889 1970 1921 est
1979 1890 2160 1932 quibusdam

1199 1935 1289 1963 etiam
1301 1934 1483 1963 machinatio
1492 1933 1629 1974 quaedam
1640 1953 1649 1967 ,
1660 1943 1746 1974 atque
1754 1933 1880 1973 sbdertia
1889 1943 1901 1959 .·
1915 1934 1991 1963 utin
2002 1933 2160 1968 araneolis,

1198 1976 1262 2005 aliae
1283 1973 1359 2016 quafi
1381 1983 1439 2005 rete
1458 1984 1583 2010 texunt,
1602 1984 1654 2008 ut,
1675 1974 1778 2015 siquid
1790 1974 1960 2008 inhaeserit,
1978 1972 2160 2005 conficiant:

1197 2016 1262 2046 aliae
1279 2026 1378 2046 autem
1398 2026 1430 2046 ut
1448 2027 1485 2046 ex
1502 2019 1660 2057 inopinato
1678 2016 1840 2046 observant
1851 2036 1860 2049 ‚
1880 2013 1942 2046 &fi
1953 2016 2025 2056 quid
2037 2015 2160 2053 inciditg

1196 2059 1339 2098 arripiunt
1348 2077 1357 2089 ,
1379 2058 1468 2098 idque
1481 2060 1674 2089 consumunt.
1697 2059 1775 2089 Pina
1784 2057 1856 2088 vero
1869 2078 1877 2090 ,
1898 2056 1948 2096 (fic
1957 2059 2040 2087 enirn
2052 2056 2158 2087 Graece.

1195 2099 1319 2130 dicitur)
1330 2099 1443 2130 duabus
1453 2101 1615 2140 grandibus
1626 2100 1723 2140 patula
1732 2100 1856 2130 conchis
1869 2118 1877 2132 ‚
1891 2109 1961 2129 cum
1972 2108 2059 2139 parva
2067 2098 2161 2139 squil-

1196 2141 1222 2170 la
1233 2140 1311 2181 quasi
1323 2142 1490 2172 societatem
1503 2143 1565 2172 coit
1575 2140 1769 2181 comparandi
1779 2141 1849 2171 cibi.
1875 2143 1978 2182 Itaque
1987 2140 2058 2171 cum
2069 2139 2160 2180 pisci-

1194 2183 1256 2212 culi
1275 2184 1357 2223 parvi
1377 2186 1408 2213 in
1428 2185 1576 2214 concham
1589 2184 1723 2214 hiantem
1736 2183 1936 2212 innataverint
1945 2202 1954 2216 ,
1975 2191 2040 2212 tum
2050 2181 2161 2212 admo-

1183 2225 1260 2254 ·nita
1274 2229 1288 2254 a
1307 2225 1411 2264 squilla
1419 2227 1489 2264 pina
1501 2225 1602 2255 morsu
1611 2225 1791 2264 comprimit
1800 2225 1937 2254 conchas.
1960 2227 2008 2254 Sic
2016 2222 2158 2254 diffimil-

1177 2293 1178 2299 ,
1201 2266 1285 2295 limis
1296 2265 1433 2296 bestiolis
1444 2268 1651 2297 communiter
1659 2266 1744 2296 cibus
1754 2268 1905 2306 quaei·itur.
1927 2267 1962 2295 in
1979 2275 2040 2306 quo
2058 2264 2159 2294 admi-

1196 2307 1324 2338 randum
1336 2307 1378 2338 est
1393 2329 1401 2341 ‚
1421 2307 1615 2349 congress'une
1628 2308 1731 2348 aliquo
1746 2310 1823 2337 inter
1835 2307 1863 2337 se
1875 2327 1884 2340 ,
1903 2316 1940 2337 an
1954 2307 2017 2346 jam
2036 2305 2106 2335 inde
2121 2303 2158 2335 ab

1195 2358 1263 2379 ortu
1276 2358 1386 2380 naturae
1397 2351 1464 2390 ipsae
1472 2359 1656 2391 congregatae
1666 2348 1730 2378 fint.
1748 2347 1799 2378 Est
1808 2349 1897 2378 etiam
1909 2347 2066 2378 admiratio
2075 2355 2156 2376 non-

1195 2391 1280 2420 nulla
1290 2393 1321 2420 in
1333 2390 1435 2421 bestiis
1443 2391 1622 2432 aquatilibus
1632 2392 1680 2424 iis,
1693 2399 1759 2431 quae
1767 2392 1930 2430 gignuntur
1940 2390 1972 2418 in
1983 2397 2058 2419 terra
2070 2399 2076 2417 :
2089 2387 2156 2418 vel·

1193 2433 1237 2461 uti
1255 2432 1400 2462 crocodili
1412 2452 1419 2466 ,
1440 2431 1658 2473 fluviatilesque
1680 2430 1843 2461 testudines
1853 2450 1861 2464 ‚
1883 2430 2079 2480 quaedamque
2096 2429 2158 2460 ser·

1195 2483 1299 2514 pentes
1316 2482 1388 2504 ortae
1406 2482 1488 2504 extra
1505 2483 1610 2515 aquam
1622 2494 1631 2506 ‚
1651 2472 1739 2502 fimul
1757 2482 1789 2503 ac
1804 2474 1939 2512 primum
1952 2469 2152 2511 nitipoffunt,
2181 2493 2186 2498 .

1196 2525 1302 2556 aquam
1312 2515 1538 2557 persequuntur.
1558 2517 1644 2555 Qin
1654 2516 1744 2545 etiam
1755 2522 1875 2544 anatum
1886 2523 1943 2544 ova
1952 2513 2070 2554 gallinis
2080 2512 2158 2552 faepo

1196 2557 1395 2597 supponimus
1407 2568 1416 2591 3
1435 2558 1452 2588 ἐ
1464 2557 1573 2598 quibus
1582 2557 1658 2597 pulli
1673 2558 1732 2586 orti
1748 2554 1886 2596 primum
1904 2553 2050 2585 ⁶aluntur
2059 2553 2096 2584 ab
2105 2555 2156 2587 iis,

1199 2606 1231 2627 ut
1240 2600 1255 2628 a
1270 2599 1414 2629 matribus
1425 2619 1435 2633 ,
1456 2599 1471 2630 a
1482 2599 1593 2640 quibus
1601 2596 1715 2629 exclusi
1726 2617 1735 2631 ,
1754 2597 1872 2638 fotique
1883 2597 1967 2627 sunt:
1988 2595 2099 2626 deinde
2107 2603 2157 2626 eas

1196 2641 1373 2682 relinquunt
1391 2641 1424 2671 &
1443 2639 1590 2683 effugiunt
1608 2640 1783 2682 sequentes,
1803 2639 1874 2669 cum
1884 2637 2021 2679 primum
2031 2645 2154 2683 aquam-

1194 2680 1274 2722 quasi
1296 2683 1462 2713 naturalem
1480 2682 1632 2716 domum,
1652 2680 1753 2712 videre
1765 2688 1935 2722 potuerunt.
1958 2681 2086 2710 Tantam
2105 2686 2156 2707 in-

1196 2725 1301 2763 genuit
1311 2724 1515 2755 animantibus
1524 2722 1721 2755 conservandi
1733 2723 1777 2753 sui
1788 2730 1891 2753 natura
1900 2714 2154 2759 custodiam-Legi
2171 2717 2220 2764 42

1196 2767 1288 2797 etiam
1298 2766 1440 2807 scriptum
1450 2786 1460 2802 ‚
1481 2765 1539 2797 effe
1550 2775 1637 2802 avem
1649 2763 1801 2808 quandam
1811 2784 1822 2799 ‚
1839 2773 1905 2806 quae
1915 2760 2043 2793 Plaralea
2052 2762 2157 2790 nomi-

2021 2810 2139 2832 naretur
2150 2811 2159 2832 :

208 2839 2160 2869 w

205 2875 258 2936 ‘wli
265 2910 282 2935 p
284 2870 349 2928 5321
356 2878 589 2943 ἕξὲιιιῇρῶῑξιὲζῖζιςς
587 2879 732 2942 {ig-pergere
741 2884 841 2919 Chi-su]
862 2885 1002 2913 Gulielmii
1013 2887 1045 2914 P.
1057 2888 1085 2914 ὅτ
1097 2887 1155 2915 1³21.

244 2946 272 2963 ²-
291 2942 368 2997 wli
377 2950 457 3002 chancy
465 2949 590 2996 ?rof)0n-]
613 2952 721 2994 Ifahpr.
731 2956 806 2995 unita
816 2965 880 2983 voce
890 2959 1041 2990 Antia-anem,
1051 2958 1102 2989 &c-

209 2982 520 3046 ψξύυζῖἒᾶῐὴζὶαῃῖειζιειὲ
526 2984 548 3016 .]
569 2985 611 3026 El}
622 2997 636 3013 a
647 2989 768 3018 Vilstorio
780 3011 788 3023 ,
798 2992 974 3029 :illuduntque
984 2995 1064 3022 nostri
1075 2995 1136 3022 libri
1147 3004 1157 3027 3

390 3050 394 3054 Α
525 3027 636 3058 ‚partim
646 3026 740 3051 inker-a.
761 3028 812 3054 Vul
834 3037 862 3063 g.
872 3031 950 3056 ather.

213 3049 569 3114 ugeiigssaal'tzrgzesaffn']
581 3056 643 3084 Non
653 3059 781 3090 habentui·
790 3038 876 3093 issffiaec
883 3065 912 3093 iu
922 3066 953 3094 P.
964 3065 1007 3094 sed
1017 3066 1162 3104 agnoscunt

247 3126 276 3150 5.
295 3120 325 3146 Ut
334 3121 399 3148 alim
403 3124 493 3157 generis
502 3125 575 3161 bestiis
584 3127 758 3169 vesterariam]
778 3134 835 3164 Pal.
844 3145 885 3173 pr.
897 3139 943 3166 alie·
953 3157 963 3173 ,
973 3139 1057 3169 veteri
1067 3138 1163 3169 termi-

1199 2888 1318 2920 natione,
1328 2887 1367 2922 cuj
1374 2897 1402 2915 us
1413 2889 1441 2915 8:
1452 2888 1575 2916 meminit
1586 2887 1734 2915 Priscianus
1745 2886 1815 2912 libro
1824 2893 1881 2912 vn.

1235 2924 1264 2951 6.
1286 2927 1394 2951 Aluntur
1402 2926 1434 2950 ab
1442 2925 1483 2956 Iis,
1493 2931 1521 2950 ut
1528 2923 1682 2956 ἃπναινὶὀω,
1692 2922 1709 2949 ἃ
1721 2923 1807 2956 quibus
1815 2921 2054 2954 exclufiflitiquefitm
2061 2931 2068 2946 ;
2076 2919 2158 2946 demde

1201 2970 1242 2986 eas·
1252 2961 1427 2995 relinquunt&
1435 2960 1676 2994 efflagitemsequenm·
1686 2977 1695 2990 ,
1703 2957 1754 2984 chm
1762 2959 1876 2990 primum,
1886 2956 1953 2990 ῶνα]
1972 2955 2160 2996 Poffeffioiiein

1202 2997 1229 3024 iii
1241 2996 1311 3023 suam
1321 2996 1451 3024 collocavi
1460 2995 1614 3031 scripturam
1627 3001 1743 3020 veterem
1763 2993 1842 3028 (miro
1861 2992 1999 3019 distortam
2010 2992 2036 3018 in
2048 2990 2159 3018 Aldinia

1203 3031 1351 3069 ceterisque
1368 3031 1435 3058 edit.
1446 3031 1579 3065 verboque
1589 3030 1696 3065 integro
1705 3027 1881 3061 decurtatam)
1901 3028 1953 3054 fide
1964 3027 2032 3055 Pall.
2051 3027 2133 3053 trium
2144 3033 2156 3056 ς

1204 3068 1298 3105 quibus
1309 3067 1412 3095 accesfit
1425 3067 1453 3092 8<
1467 3065 1611 3092 :mistui-itas
1621 3065 1652 3091 P.
1663 3065 1691 3091 δε
1702 3063 1860 3092 νίξὶοι-ἰιιιε
1873 3083 1881 3097 ,
1892 3064 1939 3091 nisi
1950 3062 2020 3099 quod
2034 3062 2087 3088 haec
2095 3069 2158 3098 per-

1204 3113 1294 3141 peram
1303 3103 1487 3139 imerpungn,
1495 3101 1607 3136 effi'ugium
1617 3119 1627 3135 ,
1639 3101 1765 3136 sequentes
1773 3107 1872 3135 cumpr.
1882 3101 2068 3135 namfequenter
2076 3099 2160 3124 nutri-

1206 3149 1271 3175 cum,
1279 3140 1316 3170 est
1326 3149 1378 3168 non
1388 3144 1498 3167 avarum.
2116 3170 2119 3173 ,

2047 3176 2058 3196 1
2065 3187 2071 3194 .
2080 3168 2160 3202 Alth(
