2297 3389
573 169 881 214 ORA¹r1o
950 179 1086 212 PRo

156 252 324 292 putandum
333 249 386 283 est.
409 251 508 292 Qam
519 248 601 278 enirn
613 244 782 285 illijudices
792 264 800 278 ,
818 243 839 274 si
845 245 856 284 j
862 245 977 279 udices,
1001 246 1033 276 St
1045 253 1109 274 non

155 294 305 334 Parricidae
322 295 420 333 patriae
438 289 620 320 nominandi
640 288 706 317 sunt
729 298 734 315 ;
762 289 929 327 graviorem
947 295 1110 326 potuerunt

155 337 282 376 reipubl.
293 334 426 375 infligere
436 332 561 362 securim
571 350 579 363 ,
592 330 682 370 quam
692 349 700 362 ,
711 327 782 358 cum
794 328 882 358 illum
895 328 910 358 ὲ
921 331 1039 358 civitate
1051 329 1109 364 eje-

154 386 278 410 cerunt,
298 377 464 416 quipraetor
478 371 613 403 finitimo
625 371 730 401 consui
743 369 910 400 domestico
927 370 1008 399 bello
1026 378 1108 398 rem-

154 419 238 458 publ.
250 418 383 447 libeiarat
400 419 410 444 ?
434 419 444 434 ¹
456 418 495 444 At
505 414 590 444 enim
601 415 695 442 nimis
705 421 759 453 ego
769 421 912 452 magnum
923 409 1104 441 beneficium

156 460 276 490 Plancio
287 478 295 491 ‚
316 458 348 487 &
357 478 365 491 ,
382 466 414 487 ut
422 458 463 486 ais
474 477 482 489 ,
498 455 528 486 id
538 455 637 485 verbis
648 464 800 499 exaggero.
825 451 903 493 quasi
912 451 983 482 vero
994 462 1106 482 metuo

154 501 292 530 arbitratu
303 519 312 533 ‚
333 499 365 528 δε
375 508 437 528 non
448 507 519 528 meo
530 517 538 531 ‚
554 504 676 538 gratum
685 495 742 525 esse
752 504 895 534 oporteat.
918 494 1009 535 Qod
1018 492 1105 524 istius

154 549 269 572 tantum
280 543 424 570 meritum
437 560 444 573 ,
457 541 575 580 inquit?
589 548 626 568 an
635 541 704 578 quia
714 546 742 567 te
752 536 988 577 nonjugulavit?
1001 535 1103 567 immo

152 581 245 615 vero,
265 585 333 623 quia
346 582 474 622 jugulari
493 579 588 620 passus
607 590 670 609 non
687 578 737 609 est.
761 582 831 618 Qo
840 578 963 618 quidem
976 586 1007 607 tu
1018 578 1099 610 loco,

153 622 226 653 Caffi
238 643 246 656 ‚
267 626 357 654 etiam
368 622 495 664 purgasti
504 624 646 652 inimicos
657 630 741 651 meos
752 641 760 652 ‚
780 629 913 660 tneaeque
925 622 992 649 vitae
1007 619 1104 649 nullas

153 665 190 695 ab
207 665 268 694 illis
285 664 404 695 insidias
421 663 510 695 fuiffe
525 663 639 694 dixisti.
664 664 763 693 Posuit
773 662 920 692 hocidem
932 658 1104 690 Laterensis.

152 706 361 744 Quamobrem
372 707 408 737 de
418 706 476 736 isto
486 706 587 747 paullo
597 704 664 744 post
672 705 754 744 plura
764 703 875 732 dicam:
895 702 932 730 de
946 710 974 731 te
988 709 1103 731 tantum

151 751 289 788 requiro,
310 758 411 778 utrum
424 758 510 788 putes
528 747 658 777 2od1um
676 749 708 774 in
725 754 773 773 me
791 742 944 772 mediocre
959 744 1105 772 inimico-

149 798 218 820 rum
233 787 331 819 fuiffe.
353 791 434 831 quod
452 789 510 820 fuit
527 789 660 818 ullorum
681 787 820 815 tantum?
841 785 979 824 requiro,
999 783 1102 814 utrum

147 839 233 871 putes
250 831 358 861 odium
377 841 520 872 umquam
540 829 728 859 barbarorum
750 835 809 855 tam
827 827 979 858 immane,
999 834 1103 856 actam

149 872 269 902 crudele
280 875 312 902 in
322 872 438 903 hostem
449 883 454 900 :
466 882 503 902 an
511 868 597 900 fuisse
606 871 638 898 in
649 870 685 898 iis
694 868 824 907 aliquem
835 867 973 905 autfamae
983 875 1101 901 metum,

148 922 289 954 autpaenae
302 925 313 941 .·
326 922 458 954 quorum
474 910 577 942 vidisti
596 919 660 940 toto
677 909 732 939 illo
743 918 823 939 anno
839 909 952 938 ferrum
971 911 1004 938 in
1020 908 1100 942 foro,

148 953 303 985 flammam
315 957 346 985 iii
355 955 486 985 delubris
496 973 503 986 ,
518 955 583 983 vim
594 954 625 981 in
637 960 696 981 tota
707 950 778 980 urbe
789 951 903 980 versari.
930 954 941 977 3
955 949 1010 980 nisi
1022 950 1099 981 forte

147 996 302 1026 existimas
312 1016 320 1029 ,
333 995 505 1026 eosidcirco
512 996 581 1024 vitae
593 1004 667 1023 meae
675 990 833 1033 pepercisse
844 1013 852 1025 ‚
862 990 945 1032 quod
957 992 993 1022 de
1001 993 1099 1023 reditu

147 1048 219 1067 meo
235 1047 298 1067 non
317 1039 467 1067 timerent.
491 1039 624 1077 Ecquem
638 1043 722 1075 putas
735 1032 822 1064 fuisse
841 1043 901 1064 tam
922 1033 1096 1068 excordem,

145 1081 217 1120 qui,
235 1080 314 1109 vivis
325 1080 372 1108 his
381 1099 389 1113 ‚
410 1077 502 1109 stante
511 1078 583 1107 urbe
595 1077 627 1107 δε
638 1079 717 1107 curia
726 1095 734 1109 ,
754 1075 919 1105 rediturum
932 1086 980 1105 me
992 1096 1001 1110 ‚
1021 1074 1041 1105 fi
1052 1079 1098 1106 vi-

142 1129 245 1150 verem
255 1140 264 1153 ,
280 1130 343 1150 non
355 1122 485 1160 putaret?
507 1120 713 1161 Qamobrem
725 1117 919 1162 non-debetis
930 1118 1026 1147 horno
1037 1137 1045 1151 ‚
1062 1118 1096 1148 &

142 1162 170 1191 is
178 1163 253 1191 civis
264 1182 271 1195 ‚
283 1163 439 1202 praedicare
448 1182 455 1195 ‚
468 1163 562 1192 vitam
573 1171 671 1191 meam
682 1180 690 1193 ‚
724 1170 766 1190 uae
778 1159 918 1189 fidelitate
927 1162 1096 1190 amicorum

139 1203 310 1233 conservata
326 1203 359 1234 fit
370 1224 378 1237 ‚
400 1205 600 1234 inimicorum
619 1171 749 1238 modefiia
767 1210 832 1230 non
850 1199 907 1231 effe
925 1203 1096 1240 appetitam.

84 1251 127 1283 30
143 1245 345 1285 Respondebo
362 1246 416 1276 tibi
435 1255 534 1278 nunc,
556 1242 720 1275 Laterensis
731 1263 739 1277 ,
761 1241 864 1272 minsis
875 1241 993 1273 fortasse
1003 1245 1096 1273 vehe-

143 1295 279 1320 menter,
298 1297 388 1327 quam
407 1286 458 1316 abs
478 1295 506 1316 te
523 1287 588 1317 sum
608 1294 786 1325 provocatus
801 1295 806 1313 z
822 1283 871 1314 sed
884 1283 1022 1324 profesto
1039 1295 1095 1316 nec

141 1327 322 1358 considerate
332 1327 438 1358 minus
448 1349 456 1362 ‚
478 1338 534 1358 nec
544 1327 648 1357 minus
658 1328 764 1357 amice.
788 1335 857 1355 nam
869 1327 947 1365 prim
954 1325 1005 1356 iim
1016 1326 1092 1356 illud

141 1367 201 1399 fuit
216 1370 343 1410 asperius
354 1390 362 1403 ,
382 1380 432 1399 me
442 1390 451 1403 ‚
471 1379 536 1410 quae
549 1370 586 1399 de
595 1369 716 1398 Plancio
728 1368 859 1398 dicerem
870 1387 878 1401 ,
900 1370 1042 1402 mentiri,
1060 1369 1094 1398 ὅτ

140 1413 286 1450 temporis
302 1411 385 1442 causa
403 1410 524 1450 fingere.
547 1410 660 1440 scilicet
672 1411 767 1439 homo
782 1409 897 1449 sapiens
912 1412 1090 1451 excogitavi,

139 1452 335 1492 quamobrem
347 1452 464 1482 viderer
473 1453 618 1482 mammis
630 1450 770 1481 beneficii
781 1451 912 1481 vinculis
921 1451 1091 1486 obstrffius,

138 1493 212 1523 cum
223 1493 296 1523 liber
304 1492 395 1524 effem
407 1514 416 1526 ,
438 1494 471 1524 &
481 1494 603 1523 solutus.
627 1493 708 1533 Qid
721 1495 827 1523 enim?
845 1494 923 1523 mihi
937 1493 972 1523 ad
988 1493 1092 1524 defen-

138 1534 273 1565 dendum
284 1536 438 1565 Plancium
455 1545 560 1575 parum
577 1536 680 1565 multae
691 1556 700 1568 ‚
720 1545 827 1575 parum
839 1534 923 1574 justae
937 1533 1092 1566 neceffitu-

139 1576 225 1606 dines
235 1586 315 1606 erant
324 1576 532 1608 familiaritatis
543 1597 551 1611 ,
563 1579 724 1607 vicinitatis
735 1596 744 1610 ,
755 1579 844 1616 patris
855 1579 992 1607 amicitiae
1003 1580 1012 1606 ?
1025 1588 1091 1618 quae

137 1615 161 1647 si
174 1627 239 1647 non
251 1616 344 1648 efl'ent
355 1639 362 1651 ,
382 1629 488 1649 vereor
497 1639 505 1653 ‚
525 1618 614 1649 credo
624 1639 633 1653 ,
653 1628 691 1649 ne
702 1621 826 1658 turpiter
833 1618 962 1648 facerem
974 1639 983 1652 ‚
1004 1617 1024 1649 fi
1034 1621 1092 1650 hoc

137 1659 294 1698 splendore
309 1680 318 1694 ,
343 1661 375 1690 δε
392 1662 446 1691 hac
463 1660 606 1702 dignitate
626 1662 787 1690 hominem
806 1660 1011 1691 defenderem.
1034 1660 1093 1691 firi-

137 1701 233 1741 genda
241 1700 299 1732 fuit
309 1703 386 1732 mihi
396 1723 405 1736 ,
419 1702 534 1744 judices
545 1723 553 1736 ,
566 1702 650 1732 causa
660 1711 792 1742 peracuta
801 1722 810 1736 ‚
825 1711 858 1732 ut
867 1704 913 1736 ei,
929 1713 1020 1743 quem
1033 1705 1093 1733 mi-

139 1744 172 1771 hi
188 1742 294 1773 debere
305 1753 474 1784 oporteret,
495 1754 549 1786 ego
559 1754 609 1774 me
619 1746 723 1774 omnia
732 1744 839 1774 debere
847 1744 988 1774 dicerem,
1012 1749 1051 1775 At
1061 1745 1092 1775 id

139 1785 230 1814 etiarn
241 1788 362 1826 gregarii
373 1787 486 1816 milites
495 1786 608 1816 faciunt
617 1788 708 1816 inviti
719 1806 727 1820 ‚
748 1793 782 1815 ut
796 1796 922 1815 coronam
936 1786 1003 1815 dent
1017 1787 1093 1816 civi-

139 1835 202 1854 cam
212 1845 220 1859 ,
239 1827 271 1855 δε
281 1828 310 1856 se
319 1827 465 1868 abaliquo
476 1828 602 1858 servatos
612 1827 670 1858 efl'e
681 1827 824 1858 fateantur
835 1838 841 1856 :
861 1838 927 1858 non
936 1839 997 1869 quo
1008 1837 1093 1869 turpe

138 1864 173 1896 sit
184 1886 192 1900 ,
208 1868 378 1906 protefihim
387 1871 421 1899 in
430 1870 492 1899 acie
503 1889 512 1903 ‚
528 1869 662 1900 hostium
674 1870 814 1900 manibus
825 1872 898 1909 eripi
909 1870 992 1909 (nam
1002 1870 1033 1900 id
1043 1881 1091 1900 ac-

138 1908 236 1938 cidere
246 1928 255 1942 ,
275 1908 331 1938 nisi
346 1909 419 1940 forti
435 1913 500 1940 viro
515 1931 523 1944 ‚
544 1911 730 1952 &pugnanti
743 1913 920 1941 comminus
930 1931 938 1945 ,
959 1922 1023 1941 non
1036 1922 1092 1952 po-

139 1948 204 1989 test)
214 1949 262 1980 sed
272 1960 349 1980 onus
360 1950 499 1981 beneficii
510 1952 727 1987 reformidant,
738 1952 819 1993 quod
827 1963 1025 1994 permagnum
1036 1953 1088 1987 est,

137 1991 239 2021 alieno
256 1991 363 2022 debere
377 1992 457 2022 idem
469 2012 477 2026 ,
496 1993 577 2033 quod
587 1996 712 2032 parenti.
737 1997 800 2034 Ego
813 2013 822 2027 ‚
845 1994 915 2024 cum
927 1997 1015 2024 ceteri
1025 2005 1091 2024 vera

137 2031 300 2066 beneficia,
323 2035 412 2063 etiam
423 2036 539 2064 minora
550 2054 559 2068 ,
574 2034 746 2072 vdiffimulent
756 2054 764 2068 ,
785 2045 823 2064 ne
836 2035 959 2076 obligati
974 2034 1030 2065 ess'e
1045 2038 1091 2066 vi—

134 2073 275 2103 deantur:
295 2084 332 2104 eo
341 2084 390 2104 me
401 2073 549 2105 beneficio
557 2075 736 2106 obstriCtum
748 2074 804 2106 effe
816 2078 979 2110 ementium
994 2079 1092 2107 cuine

134 2113 238 2145 referri
248 2116 370 2156 quidem
381 2118 471 2158 gratia
479 2116 550 2156 poss
546 2127 561 2147 e
572 2117 707 2148 videatur
720 2120 730 2146 ?
752 2121 800 2148 An
811 2119 868 2148 hoc
881 2127 913 2148 tu
922 2138 930 2152 ,
948 2120 1089 2148 Lateren-

134 2153 189 2190 fis,
210 2159 350 2198 ignoras?
367 2160 418 2199 qui
430 2178 438 2192 ,
459 2159 532 2188 cum
547 2158 707 2189 mihieffes
715 2158 910 2190 amicissimus
921 2181 929 2193 ,
952 2159 1023 2190 cum
1040 2161 1088 2191 vel

132 2199 300 2237 periculum
311 2202 379 2229 vitae
393 2210 449 2230 tuae
465 2210 586 2230 mecum
600 2201 710 2231 sociare
721 2200 879 2231 voluiffes:
899 2201 971 2232 cum
989 2212 1039 2232 me
1056 2204 1088 2232 in

133 2239 189 2268 illo
204 2239 299 2275 tristi,
319 2240 351 2270 &
361 2242 466 2271 acerbo
478 2241 560 2271 ludin
571 2262 580 2276 ‚
600 2251 688 2283 atque
705 2242 830 2272 discessu
840 2263 851 2276 ‚
872 2253 936 2273 non
951 2245 1089 2283 lacrymis

134 2280 234 2310 solum
247 2283 303 2311 tuis
316 2301 325 2316 ‚
345 2282 393 2312 sed
403 2285 508 2312 animo
518 2303 527 2316 ‚
546 2293 669 2323 corpore
681 2303 689 2317 ‚
709 2286 804 2324 copiis
813 2286 988 2324 prosecutus
997 2284 1087 2316 esses:

131 2321 204 2352 cum
215 2333 300 2353 meos
310 2323 420 2353 liberos
429 2344 437 2357 ,
460 2325 492 2354 &
502 2335 629 2354 uxorem
641 2344 649 2358 ‚
671 2335 722 2355 me
735 2326 853 2356 absente
862 2346 872 2360 ‚
894 2328 953 2356 tuis
968 2328 1088 2366 opibus,

131 2365 305 2405 auxilioque
322 2364 519 2396 defendiffes:
541 2365 578 2396 fic
589 2376 710 2396 mecum
722 2367 838 2406 semper
846 2367 929 2409 egi-sti
942 2388 950 2401 ‚
971 2377 1000 2398 te
1011 2369 1088 2398 mihi

130 2407 301 2440 remittere,
319 2415 405 2447 atque
421 2407 584 2438 concedere
595 2428 603 2441 ‚
621 2417 655 2438 ut
670 2418 763 2438 omne
781 2408 914 2438 studium
931 2419 1035 2439 meum
1055 2411 1086 2440 in

132 2447 306 2477 Cn.Plancii
317 2449 465 2479 honorem
476 2449 685 2479 consumerem
697 2469 706 2483 ‚
724 2448 806 2490 quod
817 2452 842 2490 ej
849 2461 881 2480 us
892 2452 924 2480 in
934 2461 984 2481 me
995 2453 1086 2481 meri-

132 2496 197 2518 tum
213 2489 268 2519 tibi
281 2491 370 2519 etiam
382 2499 497 2531 gratum
511 2488 568 2520 effe
582 2491 712 2521 dicebas.
736 2492 813 2521 nihil
823 2501 922 2522 autem
934 2503 983 2522 me
994 2495 1083 2527 novi,

130 2530 210 2559 nihil
220 2533 363 2570 temporis
372 2532 456 2562 causa
465 2532 562 2562 dicere
574 2552 582 2565 ‚
600 2542 703 2562 nonne
713 2535 801 2563 etiam
814 2534 864 2563 illa
875 2533 955 2564 testis
965 2534 1008 2565 est
1017 2545 1083 2566 ora-

130 2572 174 2601 tio
186 2591 195 2604 ,
215 2581 280 2612 quae
291 2571 333 2602 est
343 2572 358 2602 a
367 2583 417 2603 me
426 2575 521 2613 prima
530 2574 628 2604 habita
640 2576 672 2603 in
682 2575 781 2604 senatu
793 2577 803 2604 ?
821 2576 853 2604 in
867 2585 924 2615 qua
934 2575 1007 2606 cum
1016 2586 1082 2616 per—

129 2615 230 2652 paucis
239 2615 424 2644 nominatim
433 2614 553 2655 egiffem
564 2617 668 2657 gratias
678 2634 686 2648 ‚
701 2614 785 2656 quod
795 2625 902 2646 omnes
912 2620 1082 2648 enumerari

128 2654 217 2684 nullo
228 2655 322 2684 modo
335 2655 451 2695 poss'ent
462 2676 471 2690 ‚
490 2657 584 2687 scelus
599 2666 699 2687 autem
717 2655 788 2686 esset
803 2667 988 2698 quemquam
1005 2669 1080 2699 prae—

127 2697 208 2726 teriri
221 2707 226 2725 2
246 2695 466 2738 statuissemque
483 2708 534 2729 eos
549 2697 650 2728 solum
664 2700 821 2729 nominare
830 2708 844 2733 ‚‘
861 2709 912 2740 qui
923 2701 1014 2732 causac
1024 2711 1081 2732 no-

1155 167 1693 214 Cmptincm:
2018 168 2123 233 489

1153 246 1216 278 strae
1229 247 1318 278 duces
1327 268 1336 282 ‚
1354 249 1386 278 δε
1397 244 1476 288 quasi
1480 248 1614 288 signiferi
1622 245 1765 277 fuifl'ent:
1785 246 1819 277 in
1830 247 1877 277 his
1887 246 2008 277 Plancio
2014 249 2122 289 gratias

1153 291 1209 329 egi.
1243 292 1396 320 Recitetui·
1415 292 1510 320 oratio
1524 309 1532 323 ‚
1555 299 1620 330 quae
1638 297 1759 328 propter
1779 289 1842 328 ejus
1861 290 2119 331 magnitudinem,

1152 329 1230 360 dicia
1243 331 1279 360 de
1294 332 1402 371 scripto
1414 331 1473 361 est:
1494 334 1526 361 in
1543 341 1600 372 qua
1619 340 1673 372 ego
1691 332 1787 360 homo
1806 330 1917 360 astutus
1935 332 1988 360 4ei
2002 340 2052 360 me
2063 331 2117 361 de-

1152 371 1221 400 dam
1233 391 1240 405 ,
1261 375 1308 402 cui
1322 373 1399 403 nihil
1415 383 1594 414 magnopere
1607 372 1748 402 deberem
1760 392 1768 405 ,
1789 372 1822 402 &
1832 373 1920 412 hujus
1931 374 2006 403 tanti
2016 371 2113 415 officii

1152 412 1325 443 servitutem
1343 413 1520 455 adstringam
1536 413 1712 444 testimonio
1723 414 1915 453 sempiterno.
1940 414 2025 444 Nolo
2035 423 2116 445 cete-

1152 463 1200 486 ra,
1220 456 1310 493 quaea
1325 465 1373 484 me
1385 456 1522 486 mandata
1534 456 1734 489 stintlitteris,
1755 457 1874 486 recitare
1888 466 1893 485 :
1914 464 2112 496 praetermitto

1151 495 1219 527 illa,
1241 505 1279 523 ne
1297 505 1346 524 aut
1362 495 1491 534 proferre
1508 498 1608 526 videar
1627 496 1661 526 ad
1681 506 1798 537 tempus
1811 517 1820 530 ‚
1840 506 1890 527 aut
1899 507 1935 527 eo
1946 508 2053 538 genere
2065 499 2113 528 uti.

1150 536 1317 566 litterarum
1329 556 1337 569 ‚
1360 537 1441 576 quod
1454 538 1530 566 meis
1542 537 1647 568 studiis
1657 540 1752 578 aptius
1762 559 1769 572 ‚
1790 538 1880 580 quem
1899 539 2111 570 consuetudini

1146 577 1334 617 judiciorum
1348 597 1356 610 ,
1379 576 1437 606 esse
1455 578 1597 608 videatur.
1622 583 1719 620 Atque
1736 583 1826 610 etiam
1846 581 1978 611 clamitas
1993 601 2001 614 ,
2022 583 2112 612 Late·
2132 588 2171 621 31

1150 618 1256 649 rensis:
1282 618 1507 659 Qousqucista
1518 619 1592 649 dicis
1603 623 1613 649 ἶ
1626 622 1703 650 nihil
1713 623 1745 650 in
1760 623 1860 662 Cispio
1872 622 2032 662 profecisti.
2056 623 2111 653 ab·

1150 661 1252 690 solutae
1269 662 1331 699 jam
1345 661 1412 690 sunt
1425 669 1526 700 preces
1537 669 1604 690 tuae.
1629 664 1674 691 De
1687 663 1787 702 Cispio
1799 665 1917 694 mihine
1928 674 1958 694 tu
1969 664 2107 698 objicies.

1148 712 1240 743 quern
1253 712 1309 743 ego
1323 703 1359 732 de
1375 711 1423 731 mc
1440 701 1515 731 bene
1531 705 1674 732 meritum
1689 707 1756 743 quia
1770 714 1796 734 te
1812 705 1882 735 teste
1897 716 2110 747 cognoveram,

1149 752 1176 774 te
1190 743 1299 773 eodem
1311 742 1430 774 amstore
1441 742 1564 772 defendi
1579 745 1588 771 ?
1609 743 1642 773 &
1655 746 1681 772 ei
1696 744 1776 774 dices
1788 766 1795 777 ,
1822 747 1976 787 Quasque
1986 768 1993 781 ,
2014 758 2109 788 quem

1150 795 1238 827 negas
1251 805 1259 819 ,
1278 785 1359 826 quod
1381 794 1434 824 pro
1446 785 1548 823 Cispio
1566 784 1771 819 contenderis
1793 798 1948 827 impetn-re
1961 789 2089 828 pffluiss‘e
2100 793 2114 820 ἓ

1151 829 1231 857 Nam
1244 827 1328 857 istius
1340 827 1422 856 verbi
1438 846 1445 860 ,
1468 826 1640 867 Qousqtff›
1654 827 1715 856 haec
1725 836 1836 866 poterat
1848 828 1904 858 effi-
1914 831 2037 861 invidia.
2060 831 2114 862 da-

1150 877 1196 898 tus
1207 868 1313 899 esttibi
1325 869 1376 898 ille
1388 868 1591 897 :condonatus
1605 868 1667 898 ille:
1679 878 1743 897 noti
1754 867 1825 898 facie.
1838 869 1927 899 finem
1942 882 1946 899 z
1960 871 2034 901 ferre
2046 883 2112 902 non

1147 908 1316 950 possumus.
1344 911 1378 940 Ei
1390 909 1515 950 quidem
1528 928 1536 942 ,
1555 911 1607 949 qui
1617 919 1670 949 pro
1681 919 1742 940 uno
1752 910 1889 940 laborarit
1903 932 1910 944 ‚
1928 913 1959 942 δε
1970 914 2068 951 ipsum
2079 914 2112 944 id

1148 962 1212 982 non
1223 952 1398 984 obtinuerit,
1410 951 1468 981 dici
1479 971 1487 984 ‚
1502 951 1671 992 Qoufijue,
1682 951 1832 981 irridentis
1844 955 1935 993 magis
1945 954 1987 984 est
1996 975 2003 987 ‚
2017 955 2110 995 quam.

1147 993 1405 1033 reprehendentis.
1429 992 1484 1023 nisi
1496 991 1576 1023 forte
1589 1003 1644 1034 ego
1659 1003 1736 1022 unus
1746 995 1787 1024 ita
1798 993 2110 1064 mefeffiinjudiciis:

1145 1036 1186 1065 ita
1198 1036 1231 1066 &⁶
1241 1035 1312 1065 cum
1325 1036 1371 1064 his
1382 1055 1390 1069 ‚
1413 1035 1532 1065 &inter
1543 1035 1598 1065 hos
1609 1036 1691 1064 vixi:
1712 1037 1738 1064 is
1757 1037 1789 1065 in
1801 1045 1853 1066 cau
1867 1046 1890 1065 is
1900 1046 2040 1075 patronus
2051 1058 2058 1070 ,
2080 1049 2108 1067 is

1142 1078 1175 1107 in
1187 1077 1338 1118 republica
1350 1078 1425 1106 civis
1436 1077 1543 1107 &sum
1556 1097 1563 1109 ,
1579 1077 1612 1106 &3
1623 1077 1738 1116 semper
1748 1076 1792 1106 fui
1804 1097 1812 1110 ,
1835 1077 1914 1107 solus
1926 1088 1957 1107 ut
1966 1080 1981 1108 a
1991 1088 2018 1108 te
2029 1089 2107 1109 con-

1140 1118 1259 1153 stituar,
1278 1121 1329 1160 qui
1347 1119 1424 1148 nihil
1438 1118 1617 1158 ‘ajudicibus
1630 1118 1756 1148 debeam
1778 1129 1921 1159 umquam
1934 1122 2105 1160 impetrare.

1140 1163 1178 1191 Et
1195 1162 1273 1191 mihi
1291 1160 1487 1200 lacrymulam
1506 1160 1639 1200 Cispiani
1656 1159 1764 1199 judicii
1783 1160 1926 1200 obje&as.
1963 1160 2000 1192 fic
2018 1164 2106 1193 enim

1138 1201 1241 1233 dixisti
1254 1213 1260 1232 :
1283 1203 1346 1232 Vidi
1360 1213 1406 1243 ego
1422 1210 1503 1231 tuam
1515 1201 1708 1244 lacrymulam.
1732 1202 1809 1232 Vide
1820 1222 1828 1236 ,
1849 1203 1940 1243 quim
1951 1213 2001 1233 me
2017 1205 2105 1235 verbi

1139 1247 1184 1274 tui
1197 1247 1352 1285 poeniteat.
1376 1255 1440 1274 non
1459 1243 1554 1274 modo
1573 1245 1785 1283 lacrymulam,
1809 1244 1859 1274 sed
1879 1245 1988 1275 multas
2009 1246 2104 1285 laci-y*

1140 1296 1204 1317 mas
1214 1307 1222 1320 ‚
1242 1286 1275 1317 &
1286 1285 1392 1316 fletum
1403 1295 1475 1316 cum
1487 1284 1616 1327 singultu
1624 1286 1726 1317 videre
1735 1285 1868 1325 potuisti.
1891 1289 1940 1317 An
1952 1297 2007 1327 ego
2018 1308 2026 1321 ,
2047 1289 2102 1328 qui

1139 1334 1279 1358 meorum
1298 1327 1437 1367 lacrymis
1453 1347 1461 1362 ‚
1483 1337 1533 1357 me
1551 1327 1669 1358 absente
1681 1348 1689 1360 ‚
1712 1336 1906 1362 commotus,
1925 1327 2102 1363 simultates,

1137 1379 1208 1410 quas
1228 1379 1349 1400 mecum
1368 1369 1512 1402 habebat,
1531 1368 1710 1410 deposuisset
1733 1390 1742 1402 ,
1767 1377 1901 1410 meaeque
1919 1371 2018 1400 salutis
2037 1380 2105 1401 nort

1138 1410 1232 1442 modo
1244 1422 1307 1442 non
1317 1420 1503 1453 oppugnator
1515 1411 1561 1449 (ut
1571 1413 1692 1441 inimici
1705 1414 1766 1441 mei
1775 1412 1922 1451 putarant)
1942 1412 1990 1442 sed
2003 1415 2097 1442 etiam

1136 1452 1276 1484 defensor
1292 1452 1410 1485 fuisset,
1433 1454 1522 1493 hujus
1533 1455 1564 1483 in
1574 1453 1708 1493 periculo
1718 1463 1782 1484 non
1791 1453 1929 1484 dolorem
1942 1463 2045 1483 meum
2058 1452 2097 1483 fi-

1135 1494 1309 1536 gnificarem
1330 1498 1340 1524 ?
1367 1498 1417 1525 Tu
1437 1503 1536 1524 autem
1558 1515 1566 1527 ‚
1596 1493 1779 1528 Laterenfis,
1799 1497 1851 1536 qui
1869 1503 1935 1525 tum
1955 1495 2102 1535 lacrymas

1137 1547 1217 1568 meas
1225 1547 1316 1578 gratas
1326 1535 1383 1567 ess'e
1394 1536 1511 1566 dicebas
1523 1556 1532 1570 ‚
1557 1546 1637 1567 nunc
1651 1537 1767 1567 easdem
1781 1539 1827 1567 vis
1840 1536 2002 1567 invidiosas
2014 1538 2101 1567 vide-

1136 1581 1170 1608 ri.
1195 1582 1293 1620 Negas
1309 1598 1318 1612 ,
1341 1578 1528 1608 tribunatum
1548 1578 1661 1608 Plancii
1680 1578 1845 1619 quidquam
1867 1576 1994 1608 attulisse
2014 1579 2097 1618 adju·
2121 1583 2163 1616 32

1137 1623 1233 1650 menri
1243 1621 1380 1662 dignitati
1393 1629 1477 1650 meae.
1497 1628 1583 1660 atque
1592 1621 1649 1649 hoc
1661 1620 1729 1649 loco
1739 1619 1831 1660 (quod
1844 1619 1992 1651 verissime
2003 1619 2098 1651 facere

1134 1663 1231 1702 potes)
1242 1662 1408 1692 L2Racillii
1417 1681 1426 1696 ‚
1436 1660 1588 1691 fortissimi
1600 1682 1608 1694 ,
1621 1662 1654 1691 Sc
1664 1660 1896 1692 constantissimi
1906 1663 1981 1694 viri,
1993 1662 2100 1694 divina

1135 1707 1168 1734 in
1188 1714 1237 1734 me
1257 1706 1363 1734 merita
1381 1713 1621 1734 commemoras:
1642 1705 1691 1733 eui
1710 1704 1835 1744 quidem
1855 1714 1909 1746 ego
1922 1723 1930 1737 ,
1957 1702 2048 1734 5sicut
2065 1707 2099 1735 in

1135 1747 1258 1777 Plancio
1276 1766 1285 1779 ,
1317 1755 1484 1786 numquam
1505 1743 1691 1776 dissimulavi
1713 1755 1763 1774 me
1783 1746 1952 1785 plurimum
1975 1745 2096 1780 debere,

1134 1788 1307 1829 semperque
1320 1798 1379 1828 prae
1394 1797 1444 1817 me
1456 1786 1563 1818 feram.
1588 1788 1685 1818 nullas
1695 1789 1778 1816 enim
1790 1786 1844 1817 sibi
1854 1787 1905 1817 ille
1916 1797 2012 1828 neque
2021 1798 2099 1818 con-

1135 1839 1303 1863 tentiones,
1325 1839 1422 1870 neque
1438 1830 1631 1862 inimicitias,
1653 1839 1750 1869 neque
1768 1831 1838 1859 vitae
1864 1829 2096 1864 dimicationes,

1136 1882 1192 1901 nec
1201 1881 1255 1911 pro
1268 1872 1419 1912 republica
1429 1891 1437 1904 ‚
1459 1881 1515 1901 nec
1525 1881 1578 1911 pro
1590 1880 1638 1900 me
1649 1870 1843 1912 defugiendas
1852 1873 1974 1910 putavit.
1997 1874 2099 1912 Atque

1137 1915 1252 1943 utinam
1264 1933 1273 1947 ‚
1293 1913 1384 1953 quam
1398 1922 1453 1954 ego
1467 1913 1532 1942 sum
1546 1914 1580 1942 in
1593 1913 1682 1942 illum
1697 1921 1794 1952 gratus
1805 1931 1812 1945 ‚
1835 1921 1895 1941 tam
1906 1911 2033 1943 licuisset
2042 1922 2097 1953 per

1135 1955 1300 1984 hominum
1315 1956 1380 1985 vim
1391 1973 1399 1987 ‚
1420 1952 1436 1972 ⁶
1446 1954 1632 1993 &injuriam
1643 1953 1748 1993 populi
1758 1955 1892 1983 Romani
1903 1973 1911 1987 ,
1930 1955 1957 1983 ei
1966 1956 2094 1990 gratiam

1134 1995 1245 2026 referri,
1260 1996 1316 2025 Sed
1327 2015 1336 2029 ‚
1352 1995 1372 2024 si
1383 2005 1448 2024 non
1458 1995 1560 2024 eadem
1571 1994 1728 2024 contendit
1738 1995 1771 2024 in
1783 1995 1934 2025 tribunatu
1944 1996 2095 2025 Plancius:

1134 2037 1305 2067 existimare
1314 2036 1405 2067 debes
1415 2056 1424 2070 ,
1444 2045 1509 2065 non
1519 2037 1590 2066 huic
1598 2036 1785 2066 voluntatem
1801 2035 1925 2066 defuiss‘e
1938 2056 1946 2070 ‚
1967 2037 2016 2067 sed
2029 2046 2092 2071 me,

1134 2076 1206 2108 cum
1223 2078 1286 2118 jam
1296 2078 1417 2109 Plancio
1433 2077 1574 2107 deberem
1585 2097 1593 2111 ‚
1615 2078 1736 2107 Racillii
1747 2075 1900 2108 beneficiis
1916 2077 2004 2109 fuiffe
2014 2088 2092 2109 con-

1136 2128 1264 2150 tentum.
1288 2122 1338 2149 An
1355 2119 1428 2149 vero
1447 2127 1547 2158 putas,
1563 2118 1801 2159 judicesidcirco
1812 2121 1916 2149 minus
1928 2130 1994 2151 mea
2007 2121 2093 2151 causa

1136 2161 1267 2191 fa&uros
1277 2181 1285 2195 ‚
1301 2159 1383 2202 quod
1395 2171 1443 2190 me
1454 2158 1510 2190 effe
1519 2169 1636 2202 gratum
1646 2162 1814 2191 crimineris
1825 2163 1880 2191 ?an
1893 2181 1901 2195 ‚
1913 2161 1983 2191 cum
1994 2171 2095 2202 popu-

1135 2204 1182 2233 lus
1201 2205 1334 2234 Roman.
1354 2203 1409 2232 illo
1430 2202 1683 2232 senatusconsulto
1704 2222 1712 2235 ,
1736 2202 1818 2243 quod
1835 2204 1870 2232 in
1888 2212 2096 2234 monumento

1136 2247 1223 2275 Marii
1240 2243 1354 2274 faGtum
1368 2243 1410 2273 est
1431 2263 1439 2277 ‚
1470 2253 1532 2283 quo
1550 2253 1617 2273 mea
1632 2244 1708 2274 salus
1727 2244 1872 2274 omnibus
1892 2244 1934 2275 est
1952 2245 2096 2286 gentibus

1132 2286 1361 2319 commendata,
1383 2287 1437 2315 uni
1460 2287 1516 2314 Cn.
1530 2285 1650 2315 Plancio
1668 2287 1771 2326 gratias
1791 2288 1882 2326 egerit
1898 2286 1990 2325 (unus
2007 2288 2093 2318 enim

1133 2327 1191 2357 fuit
1212 2328 1271 2358 7de
1290 2326 1527 2368 magistratibuS,
1547 2336 1597 2357 aut
1618 2337 1672 2367 pro
1695 2327 1931 2367 magistratibus,
1953 2327 2094 2359 defensor

1132 2370 1233 2399 salutis
1243 2379 1318 2399 meae
1331 2379 1337 2397 :
1355 2370 1404 2399 cui
1416 2368 1531 2398 senatus
1546 2378 1599 2408 pro
1613 2378 1662 2398 me
1675 2378 1780 2409 gratias
1790 2369 1914 2410 agendas
1925 2371 2049 2409 putavit)
2061 2372 2090 2400 ei

1132 2420 1188 2451 ego
1208 2410 1224 2441 a
1242 2420 1291 2440 me
1309 2409 1495 2440 referendam
1513 2412 1637 2451 gratiam
1651 2420 1714 2439 non
1728 2419 1832 2450 putem
1853 2414 1863 2440 ?
1886 2414 1997 2451 Atqui,
2017 2421 2091 2442 eum.

1132 2452 1204 2482 cum
1221 2452 1306 2482 vides
1315 2472 1324 2486 ,
1346 2461 1408 2492 quo
1423 2461 1472 2481 me
1481 2451 1602 2482 tandem
1612 2453 1716 2481 animo
1726 2462 1759 2481 m
1775 2461 1802 2482 te
1813 2461 1897 2492 putas
1907 2451 1963 2482 css'e
1974 2472 1983 2485 ,
2003 2454 2092 2483 Late-

1133 2493 1249 2524 rensis?
1272 2494 1372 2523 ullum
1391 2492 1449 2523 efl'e
1466 2502 1582 2523 tantum
1600 2493 1787 2534 periculum,
1807 2503 1923 2523 tantum
1944 2493 2091 2529 laborem,

1133 2545 1244 2566 tantam
1256 2536 1485 2566 contentionem
1495 2554 1503 2568 ,
1520 2545 1610 2575 quam
1620 2545 1675 2576 ego
1685 2545 1748 2564 non
1758 2534 1853 2564 modo
1862 2545 1916 2574 pro
1927 2535 2016 2565 salute
2028 2544 2087 2571 tua,

1132 2577 1180 2611 sed
1200 2579 1290 2608 etiam
1307 2587 1361 2618 pro
1381 2576 1524 2618 dignitate
1542 2575 1715 2617 defugerem
1731 2579 1742 2604 ?
1763 2578 1833 2617 Qo
1853 2576 1976 2616 quidem
1995 2578 2088 2608 etiam

1131 2620 1225 2660 magis
1236 2619 1302 2649 sum
1314 2639 1322 2652 ‚
1344 2628 1408 2648 non
1419 2618 1514 2648 dicam
1528 2618 1617 2648 miser
1630 2612 1657 2656 (Β
1667 2626 1736 2647 nam
1747 2618 1804 2647 hoc
1814 2618 1938 2658 quidem
1952 2618 2091 2650 abhorret

1129 2660 1144 2690 a
1156 2669 1266 2690 virtute
1276 2660 1412 2698 verbum)
1427 2658 1474 2688 sed
1487 2658 1565 2688 certe
1580 2660 1740 2688 exercitus:
1765 2669 1829 2688 non
1843 2662 1912 2700 quia
1923 2660 2026 2690 multis
2037 2660 2092 2691 de-

1132 2702 1191 2732 beo
1205 2702 1283 2742 (leve
1290 2702 1364 2730 enim
1376 2709 1440 2730 onus
1453 2720 1462 2734 ,
1483 2698 1729 2741 bencficiigratia)
1744 2700 1791 2730 sed
1801 2703 1871 2742 quia
1879 2702 1953 2741 saepe
1962 2712 2091 2732 concur-

1968 2752 2006 2773 rit
2019 2753 2091 2784 pro-

168 2840 178 2857 1
186 2851 192 2858 .
211 2836 258 2860 M!
266 2834 326 2857 enim
335 2832 403 2857 nimis
411 2841 445 2865 ego
453 2841 561 2864 ›nagymm
573 2833 705 2867 beneficium
714 2833 852 2862 Pr'antiv‚&
861 2838 887 2856 ut
897 2832 959 2865 ais]
981 2833 1023 2858 Sic
1033 2834 1052 2857 V
1058 2833 1079 2857 i-

129 2866 209 2893 &orii
221 2867 304 2894 editio
314 2867 341 2892 &
360 2868 515 2903 antiquior5
537 2877 621 2903 neque
639 2867 708 2894 secus
721 2868 790 2894 Pali.
802 2868 881 2894 nostri
895 2887 903 2897 ,
922 2869 986 2894 item
998 2870 1079 2894 (irut.

131 2902 241 2929 Erfurd.
253 2905 279 2929 S.
291 2903 426 2934 ViCtoris5
449 2903 495 2930 uisi
505 2903 576 2939 quod
587 2904 692 2939 quidam
704 2903 735 2929 ad
745 2913 818 2929 oraru
832 2923 840 2934 ‚
863 2903 969 2938 quidam
981 2904 1007 2929 in
1019 2913 1082 2930 con-

1165 2842 1190 2866 5.
1210 2837 1275 2858 siem
1286 2836 1310 2858 in
1320 2833 1443 2866 leiciot]
1466 2832 1616 2868 Praepositio
1626 2832 1690 2859 defit
1700 2832 1862 2860 editionibus
1875 2832 2009 2859 hodiernis
2023 2852 2031 2865 ,
2041 2832 2087 2860 scal

1129 2869 1205 2895 restat
1216 2869 1241 2894 in
1254 2870 1368 2904 antiquis
1381 2879 1409 2895 ac
1420 2868 1476 2894 msl'.
1489 2869 1594 2895 uostris.

1163 2906 1192 2930 6.
1212 2909 1244 2930 Et
1256 2907 1453 2938 injur-[ampufflli
1463 2905 1542 2937 Rom]
1569 2905 1681 2941 Aliquot
1692 2904 1748 2931 mss.
1759 2909 1790 2931 Ῥ.
1801 2909 1831 2931 R.
1852 2905 1922 2932 unde
1932 2905 1990 2932 fieri
2002 2905 2087 2941 posset

131 2940 408 2972 textum,jat‘?0scilicc·t
417 2949 450 2965 nie
459 2940 548 2966 dehere.
567 2940 675 2976 vulgata
687 2940 816 2966 recentius
830 2958 837 2971 ,
847 2941 981 2974 beneficium
991 2942 1087 2966 ‘Plancii
1124 2941 1228 2973 praetoris
1240 2960 1248 2971 ‚
1260 2948 1305 2966 unt
1316 2941 1398 2966 limile
1410 2940 1485 2975 quid,
1498 2948 1526 2966 iit
1537 2941 1623 2967 innuit
1633 2941 1805 2968 Gulielmius.
1823 2941 1967 2968 Lambinus
1980 2950 2085 2968 utram-

125 2975 201 3008 facio,
216 2975 244 3004 <³f
253 2982 279 2999 ut
289 2974 334 3001 ais.

167 3017 195 3034 2.
215 3010 294 3035 odium
303 3013 328 3035 Ῐη
338 3021 371 3036 me
380 3012 488 3037 mediocre
504 3013 651 3038 inimicorum
662 3013 744 3045 fisiffe.
763 3012 877 3046 quodsnit
889 3031 895 3043 ,
918 3014 1015 3036 ullumm
1025 3020 1082 3036 ran-

130 3051 179 3069 tum
190 3049 199 3070 ,²
211 3045 325 3078 requiro]
347 3047 434 3073 isthmo
444 3048 533 3074 omnia
543 3047 622 3074 verba
634 3058 683 3074 non
695 3048 721 3074 in
727 3049 813 3074 veni-is
825 3048 852 3074 in
864 3048 920 3074 Pal.
932 3047 982 3073 sec.
993 3047 1080 3079 sexto,

129 3081 157 3105 S.
168 3080 282 3106 Victoris
293 3089 337 3108 aut
351 3083 521 3109 Gruteriano.
542 3084 571 3108 ὅ(
598 3090 704 3110 οῖεπιιηῑ
714 3083 808 3109 abelse.

166 3123 193 3150 3.
213 3117 324 3149 Nzfijbrt&
333 3119 458 3149 mistimac,
469 3119 536 3152 [lya]
557 3119 579 3144 11
593 3119 693 3152 udfortk
703 3120 738 3146 est
749 3119 781 3145 ab
794 3119 957 3145 Erfurdieusi
969 3118 1066 3145 codice.

165 3158 199 3189 4.ι
215 3154 246 3176 Ei
255 3161 288 3176 me
297 3152 402 3185 dedam]
423 3154 463 3180 lta
477 3154 584 3189 quidem
596 3155 673 3181 hodie
686 3155 797 3188 vulgati.
818 3155 860 3182 sed
871 3156 942 3182 enim
953 3155 1018 3182 oliui
1029 3156 1080 3182 im-

125 3186 201 3223 pressi
215 3195 244 3214 ac
254 3187 323 3214 Paul.
333 3186 443 3223 aliique,
453 3189 557 3222 debeam,
568 3190 652 3216 nihilo
661 3190 790 3218 deterius.

1128 2986 1178 3012 que
1192 2986 1281 3002 rocem
1292 2977 1391 3007 omisit,
1402 2977 1516 3011 projure
1528 2975 1572 3002 suo
1583 2976 1691 3003 scilicet.

1162 3021 1188 3046 7.
1208 3016 1241 3038 Dc
1251 3014 1426 3045 ›nimi-flentibus
1437 3031 1444 3042 ‚
1458 3019 1500 3036 rm!
1511 3020 1554 3045 pro
1564 3014 1764 3047 magistralibus-J
1787 3013 1947 3040 Posteriores
1958 3012 2021 3040 duas
2041 3011 2084 3038 di-

1127 3048 1228 3074 &iones
1242 3048 1326 3073 remisi
1346 3048 1370 3073 iii
1383 3047 1552 3073 locuiniiiiiin
1566 3068 1574 3080 ‚
1594 3049 1662 3075 unde
1673 3050 1734 3085 quin
1758 3051 1865 3085 ungium
1883 3049 1986 3084 aliquot
2007 3049 2083 3075 annis

1127 3083 1278 3114 abfuerant,
1290 3083 1492 3116 fide—'iubentibus
1505 3083 1562 3110 niss‘.
1574 3085 1666 3111 nostris
1677 3060 1810 3111 omnibns.

1163 3119 1189 3145 8,
1209 3123 1280 3153 ‘Nym
1298 3121 1337 3143 lmc
1355 3119 1447 3152 quirit-m
1466 3121 1573 3145 abhorret
1591 3120 1606 3146 ir
1625 3124 1717 3146 virtute
1735 3121 1866 3155 verbnm]
1900 3120 1942 3146 Est
1955 3122 1969 3146 a
1981 3120 2083 3146 Tui-in-

1126 3155 1187 3189 gico
1207 3155 1294 3186 libro,
1314 3155 1403 3191 inepte
1423 3161 1500 3183 autea
1519 3155 1589 3187 cufi3
1609 3164 1701 3184 nattam
1721 3158 1812 3193 quia'em
1831 3159 1938 3183 abhorret
1958 3156 1973 3181 ii
1991 3159 2086 3181 virtute

1127 3192 1206 3217 verbi.
1618 3211 1624 3214 .

1541 3229 1595 3265 Qq
1607 3238 1624 3265 q
1980 3236 1990 3254 1
1999 3247 2003 3253 .
2015 3226 2088 3252 Salu-
