2360 3400
664 95 760 128 DE

204 175 271 199 tum
294 164 455 206 collegium
468 182 477 198 2
495 162 527 193 in
545 169 607 203 quo
625 171 718 193 nemo
741 162 758 193 ὲ
777 161 881 194 decern
907 163 972 193 sana
991 171 1094 192 mente
1104 161 1157 192 fit?

198 212 216 245 ,¹
238 210 311 250 quin
331 217 382 248 per
400 206 497 247 ipsum
519 207 572 235 Ti.
597 205 765 235 Gracchum
777 214 840 235 non
853 203 953 236 solum
965 204 1088 238 nesius,
1109 203 1157 234 sed

201 253 293 281 etiam
315 249 444 280 sublatus
463 245 637 277 intercefl'or
653 245 759 277 fuerat.
783 247 864 285 Quid
877 249 960 276 enim
975 247 1062 276 illum
1075 245 1156 275 aliud

191 291 328 332 ‘perculit
341 310 349 324 ‚
371 288 425 320 nifi
444 288 527 330 quod
537 287 712 329 potestatem
723 288 930 319 intercedendi
940 289 1060 328 collegae
1071 287 1157 318 abro-

200 335 298 375 gavit:
319 332 367 362 sed
386 341 418 362 tu
441 332 579 371 sapientia
592 331 698 369 majori
707 331 808 360 nihilo
819 331 897 361 vide.
921 328 1068 360 Concess'o
1078 328 1159 368 plebi

197 376 216 406 ii
235 373 365 414 patribus
383 373 435 404 ista
452 372 594 413 potestate
612 372 874 403 armacecideiunt
887 382 892 401 z
905 370 1159 402 restinCtaseditio

202 415 264 446 est:
284 417 444 446 inventum
468 414 510 445 est
528 423 803 456 temperamentum
819 433 828 448 ,
847 424 909 454 quo
922 415 1074 443 tenuiores
1087 421 1158 441 curn

193 457 392 498 ¹principibus
410 459 520 497 aequari
538 457 567 487 se
584 458 733 496 putarint:
758 457 790 485 in
811 466 872 496 quo
888 465 950 485 uno
960 454 1158 484 fuitcivitatis

199 500 289 530 salus.
313 503 354 530 At
364 499 425 530 duo
435 499 560 529 Gracchi
570 497 701 528 fuerunt.
714 500 750 528 Et
759 507 862 537 praeter
874 506 925 527 eos
937 497 1075 537 quamvis
1086 505 1160 525 enu-

205 550 304 572 meres
314 542 428 572 multos
439 542 529 575 licet;
548 543 563 559 ²
574 539 643 570 cum
656 539 893 573 demereantur,
914 538 1015 569 nullos
1025 539 1057 567 in
1071 538 1160 567 omni

201 585 353 614 memoria
363 585 489 623 reperies
498 582 682 622 perniciosos
693 581 832 612 tribunos
844 581 853 607 ?
871 581 964 611 leveis
975 600 984 614 ,
995 582 1085 610 etiam
1095 587 1160 608 non

191 625 301 661 bonos
310 624 429 656 fortasse
438 625 559 665 plureis.
578 623 692 653 invidia
704 623 829 664 quidem
842 623 978 653 summus
989 620 1064 652 ordo
1074 629 1160 651 caret:

201 667 305 707 plebes
328 667 364 697 de
389 667 440 697 suo
459 668 524 706 jure
546 665 726 706 periculosas
746 665 959 695 contentiones
969 663 1068 694 nullas
1079 661 1160 693 facit.

202 709 410 748 Quamobrem
422 707 621 748 autexigendi
632 716 713 747 reges
730 717 792 737 non
802 705 929 737 fuerunt
946 704 1098 745 :autplebi
1114 714 1156 737 re,

201 760 266 780 non
287 750 381 781 verbo
397 750 492 780 danda
509 749 644 779 libertas:
667 759 732 790 quae
751 758 853 779 tamen
873 747 912 778 sic
929 747 994 778 data
1011 745 1073 780 est,
1097 749 1109 773 3
1131 754 1165 776 ut

203 792 310 822 multis
329 791 556 832 praeclariffimis
572 790 758 821 addiceretur
778 810 787 824 ‚
810 799 844 820 ut
860 788 1029 820 austeritati
1049 789 1164 828 princi-

147 846 183 871 ιι
202 844 276 874 pum
291 834 418 864 cederet.
442 831 552 863 Nostra
562 841 662 862 autem
672 832 757 862 causa
767 852 776 866 ‚
797 842 864 872 quae
876 851 885 865 ‚
900 833 1016 871 optime
1028 850 1037 863 ,
1049 830 1082 860 &
1097 829 1166 859 dul-

200 874 315 906 ciffime
332 874 441 907 frater,
462 873 571 903 incidit
591 873 624 902 in
648 873 836 903 tribunitiam
855 873 1034 912 potestatem
1057 891 1066 905 ‚
1086 871 1165 901 nihil

197 917 304 947 habuit
319 916 527 945 contentionis
547 923 618 943 cum
639 914 801 944 tribunatu.
825 917 911 944 Nom
921 915 1004 943 enirn
1017 913 1100 953 plebs
1112 915 1163 942 in-

198 959 287 989 citata
297 956 404 987 nostris
414 955 505 986 rebus
514 954 628 985 invidit
643 955 709 986 :sed
721 956 842 986 vincula
852 955 948 986 soluta
956 955 1024 985 sunt
1036 975 1044 988 ,
1061 955 1093 985 &
1105 955 1162 985 ser—

199 1000 276 1030 vitia
293 1001 413 1029 incitata
425 1017 433 1031 ‚
452 996 598 1035 adjunsto
607 1006 716 1027 terrore
727 1000 818 1028 etiarn
832 998 966 1027 militari.
989 999 1096 1038 Neque
1105 1006 1164 1026 no-

200 1041 248 1072 bis
266 1050 338 1072 cum
361 1040 413 1070 illa
424 1049 489 1070 tum
500 1038 578 1079 peste
588 1047 740 1069 certamen
750 1038 810 1070 fuit
820 1059 829 1073 ‚
851 1040 899 1070 sed
909 1049 979 1069 cum
989 1036 1163 1080 graviffimo

200 1085 274 1123 reip.
287 1091 438 1122 tempore:
451 1084 501 1112 cui
513 1079 532 1110 fi
544 1090 608 1111 non
621 1078 763 1111 ceffiffem
776 1101 785 1116 ‚
800 1091 863 1111 non
877 1081 1057 1111 diuturnum
1071 1081 1165 1111 bene-

202 1123 266 1156 ficii
285 1126 348 1154 mei
367 1125 459 1164 patria
481 1122 614 1153 frustum
625 1120 745 1153 tulisset.
769 1126 866 1164 Atque
877 1124 936 1153 hoc
948 1125 990 1152 rei
1000 1125 1099 1153 exitus
1111 1124 1165 1153 in-

202 1166 320 1197 dicavit.
348 1168 425 1205 Qis
443 1167 528 1195 enim
552 1174 616 1194 non
625 1163 722 1194 modo
733 1165 829 1199 liber,
854 1164 902 1195 sed
914 1166 1003 1195 etiarn
1016 1165 1116 1195 servus
1127 1165 1165 1194 li-

201 1208 314 1239 bertate
332 1207 441 1247 dignus
451 1207 510 1237 fuit
522 1227 531 1240 ‚
551 1209 599 1236 cui
610 1205 710 1237 nostra
720 1206 796 1237 saliis
804 1217 868 1238 cara
878 1217 943 1241 non
957 1205 1048 1236 ess'et?
1071 1205 1162 1246 Quod

200 1249 223 1280 fi
242 1252 268 1280 is
277 1250 358 1280 casus
368 1247 468 1279 fuisset
479 1258 580 1279 rerum
593 1268 601 1282 ‚
619 1258 691 1289 quas
701 1258 756 1288 pro
767 1249 856 1279 salute
866 1251 940 1288 reip.
950 1246 1091 1288 geffimus
1101 1267 1111 1282 ,
1131 1256 1164 1278 ut

202 1302 268 1323 non
279 1291 425 1321 omnibus
435 1300 531 1332 gratus
545 1288 616 1320 effet
632 1290 682 1320 2&
693 1310 701 1324 ‚
721 1295 738 1316 4
748 1288 768 1319 fi
781 1300 836 1320 nos
846 1289 1052 1320 multitudinis
1062 1292 1107 1320 vis
1116 1289 1165 1320 fu-

202 1337 295 1364 rentis
310 1331 498 1363 inflammata
511 1332 626 1362 invidia
635 1330 813 1372 pepulissem
835 1331 854 1362 fi
866 1332 1004 1362 tribunus
1013 1332 1121 1372 aliquis
1131 1333 1164 1361 in
1186 1335 1187 1340 ¹

199 1385 252 1406 me
270 1375 417 1415 populum
431 1394 440 1408 ,
459 1373 529 1404 sicut
539 1375 692 1404 Gracchus
712 1375 744 1403 in
757 1376 902 1405 Lenatem
916 1394 924 1408 ,
942 1376 1119 1404 Saturninus
1130 1375 1162 1403 in
1186 1372 1187 1400 ἶ
1204 1385 1262 1415 qua
1273 1375 1411 1406 dicemus
1423 1375 1537 1416 aliquid
1551 1375 1670 1407 fortasse
1682 1397 1691 1410 ‚
1714 1376 1814 1419 siquid
1824 1378 1983 1408 fueritloci
1996 1398 2005 1411 ‚
2031 1386 2080 1408 aut
2090 1386 2169 1407 tern-

1185 1439 1186 1442 ,
1203 1420 1296 1457 poris.
1319 1420 1354 1447 A.
1368 1419 1469 1448 Locus
1479 1419 1557 1448 certe
1569 1428 1633 1448 non
1646 1419 1741 1449 deerit
1753 1440 1761 1454 ‚
1772 1423 1919 1461 quoniam
1932 1429 2014 1450 tenes
2025 1419 2168 1450 ordinem

1185 1475 1187 1482 ι
1205 1460 1306 1499 legum
1323 1470 1329 1488 :
1354 1468 1471 1500 tempus
1489 1459 1562 1489 vero
1574 1461 1696 1501 largitur
1709 1462 1870 1502 longitudo
1881 1461 1952 1491 diei.
1977 1464 2041 1501 Ego
2052 1469 2167 1494 autem,

1185 1518 1187 1534 J
1204 1499 1317 1531 etiamsi
1336 1503 1530 1540 praeterieris,
1551 1511 1681 1541 repetam
1701 1503 1754 1533 ate
1766 1502 1858 1533 istum
1869 1503 1905 1533 de
1917 1502 2092 1532 educatione
2104 1521 2112 1535 ‚
2133 1502 2168 1532 δε

204 1418 379 1450 Metellum,
393 1414 540 1446 incitass'et
551 1426 557 1444 z
570 1414 719 1445 ferremus
730 1427 739 1449 3
759 1415 779 1446 ὁ
790 1418 903 1457 Qinte
913 1415 1000 1446 frater
1010 1426 1015 1444 τ
1027 1415 1164 1446 consola-

201 1468 363 1499 renturque
382 1467 439 1487 nos
451 1467 516 1487 non
530 1466 591 1486 tam
604 1457 777 1496 philosophi
793 1477 801 1490 ‚
824 1460 876 1498 qui
889 1459 1018 1488 Athenis
1027 1456 1163 1491 fuerunt,

200 1503 256 1542 qui
278 1502 336 1530 hoc
346 1499 438 1529 facere
449 1497 559 1528 deberit
571 1517 580 1530 ‚
598 1497 688 1537 quam
702 1497 854 1528 clariffimi
867 1501 924 1529 viri
939 1519 948 1533 ,
968 1499 1082 1539 quiilla
1092 1499 1165 1528 urbe

199 1541 277 1582 pulfi
287 1550 383 1571 carere
394 1541 505 1581 ingrata
514 1541 634 1569 civitate
646 1558 654 1572 ‚
666 1540 756 1579 quarn
773 1549 894 1569 manere
906 1542 938 1569 in
948 1540 1088 1579 improba
1098 1550 1166 1570 ma—

198 1585 333 1614 luerunt.
356 1582 537 1622 Pompeium
549 1579 620 1611 vero
631 1580 714 1621 quod
727 1581 785 1611 unii
799 1580 850 1611 ista
860 1583 893 1610 in
906 1591 936 1610 re
950 1591 1015 1611 non
1027 1583 1067 1611 ita
1077 1581 1164 1611 valde

197 1624 306 1666 probas
317 1644 326 1658 ‚
346 1625 400 1654 vix
412 1623 478 1654 satis
488 1624 565 1653 mihi
578 1623 654 1653 illud
667 1621 778 1652 videris
787 1622 940 1653 attendere
954 1643 963 1656 ‚
985 1632 1050 1652 non
1061 1622 1163 1652 solum

197 1669 229 1698 ei
241 1686 250 1700 ,
300 1665 353 1695 uid
365 1663 436 1695 ess'et
444 1666 598 1704 optimum
610 1683 619 1698 ‚
637 1663 806 1694 videndum
817 1662 915 1698 fuisse,
929 1664 977 1695 sed
989 1666 1079 1695 etiam
1090 1664 1164 1705 quid

200 1676 406 1739 neceghrium.
432 1710 445 1733 5
465 1704 550 1736 sensit
569 1707 654 1735 enim
674 1705 776 1736 deberi
795 1716 861 1736 non
877 1703 959 1745 poss‘e
968 1707 1039 1735 huic
1050 1708 1164 1736 civitati

199 1750 285 1782 :illam
305 1748 490 1789 potestatem.
523 1749 634 1788 quippe
653 1757 719 1776 non
745 1756 897 1788 tantopere
915 1748 1044 1787 populus
1064 1747 1166 1778 noster
1184 1752 1186 1773 ἰ

197 1794 338 1834 ignotam
357 1788 538 1830 expetisset,
558 1789 611 1829 qui
631 1787 725 1829 poss'et
747 1799 842 1819 carere
859 1791 979 1830 cognita
995 1793 1006 1815 ἓ
1024 1789 1166 1828 sapientis
1184 1787 1186 1796 '

195 1843 298 1866 autem
320 1834 396 1863 civis
406 1831 485 1865 fuit,
510 1831 627 1861 causam
640 1840 694 1860 nec
703 1831 902 1870 perniciosam
917 1850 925 1865 ,
948 1830 1166 1870 &itapopula—
1184 1830 1186 1855 ἲ

199 1886 265 1908 rem
277 1895 286 1909 ‚
306 1884 338 1905 ut
357 1884 421 1904 non
439 1871 534 1913 poffet
559 1871 681 1906 obsisti,
700 1874 872 1912 perniciose
884 1873 1019 1912 populari
1029 1873 1090 1902 civi
1102 1881 1166 1901 non
1185 1872 1186 1882 ³

203 1918 385 1957 relinquere.
409 1918 470 1946 Scis
483 1915 577 1945 solere
589 1936 598 1949 ‚
617 1913 703 1944 frater
715 1934 724 1948 ‚
744 1916 775 1943 in
786 1914 960 1954 hujusmodi
971 1914 1120 1947 sermone,
1134 1922 1167 1943 ut

145 1973 158 2000 1
168 1973 188 1998 2
205 1958 321 1991 transiri
344 1957 404 1988 alio
415 1955 502 1998 poffit
514 1977 523 1991 ‚
547 1966 717 1986 Anmonum
731 1976 740 1990 ,
760 1956 829 1986 dici.
852 1953 868 1975 ⁶
879 1959 915 1987 T.
929 1956 1053 1987 Prorsus
1065 1958 1104 1986 ita
1115 1954 1166 1985 est.

203 2000 347 2041 QHaud
367 1999 510 2040 equidem
531 1997 673 2029 affentior
690 2018 698 2032 ,
719 2008 749 2028 tu
770 2007 872 2028 tamen
890 1997 925 2029 ad
942 1998 1055 2039 reliqua
1066 2007 1167 2038 pergas

201 2044 310 2074 velim.
335 2044 379 2072 M.
398 2041 568 2072 Perseveras
579 2049 609 2070 tu
621 2040 744 2081 quidem
757 2060 765 2074 ‚
790 2040 864 2070 &in
879 2049 928 2070 tua
938 2049 1036 2070 vetere
1046 2040 1166 2069 senten-

199 2086 243 2118 tia
260 2093 430 2126 permanes.
455 2092 499 2124 Q
509 2084 541 2113 N
545 2092 601 2114 unc
613 2082 795 2113 mehercule.
818 2085 855 2113 A.
868 2085 932 2122 Ego
943 2082 1010 2113 sane
1021 2081 1037 2113 ὲ
1047 2083 1165 2120 Quinto

241 2224 266 2242 ι.
285 2215 350 2247 Qin
354 2221 399 2247 per
407 2214 481 2247 Ipsum
489 2214 540 2240 7712.
551 2214 683 2240 Gracchum
692 2222 738 2240 non
741 2212 816 2246 filhm
825 2214 907 2239 ric-Hm·
918 2213 1000 2248 ,fid.]
1021 2213 1100 2239 Varie
1112 2212 1170 2248 agi-

201 2258 272 2279 tatus
294 2251 378 2276 locus.
399 2249 540 2276 Turnebus
550 2250 588 2276 ita
598 2248 702 2281 edidit,
714 2255 743 2275 ut
755 2248 851 2285 scripsi.
871 2248 985 2275 &sistor-ii
999 2250 1061 2275 vero
1073 2249 1169 2280 editio,

198 2290 259 2322 quin
276 2288 290 2302 '¹‘
307 2295 350 2319 per
367 2286 440 2318 ipficm
452 2305 460 2317 ,
478 2286 530 2316 &aa
551 2285 609 2312 Pal.
621 2293 685 2312 tert.
696 2284 802 2320 omittit
820 2289 850 2312 τὸ
865 2292 909 2318 per
920 2304 928 2317 ,
947 2285 972 2312 in
986 2285 1095 2320 reliquis
1106 2294 1166 2311 cum

199 2322 317 2358 vulgatis
327 2330 478 2348 concinens.
499 2330 607 2357 quartus
619 2321 671 2348 tale
682 2319 746 2356 quid
757 2321 912 2356 mugiiiatur
925 2340 933 2352 ,
951 2324 1010 2356 quin
1019 2324 1092 2354 ipsum
1100 2322 1166 2346 me-

199 2361 263 2386 rium
273 2360 404 2384 Gracchum
413 2358 536 2391 nonfhlum
545 2360 630 2383 ‘veHus
641 2376 649 2390 ‚
665 2357 709 2390 sed
717 2359 788 2383 etiam
794 2358 905 2391 Jishlatus
913 2358 1167 2391 interceffiirsemave-

200 2402 253 2422 rat.
273 2394 306 2420 de
325 2404 378 2429 quo
394 2393 524 2420 miraculo
534 2393 566 2420 ad
578 2393 767 2429 iiigeriiofiores
779 2392 948 2420 referendum
959 2392 1060 2420 censet).
1082 2394 1166 2420 Porro

199 2440 235 2457 cx
247 2431 333 2458 nostra
343 2429 459 2457 leftione
469 2429 641 2457 concinnari-at
652 2428 784 2456 Gulielm.
795 2431 892 2464 rejeHm
904 2448 912 2461 ‚
923 2437 969 2457 aut
980 2449 988 2462 ‚
1000 2428 1071 2466 quod
1084 2428 1165 2456 veris-

200 2467 295 2494 fimum
305 2474 382 2502 putat
395 2485 403 2499 ,
421 2468 546 2499 negleffm.
566 2467 699 2493 Puteanus
710 2465 855 2492 conabatur
867 2485 875 2497 ‚
895 2469 954 2499 quin
970 2466 1072 2499 perdidit
1090 2467 1164 2499 ipfitm

201 2504 251 2529 Tib.
263 2504 396 2528 Gracchum
406 2521 414 2534 ,
425 2502 548 2535 nonſsilum
558 2502 710 2535 veritus-,fid
718 2502 905 2534 etiamfhblatm
913 2503 1055 2535 interce-ffb&
1066 2501 1164 2536 ejeehi,

199 2548 266 2566 voce
279 2539 364 2571 suerat
375 2557 383 2570 ‚
403 2547 460 2572 quae
472 2537 628 2574 sequebatur
646 2539 673 2564 iii
686 2537 812 2572 vulgatis.
833 2538 891 2572 Ego
904 2557 912 2569 ,
932 2538 1004 2573 quod
1017 2537 1165 2569 Virstorius,

200 2574 342 2601 Turnebus
356 2593 364 2606 ‚
375 2573 441 2600 Ald.
452 2575 557 2610 Nepos,
568 2581 695 2610 praeterea
705 2582 764 2600 cum
775 2580 872 2609 quarto
883 2573 984 2601 &Vicit
995 2573 1073 2600 Fabr.
1085 2573 1164 2600 codd.

202 2612 340 2641 retinent,
352 2609 532 2636 exhibendum
543 2609 621 2639 duxi.

242 2656 270 2673 2.
289 2649 347 2672 Ciim
357 2647 410 2671 deni
421 2653 537 2672 creantur
548 2666 556 2678 ‚
574 2647 649 2672 nullos
666 2648 693 2671 in
709 2648 771 2672 amm·
788 2648 897 2673 memoria
915 2648 1016 2679 reperies
1031 2645 1168 2679 perniciosis

202 2684 316 2710 Tm'bunas
327 2687 336 2708 ji
347 2683 409 2707 leves
420 2685 491 2708 etiam
501 2691 545 2708 non
555 2684 621 2708 bonos
630 2682 843 2716 fhrtaſjkpluru's]
856 2683 898 2709 Sic
909 2687 923 2709 c
937 2682 993 2709 mss.
1006 2682 1075 2709 Pali.
1088 2682 1166 2709 Fabr.

202 2718 427 2754 Iiiterrogzitioiiis
446 2726 535 2745 notam
555 2718 651 2745 immisi
670 2718 799 2751 judicium
819 2718 921 2745 secutus
932 2718 1085 2746 Gulielinii.
1106 2727 1166 2744 nain

206 2786 209 2787 ⁷
224 2754 276 2782 uod
295 2755 340 2781 alii
359 2765 404 2781 non
421 2754 566 2782 inferciunt
579 2774 587 2788 ‚
606 2761 699 2782 contra
709 2754 766 2782 mss.
778 2755 813 2783 est
826 2766 832 2783 z
853 2755 939 2792 sicque
950 2754 1064 2782 levicula
1075 2753 1167 2782 distin-

203 2764 296 2818 girone
308 2790 520 2824 sensusjuvatur.

243 2836 270 2864 3.
290 2830 320 2853 Ut
329 2827 592 2861 nmltispraeclarffmi'ae
611 2827 786 2862 addiceretur]
808 2827 851 2853 Sic
861 2827 917 2854 mss.
938 2826 1038 2854 &edd.
1057 2826 1168 2854 Lambi-

205 2873 255 2892 nus
266 2864 309 2890 sua
319 2862 533 2896 lubidiiielegibus
552 2863 706 2890 immiscuit.
726 2863 889 2890 Gulielmius
908 2873 942 2890 ex
954 2860 1109 2898 conjet'turfi
1121 2864 1167 2889 ad-

200 2900 341 2931 duceretur.
361 2898 432 2940 quod
452 2909 503 2926 non
522 2899 615 2936 piobat
635 2919 644 2933 ,
673 2900 718 2936 qui
739 2900 805 2936 legit
823 2899 1028 2927 eruditissiinum
1047 2898 1167 2926 Tui-nebi

208 2943 446 2963 commentarliim.

244 2978 272 3004 4.
291 2973 316 2997 si
325 2981 366 2997 nos
377 2972 535 2998 multitudinis
544 2972 700 3005 viefirrenris
709 2975 861 3007 Inflammata
880 2972 976 2999 Invidia*
989 2973 1127 3006 Pepulfft3
1143 2973 1168 3006 fi

203 3009 318 3033 tribunus
335 3008 422 3041 aliquis
439 3009 466 3032 in
483 3017 516 3034 me
529 3010 665 3043 populum]
687 3009 822 3036 Malumus
845 3008 1001 3036 Turnebuin
1023 3009 1050 3034 &
1070 3009 1165 3035 Manu-

207 3043 276 3070 tium
289 3043 361 3078 Nep.
382 3041 472 3078 sequi,
492 3052 570 3078 quam
593 3045 747 3081 vulgatum:
763 3047 819 3079 stin
828 3054 893 3070 orm.
908 3046 934 3078 f.
946 3045 1168 3078 v.f.infiin·vid1'a

205 3078 324 3112 pepuliffl’t
333 3079 479 3105 tribunitia:
497 3080 549 3113 quis
556 3083 582 3106 in
593 3090 627 3106 me
634 3083 712 3114 popul.
724 3082 774 3112 ὡς.
795 3082 882 3107 Locus
893 3081 919 3107 in
931 3080 988 3107 mss.
1009 3081 1087 3107 ctiam
1109 3081 1168 3107 cxi-

206 3115 263 3144 ni'e
273 3121 424 3150 corruptus.
444 3115 603 3150 Lambinus,
615 3125 648 3145 ue
659 3126 711 3146 non
721 3117 824 3153 aliquid
834 3116 896 3146 novi
907 3117 961 3153 post
973 3115 1129 3145 Turne-bum
1140 3117 1168 3144 Sc

854 83 1267 129 Lim-,inus

1356 83 1397 129 L
1431 97 1448 127 1
1485 97 1527 127 Β.
1614 84 1706 129 111.
2038 101 2161 146 1207

1199 161 1302 193 nostro
1313 161 1465 194 dissentio.
1487 162 1544 193 Sed
1555 171 1589 193 ea
1600 183 1608 197 ,
1618 173 1683 204 quae
1695 163 1802 195 restant
1812 183 1821 198 ,
1846 163 2011 195 audiamus.
2035 166 2083 195 M.
2095 167 2162 196 De·

1200 207 1302 245 inceps
1322 206 1412 246 igitur
1430 205 1577 235 omnibus
1595 204 1814 246 magistratibus
1825 206 1970 246 auspicia,
2002 206 2160 247 &judicia

1200 247 1324 277 dantur:
1342 247 1470 286 judicia,
1491 245 1602 277 uteffet
1613 249 1716 288 populi
1731 247 1858 288 potestas
1871 268 1879 282 ‚
1898 249 1933 278 ad
1943 258 2033 290 quam
2045 258 2160 289 provo-

1198 294 1321 317 caretur:
1334 288 1470 328 auspicia,
1484 298 1515 319 ut
1525 290 1639 319 multos
1650 291 1783 320 inutileis
1793 291 1977 325 comitiatus,
1989 290 2160 331 probabiles

1200 329 1383 368 impedirent
1399 340 1509 361 morae:
1531 331 1605 370 saepe
1620 333 1702 361 enim
1721 332 1826 372 populi
1839 333 1986 372 impetum
1999 331 2159 370 injustum,

1200 372 1337 410 auspiciis
1346 371 1389 401 dii
1406 373 1590 402 immortales
1601 371 1808 413 represserunt.
1831 378 1846 403 7
1861 377 1907 404 Ex
1919 375 1964 405 his
1973 384 2072 405 autem
2085 393 2093 408 ‚
2104 375 2157 415 qui

1201 412 1402 455 magistratum
1422 423 1581 454 ceperunt,
1607 413 1689 455 quod
1698 415 1813 446 senatus
1824 414 1969 450 efficitur,
1981 416 2158 456 popularem

1201 455 1267 484 sane
1281 456 1439 484 neminem
1452 457 1483 486 in
1495 456 1650 486 summum
1662 457 1762 487 locum
1774 477 1782 492 ,
1806 456 1861 487 nisi
1873 467 1925 498 pei·
1934 460 2093 498 populum,
2105 467 2159 487 ve·

1201 498 1267 525 nire
1280 516 1288 529 ,
1308 496 1419 526 sublata
1436 500 1629 537 cooptatione
1648 499 1791 529 censoria.
1813 500 1870 529 Sed
1889 499 1995 540 praesto
2016 499 2058 531 est
2068 500 2158 539 hujus

1202 539 1269 567 vitii
1282 540 1457 577 temperatio
1470 558 1479 572 ,
1498 538 1581 580 quod
1593 540 1707 570 senatus
1719 541 1782 582 lege
1792 540 1892 572 nol'ua
1903 540 2099 572 confirmatur
2108 551 2160 572 au—

1203 578 1334 609 &oritas
1358 582 1498 620 Sequitur
1509 583 1612 611 enirn:
1634 585 1708 620 Ejus
1719 593 1876 614 niteam-A
1891 593 2001 613 suum.
2025 586 2106 614 Nam
2122 588 2161 613 ita

1201 621 1231 651 se
1251 630 1296 651 res
1315 620 1418 655 habet,
1443 631 1495 656 ut,
1519 621 1684 657 sisenatus,
1706 623 2016 665 dominussitpublici
2029 623 2162 658 consilii,

1202 663 1344 703 quodque
1356 664 1381 692 is
1392 666 1514 694 creverit
1528 684 1537 698 ‚
1561 664 1722 696 defendant
1734 677 1857 697 omnes:
1878 668 1930 701 &-‚
1943 665 1972 697 ·si
1982 666 2105 697 ordines
2116 676 2164 696 re-

1202 705 1298 745 liqui,
1319 706 1462 744 principis
1480 706 1595 736 ordinis
1616 706 1742 738 consilio
1764 719 1860 749 remp.
1881 710 2039 751 gubernari
2049 709 2162 740 velint»

1201 745 1289 786 possit
1299 766 1308 780 ‚
1328 756 1365 776 ex
1376 749 1592 787 temperatione
1602 749 1674 787 juris
1687 768 1695 782 ‚
1705 748 1774 779 cum
1787 750 1913 790 potestas
1923 752 1956 781 in
1967 750 2080 791 populo
2091 770 2099 784 ,
2110 759 2163 779 au-

1204 787 1324 818 &oritas
1336 790 1368 818 in
1378 788 1478 819 senatu
1491 788 1536 823 sit,
1546 791 1640 819 teneri
1650 790 1700 820 ille
1711 792 1891 827 moderatus,
1904 793 1936 823 &
1945 802 2074 823 concors
2085 792 2165 822 civi·—

1205 832 1270 861 tatis
1293 829 1401 864 statuS,
1421 831 1585 870 praesertim
1606 830 1626 860 si
1646 834 1794 872 proximae
1814 835 1871 875 legi
1890 834 2048 874 parebitur.
2081 835 2164 864 Nam

1203 873 1383 912 proximum
1398 872 1440 902 est
1453 876 1501 903 :Is
1513 883 1599 903 ormo
1609 883 1712 905 vri-10
1728 884 1872 910 οΑκετο,
1890 886 2037 906 eis-rmus
2047 884 2167 906 SPECI-

1207 923 1281 943 Mr-:N
1291 923 1378 944 its-ro.
1402 923 1432 952 Q·
1447 911 1460 933 3
1470 915 1608 945 Praeclara
1617 915 1707 950 verb,
1727 915 1832 951 frater,
1858 918 1911 948 ista
1925 919 1972 947 lex
1981 917 2024 948 est
2038 937 2047 952 ‚
2061 917 2094 947 ὅτ.
2105 916 2165 947 late

1204 965 1300 996 patet,
1326 964 1356 986 ut
1375 957 1452 986 vitio
1470 967 1563 987 careat
1573 957 1667 992 ordo,
1688 958 1721 989 ὃς
1733 960 1888 989 censorem
1899 969 2009 1000 quaerat
2021 962 2168 998 'interpre-

1185 1014 1186 1028 1
1206 1006 1279 1027 tem.
1304 1000 1340 1028 A.
1350 998 1407 1028 Ille
1418 997 1490 1028 vero
1500 1019 1509 1032 ‚
1523 996 1572 1029 etsi
1582 998 1624 1029 est
1636 1008 1717 1030 totus
1729 1010 1796 1031 tuus
1806 1001 1894 1034 ordo,
1906 999 2168 1042 gravissimamque

1204 1041 1387 1070 memoriam
1403 1043 1509 1070 retinet
1527 1041 1699 1072 consulatus
1709 1044 1752 1072 tui
1765 1063 1774 1076 ,
1795 1053 1863 1083 pace
1875 1053 1922 1074 tua
1933 1044 2065 1073 dixerim
2080 1062 2089 1076 ,
2102 1050 2167 1072 non

1206 1081 1302 1112 modo
1322 1082 1458 1112 censores
1469 1102 1477 1116 ‚
1500 1082 1548 1112 sed
1559 1085 1649 1113 etiam
1658 1084 1775 1124 judices
1786 1087 1906 1115 omneis
1917 1084 2014 1125 potest
2025 1084 2168 1124 defatiga-

1206 1133 1246 1154 re.
1270 1126 1316 1154 M.
1328 1125 1443 1154 Omitte
1456 1123 1508 1155 ista
1519 1144 1527 1158 ‚
1551 1127 1658 1155 Attice.
1683 1136 1747 1156 non
1758 1129 1843 1157 enirn
1853 1127 1888 1157 de
1901 1128 1958 1157 hoc
1969 1127 2069 1157 senatu
2081 1146 2090 1160 ,
2111 1135 2166 1156 nec

1205 1166 1252 1195 his
1274 1165 1310 1196 de
1330 1166 1509 1196 hominibus
1523 1187 1531 1200 ‚
1560 1168 1703 1207 quinunc
1714 1168 1800 1202 sunt,
1820 1169 1870 1199 sed
1884 1168 2038 1199 defuturis
2052 1188 2060 1202 ‚
2084 1166 2166 1208 siqui

1204 1206 1283 1238 forte
1309 1208 1356 1237 his
1375 1208 1495 1250 legibus
1514 1208 1614 1248 parere
1634 1210 1787 1240 voluerint
1806 1230 1814 1244 ,
1835 1211 1897 1240 haec
1916 1210 2040 1240 habetur
2059 1218 2167 1240 oratio.

1206 1251 1287 1280 Nam
1298 1248 1370 1279 curn
1383 1253 1471 1280 omni
1481 1252 1558 1281 vitio
1567 1260 1664 1281 carere
1677 1251 1726 1282 lex
1738 1252 1838 1289 iubeat
1849 1272 1858 1286 ,
1882 1262 1920 1282 ne
1930 1254 2032 1283 veniet
2041 1251 2167 1293 quidem

1205 1294 1239 1320 in
1261 1301 1331 1321 eum
1352 1292 1492 1322 ordinem
1514 1302 1658 1333 umquam
1673 1295 1903 1334 vitiiparticeps.
1927 1295 1962 1324 Id
1972 1302 2071 1324 autem
2084 1291 2169 1323 diffi-

1204 1334 1261 1363 cile
1280 1332 1361 1363 fafitu
1380 1333 1439 1367 est,
1464 1332 1519 1363 nisi
1537 1335 1716 1365 educatione
1730 1336 1857 1377 quadarn
1871 1356 1880 1370 ,
1901 1336 2100 1376 &disciplina
2112 1345 2117 1364 :
2129 1334 2169 1365 de

1204 1542 1241 1572 de
1251 1541 1408 1581 disciplina
1419 1543 1535 1572 locum.
1559 1545 1606 1573 M.
1622 1546 1672 1573 Tu
1683 1543 1755 1574 verb
1765 1545 1797 1574 &
1813 1543 1904 1574 istum
1920 1563 1929 1577 ‚
1944 1546 2042 1574 Attice
2053 1563 2060 1576 ,
2073 1546 2088 1570 9
2099 1543 2131 1572 &1
2145 1541 2167 1572 fi

1204 1593 1297 1623 quem
1319 1584 1412 1613 alium
1432 1585 1572 1623 praeterii.
1599 1586 1712 1614 Ceteris
1732 1585 1884 1624 specimen
1895 1583 1970 1614 esto:
1987 1584 2067 1625 quod
2079 1583 2099 1614 si
2111 1583 2165 1618 est,

1205 1633 1344 1654 tenemus
1353 1634 1467 1655 omnia.
1493 1627 1535 1654 Ut
1545 1626 1630 1655 enim
1641 1625 1855 1665 cupiditatibus
1866 1627 2036 1666 principum
2050 1646 2058 1660 ‚
2078 1626 2111 1656 &
2121 1627 2170 1656 vi-

1205 1667 1255 1696 tiis
1266 1664 1350 1696 infici
1361 1666 1435 1696 solet
1446 1675 1506 1697 tota
1517 1668 1621 1697 civitas
1635 1677 1640 1696 :
1663 1666 1700 1697 sic
1711 1668 1883 1701 emendari,
1906 1668 1939 1697 &
1949 1669 2058 1710 corrigi
2069 1669 2170 1698 conti-

1204 1710 1316 1738 nentia.
1340 1711 1395 1737 Vir
1407 1717 1533 1749 magnus
1543 1728 1551 1742 ,
1565 1708 1597 1739 &
1607 1709 1697 1739 nobis
1708 1710 1853 1740 omnibus
1862 1711 1977 1739 amicus
1990 1730 1998 1744 ‚
2011 1712 2045 1740 L.
2058 1709 2173 1740 Lucul-

1204 1749 1252 1779 lus
1262 1769 1270 1783 ,
1293 1752 1324 1770 ¹0
1336 1748 1512 1780 efferebatur
1521 1749 1600 1790 quafi
1612 1750 1857 1782 commodiffime
1870 1750 2085 1791 respondisset,
2096 1750 2171 1782 cum

1205 1789 1276 1820 esset
1296 1790 1415 1830 obje&a
1434 1790 1657 1832 magnificentia
1674 1794 1755 1824 villae
1775 1794 1973 1826 Tusculanae,
1993 1792 2070 1824 duos
2080 1794 2108 1824 se
2117 1795 2172 1824 ha-

1205 1831 1275 1862 bere
1286 1834 1405 1862 vicinos
1418 1842 1423 1860 :
1434 1833 1618 1872 superiorem
1629 1853 1638 1867 ‚
1659 1837 1790 1874 equitem
1803 1837 1842 1865 R.
1851 1833 2029 1865 inferiorem
2042 1855 2051 1870 ,
2075 1835 2173 1865 liber-

1205 1875 1306 1903 tinum
1324 1884 1330 1902 2
1351 1883 1480 1914 quorum
1493 1873 1565 1904 cum
1576 1873 1669 1905 ess'ent
1682 1875 1850 1916 magnificae
1859 1876 1957 1909 villae‚
1978 1877 2105 1909 concedi
2116 1875 2172 1908 fibi

1205 1924 1342 1954 oportere
1354 1934 1363 1948 ,
1382 1915 1464 1955 quod
1475 1917 1512 1945 iis
1526 1935 1535 1949 ,
1556 1918 1608 1956 qui
1620 1919 1767 1948 tenuioris
1782 1918 1898 1948 ordinis
1916 1916 2009 1948 essent
2022 1938 2032 1953 ,
2051 1920 2167 1949 liceret.

1206 1959 1281 1987 Non
1291 1957 1376 1987 vides
1387 1978 1396 1990 ‚
1411 1958 1550 1991 Luculle,
1562 1959 1578 1988 a
1590 1966 1617 1988 te
1630 1959 1660 1988 id
1672 1960 1770 1999 ipsum
1781 1969 1898 1993 natum,
1909 1968 1942 1989 ut
1951 1960 1998 1990 illi
2009 1969 2166 2002 cuperent,

1206 1999 1314 2039 quibus
1326 1999 1368 2033 id,
1382 1997 1403 2028 fi
1417 2007 1447 2029 tu
1458 2009 1521 2029 non
1533 1999 1642 2030 faceres
1655 2020 1663 2035 ‚
1684 2011 1748 2032 non
1761 2002 1872 2033 liceret.
1898 2003 1974 2043 Qis
1987 2005 2070 2039 enim
2082 2002 2172 2032 ferret

1207 2040 1279 2071 istos
1292 2061 1300 2075 ‚
1322 2040 1394 2071 curri
1403 2040 1519 2071 videret
1529 2051 1634 2072 eorum
1647 2044 1734 2074 villas
1746 2042 1834 2085 fignis
1845 2064 1853 2078 ,
1875 2044 1907 2074 &
1920 2043 2027 2075 tabulis
2037 2044 2170 2078 refertas,

1188 2126 1190 2131 ἲ
1206 2085 1315 2124 partim
1326 2083 1466 2123 publicis,
1477 2085 1585 2124 partim
1595 2085 1687 2117 etiam
1695 2086 1793 2121 sacris,
1803 2087 1835 2117 &
1847 2084 1990 2128 religiosis
2001 2090 2011 2117 ?
2028 2089 2095 2130 quis
2105 2095 2171 2117 non

2085 2128 2170 2160 sran—

1209 2213 1360 2240 Maiiutium
1374 2212 1494 2249 repetisse
1504 2212 1643 2240 videi-etur
1655 2232 1663 2245 ‚
1682 2220 1775 2241 conti-a
1784 2222 1875 2240 omnes
1886 2213 2084 2250 msfiperculiffet
2093 2215 2171 2251 legit.

1210 2250 1341 2276 Puteanus
1353 2249 1498 2284 adquiescit
1508 2250 1599 2276 nostrae
1612 2249 1719 2276 leetioni
1733 2259 1741 2281 5
1762 2250 1804 2277 sed
1816 2250 1908 2277 mallet
1918 2249 2025 2277 rescribi
2037 2252 2171 2285 ‚percutis-

1200 2286 1277 2319 set,fi
1286 2286 1376 2319 qnisfic
1384 2289 1410 2311 in
1420 2295 1464 2317 me,
1477 2285 1561 2311 recifis
1572 2285 1739 2312 intermediis
1747 2306 1753 2312 .

1246 2330 1272 2355 5.
1290 2323 1362 2354 Senfit
1379 2325 1440 2347 enim
1458 2321 1534 2347 deberi
1551 2331 1596 2347 non
1613 2322 1696 2356 pff]
1718 2322 1761 2348 Sic
1779 2331 1872 2349 omnes
1882 2320 1944 2348 edd.
1963 2323 2168 2359 elegantiffime.

1207 2356 1240 2418 gc
1260 2357 1340 2384 etiam
1362 2356 1478 2384 Ovidius
1500 2358 1618 2394 Epistol&
1637 2357 1749 2385 Paridis.
1779 2360 1818 2385 At
1838 2358 1906 2385 Pall.
1925 2359 2044 2395 itemque
2064 2360 2169 2387 Fabric.

1223 2395 1289 2419 eleri-

1242 2430 1270 2455 6.
1289 2429 1315 2455 Ὺ.
1324 2429 1428 2463 ‘Prorsitr
1436 2431 1473 2456 ita
1483 2431 1525 2456 eff.
1538 2432 1572 2462 ἐζ
1581 2430 1656 2464 Haud
1663 2430 1792 2465 equidem]
1811 2430 1854 2457 Sic
1863 2429 1972 2458 distinxi
1983 2440 2017 2458 ex
2030 2431 2168 2464 vision-io,

1206 2465 1344 2498 Tui-nebo,
1356 2466 1477 2492 Manutio
1490 2467 1560 2502 Nep.
1582 2466 1662 2501 vulgo
1673 2477 1679 2493 ε
1702 2468 1848 2500 cQ‘Prorfiu
1856 2470 1892 2494 iia
1906 2467 1995 2500 fintio:
2015 2469 2082 2494 haud
2089 2470 2169 2502 equid.

1208 2501 1264 2529 mss.
1276 2501 1391 2529 Palatin.
1403 2501 1481 2529 Fabr.
1501 2503 1529 2528 S.
1540 2501 1644 2529 metor.
1663 2505 1694 2528 P.
1704 2505 1742 2529 ita
1752 2506 1801 2528 eff:
1821 2511 1864 2528 am
1874 2504 1987 2537 equidem.
2008 2511 2038 2531 ut
2059 2505 2169 2540 vulgata

1207 2538 1296 2574 inepta
1307 2547 1316 2567 ς
1338 2537 1464 2565 Lambini
1474 2537 1561 2564 audax
1572 2539 1599 2564 ὅτ
1613 2546 1707 2565 contra
1718 2538 1784 2564 libb.
1794 2538 1841 2566 est.

1243 2582 1271 2608 7.
1292 2577 1332 2599 Ex
1340 2574 1376 2600 his
1385 2581 1474 2606 amem,
1485 2577 1525 2608 qni
1535 2575 1696 2607 magistrarum
1707 2582 1826 2607 ceperunt,
1836 2574 2001 2609 quodsbnatus
2010 2577 2119 2609 efficitur,
2125 2583 2170 2610 po-

1203 2610 1400 2644 pularemsaml]
1427 2611 1490 2636 Non
1503 2609 1608 2636 sustinui
1620 2611 1692 2646 sequi
1703 2610 1882 2644 coiijesturaui
1894 2611 2025 2644 Turnebi,
2037 2612 2172 2648 rcfiiigen-

1209 2646 1374 2680 tis‚populare
1385 2648 1430 2678 eff,
1441 2648 1504 2672 cuin
1517 2647 1651 2681 vulgatam
1664 2646 1806 2673 ieetionem
1818 2654 1942 2673 tueantur
1953 2647 2009 2674 mis.
2024 2650 2049 2675 S.
2064 2649 2170 2677 victor.

1211 2682 1289 2709 Fabr.
1301 2681 1359 2708 Pal.
1369 2688 1435 2708 tert.
1449 2684 1518 2716 (nam
1530 2690 1619 2718 quart.
1631 2682 1674 2708 hic
1683 2682 1783 2716 deficit)
1795 2690 1874 2718 atque
1884 2682 1950 2709 adeo
1962 2683 2061 2710 visatur
2070 2685 2095 2711 in
2107 2685 2171 2712 edd.

1209 2718 1275 2745 Ald.
1294 2718 1399 2744 Victor.
1419 2720 1539 2745 cerei-uui
1559 2729 1607 2755 pro
1619 2719 1719 2752 fiaehlata
1738 2722 1874 2751 cooptatione
1892 2720 2004 2749 censorid.
2024 2720 2081 2747 Pal.
2102 2729 2167 2749 tert.

1212 2755 1287 2781 Fabr.
1295 2755 1396 2788 fiiblata
1405 2757 1439 2781 eff
1449 2758 1557 2788 cooptatio
1568 2757 1679 2789 censet-ia.
1700 2754 1844 2785 Lambino.
1855 2755 2005 2791 quodlibet,
2016 2756 2088 2783 licet.

1246 2791 1262 2818 8
1269 2812 1275 2817 .
1296 2792 1418 2817 ‘Praeclara
1427 2792 1484 2816 verb
1496 2810 1503 2823 ,
1515 2792 1596 2824 frater
1608 2810 1615 2823 ,
1634 2792 1678 2823 ista
1686 2793 1725 2817 lex
1734 2794 1769 2817 ef!
1782 2810 1789 2823 ‚
1799 2801 1827 2821 ω’
1836 2793 1883 2817 lari)
1889 2800 1957 2825 patet
1967 2811 1975 2823 ,
1985 2800 2011 2818 ur
2020 2796 2080 2819 vitio
2089 2800 2170 2819 careat

1208 2827 1260 2854 ordo
1273 2847 1280 2859 ‚
1299 2827 1328 2858 ἐν
1338 2827 1448 2859 censorem
1458 2828 1545 2861 quaen]
1567 2829 1609 2854 lta
1621 2827 1761 2854 Turnebus
1773 2846 1781 2859 ‚
1801 2836 1878 2863 quem
1899 2827 2017 2864 sequitui·
2035 2829 2171 2856 nobiscum

1211 2863 1277 2893 Ald.
1288 2864 1332 2889 Ne
1354 2882 1361 2889 .
1371 2862 1454 2889 Mich.
1466 2865 1575 2890 Brutus.
1597 2863 1677 2899 vulgo
1690 2883 1699 2896 ,
1717 2866 1761 2897 ista
1769 2866 1808 2889 lex
1819 2883 1828 2895 ,
1839 2864 1920 2898 fid&
1931 2867 2011 2890 altera
2028 2872 2055 2891 ut
2072 2867 2100 2897 ὼ
2109 2869 2173 2892 vitio

1211 2907 1292 2929 careat
1301 2909 1326 2924 or
1344 2909 1365 2930 o,
1379 2899 1408 2929 ὸ·
1416 2906 1443 2924 ut
1454 2901 1515 2933 cens.

1245 2944 1274 2997 p.
1295 2936 1346 2996 ξφ·
1353 2944 1418 2998 qiam
1428 2937 1502 2961 alium
1506 2936 1612 2969 praeiorii
1615 2934 1637 2970 .]
1659 2934 1721 2962 Mss.
1733 2935 1819 2963 Palat.
1831 2934 1896 2963 edit.
1907 2935 2034 2969 merarii,
2045 2937 2167 2965 Turneb.

1210 2983 1243 3000 vu
1277 2972 1293 2998 ὁ
1327 2976 1364 2997 cel
1383 2992 1388 2997 .

1249 2981 1291 3033 rgo.
1312 3007 1464 3039 Effcrebatur
1475 3025 1483 3039 ‚
1502 3008 1570 3041 quast
1585 3008 1748 3042 coiiimodiffimk
1766 3008 1937 3042 rqspondeffit]
1960 3009 2038 3035 Parui
2053 3007 2167 3035 editioni

1211 3043 1327 3071 Victorii
1340 3062 1347 3075 ‚
1360 3043 1478 3069 Turuebi
1489 3044 1657 3080 aliorumque
1668 3054 1674 3071 :
1697 3045 1725 3070 δε
1737 3044 1822 3071 minus
1835 3044 1936 3071 duabus
1948 3044 2045 3071 litteris
2057 3045 2121 3071 hanc
2131 3045 2170 3070 lc-

1213 3081 1329 3107 &ionem
1341 3079 1461 3115 praestant
1472 3079 1596 3106 Palatinae
1608 3079 1770 3107 Membranae
1781 3089 1789 3111 5
1811 3081 1835 3107 iii
1846 3081 1879 3107 iis
1889 3090 1937 3116 pro
1948 3080 2171 3114 effirebatur,ftre—

1210 3119 1294 3145 batur.
1315 3114 1396 3151 vulgo
1405 3117 1542 3151 ,ferebatur
1549 3114 1622 3152 quam
1631 3117 1798 3152 commodiffimi
1806 3117 1911 3153 rqspondi
1931 3127 1952 3144 ι.

2070 3160 2095 3179 ι.
2106 3152 2179 3185 04ρί-

2187 1128 2225 1162 13
