2360 3400
685 110 794 142 -nn
889 96 1172 143 OFFIC

215 180 383 225 justitiam,
402 187 458 210 nec
474 175 694 208 liberalitatem.
717 176 805 208 fortis
824 176 917 212 verb,
935 176 1073 207 dolorem
1088 177 1170 207 sum-

217 234 305 256 mum
317 223 432 253 malum
443 219 595 259 judicans:
615 229 663 249 aut
675 229 840 259 temperans
855 239 864 252 ,
886 220 1072 259 voluptatem
1084 219 1168 249 sum-

216 275 304 297 mum
316 265 434 295 bonum
445 262 574 292 statuens
586 282 594 296 ,
615 259 672 291 effe
681 264 760 292 certe
770 261 856 291 nullo
867 261 962 291 modo
971 260 1077 301 potest.
1092 263 1167 299 Qiae

215 316 400 348 quamquam
421 308 460 336 ita
478 304 544 334 sunt
563 306 596 333 in
612 312 775 344 promptu,
796 312 884 333 utres
895 303 1094 343 disputatione
1104 311 1168 332 non

214 357 296 389 egeat
309 368 318 382 ,
338 357 439 379 tamen
463 346 556 377 sunta
572 346 660 376 nobis
678 345 739 375 alio
757 345 826 375 loco
838 344 991 385 disputata.
1016 346 1072 374 Hae
1082 343 1171 374 disci—

210 392 305 432 plinae
324 392 414 431 igitur
422 388 443 419 fi
452 387 504 418 fibi
515 389 721 418 consentaneae
728 385 786 416 ess'e
799 386 895 417 velint
904 406 913 420 ,
932 386 969 417 de
979 385 1082 416 officio
1092 386 1172 414 nihil

211 441 325 473 queant
332 433 439 462 dicere.
462 440 562 472 neque
583 431 643 460 ulla
659 427 754 459 officii
767 437 909 468 praccepta
919 426 1022 462 firma,
1043 426 1168 461 stabilia,

210 473 375 514 conjun&a
385 483 495 504 naturae
506 492 514 506 ‚
527 471 599 502 tradi
610 469 730 512 possunt
741 490 749 504 ‚
765 470 819 500 nifi
828 470 921 500 autab
931 471 968 500 iis
979 490 988 504 ,
999 471 1052 511 qui
1061 469 1168 503 solam3

210 525 261 547 aut
274 516 310 546 ab
320 518 358 546 iis
368 536 375 550 ‚
396 518 448 556 qui
459 515 593 546 maxime
603 511 789 543 honestatem
799 521 919 553 propter
929 512 958 542 se
968 511 1069 542 dicant
1076 520 1168 550 expe-

208 558 341 589 tendam.
354 561 454 599 Itaque
465 558 582 598 propria
593 555 635 588 est
645 565 677 584 ea
687 557 846 596 praeceptio
855 555 1039 587 Stoicorum,
1053 553 1086 584 &
1095 556 1169 582 Aca-

207 600 399 630 demicorum
411 620 420 633 ,
431 600 463 629 &
472 600 736 639 Peripateticorum
748 607 753 626 :
765 598 911 637 quoniam
923 595 1082 629 Aristonis,
1097 597 1168 634 Pyr-

209 643 315 672 rhonis
326 662 334 676 ‚
347 642 478 675 Herilli,
496 641 558 680 jam
568 639 686 680 pridem
696 639 818 679 explosa
829 638 974 668 sententia
984 636 1043 668 est:
1064 638 1116 678 qui
1127 645 1169 667 ta-

211 693 283 714 men
294 684 491 723 haberentjus
502 684 589 713 suum
599 680 771 722 disputandi
782 680 818 710 de
829 679 933 710 officio
944 700 953 712 ,
968 677 989 709 si
998 689 1099 710 rerum
1112 678 1167 708 ali-

206 735 298 766 quem
309 725 461 756 dele6mm
472 722 659 765 reliquiss'ent
668 743 676 756 ‚
694 731 727 752 ut
735 722 771 752 ad
780 721 875 752 officii
883 722 1095 752 inventionem
1105 719 1170 751 adi-

207 776 255 798 tus
269 766 350 798 effet.
376 771 385 786 ¹
397 768 558 808 Sequimur
572 766 662 806 igitur
682 766 740 795 hoc
755 763 880 805 quidem
894 772 1029 803 tempore
1041 783 1049 796 ‚
1069 763 1103 794 &
1116 762 1170 794 hac

207 810 241 839 in
249 808 414 850 quaestione
422 807 612 848 potiffimum
621 808 756 839 Stoicos,
776 815 840 835 non
857 814 891 836 ut
905 807 1097 844 interpretes:
1117 805 1166 836 sed

207 860 241 881 ut
252 852 383 881 solemus
392 869 401 884 ‚
412 850 428 879 e
432 848 564 889 fontibus
574 857 681 877 eorum
692 867 701 881 ‚
708 847 827 886 judicio
838 867 847 880 ‚
859 846 1040 887 arbitrioque
1051 846 1166 882 nostro,

207 896 477 932 ²quantocumque
495 889 591 919 modo
610 888 777 922 videbitur,
797 889 981 919 hauriemus.
1004 889 1101 919 Placet
1110 891 1168 931 igi-

209 941 258 963 tur
268 952 277 966 ‚
295 934 442 974 quoniam
457 932 561 961 omnis
579 930 738 969 dispatatio
748 929 785 960 de
794 928 899 960 officio
908 929 1008 960 futura
1016 929 1060 960 est
1070 951 1079 964 ,
1099 931 1168 962 ante

208 972 336 1005 definire
347 993 355 1008 ‚
374 972 449 1014 quid
461 971 494 1003 fit
503 971 645 1003 officium
657 982 664 1000 ε
681 971 765 1013 quod
774 971 791 1002 a
801 974 932 1002 Panaetio
939 971 1169 1012 praetermissum

207 1014 267 1047 esse
276 1017 383 1046 miror.
406 1025 425 1046 o
436 1025 463 1045 M
473 1024 495 1045 Ν
506 1025 518 1044 1
528 1025 542 1044 s
559 1016 643 1044 enim
655 1033 663 1048 ‚
675 1024 742 1055 quae
751 1013 767 1044 a
776 1016 892 1044 ratione
903 1014 1057 1054 suscipitur
1066 1014 1103 1045 de
1112 1016 1168 1046 ali-

205 1067 265 1099 qua
274 1067 316 1092 re,
327 1056 478 1088 institutio
487 1077 496 1091 ‚
506 1056 595 1087 debet
603 1056 618 1087 a
628 1055 809 1086 definitione
817 1054 967 1096 proficisci
980 1067 986 1085 z
1004 1065 1037 1086 ut
1047 1058 1077 1086 in
1083 1057 1165 1087 telli-

173 1116 186 1134 9
206 1109 309 1140 gamr,
332 1099 408 1141 quid
423 1099 456 1130 fit
468 1099 500 1129 id
515 1119 524 1132 ,
544 1098 581 1128 de
601 1108 662 1139 quo
675 1098 850 1138 disputetur.
890 1099 1001 1127 Omnis
1014 1097 1050 1128 de
1063 1097 1169 1130 officio

174 1132 187 1148 ³
205 1142 319 1182 duplex
329 1141 373 1172 est
384 1140 519 1182 quaestio.
542 1149 640 1171 unum
655 1149 752 1181 genus
770 1138 812 1169 est
823 1159 832 1172 ‚
852 1139 934 1180 quod
944 1142 1074 1179 pertinet
1084 1141 1118 1171 ad
1129 1141 1166 1171 fi-

205 1194 278 1214 nem
292 1184 448 1214 bonorum
464 1193 470 1213 :
492 1183 620 1213 alterum
632 1201 641 1216 ,
659 1181 740 1224 quod
754 1180 883 1221 positum
897 1180 941 1212 est
953 1183 986 1211 in
999 1185 1163 1223 praeceptis,

202 1225 313 1267 quibus
324 1227 356 1256 in
366 1227 488 1256 omneis
496 1226 602 1265 parteis
613 1224 684 1255 usus
693 1226 760 1254 vitae
771 1222 944 1254 confirmari
954 1222 1049 1263 poffit.
1070 1227 1163 1265 Supe—

202 1270 290 1297 rioris
307 1265 425 1307 generis
442 1266 619 1306 hujusmodi
637 1266 778 1306 exempla
794 1266 880 1296 sunt:
900 1267 1052 1296 Omniane
1063 1265 1163 1298 officia

198 1308 330 1349 perfesta
343 1308 418 1339 fint:
440 1319 516 1340 num
530 1307 612 1350 quod
625 1307 763 1339 officium
777 1307 858 1337 aliud
870 1308 930 1338 alio
945 1309 1042 1348 maJ'us
1054 1307 1102 1339 fit:
1125 1310 1160 1340 &

198 1361 265 1392 quae
275 1351 343 1381 sunt
350 1353 469 1392 generis
478 1350 622 1391 ejusdem.
645 1352 785 1392 Qorum
794 1358 895 1380 autem
906 1348 1079 1380 officiorum
1087 1360 1162 1391 prae-

196 1402 282 1433 cepta
292 1393 448 1424 traduntur
458 1413 468 1426 ‚
486 1402 519 1423 ea
531 1413 541 1425 ‚
557 1402 738 1433 quamquam
750 1393 901 1432 pertinent
909 1392 945 1422 ad
956 1390 1051 1422 finem
1063 1393 1163 1423 bono-

199 1445 268 1465 rum
282 1454 291 1468 ‚
311 1444 412 1465 tamen
431 1434 463 1464 id
485 1435 588 1463 minus
606 1443 740 1473 apparet,
761 1435 832 1474 quia
842 1435 937 1473 magis
950 1434 985 1463 ad
996 1433 1163 1465 institutio—

200 1486 274 1506 nem
283 1478 352 1506 vitae
371 1478 548 1506 communis
561 1475 687 1514 specstare
702 1475 860 1505 videntur:
882 1476 918 1504 de
928 1476 1038 1515 quibus
1049 1475 1092 1506 est
1102 1487 1160 1507 no-

198 1518 246 1548 bis
268 1519 315 1547 his
333 1517 420 1547 libris
436 1516 662 1556 explicandum.
686 1519 785 1556 Atque
804 1517 896 1545 etiam
914 1517 970 1546 alia
988 1516 1096 1547 divisio
1117 1519 1159 1549 est

198 1557 304 1588 officii.
325 1568 396 1589 nam
408 1558 441 1589 δε
449 1558 587 1588 medium
597 1557 749 1598 quoddam
761 1556 899 1586 officium
911 1557 1020 1587 dicitur
1029 1577 1038 1590 ,
1051 1558 1084 1588 &
1092 1569 1160 1598 per—

194 1599 322 1630 ferm.
345 1599 515 1631 PerfeRum
529 1598 668 1630 officium
679 1619 688 1633 ,
707 1597 835 1632 restam,
854 1598 992 1639 (opinor)
1002 1608 1160 1635 vocemus3

196 1642 278 1683 quod
289 1643 386 1672 Graeci
396 1643 548 1678 καΊὸςόωμοιι
573 1645 585 1669 3
597 1643 654 1672 hoc
664 1650 763 1671 autem
773 1660 782 1674 ‚
797 1650 939 1670 commune
947 1661 956 1675 ‚
969 1641 1052 1682 quod
1060 1643 1159 1673 καθῆκον

195 1693 315 1714 vocant.
339 1687 438 1725 Atque
448 1693 480 1713 ea
489 1682 528 1713 fic
538 1681 700 1717 definiunt,
713 1691 759 1717 ut,
773 1682 889 1712 reecum
899 1682 982 1723 quod
992 1680 1036 1717 fit,
1047 1683 1079 1714 id
1091 1695 1159 1724 per-

193 1724 311 1757 festum
331 1724 470 1756 officium
487 1723 547 1755 effe
567 1723 730 1755 definiant:
750 1723 887 1754 medium
900 1732 1001 1754 autem
1016 1723 1157 1757 officium

195 1768 228 1798 id
239 1766 296 1798 esse
305 1767 406 1798 dicant
416 1787 425 1800 ‚
440 1766 523 1808 quod
534 1786 544 1800 ‚
554 1765 729 1797 curfaCtum
742 1764 792 1799 fit,
815 1768 889 1796 ratio
896 1765 1061 1805 probabilis
1071 1767 1155 1798 reddi

193 1808 290 1850 poffit.
314 1810 441 1849 Triplex
451 1811 543 1849 igitur
553 1807 597 1838 est
605 1827 614 1842 ‚
628 1815 661 1838 ut
671 1809 805 1838 Panaetio
814 1806 934 1837 videtur
943 1827 952 1840 ‚
970 1810 989 1834 4
997 1807 1102 1848 confilii
1109 1819 1158 1839 ca-

191 1852 298 1893 piendi
308 1851 494 1881 deliberatio.
517 1860 589 1880 nam
601 1869 610 1883 ,
629 1848 830 1879 honestumne
843 1847 923 1878 faeta
937 1846 988 1883 fit,
1009 1858 1046 1881 an
1058 1858 1154 1890 turpe,

193 1893 333 1923 dubitant
342 1913 350 1927 ‚
365 1893 396 1923 id
407 1912 416 1927 ‚
437 1891 519 1933 quod
531 1897 564 1922 in
573 1891 824 1922 deliberationem
834 1889 921 1920 cadit.
944 1891 978 1920 in
989 1900 1050 1931 quo
1059 1890 1156 1922 confi—

193 1934 326 1965 derando
344 1935 417 1975 saepe
433 1935 532 1964 animi
548 1935 582 1964 in
597 1934 757 1964 contrarias
770 1933 930 1963 sententias
944 1931 1155 1964 distrahuntur.

193 1979 280 2010 Tum
290 1985 391 2007 autern
400 1985 450 2007 aut
458 1977 618 2017 inquirunt
627 1995 637 2011 ,
648 1983 698 2006 aut
707 1975 876 2005 consultant
885 1973 921 2005 ad
930 1975 1001 2004 vitae
1010 1984 1155 2006 commo-

190 2018 315 2049 ditatem
328 2038 336 2052 ,
353 2018 629 2060 jucunditatemque
638 2037 647 2051 ,
663 2016 699 2047 ad
708 2015 862 2047 facultates
871 2025 972 2047 rerum
981 2035 990 2049 ‚
1006 2025 1092 2058 atque
1104 2027 1155 2048 co-

190 2062 254 2101 pias
264 2080 274 2094 ‚
295 2060 331 2090 ad
344 2070 414 2100 opes
426 2079 436 2094 ‚
453 2059 490 2090 ad
502 2061 669 2099 potentiam
680 2077 689 2092 ,
711 2058 820 2099 quibus
831 2059 863 2089 &
877 2058 907 2089 se
918 2056 1028 2097 poffint
1036 2061 1152 2098 juvare,

191 2102 226 2132 &
236 2102 322 2133 suos:
340 2099 530 2132 co'nducatid
543 2121 552 2135 ,
571 2111 669 2131 necne
679 2119 688 2134 ‚
707 2100 745 2130 de
753 2109 815 2141 quo
825 2099 1001 2130 deliberant.
1024 2110 1088 2141 quae
1098 2101 1153 2131 de-

1209 100 1366 144 11³⁵
1430 98 1600 147 Ltn.
1682 102 1715 149 Ι.

2058 122 2180 159 1211

1213 177 1294 208 tandi
1307 187 1401 220 genus
1411 177 1538 213 estaeum
1549 190 1680 223 pugnare
1690 181 1810 216 videtur
1818 193 1888 217 curn
1900 184 2028 219 honesto
2038 187 2084 222 id,
2093 189 2178 230 quod

1211 220 1329 250 videtur
1339 219 1396 251 esse
1408 222 1490 252 utile.
1511 221 1590 254 Cum
1601 226 1685 255 enim
1697 226 1812 258 utilitas
1821 226 1856 258 ad
1866 228 1896 259 se
1905 238 2005 269 rapere
2013 250 2023 264 ‚
2036 229 2178 262 honestas

1211 262 1313 292 contra
1323 272 1458 294 revocare
1468 264 1503 294 ad
1514 265 1542 294 se
1554 265 1673 297 videtur
1681 287 1690 301 ‚
1703 266 1736 299 fit
1746 277 1779 299 ut
1787 269 1965 301 distrahatur
1974 271 2179 304 deliberando>

1211 305 1329 334 animus
1341 324 1349 338 ,
1370 303 1529 346 afferatque
1541 310 1702 348 ancipitem
1717 321 1818 342 curam
1832 313 1995 353 cogitandi.
2019 317 2084 345 Hac
2094 314 2178 345 divi-

1212 343 1293 374 fione
1304 366 1313 379 ‚
1335 345 1417 384 (cum
1435 351 1582 387 praeterire
1600 350 1714 391 aliquid
1734 356 1906 385 maximum
1922 355 2033 386 vitium
2049 358 2080 386 in
2095 356 2180 387 divi-

1211 385 1312 416 dendo
1322 386 1367 428 sit)
1381 388 1441 418 duo
1454 390 1646 429 praetermissa
1658 393 1734 425 sunt.
1759 397 1824 426 Nec
1841 399 1926 427 enim
1947 398 2048 428 solum
2068 407 2174 429 utrum

1213 427 1374 459 honestum
1385 449 1394 463 ‚
1413 440 1450 461 an
1460 440 1543 472 turpe
1555 431 1589 463 sit
1601 454 1609 468 ,
1629 434 1787 467 deliberari
1798 438 1890 473 solet,
1909 439 1957 470 sed
1969 442 2060 470 etiam
2073 460 2082 474 ‚
2097 441 2177 470 duo-

1215 469 1270 500 bus
1279 471 1582 519 prop-ofitis-honestis
1591 495 1600 509 ‚
1612 485 1713 508 utrum
1725 479 1890 510 honestius.
1904 483 2043 523 Itemque
2053 481 2180 512 duobus

1212 512 1369 551 propositis
1382 514 1505 545 utilibus
1514 535 1522 549 ,
1534 525 1633 548 utrum
1646 520 1762 551 utilius.
1785 524 1827 552 Ita
1838 542 1846 556 ‚
1857 532 1946 564 quam
1959 524 2010 553 ille
2020 525 2172 564 triplicem

1213 556 1328 601 putavit
1346 554 1404 585 eise
1422 558 1568 603 rationem
1582 579 1590 593 ,
1610 561 1643 589 in
1653 564 1788 604 quinque
1800 567 1908 604 parteis
1918 564 2056 595 distribui
2066 565 2177 596 debere

1214 605 1368 644 reperitur.
1391 600 1528 645 Ifrimum
1550 602 1639 642 igitur
1658 603 1701 634 est
1717 604 1754 634 de
1767 605 1895 637 honesto
1906 626 1915 641 ‚
1936 607 1986 637 sed
1996 607 2174 647 dupliciter:

1213 646 1277 667 tum
1290 647 1351 678 pari
1360 647 1474 670 ratione
1484 641 1521 672 de
1531 644 1597 672 utili
1608 655 1616 678 ς
1632 645 1699 684 post
1712 646 1749 676 de
1761 650 1987 688 comparatione
1996 659 2099 679 eorum
2113 649 2177 679 dis-

1214 679 1387 727 serendum.
1412 684 1563 724 Principio
1571 689 1673 725 generi
1682 689 1886 720 animantium
1897 692 1985 721 omni
1995 689 2036 721 est
2044 686 2061 720 ἃ
2070 698 2175 720 natura
2191 702 2213 733 4

1213 720 1360 752 tributum
1374 742 1382 756 ,
1404 732 1438 753 ut
1455 725 1483 754 se
1494 744 1503 758 ,
1524 727 1617 757 vitam
1629 747 1637 762 ‚
1654 731 1818 771 corpusque
1831 740 1965 768 tueatur,
1983 733 2176 774 declinetque

1214 773 1247 810 ea
1257 783 1265 796 ‚
1285 773 1351 804 quae
1370 767 1507 796 nocitura
1525 767 1681 800 videantur
1690 791 1698 805 ‚
1720 774 1884 814 omniaque
1894 794 1902 808 ,
1922 784 2121 816 quaecumque
2138 774 2176 806 ad

1214 805 1382 836 vivendum
1394 805 1450 837 sint
1469 811 1483 834 5
1494 808 1650 842 necessaria
1661 831 1668 845 ‚
1681 814 1812 854 inquirat
1821 835 1830 849 ,
1843 816 1875 846 &
1884 825 1974 856 paret.
1997 816 2173 857 urpastum,

1213 856 1245 877 ut
1255 847 1379 879 latibula
1388 868 1398 882 ‚
1411 850 1508 880 utalia
1517 851 1647 891 ejusdem
1659 858 1789 894 generis.
1811 859 1987 889 Commune
1997 868 2096 889 autem
2107 861 2175 889 ani-

1212 891 1362 920 mantium
1374 893 1518 922 omnium
1527 892 1569 924 est
1579 896 1649 930 coni
1654 896 1809 928 unEtionis
1818 903 1962 939 appetitus
1972 920 1981 934 ,
1996 900 2174 941 procreandi

1211 932 1314 965 causa,
1337 932 1371 962 ὅ(
1387 942 1456 964 cura
1474 935 1610 975 quaedam
1625 947 1731 968 eorum
1742 959 1751 973 ‚
1774 950 1839 980 quae
1853 951 2002 980 procreata
2014 943 2091 973 sunt.
2114 942 2173 973 Sed

1210 975 1290 1004 inter
1309 974 1468 1005 hominem
1482 995 1491 1010 ‚
1511 977 1544 1008 &
1558 978 1678 1010 beluam
1697 982 1755 1011 hoc
1771 983 1907 1013 maxime
1927 984 2069 1018 interest,
2087 983 2172 1024 quod

1210 1016 1274 1046 haec
1283 1015 1403 1046 tantum
1416 1037 1425 1052 ,
1434 1018 1581 1058 quantum
1593 1020 1678 1052 sensu
1689 1033 1830 1054 movetur
1840 1045 1848 1058 ,
1860 1025 1895 1055 ad
1907 1025 1937 1055 id
1950 1026 2046 1056 solum
2061 1046 2069 1059 .
2087 1026 2173 1066 quod

1208 1056 1289 1088 adest
1299 1077 1307 1091 2
1317 1058 1459 1100 quodque
1468 1061 1579 1100 presens
1588 1062 1632 1092 eft'
1643 1083 1650 1096 ,
1663 1064 1692 1094 se
1702 1068 1926 1101 accommodat,
1939 1068 2107 1107 paullulum
2119 1067 2173 1097 ad-

1210 1099 1339 1131 modum
1361 1101 1493 1131 sentiens
1510 1107 1693 1142 praeteritum
1705 1126 1714 1139 .
1733 1116 1783 1138 aut
1800 1107 1947 1139 futurum.
1969 1107 1986 1129 ⁶
1999 1112 2105 1139 Homo
2116 1119 2173 1139 au-

1208 1150 1269 1171 tem
1281 1162 1291 1175 ,
1310 1142 1393 1184 quod
1412 1145 1537 1174 rationis
1553 1145 1596 1176 est
1613 1150 1756 1188 particeps
1768 1169 1775 1183 ‚
1797 1160 1946 1191 perquam
1957 1152 2173 1191 consequentia

1206 1192 1318 1218 cernit,
1333 1184 1434 1215 causas
1442 1195 1544 1216 rerum
1555 1187 1654 1222 videt,
1673 1200 1835 1231 earumque
1844 1191 2010 1233 progreffus
2022 1212 2030 1226 ‚
2046 1193 2079 1223 &
2090 1191 2171 1234 quast

1205 1224 1417 1256 anteceffiones
1427 1236 1491 1257 non
1502 1229 1622 1269 ignorat
1633 1251 1642 1265 ‚
1662 1230 1878 1264 similitudines
1888 1244 2042 1275 comparat
2050 1254 2058 1268 ,
2079 1234 2112 1264 &
2122 1244 2173 1264 re·

1206 1267 1261 1297 bus
1268 1268 1464 1308 praesentibus
1473 1269 1611 1312 adiungit
1621 1292 1630 1306 ‚
1642 1282 1728 1314 atque
1737 1275 1872 1306 annefikit
1881 1275 1995 1307 futuras
2007 1287 2013 1305 1
2025 1276 2112 1307 facile
2121 1285 2171 1306 to-

1205 1311 1264 1339 tius
1276 1312 1346 1356 vitae
1357 1311 1477 1341 cursum
1493 1312 1573 1343 videt
1594 1333 1604 1347 ‚
1616 1315 1650 1345 ad
1660 1326 1787 1357 eamque
1797 1317 1963 1359 degendam
1974 1326 2114 1359 praeparat
2122 1327 2171 1348 tes

1204 1350 1553 1395 necessarias1eademque
1562 1360 1709 1391 natura‚vi
1720 1361 1845 1390 rationis
1855 1361 2017 1391 hominem
2027 1360 2173 1391 conciliat

1202 1395 1325 1424 homini
1339 1394 1373 1424 &
1383 1394 1418 1425 ad
1428 1398 1574 1427 orationis
1584 1418 1592 1432 ‚
1613 1399 1646 1430 &
1660 1399 1696 1430 ad
1707 1403 1776 1431 vitae
1786 1401 1957 1433 societatem
1975 1413 1981 1432 z
1999 1404 2172 1443 ingenerat-

1201 1445 1260 1476 que
1276 1438 1310 1465 in
1327 1438 1435 1476 primis
1453 1440 1636 1479 praecipuum
1650 1442 1802 1482 quendam
1816 1453 1953 1475 amorem
1973 1446 2005 1474 in
2019 1453 2072 1474 eos
2083 1463 2092 1478 ‚
2111 1444 2167 1484 qui

1204 1480 1347 1517 procreati
1362 1478 1445 1509 sunt:
1464 1484 1479 1507 7
1489 1481 1681 1522 impellitque
1691 1493 1722 1513 ut
1733 1485 1897 1516 hominurn
1911 1494 2006 1516 coetus
2016 1505 2025 1519 ‚
2045 1486 2169 1516 &cele-

1205 1520 1354 1549 brationes
1366 1518 1424 1550 effe
1435 1540 1444 1554 ‚
1466 1520 1499 1551 &
1509 1521 1524 1551 a
1536 1522 1564 1551 se
1575 1523 1653 1553 obiri
1664 1526 1738 1556 velit
1750 1536 1755 1555 1
1775 1526 1816 1556 ob
1829 1527 1933 1567 easque
1944 1527 2040 1557 causas
2052 1526 2170 1556 studeat

1202 1570 1300 1600 parare
1319 1571 1371 1595 ea,
1390 1571 1456 1602 quae
1475 1563 1666 1602 suppeditent
1684 1566 1718 1596 &
1729 1566 1765 1596 ad
1778 1569 1894 1597 cultum
1909 1588 1917 1601 ,
1938 1567 2018 1597 &ad
2027 1567 2144 1597 vietum
2160 1577 2170 1596 τ

1202 1612 1258 1631 nec
1268 1599 1321 1631 fibi
1332 1603 1385 1632 soli
1399 1622 1407 1635 ‚
1428 1602 1477 1633 sed
1485 1604 1628 1645 conjugi,
1650 1606 1753 1637 liberis
1763 1616 1775 1641 ,·
1790 1609 1955 1649 ceterisque
1966 1628 1975 1643 ,
1996 1618 2074 1650 quos
2082 1617 2168 1639 caros

1202 1643 1323 1677 habeat,
1342 1646 1479 1686 tuerique
1498 1644 1614 1677 debeat.
1638 1649 1712 1689 Qae
1729 1659 1799 1681 cura
1818 1651 1976 1681 exsuscitat
1995 1653 2086 1681 etiam
2099 1652 2169 1681 ani-

1202 1695 1269 1715 mos
1279 1704 1288 1719 ‚
1301 1686 1333 1716 &
1345 1686 1475 1726 majores
1485 1686 1521 1717 ad
1530 1697 1595 1718 rem
1606 1690 1767 1731 gerendam
1778 1690 1857 1723 facit.
1881 1695 1916 1723 In
1930 1692 2097 1734 primisque
2106 1693 2167 1723 ho-

1201 1729 1295 1757 minis
1305 1726 1347 1758 est
1355 1729 1474 1768 propria
1489 1723 1504 1747 8
1513 1731 1575 1760 veri
1585 1730 1741 1772 inquisitio
1752 1752 1761 1767 ‚
1780 1742 1868 1774 atque
1878 1733 2082 1775 investigatio.
2105 1737 2169 1766 Ita·-

1200 1778 1259 1809 que
1269 1778 1339 1798 curn
1350 1770 1453 1800 sumus
1462 1769 1629 1802 necessariis
1638 1776 1771 1815 negotiis
1781 1795 1790 1808 ‚
1800 1776 1938 1817 curisque
1947 1778 2034 1806 vacui
2045 1796 2054 1811 ,
2065 1779 2081 1803 9
2095 1785 2163 1808 tum

1199 1819 1323 1840 avemus
1331 1811 1446 1851 aliquid
1457 1811 1559 1842 videre
1569 1832 1579 1846 ‚
1591 1814 1704 1848 audire,
1714 1816 1862 1847 addiscere
1872 1837 1881 1852 ‚
1893 1819 2167 1859 cognitionemque

1200 1860 1301 1881 rerum
1313 1853 1556 1883 autoccultarum
1568 1873 1578 1887 ,
1596 1856 1883 1889 autadmirabilium
1893 1879 1903 1894 ,
1925 1859 1998 1889 ¹0ad
2014 1860 2097 1890 beate
2112 1861 2163 1890 vi-

1199 1892 1336 1923 vendum
1349 1891 1542 1924 necessariam
1555 1895 1706 1927 ducimus.
1729 1908 1768 1928 ex
1779 1909 1843 1940 quo
1852 1901 2058 1943 intelligitur,
2078 1900 2164 1942 quod

1201 1944 1221 1965 v
1232 1943 1252 1964 E
1261 1944 1283 1964 R
1292 1944 1315 1965 u
1325 1945 1352 1964 M
1364 1954 1373 1969 ‚
1393 1933 1520 1976 simplex
1531 1956 1540 1971 ,
1561 1935 1768 1981 sincerumque
1780 1942 1814 1972 fit
1826 1962 1836 1976 ,
1855 1943 1887 1973 id
1906 1941 1966 1973 effe
1981 1952 2091 1974 naturae
2106 1944 2164 1974 ho-

1199 1977 1293 2006 minis
1303 1976 1499 2016 aptiffimum.
1520 1981 1602 2010 Huic
1618 1983 1681 2011 veri
1698 1982 1825 2014 videndi
1844 1984 2001 2025 cupiditati
2017 1984 2166 2025 adjuneta

1196 2017 1239 2048 est
1256 2020 1402 2058 appetitio
1420 2020 1558 2060 quaedam
1578 2024 1762 2064 principatus
1773 2044 1783 2059 ,
1803 2035 1836 2056 ut
1849 2028 1968 2057 nemini
1980 2037 2079 2067 parere
2092 2030 2164 2058 ani-

1198 2070 1267 2090 mus
1287 2060 1362 2091 bene
1373 2064 1390 2092 a
1400 2061 1503 2092 natur&
1519 2062 1702 2096 informatus
1711 2066 1786 2098 velit
1796 2087 1805 2101 ‚
1824 2067 1879 2098 nifi
1888 2070 2073 2109 praecipienti
2084 2089 2093 2102 ,
2113 2077 2165 2101 aut

1195 2103 1337 2136 docenti,
1352 2113 1401 2134 aut
1411 2105 1548 2135 utilitatis
1557 2106 1658 2140 causa,
1672 2107 1750 2146 juste
1762 2129 1771 2143 ‚
1787 2110 1967 2152 &legitime
1980 2112 2139 2152 imperanti
2152 2121 2161 2142 ·.

189 2144 329 2176 liberatio
338 2152 442 2174 omnis
451 2144 485 2173 in
494 2144 642 2174 rationem
653 2142 791 2173 utilitatis
799 2141 885 2173 cadit·
909 2143 1050 2173 Tertium
1060 2142 1149 2174 dubi·
1192 2154 1231 2176 ex
1242 2154 1303 2186 quo
1313 2146 1411 2176 animi
1421 2148 1600 2187 magnitudo
1610 2147 1735 2185 exsistit,
1749 2154 1774 2171 ¹¹
1784 2153 2046 2195 humanarumque
2054 2163 2159 2185 rerum

2081 2205 2098 2225 C
2100 2205 2160 2226 on-

184 2229 2125 2245 Ἣ

230 2254 239 2272 1
248 2264 254 2271 .
273 2248 398 2279 Sequimur
405 2247 479 2278 igitur
486 2246 527 2271 hoc
538 2264 546 2277 ,
555 2245 623 2279 ἀνα]
644 2245 688 2272 Sic
696 2253 788 2272 omnes
799 2245 880 2272 nostri
893 2264 902 2278 ‚
913 2254 964 2272 non
969 2246 1093 2280 sequemur
1104 2265 1113 2280 ‚
1123 2253 1155 2274 ut

208 2280 256 2307 leri
280 2291 311 2307 ue
322 2280 384 2307 cusi.

189 2290 207 2316 p
225 2290 458 2351 2.qQantocunque
466 2316 526 2342 modo
535 2316 692 2352 videbatur]
714 2316 863 2344 Obsecutus
874 2316 929 2344 sum
941 2316 998 2344 mff.
1010 2318 1150 2346 Parrhasii.

190 2352 248 2380 aliae
258 2353 319 2380 edd.
329 2360 445 2387 quantum
454 2361 542 2387 quoque
551 2353 612 2378 modo
623 2371 631 2383 ,
650 2352 721 2389 quod
732 2354 759 2380 ὅτ
771 2354 796 2380 ἰη
810 2354 894 2381 Palat.
910 2353 1014 2380 secund.
1033 2364 1092 2381 nam
1108 2365 1150 2391 pr.

189 2389 357 2425 aliorumque
370 2408 378 2421 ,
396 2396 513 2424 quantum
529 2397 617 2424 quoquo
635 2391 714 2423 modo,·
732 2389 868 2426 quomodo
886 2390 951 2417 item
970 2390 1151 2427 impressiones

209 2434 295 2451 rimae.

190 2434 207 2461 p
229 2470 255 2496 3.
275 2465 321 2487 Hoc
330 2468 408 2488 autem
418 2470 531 2488 commune
538 2462 639 2493 καθῆκον
655 2462 770 2496 vunnu]
792 2462 837 2489 Est
847 2462 862 2488 ὲ
873 2461 1005 2489 Lambino
1016 2482 1025 2495 ,
1043 2470 1089 2490 aut
1104 2473 1150 2500 po-

188 2497 243 2523 tius
263 2498 438 2524 Maturantio.
465 2497 636 2524 consulantur
654 2506 725 2525 notae
743 2498 902 2525 Camerarii.
934 2498 1002 2526 Pan.
1023 2500 1103 2527 nostri
1124 2501 1152 2526 sc

190 2533 256 2559 (3111.
269 2532 366 2560 habent
377 2552 385 2565 ‚
405 2536 445 2559 hoc
455 2541 534 2560 autem
543 2543 657 2560 commune
669 2553 677 2566 ‚
687 2536 780 2567 officium
788 2542 888 2561 vocant.
930 2534 981 2561 uod
992 2535 1072 2562 etiam
1085 2535 1150 2563 ferri

188 2568 272 2605 poss'et
284 2589 292 2601 ‚
311 2569 401 2605 inquit
413 2569 576 2596 Gulielmius
588 2579 596 2601 ;
617 2577 648 2596 ut
658 2570 725 2596 velit
735 2589 744 2602 ,
764 2571 851 2596 vocari
862 2579 895 2606 po
918 2580 932 2596 e
942 2571 1041 2598 Latine
1052 2574 1150 2604 reflum,

189 2605 316 2640 quoniam
327 2605 427 2632 Graecis
438 2607 572 2641 κοιἹὸρθωμα,
584 2615 592 2636 ;
609 2614 723 2632 commum·
732 2613 820 2632 autem
832 2606 968 2642 occupasse
980 2606 1034 2640 jam
1044 2609 1150 2642 generis

187 2650 284 2668 nomen
297 2660 306 2673 ,
325 2642 352 2667 δι
365 2641 447 2677 vulgo
456 2643 550 2675 fficium
558 2641 622 2668 dici.
641 2642 679 2668 ita
696 2642 768 2668 enim
778 2641 936 2679 usurpabant
956 2644 1021 2675 officii
1040 2653 1148 2677 nomen,

187 2686 236 2712 pro
246 2677 340 2713 quovis
352 2678 431 2704 etiam
444 2677 558 2705 leviculo
577 2677 717 2705 benefaCto
728 2688 734 2704 ε
756 2680 843 2704 νεῐέιυη
853 2679 917 2705 vero
930 2697 938 2710 ‚
958 2686 988 2705 ut
1006 2679 1034 2705 &
1044 2679 1148 2707 auetori

185 2713 218 2739 ad
231 2714 398 2741 Herennium
415 2733 423 2745 ,
443 2713 469 2740 id
480 2714 515 2741 est
528 2733 535 2745 ,
549 2713 620 2750 quod
631 2723 690 2741 cum
703 2714 802 2750 uirtute
813 2722 893 2751 atque
902 2714 993 2741 officio
1002 2714 1043 2742 fit.
1064 2716 1149 2752 igitur

186 2749 255 2776 illud
264 2757 355 2777 vocant
364 2769 372 2782 ‚
384 2760 436 2777 non
449 2750 570 2786 respiciet
581 2769 590 2783 ,
600 2750 671 2787 quod
682 2749 809 2787 praecesfit
821 2754 893 2778 Graeci
903 2770 912 2785 ,
932 2751 975 2778 sed
986 2752 1037 2781 ἀπὸ
1045 2757 1077 2779 τὲ
1086 2759 1150 2781 xciv?

186 2785 358 2822 intelligetur
369 2787 498 2813 homines.

221 2829 250 2855 4.
274 2824 367 2856 Consilii
376 2823 484 2857 capiendi
492 2821 654 2856 deliberati&
675 2823 794 2860 inquirit
805 2823 831 2850 in
843 2823 910 2852 hanc
920 2824 1084 2854 locutionem
1096 2826 1148 2854 Er-

185 2857 259 2885 ricus
269 2859 416 2894 Stephanus
427 2859 496 2885 libro
511 2868 546 2885 11.
558 2858 781 2886 Schediasmatum
792 2869 848 2896 cap.
859 2869 908 2895 25.

226 2903 254 2927 5.
273 2896 420 2930 chffaria
426 2896 579 2930 inquirunt]
595 2895 740 2923 Lambinus
750 2900 897 2931 anquirunt,
908 2897 1079 2935 placebatque
1089 2899 1148 2926 Gu-

185 2928 291 2956 lielmio
302 2949 311 2962 ,
330 2931 374 2966 qui
385 2931 412 2958 id
422 2939 556 2968 repererat
574 2932 601 2958 in
613 2932 653 2957 M.
666 2932 695 2958 Sc
704 2933 737 2958 V.
747 2932 898 2969 aliuditque
909 2933 966 2961 Pal.
977 2944 1018 2971 pr.
1038 2935 1066 2961 St
1078 2936 1109 2962 F.
1120 2936 1145 2963 in

184 2964 282 3027 Ριιὶὶωε
293 2970 415 3000 acquirat.
436 2977 495 2995 nam
514 2967 641 2995 secundus
652 2968 739 2996 noster
751 2988 759 3001 ‚
777 2972 898 3004 atqui'rat.
917 2969 988 2997 idem
1001 2970 1145 2998 Lambinus

199 3010 262 3037 upra
280 3010 338 3038 cap.
350 3010 375 3038 3.
394 3002 500 3030 admiflt
516 3005 581 3032 item
596 3005 783 3039 Langianum5
808 3014 860 3031 cum
870 3013 913 3032 aut
922 3009 1056 3042 anquirunt
1069 3027 1077 3039 ‚
1096 3017 1146 3044 pro

185 3046 239 3072 quo
251 3037 307 3064 Pal.
319 3038 405 3065 noster
414 3037 520 3066 secund.
530 3047 580 3067 tum
590 3047 668 3067 aurem
678 3049 721 3067 atet
730 3042 804 3068 anxie
811 3050 919 3076 quarunt
929 3062 937 3074 ,
956 3042 1027 3079 quod
1040 3043 1146 3071 videtur

180 3074 450 3109 interpretamentum
460 3075 581 3104 alterius.
601 3078 712 3105 Interim
722 3076 869 3114 perpendat
879 3079 996 3106 Criticus
1009 3099 1017 3112 ,
1036 3089 1098 3107 num
1110 3080 1145 3107 il-

181 3109 227 3135 lud
240 3110 388 3145 praecedens
398 3111 569 3138 advivendum
580 3130 589 3145 ,
607 3112 724 3141 mitioris
744 3113 775 3140 fit
784 3115 942 3150 genuinum.
961 3119 1035 3146 cert&
1044 3126 1097 3148 non
1108 3117 1145 3146 est

177 3145 207 3174 in
218 3145 277 3175 Pal.
293 3156 336 3183 pr.
351 3147 583 3184 nisiinter-lineas,
597 3150 613 3178 it
624 3157 703 3180 mauu
712 3149 900 3180 recentiffima.

1224 2249 1253 2275 6.
1272 2251 1340 2274 Homo
1354 2256 1432 2275 autem
1444 2269 1452 2282 ‚
1471 2251 1534 2284 quod
1542 2252 1641 2277 rationis
1651 2254 1688 2277 eff
1691 2256 1817 2285 particeps
1828 2272 1836 2284 ‚
1853 2261 1898 2286 per
1914 2262 1987 2288 quam
1998 2253 2160 2287 consequentia

1191 2288 1277 2316 cernit,
1290 2286 1374 2319 causas
1384 2295 1462 2312 rerum
1471 2287 1550 2318 videt,
1560 2290 1835 2322 earumqueprogreffm‚
1844 2289 1912 2322 ὅγε]
1935 2289 1978 2315 Sic
1987 2289 2089 2315 Giianii
2102 2309 2110 2321 ‚
2122 2289 2158 2315 fic

1193 2321 1333 2347 Gulielmii
1344 2321 1421 2348 codd.
1441 2323 1475 2349 fic
1492 2322 1562 2349 Pali.
1580 2323 1627 2350 nili
1637 2324 1708 2359 quod
1728 2334 1768 2360 pr.
1790 2328 1832 2359 qui
1841 2325 1960 2355 ration-,³53
1981 2324 2116 2361 quomodo
2127 2325 2159 2351 δεῖ

1193 2358 1284 2393 primae
1294 2357 1357 2383 edd.
1368 2367 1427 2385 nam
1443 2358 1573 2395 subsequa:
1585 2378 1594 2391 ,
1611 2363 1721 2394 quoniam
1731 2362 1831 2386 rationis
1843 2381 1850 2393 ‚
1864 2361 1915 2392 <ly-c.
1937 2369 1966 2388 ut
1977 2362 2058 2388 mirer
2069 2361 2156 2397 postea

1193 2392 1320 2429 irrepsisse
1332 2413 1340 2425 ‚
1351 2398 1394 2428 qui
1403 2396 1502 2422 rationis
1512 2398 1675 2429 estpartiteps
1687 2416 1695 2428 ,
1715 2398 1876 2431 coust-quantita
1886 2401 1961 2423 cernit
1972 2416 1980 2430 ‚
1994 2400 2117 2431 prIntipia
2125 2398 2157 2428 ὁ·

1193 2431 1279 2464 causas
1297 2439 1376 2456 rerum
1393 2431 1461 2457 videt
1475 2450 1484 2464 ,
1502 2432 1554 2462 &aa
1584 2432 1726 2459 Turnebus
1746 2432 1794 2459 lib.
1809 2442 1891 2460 xxvi.
1922 2442 1980 2469 cap.
1992 2441 2038 2469 3²·
2058 2433 2156 2461 maluit

1192 2473 1320 2502 praeterca
1333 2468 1486 2501 praegrcfflm5
1506 2467 1576 2503 quod
1587 2469 1615 2494 Sc
1628 2468 1654 2495 in
1665 2468 1815 2496 Gifanianis
1830 2488 1838 2501 ,
1848 2470 1865 2495 si
1877 2479 1928 2495 non
1941 2470 2109 2496 mentiuntur
2119 2470 2157 2496 ii-

1191 2509 1255 2529 terae
1265 2502 1321 2536 ejus
1331 2502 1363 2528 ad
1375 2503 1519 2530 stiffi-idum
1532 2504 1647 2531 nostruin
1660 2513 1668 2534 3
1679 2504 1828 2541 dii'erthue
1838 2505 1946 2541 praefcrt
1957 2505 2015 2532 Pal.
2027 2505 2131 2533 secund.
2176 2531 2179 2533 i

1229 2546 1256 2573 7.
1276 2540 1416 2574 Impellitque
1427 2558 1436 2571 ‚
1454 2547 1481 2565 ut
1490 2542 1605 2565 hominum
1615 2548 1685 2566 ωιτη
1701 2542 1905 2572 &celebrationes
1917 2561 1925 2573 ,
1944 2542 1972 2572 εἴ]
1982 2542 2022 2576 effe
2034 2561 2041 2573 ,
2059 2541 2112 2573 &zi
2128 2541 2154 2575 se

1188 2576 1248 2600 obiri
1255 2575 1341 2608 velim]
1363 2576 1405 2601 Sic
1417 2576 1558 2602 Turnebus
1578 2579 1592 2602 e
1604 2575 1662 2603 mss.
1673 2575 1723 2603 fuis
1735 2596 1743 2609 ‚
1763 2586 1847 2613 neque
1857 2578 1935 2604 aliter
1945 2578 2074 2612 Langiani
2085 2577 2153 2610 duo,

1189 2610 1246 2636 Pal.
1257 2609 1306 2637 sec.
1318 2612 1359 2636 M.
1371 2612 1406 2637 D.
1418 2612 1450 2636 V.
1463 2613 1497 2638 C.
1517 2612 1640 2648 primitus
1652 2612 1702 2638 culi
1717 2632 1724 2644 ‚
1742 2620 1769 2638 ret
1779 2615 1895 2639 hominum
1907 2621 1976 2639 teme
1993 2615 2023 2644 ὠ·
2038 2615 2156 2640 celebrari

1186 2647 1282 2680 inter-se
1291 2647 1369 2681 &fibi
1378 2647 1465 2674 obediri
1473 2649 1550 2680 velit5
1561 2647 1631 2683 quod
1643 2649 1669 2674 &
1680 2647 1761 2675 secuti
1772 2649 1908 2676 Viktorius
1920 2659 1950 2676 ac
1961 2651 1991 2675 Ρ.
2002 2650 2138 2676 Manutius
2146 2669 2154 2676 .

1187 2683 1315 2710 Palatinae
1334 2683 1494 2711 membranae
1504 2684 1595 2720 primae
1605 2683 1731 2717 brevius;
1751 2687 1890 2720 impellitque
1907 2687 2023 2712 hominum
2041 2693 2113 2712 catut
2121 2687 2151 2717 (ἔγ

1184 2720 1299 2745 celebrari
1306 2722 1370 2745 inter
1371 2720 1398 2752 se
1406 2720 1434 2750 (ἓν
1443 2721 1529 2746 obediri
1537 2723 1609 2747 velit.

1223 2754 1250 2782 8.
1270 2756 1323 2782 Veri
1330 2757 1473 2791 inquisitio]
1495 2756 1617 2785 Adnotat
1635 2757 1798 2786 Gulielmius
1817 2758 1844 2785 in
1864 2757 2011 2795 Langianis
2032 2758 2148 2786 inveniri

1186 2793 1319 2827 anquifitio.

1222 2836 1251 2863 9.
1270 2829 1328 2854 ‘Tum
1337 2836 1435 2854 memus·
1444 2829 1539 2864 aliquid
1546 2830 1628 2856 videre
1638 2850 1647 2863 ,
1657 2831 1742 2857 aredire
1753 2850 1760 2862 ,
1772 2830 1919 2866 ΛΜΨ-ενι]
1936 2831 1978 2857 Ita
1987 2830 2150 2863 Lambinus,

1187 2873 1273 2901 neque
1283 2865 1361 2891 aliter
1370 2865 1411 2891 M.
1423 2866 1456 2891 V.
1468 2866 1502 2892 D.
1514 2867 1563 2892 Cr.
1583 2866 1675 2902 prima:
1685 2868 1754 2894 enim
1766 2867 1897 2894 editiones
1910 2885 1918 2899 ,
1929 2867 2013 2894 audire
2024 2886 2032 2898 ,
2050 2868 2147 2901 difien,

1185 2902 1230 2926 vel
1245 2901 1347 2934 adiscere
1357 2913 1364 2926 :
1382 2901 1417 2928 {ic
1429 2900 1488 2928 sane
1506 2901 1574 2929 liber
1591 2902 1679 2930 editus
1698 2903 1794 2930 Roma:
1814 2912 1865 2930 cio
1885 2911 2076 2930 ccccnxvxii.
2101 2912 2149 2939 per

1188 2936 1312 2963 Unicum
1325 2938 1385 2964 Han
1401 2937 1434 2964 dc
1445 2938 1556 2965 Vienna.
1568 2937 1625 2965 mff.
1635 2939 1680 2966 alii
1692 2949 1721 2965 ac
1731 2939 1826 2973 discere.

1225 2982 1268 2999 ιο.
1287 2973 1328 3000 Ad
1336 2973 1401 3000 Beate
1410 2974 1567 3010 vivendum]
1582 2975 1661 3002 Haud
1673 2974 1743 3003 secus
1755 2975 1812 3002 Pal.
1823 2975 1863 3002 M.
1876 2976 1926 3003 Cr.
1936 2975 1970 3002 V.
1981 2976 2016 3003 D.
2028 2976 2062 3002 C.
2074 2974 2149 3002 codi-

1185 3008 1278 3045 cesque
1289 3009 1411 3036 Lambini
1424 3019 1432 3041 ;
1450 3019 1502 3036 non
1514 3030 1523 3043 ‚
1542 3011 1576 3036 ad
1583 3012 1638 3038 bene
1654 3013 1765 3048 beateque
1781 3012 1931 3046 vhendnm5
1952 3019 1981 3039 ut
1998 3011 2147 3048 praeferun':

1184 3045 1277 3081 primis
1289 3045 1453 3082 temporibus
1463 3046 1564 3074 excufi.

1224 3090 1233 3108 1
1243 3091 1265 3108 t.
1286 3085 1499 3118 Humanarumque
1508 3091 1586 3109 rerum
1595 3084 1732 3120 eontentio]
1755 3084 1798 3112 Sic
1807 3085 1836 3111 &
1846 3084 1915 3112 Pau.
1926 3084 1955 3111 8<
1967 3084 2007 3109 Μ.
2019 3083 2103 3114 τεᾶς,
2116 3088 2148 3109 ut

1185 3117 1317 3145 Suffridus
1327 3118 1577 3153 noster-jamdudum
1587 3120 1690 3148 docuit.
1708 3120 1871 3148 Gulielmius
1883 3122 1946 3148 vero
1958 3119 2044 3150 addit,
2055 3126 2150 3144 conten-

1181 3156 1265 3183 tionem
1275 3154 1332 3184 heic
1339 3164 1394 3188 non
1406 3162 1516 3221 tantun&
1522 3155 1670 3192 ssgnificare
1681 3156 1794 3186 studium
1809 3177 1817 3193 ‚
1827 3157 1871 3186 ied
1883 3158 1911 3186 ὃς
1921 3155 2148 3194 comparationem

1525 3201 1542 3222 o
1553 3203 1571 3222 ο
1584 3203 1600 3222 ο
1611 3203 1628 3221 ο
1638 3203 1655 3223 ο
1665 3204 1681 3222 ο
1692 3203 1708 3221 2.
2063 3199 2148 3226 ‘1²²⁸-
