2379 3400
265 99 388 150 1294
669 77 1179 124 M.Tuti„11

256 175 333 198 num
344 163 544 197 extimescere.
577 157 905 200 Angamurliberorum
918 174 928 188 .
947 152 1146 185 autaffinium
1161 155 1209 183 in-

259 212 367 238 teritu?
385 206 457 246 quid
480 204 538 234 ita?
558 211 589 231 ut
608 200 715 231 stultos
739 200 915 230 imitemur,
935 199 1008 237 qui,
1028 205 1093 236 quae
1105 196 1212 225 mutari

258 259 321 279 non
332 247 449 288 poss‘unt
459 266 466 279 ,
478 253 600 285 quaeque
611 242 658 272 vel
668 240 804 271 nolentes
813 240 991 279 opprimunt
1002 257 1010 270 ,
1022 236 1148 277 perferre
1159 246 1213 266 nc·-

259 298 374 330 queunt
385 300 389 316 :
402 288 529 317 saniores
541 305 548 318 ,
568 292 699 324 quorum
714 291 774 312 tam
786 282 882 311 multa
892 279 1007 310 exstant
1017 279 1052 309 ad
1063 280 1210 309 aeternita-

262 340 323 361 tem
341 327 464 359 illustria
482 326 540 356 five
550 325 707 364 exempla,
729 322 788 353 five
799 322 990 354 testimonia,
1011 322 1210 360 negligamus?

261 371 332 412 quid
344 370 385 401 est
393 369 472 400 aliud
485 388 494 402 ‚
512 375 662 398 caecoi'um
675 374 761 395 more
770 365 921 395 ambulare
933 383 941 396 ‚
962 363 994 393 δε
1004 382 1013 396 ,
1032 362 1103 392 cum
1116 364 1148 391 in
1163 371 1211 391 ce—

263 414 398 442 lebritate
414 410 520 441 verlari
532 429 541 443 ,
561 419 594 439 ac
607 408 686 440 Solis
696 408 814 437 lumine
826 408 869 436 uti
880 403 971 445 possis
983 425 992 438 ,
1014 402 1210 434 solitudinem

262 463 362 484 tamen
382 473 390 487 ,
419 463 452 483 ac
470 451 603 482 tenebras
628 458 756 490 quaetere
776 451 787 476 ?
804 457 867 488 Jarn
886 449 970 477 enim
993 445 1027 476 ad
1045 455 1117 478 eos,
1136 454 1213 485 quos

261 495 394 526 aemulari
403 493 492 525 satius
505 492 548 523 est
559 512 566 526 .
577 492 710 533 quosque
720 490 809 520 nobis
820 488 984 519 imitandos
993 487 1147 528 proposuit
1159 495 1212 516 an·

261 540 381 578 tiquitas
393 556 402 569 ,
422 535 521 566 nostra
539 534 689 564 delabatur
713 533 815 562 oratio.
838 533 971 561 Mortem
983 530 1113 570 igiturin
1125 529 1212 558 malis

261 579 349 608 nullo
359 578 454 608 modo
464 576 522 607 effe
529 575 701 616 ponendam
714 595 723 607 ,
734 574 825 604 sedin
835 574 992 613 praecipuis
1004 572 1093 601 bonis
1104 579 1212 600 nume-

259 620 402 654 randam,
422 619 628 649 dubitaturum
649 625 723 656 puto
739 618 909 646 neminem.
928 612 949 643 si
961 615 1044 643 enim
1055 613 1071 642 a
1086 612 1214 642 miseriis

261 661 403 692 abstrahit
415 682 423 695 ‚
442 660 462 690 si
481 662 513 690 in
535 659 696 689 meliorem
709 659 801 687 vitam
814 656 948 689 inducit,
974 654 1100 695 fineque
1111 653 1216 683 misera

261 704 324 743 ipsa
346 703 389 734 est
399 724 406 736 ‚
425 712 481 733 nec
490 703 581 732 ullius
590 701 732 741 particeps
744 699 889 730 miseriae,
907 707 959 727 cui·
969 697 1045 727 mala
1053 696 1217 726 censeatur?

263 745 306 775 fin
327 746 385 775 hoc
406 746 543 785 largitur,
565 752 603 778 lut
617 742 803 781 sempiternis
813 741 902 770 bonis
913 742 1082 779 potiamur,
1104 739 1218 767 vitam·

262 798 320 828 que
332 807 340 820 ‚
360 796 451 827 quam
470 785 628 815 mortalem
653 783 815 813 habuimus
827 801 835 815 ‚
855 790 997 811 aeternam
1008 780 1218 819 adipiscamur,

262 829 335 870 quid
350 838 446 858 morte
457 828 571 858 beatius
579 824 634 855 effe
645 823 752 865 poffit?
768 827 863 864 itaque
875 821 1102 863 sapientiffimos
1115 821 1218 850 homi-

263 881 317 901 nes
334 872 505 910 accepimus
525 878 588 898 non
607 865 701 897 modo
719 867 840 896 suorum
861 874 958 894 morte
977 873 1039 893 non
1059 862 1218 903 perculsos,

265 922 363 953 neque
373 912 477 943 dolore
488 911 553 941 ullo
561 908 747 942 affeet0s‚sed
761 917 852 937 etiam
866 905 1018 946 saepiffime
1031 906 1142 935 laetatos
1152 902 1219 933 esse-

265 958 449 994 Anaxagorae
462 973 472 987 ‚
492 956 568 982 inter
586 950 747 980 familiares
768 950 836 979 suos
853 949 889 978 de
910 957 1010 978 natura
1020 955 1118 976 rerum
1132 943 1218 975 disse-

265 997 360 1029 renti,
385 994 440 1026 filii
460 1002 590 1024 mortem
611 994 780 1022 nuntiatam
794 990 930 1020 tradunt:
944 990 1080 1029 nihilque
1091 987 1171 1018 aliud
1182 987 1217 1017 ab

264 1047 302 1067 eo
321 1037 517 1078 responsum,
537 1032 602 1067 nisi,
622 1034 748 1064 seillum
761 1030 893 1073 genuiss'e
906 1032 1077 1063 mortalem,
1100 1029 1218 1069 praecla-

263 1089 294 1110 ra
310 1080 386 1109 vero
396 1088 456 1109 vox
467 1097 476 1112 ,
497 1078 530 1108 ὃς
542 1076 610 1107 vere
622 1075 710 1116 digna
722 1094 730 1108 ‚
752 1084 816 1115 quae
826 1075 841 1103 a
853 1082 933 1104 tanto
945 1075 1010 1102 viro
1023 1073 1219 1101 emitteretur.

266 1130 330 1151 non
351 1122 434 1150 enim
454 1120 522 1151 sane
542 1119 632 1148 video
646 1138 653 1150 ,
678 1117 753 1157 quid
774 1115 954 1155 sapientius,
975 1111 1219 1144 autconstantius

266 1163 326 1193 dici
344 1161 448 1202 poss'er.
468 1171 505 1192 an
521 1159 742 1191 adolescentem
764 1155 921 1187 illumess'e
936 1158 1113 1186 mortuum?
1133 1153 1219 1184 traditi

268 1206 323 1234 hoe
343 1206 438 1234 animi
451 1224 459 1236 .
484 1212 540 1233 nec
558 1204 590 1231 in
602 1201 690 1231 rebus
699 1197 825 1230 adversis
833 1198 998 1229 admodum
1011 1196 1090 1227 firmi
1103 1195 1217 1236 signum

267 1244 375 1277 fuiss‘et.
395 1256 434 1276 an
452 1246 518 1286 an'gi
541 1244 599 1274 sese
619 1252 683 1272 non
704 1243 770 1275 sua,
793 1241 841 1271 sed
855 1239 1025 1270 filiicausa?
1045 1241 1221 1279 numigitur

267 1291 402 1328 ignorare
420 1288 450 1318 se
472 1286 611 1316 fateretur
621 1303 629 1318 ,
647 1286 764 1325 quant-is
787 1283 804 1312 ὲ
814 1282 901 1312 malis
910 1282 1022 1321 elapsus
1032 1279 1103 1311 esset
1117 1279 1196 1309 filius
1209 1283 1220 1308 ?

265 1340 303 1361 an
317 1330 343 1360 se
353 1329 476 1370 quidem
488 1328 603 1360 dolere,
615 1326 663 1356 sed
677 1334 777 1355 tamen
787 1325 955 1354 humanum
966 1323 1066 1353 casum
1079 1322 1218 1363 agnosce-

265 1375 320 1402 re?
342 1372 393 1401 ubi
411 1380 481 1412 ergo
492 1370 627 1400 hominis
636 1369 761 1409 gravitas
772 1386 780 1400 ,
800 1365 947 1404 judicium
959 1383 967 1398 ‚
990 1365 1153 1404 sapientia?
1172 1372 1221 1393 aut

267 1413 340 1454 quid
357 1413 393 1443 ab
409 1414 620 1452 imperitorum
632 1409 716 1440 turba
727 1407 867 1438 distabit?
886 1407 901 1437 ὲ
912 1406 1022 1447 quibus
1034 1415 1134 1436 tamen
1147 1406 1219 1445 saepe

267 1455 360 1485 multi
378 1464 432 1485 nec
454 1456 492 1483 iis
510 1453 597 1483 rebus
617 1460 765 1491 anguntur
777 1470 785 1483 ,
802 1459 870 1490 quae
889 1447 1049 1479 necessario
1062 1450 1218 1480 eveniunt,

267 1507 323 1527 nec
333 1517 341 1530 ,
361 1507 424 1537 quo
435 1494 542 1525 minus
549 1496 690 1524 eveniant
703 1513 711 1523 ,
722 1491 794 1522 cum
804 1499 985 1521 communes
995 1490 1141 1520 omnibus
1152 1487 1219 1522 sint,

266 1538 462 1569 laborandum
476 1537 540 1566 ullo
549 1535 635 1576 patilo
645 1535 776 1564 censent.
799 1533 854 1562 Ille
868 1531 939 1561 verb
949 1532 1064 1571 sapiens
1075 1550 1083 1564 ,
1106 1532 1138 1561 δε
1149 1530 1219 1560 vere

268 1580 467 1621 philosophus
487 1588 493 1606 z
519 1587 610 1618 quem
631 1585 727 1616 neque
745 1574 925 1613 improvisus
944 1575 1067 1602 nuntius
1083 1572 1219 1611 perculit,

269 1631 325 1651 nec
343 1621 359 1650 a
376 1620 574 1659 disputatione
588 1617 714 1647 abduxit
735 1635 744 1649 ‚
762 1615 809 1645 sed
831 1617 932 1654 potius
947 1624 1053 1644 vocem
1069 1610 1217 1652 expreffir,

270 1663 396 1693 summae
407 1661 539 1691 indicem
549 1658 736 1689 fortitudinis
747 1677 755 1690 ‚
767 1666 799 1686 ac
810 1657 968 1696 sapientiae.
992 1655 1102 1685 vellem
1117 1655 1150 1684 &
1161 1656 1218 1683 hoc

268 1705 367 1744 ipsum
391 1703 427 1732 de
445 1702 581 1742 pluribus
599 1710 636 1730 ex
659 1698 767 1729 nostris
784 1698 881 1727 dicere
900 1698 1002 1726 liceret
1014 1708 1018 1725 :
1030 1706 1106 1736 quos
1126 1694 1145 1724 si
1162 1705 1219 1735 qua

271 1745 422 1776 interdum
443 1744 572 1773 fortunae
591 1739 730 1781 oppreffit
749 1741 876 1776 injuria,
898 1738 974 1767 nihil
992 1737 1072 1767 aliud
1092 1737 1219 1776 judices,

270 1787 360 1829 quatri
375 1784 531 1826 prostratos
546 1784 615 1813 illos
629 1803 636 1817 ,
655 1793 688 1812 ac
697 1783 816 1822 penitus
828 1778 960 1820 abjeEtos
969 1777 1035 1808 ess'e.
1059 1776 1137 1818 quasi
1148 1776 1220 1807 vero

268 1828 381 1869 aliquid
398 1827 557 1859 acciderit,
577 1824 657 1865 quod
670 1824 793 1854 velante
806 1822 884 1861 ipsos
895 1823 1032 1854 nemini,
1052 1828 1120 1853 aut,
1138 1818 1220 1860 quod

269 1870 336 1911 ipsis
348 1890 355 1904 ,
380 1868 399 1899 si
410 1871 512 1899 minus
523 1869 581 1897 hoc
593 1875 727 1906 tempore
737 1884 747 1899 ,
758 1864 860 1894 saltem
876 1864 975 1902 paucis
987 1861 1053 1902 post
1062 1863 1147 1891 annis
1158 1871 1220 1890 nori

269 1921 448 1943 eventurum
467 1910 565 1940 fuerit.
584 1918 617 1939 ac
629 1928 637 1941 ,
655 1907 726 1938 ci'im
752 1905 887 1936 maxime
910 1906 1015 1934 animo
1025 1906 1121 1944 vigere
1131 1903 1221 1933 debe-

268 1963 355 1987 rent,
372 1963 437 1983 tum
456 1951 603 1993 praecipue
614 1959 678 1980 non
689 1948 789 1979 solum
801 1949 951 1987 praeteritae
962 1965 971 1979 ‚
992 1948 1151 1986 patriaeque
1161 1946 1220 1974 vir-

269 1997 342 2027 tutis
357 2014 366 2029 ,
386 1995 434 2025 sed
449 1996 539 2024 etiam
550 1994 688 2023 humana:
701 1992 786 2031 legis,
798 1999 830 2020 ac
839 1989 923 2029 paene
933 1988 1153 2018 obliviscuntur
1167 1987 1222 2016 sui.

269 2046 384 2068 tantum
395 2039 427 2066 in
437 2045 542 2066 eorum
556 2035 667 2065 animis
679 2032 825 2062 mollities
832 2029 929 2071 potest
939 2050 947 2063 ,
966 2040 999 2060 ac
1008 2030 1133 2059 servitus
1142 2038 1222 2069 quae—

270 2080 339 2110 dam
359 2078 492 2111 doloris,
510 2086 599 2118 atque
616 2074 754 2106 tristitiae.
775 2077 822 2103 An
842 2082 898 2112 ego
910 2070 1223 2111 illuinjudicarelibe-

270 2131 338 2152 rum
357 2119 464 2160 poffim
477 2139 485 2153 ,
504 2121 553 2149 cui
573 2118 661 2148 dolor
677 2117 824 2156 imperat?
839 2123 931 2155 quem
950 2116 1123 2153 repentinus
1141 2112 1223 2143 casus

270 2162 433 2204 perturbat,
445 2160 591 2200 impellit,
609 2160 736 2189 evertit?
755 2158 807 2198 qui
818 2157 895 2186 nihil
911 2165 969 2196 prae
979 2155 1094 2185 doloris
1108 2155 1224 2195 magni-

269 2203 386 2237 tudine,
401 2205 541 2243 cogitare‚
553 2201 630 2231 nihil
642 2200 779 2230 meditari
788 2200 896 2239 queat?
913 2199 965 2238 qui
976 2198 1053 2227 nihil
1064 2199 1094 2227 in
1105 2196 1224 2235 seipso:

270 2248 304 2276 in
315 2245 499 2285 temporibus
511 2263 520 2277 ‚
540 2252 624 2284 atque
635 2245 667 2272 in
679 2241 797 2272 fortuna
809 2260 817 2273 ,
828 2249 894 2280 quae
904 2239 1068 2269 stabilitatis
1083 2239 1161 2268 nihil
1174 2238 1225 2267 ha-

272 2289 323 2318 bet
335 2307 343 2321 ,
366 2287 412 2316 sua
422 2295 513 2326 ponat
523 2286 629 2315 omnia
643 2287 655 2313 ?
671 2293 726 2325 ego
737 2281 901 2312 verbistam
916 2291 981 2311 non
997 2281 1091 2311 modo
1101 2280 1226 2310 servitu-

272 2339 346 2363 tem,
358 2328 405 2359 sed
414 2328 498 2368 paene
507 2328 727 2367 captivitatem,
739 2324 903 2365 &quidem
917 2323 1115 2353 miserrimam
1127 2342 1137 2355 ‚
1156 2330 1226 2351 cen-

273 2372 393 2401 suerim.
413 2369 485 2410 quid
504 2372 587 2399 enim
601 2366 720 2397 'interest
730 2369 809 2395 inter
819 2375 889 2395 eum
901 2385 909 2398 ,
931 2364 1112 2405 (Ῑυὶνίηᾶυε
1122 2364 1158 2393 ab
1169 2364 1226 2392 ho-

273 2413 384 2446 stibus,
407 2413 438 2442 &
448 2411 611 2442 carceribus
619 2408 796 2441 conclusus,
821 2405 986 2437 obsideatur
999 2426 1006 2439 ‚
1021 2405 1053 2436 &
1071 2414 1143 2435 eum
1153 2424 1162 2438 2
1174 2406 1225 2445 qui

273 2455 379 2485 dolore
386 2463 486 2494 captus
498 2473 507 2486 ,
531 2453 583 2482 suo
593 2450 709 2491 prorsus
719 2457 813 2481 careat
826 2448 949 2479 arbitrio
963 2448 972 2473 ?
988 2448 1078 2477 atille
1087 2446 1225 2487 quidem,

272 2496 323 2526 etsi
335 2505 460 2535 corpore
471 2496 586 2527 serviat,
597 2494 702 2523 animo
713 2500 814 2522 tamen
825 2490 901 2520 liber
910 2489 955 2519 est
963 2504 971 2518 2
983 2498 1037 2519 nec
1047 2488 1162 2518 dubitat
1173 2488 1227 2517 ali—

273 2537 393 2578 quando
404 2536 468 2566 fore
478 2556 487 2569 ‚
505 2545 537 2566 ut
548 2535 715 2565 libertatem
726 2531 890 2573 assequatur
903 2531 971 2571 :qui
983 2529 1056 2560 verb
1067 2530 1166 2560 dolori
1177 2538 1225 2568 pa-

273 2589 317 2609 ret
329 2600 337 2612 ‚
357 2589 410 2609 nec
429 2579 508 2608 valet
523 2586 648 2617 corpore
660 2595 669 2609 ‚
693 2576 841 2605 &animo
849 2574 938 2614 quam
952 2574 1086 2602 maxime.
1102 2572 1226 2602 laborat.

275 2631 339 2651 non
350 2623 432 2650 enim
444 2618 620 2650 amicis-frui
629 2638 638 2652 ,
652 2627 714 2647 non
726 2617 912 2656 Reipublicae
922 2613 1057 2654 prodess'e
1067 2634 1076 2647 ,
1095 2623 1157 2643 non
1167 2615 1228 2652 pri-

275 2672 353 2692 vatas
367 2672 412 2692 res
421 2667 541 2694 curare,
562 2670 625 2690 non
637 2659 767 2699 publicis
776 2658 929 2688 consulere
939 2655 1043 2696 porest.
1062 2658 1140 2685 itairi
1152 2657 1231 2688 otio,

277 2703 310 2732 &
329 2705 453 2743 quidem
473 2700 681 2732 molestissimo
701 2721 709 2734 ‚
728 2710 781 2730 nec
798 2702 937 2740 cuiquam
960 2706 1056 2738 paret,
1076 2697 1109 2727 &
1128 2705 1229 2726 tamen

277 2743 329 2773 sibi
344 2755 406 2775 non
421 2748 553 2784 imperat.
576 2742 710 2786 quicum
718 2740 835 2772 affiduis
846 2761 855 2774 ,
878 2741 911 2770 &
926 2742 1069 2769 maximis
1079 2747 1231 2779 prematur

277 2785 418 2826 angustiis
432 2807 440 2819 ‚
458 2787 582 2816 alterum
601 2783 659 2814 effe
681 2782 793 2813 necesse
802 2782 845 2812 est
857 2803 865 2815 ,
886 2791 915 2812 ut
927 2781 1071 2822 quamdiu
1083 2784 1113 2810 in
1125 2780 1230 2810 dolore

276 2827 416 2860 versatur,
427 2827 637 2866 semper-miser
647 2824 679 2855 sit
691 2837 695 2854 :
705 2825 829 2855 alterum
843 2823 905 2853 fieri
917 2823 1002 2853 nullo
1013 2822 1108 2852 modo
1121 2820 1229 2862 p0test,

279 2877 311 2897 ut
326 2866 379 2896 nisi
400 2868 498 2897 dolere
512 2867 646 2898 desmate
665 2867 794 2897 miseriis
803 2869 961 2896 eximatur.
986 2866 1107 2904 Qanto
1118 2865 1232 2903 sapien-

277 2909 338 2939 tius
350 2911 523 2947 Xenophon
534 2929 542 2942 ,
554 2911 618 2950 qui,
636 2908 706 2939 cum
720 2909 794 2938 sacra
806 2907 952 2937 solemnia
962 2915 1122 2945 perageret,
1137 2905 1229 2941 majo-

279 2960 406 2990 remque
426 2959 494 2979 natu
513 2949 608 2979 filium
628 2953 659 2980 in
678 2951 781 2989 praelio
801 2949 876 2989 apud
897 2949 1082 2978 Mantineam
1094 2944 1233 2977 cecidisse

278 2991 411 3024 audiret,
430 3001 572 3021 coronam
591 2991 705 3021 tanturn
727 2993 743 3021 ἐ
763 3000 857 3031 capite
866 2990 1002 3030 deposuit
1015 3008 1023 3022 .
1045 2989 1134 3019 sedin
1148 2988 1234 3029 sacris

277 3033 451 3074 peragendis
461 3031 627 3062 constanter
638 3033 772 3071 perstitit.
801 3033 850 3062 ubi
862 3031 938 3062 verb
947 3033 1103 3071 cognovit,
1118 3030 1235 3059 fortiter

274 3080 459 3117 pugnantem
487 3071 627 3105 occidiss‘e
645 3093 654 3107 ,
684 3083 828 3105 coronam
851 3074 950 3105 rursus
966 3074 1056 3113 capiti
1076 3072 1234 3113 imposuit,

1257 74 1799 121 Crcssnon1s

1252 152 1381 193 deosque
1393 153 1469 192 ipsos
1483 173 1492 186 ‚
1508 152 1616 193 quibus
1627 153 1762 184 litabatur
1776 173 1785 188 ,
1804 154 1921 187 testatus
1930 156 1972 188 est
1983 176 1992 192 ‚
2012 157 2161 193 maiorem
2172 157 2205 188 se

1253 204 1290 224 ex
1310 193 1364 224 filii
1378 203 1486 225 virtute
1498 195 1681 234 voluptatem
1693 214 1703 229 ‚
1724 195 1814 236 quam
1830 206 1867 226 ex
1877 198 1962 229 obitu
1973 199 2144 230 molestiam
2155 208 2207 230 ce-

1253 234 1336 276 pisse.
1359 236 1429 266 huic
1442 246 1498 281 ego
1508 245 1572 266 non
1582 236 1744 266 dubitarim
1757 257 1765 270 ‚
1785 238 1859 277 quin
1869 242 1973 270 omnia
1982 260 1991 274 ,
2009 249 2208 282 quaecumque

1253 277 1384 308 accidere
1401 276 1517 318 pollent
1527 278 1560 308 in
1571 278 1632 308 vita
1642 297 1651 312 ‚
1672 278 1786 309 nullam
1797 277 1890 309 effent
1901 282 2153 320 perturbationem
2166 283 2210 312 al-

1254 321 1355 350 latura.
1379 321 1431 365 qui
1447 321 1531 349 enirn
1551 319 1643 360 usque
1659 319 1697 349 eo
1715 320 1749 350 in
1772 319 1897 350 deorum
1910 322 1990 352 cultu
2000 323 2154 358 constans,
2174 323 2209 354 δι’.

1257 360 1361 391 firmus
1378 360 1450 391 eilet
1463 380 1471 394 ‚
1495 370 1526 391 ut
1542 370 1639 401 neque
1649 359 1704 390 filii
1716 370 1813 391 morte
1823 364 1977 396 nuntiata,
1997 363 2034 393 ab
2045 366 2082 394 iis
2090 368 2207 396 avocari

1256 402 1349 442 poss'et
1361 423 1368 435 ,
1392 413 1444 432 cur
1461 412 1532 432 eum
1552 402 1668 432 credam
1683 401 1739 432 filii
1751 412 1846 433 morte
1856 404 2009 444 lugendaa
2019 405 2143 436 deorum
2153 417 2211 437 vo·

1255 447 1369 474 luntate
1393 442 1593 475 diffensurum
1612 443 1720 474 fuisse?
1737 454 1787 475 aut
1808 447 1859 485 qui
1879 454 2020 475 Virtutem
2031 465 2040 479 ,
2067 445 2123 476 filii
2143 451 2212 479 vitae

1255 485 1414 516 anteferret
1426 506 1435 520 ,
1457 496 1519 516 non
1539 487 1606 524 jure
1630 486 1709 516 credi
1719 485 1803 526 poffit
1814 506 1824 520 ‚
1843 487 1932 517 illum
1947 488 1978 517 &
1988 489 2105 517 virtutis
2115 487 2212 520 studio

1258 527 1415 558 incensum
1428 548 1436 561 ,
1450 528 1481 558 &
1491 529 1590 567 patriae
1605 529 1721 559 caritate
1731 528 1896 598 inpipulsum
1907 548 1916 562 ,
1927 538 2036 559 omues
2049 528 2214 565 molestias,

1258 569 1425 610 omnesque
1443 570 1624 600 calamitates
1648 569 1755 600 libenti
1780 570 1840 600 ime
1853 570 1939 600 fuiffe
1948 571 2143 601 subiturum?
2163 571 2211 602 sed

1257 620 1320 652 quo
1330 620 1471 645 rariores,
1481 613 1533 652 qui
1546 612 1604 640 hoc
1616 611 1709 641 modo
1721 613 1843 642 animati
1855 610 1910 642 fint
1922 632 1931 647 ,
1944 614 2002 643 hoc
2011 612 2217 652 praeclariores

1258 654 1325 682 viri.
1346 652 1424 682 nihil
1448 656 1532 682 enim
1555 653 1591 683 ad
1617 653 1735 683 laudem
1746 652 1890 683 illustrius
1899 674 1908 688 ‚
1927 654 2017 694 quam
2032 656 2064 684 in
2074 663 2216 685 aeternam

1258 695 1395 736 gloriam,
1407 696 1499 724 autin
1509 697 1608 734 patriae
1619 695 1777 725 utilitatem
1786 697 1969 729 intuentem,
1980 705 2028 726 aut
2038 696 2140 726 saltem
2151 697 2214 727 for-

1263 738 1329 766 titer
1350 736 1470 766 dolores
1492 735 1694 776 perferentem
1715 755 1724 770 ‚
1756 737 1788 766 δι’.
1804 746 1874 766 cum
1896 736 2018 767 fortuna
2038 737 2214 771 Ιυᾶαῃτειῃ,

1262 779 1408 818 negligere
1432 779 1571 808 humana.
1594 786 1658 818 quae
1668 787 1719 818 qui
1730 780 1862 808 nimium
1873 789 1994 812 curant,
2017 780 2037 809 ii
2049 779 2143 809 laudis
2155 779 2216 810 stu-

1262 820 1347 849 dium
1363 839 1370 852 ,
1389 821 1505 850 civium
1524 819 1687 850 commoda
1698 840 1707 852 ‚
1727 819 1857 861 denique
1866 823 1970 851 omnia
1981 831 2047 861 quae
2059 821 2218 852 laudabilia

1260 871 1398 901 putantur
1410 881 1418 895 ,
1432 861 1549 901 prorsus
1561 867 1576 891 e
1592 870 1693 891 mente
1705 880 1714 895 ,
1725 871 1758 892 ac
1767 865 1946 903 cogitatione
1957 863 2091 902 ejiciant,
2105 861 2220 893 necess’e

1264 902 1315 933 est.
1339 913 1436 943 neque
1457 905 1540 933 enirn
1563 905 1706 933 humanis
1720 905 1974 944 curisimplicitus
1986 914 2051 934 toto
2062 914 2167 935 animo
2177 905 2218 934 de

1262 947 1361 985 patria:
1381 946 1470 975 salute
1490 965 1498 978 ‚
1528 954 1614 985 atque
1637 945 1763 975 utilitate
1783 948 1910 986 cogitare
1923 966 1932 979 ,
1953 955 2002 976 aut
2020 946 2141 976 laudem
2163 944 2217 976 fibi

1261 988 1408 1026 praeclaris
1431 985 1602 1016 actionibus
1629 996 1800 1027 comparare
1818 1007 1826 1021 ,
1861 988 1907 1017 vel
1923 990 2032 1028 egregii
2050 988 2215 1028 quidquam

1262 1028 1407 1067 suscipere
1420 1049 1428 1062 ‚
1448 1038 1480 1058 ac
1503 1028 1644 1058 sustinere
1663 1037 1762 1069 queat.
1781 1029 1838 1058 suis
1857 1038 1957 1059 autem
1967 1029 2160 1062 commodis,
2180 1038 2214 1059 ac

1262 1069 1427 1100 rationibus
1444 1070 1628 1111 prospiciens
1641 1089 1651 1103 ‚
1673 1070 1898 1104 &consulens‚
1919 1080 2159 1104 ceteraomittet,
2179 1071 2217 1100 de

1264 1111 1292 1142 se
1322 1112 1387 1151 ipso
1410 1111 1475 1141 dies
1494 1131 1504 1146 ‚
1535 1110 1698 1152 noctesque
1714 1112 1867 1153 cogitabit.
1898 1115 1938 1142 ita
1955 1122 2010 1142 nec
2031 1113 2103 1142 boni
2119 1114 2195 1143 civis
2205 1131 2216 1145 .

1263 1163 1317 1183 nec
1338 1154 1410 1183 boni
1431 1155 1487 1183 viri
1503 1152 1645 1194 fungetur
1662 1151 1776 1183 officio.
1806 1154 1923 1184 bonum
1944 1156 2028 1184 enim
2046 1164 2145 1184 virum
2166 1154 2219 1184 de-

1261 1204 1307 1225 cet
1317 1215 1326 1228 ‚
1347 1194 1383 1224 de
1403 1204 1571 1226 ceterorum
1592 1195 1766 1225 commodis
1776 1198 1862 1236 atque
1874 1196 2003 1226 laborare
2014 1216 2023 1230 ,
2046 1206 2079 1226 ac
2090 1195 2125 1225 de
2137 1196 2217 1225 suis:

1264 1237 1380 1266 bonum
1401 1236 1474 1267 vero
1493 1240 1593 1268 civem
1604 1256 1613 1271 ,
1633 1237 1682 1267 sua
1694 1238 1966 1277 omniapoihriora
1977 1239 2082 1268 habere
2093 1257 2102 1270 ,
2120 1238 2224 1277 patriaer

1263 1279 1426 1309 commoda
1451 1281 1548 1319 prima
1559 1298 1568 1312 ,
1605 1279 1636 1308 &
1657 1281 1795 1310 maxima
1807 1280 1924 1309 ducere.
1956 1280 1972 1309 a
1991 1280 2100 1320 quibus
2123 1288 2222 1319 neque

1262 1320 1367 1350 dolore
1379 1340 1387 1354 ‚
1407 1330 1504 1361 neque
1523 1321 1582 1350 ulla
1601 1330 1732 1350 omnino
1752 1322 1883 1350 humana
1892 1320 2213 1361 avelliperturbatione

1262 1362 1418 1392 debemus.
1431 1363 1575 1393 Periclem
1586 1371 1702 1392 narrant
1713 1361 1843 1393 nistoriae
1853 1365 1930 1392 intra
1940 1363 2129 1402 quatriduum
2140 1361 2220 1392 duo-

1263 1404 1319 1434 bus
1333 1403 1405 1434 filiis
1416 1424 1424 1438 ‚
1445 1406 1569 1435 eximiae
1587 1405 1700 1434 indolis
1720 1405 1956 1435 adolescentibus
1968 1425 1978 1437 ,
1998 1403 2054 1434 effe
2064 1405 2214 1434 orbatum.

1262 1449 1313 1486 qui
1327 1446 1417 1486 usque
1428 1445 1465 1475 eo
1475 1445 1580 1480 fortis,
1592 1456 1623 1477 ac
1633 1445 1772 1476 constans
1783 1456 1815 1475 iti
1825 1445 1907 1476 luctu
1920 1445 1986 1478 fuit,
2007 1456 2038 1475 ut
2050 1447 2125 1475 nihil
2135 1454 2220 1485 pror-

1262 1490 1309 1518 sus
1320 1488 1355 1517 de
1369 1487 1493 1527 pristino
1505 1487 1606 1517 habitu
1616 1507 1625 1520 ,
1644 1488 1785 1526 cultuque
1795 1488 1981 1516 deminuerit
1993 1506 2002 1520 ,
2017 1487 2065 1516 sed
2076 1488 2219 1519 eundem,

1262 1539 1351 1569 quem
1367 1537 1450 1559 antea
1462 1549 1470 1562 ‚
1495 1531 1527 1558 in
1545 1528 1744 1559 concionibus
1756 1527 1899 1557 habendis
1909 1537 2025 1557 morem
2039 1547 2048 1560 ‚
2068 1536 2220 1567 ritumque

1262 1572 1388 1600 servarit
1400 1579 1457 1599 nec
1468 1579 1612 1610 umquam
1625 1578 1767 1600 coronam
1781 1580 1797 1598 e
1807 1579 1902 1608 capite
1911 1569 2089 1608 deposuerit.
2112 1569 2148 1599 de
2158 1577 2220 1609 quo

1264 1611 1404 1641 traditum
1416 1610 1468 1643 est,
1483 1611 1559 1640 nihil
1570 1620 1639 1640 eum
1651 1608 1796 1650 putavisse
1808 1611 1961 1651 indignius
1969 1611 2115 1643 futurum,
2128 1619 2220 1650 quam

1265 1651 1285 1681 si
1297 1652 1419 1692 aliquod
1429 1651 1512 1681 fiagri
1523 1653 1617 1681 animi
1631 1651 1744 1692 signum
1756 1661 1898 1681 moeroris
1907 1652 1989 1682 causa
2000 1652 2141 1681 muliebri
2151 1660 2220 1680 mo-

1264 1704 1292 1722 re
1305 1692 1449 1723 edidisset.
1474 1692 1583 1722 fortem
1596 1692 1662 1721 sane
1674 1693 1834 1721 hominem
1847 1712 1856 1726 ,
1869 1693 1902 1722 &
1912 1703 2017 1733 magna
2027 1693 2123 1726 laude,
2136 1701 2224 1722 aeter-

1264 1744 1360 1774 ntique
1373 1736 1520 1763 memoria
1531 1732 1737 1774 digniss'irnum
1752 1745 1757 1762 2
1778 1743 1869 1774 quem
1881 1743 1978 1774 neque
1987 1742 2096 1764 naturae
2108 1736 2153 1763 vis
2164 1754 2172 1768 ‚
2185 1733 2222 1764 ad

1265 1778 1397 1806 nimium
1410 1776 1482 1815 saepe
1494 1784 1626 1805 amorem
1640 1776 1770 1808 trahens,
1779 1777 1911 1815 potuerit
1920 1776 1956 1805 de
1966 1774 2039 1806 statu
2051 1775 2219 1809 dimovere,

1265 1818 1299 1847 &
1309 1818 1342 1847 ad
1355 1817 1493 1847 dolorem
1502 1817 1647 1847 abducere
1657 1837 1665 1851 ‚
1687 1827 1742 1847 nec
1753 1818 1916 1847 liberorum
1932 1815 2110 1847 desiderium
2121 1837 2129 1851 ,
2140 1826 2218 1858 quos

1265 1869 1367 1890 tamen
1379 1859 1496 1889 summe
1515 1857 1654 1888 dilexisse
1674 1859 1782 1889 dicitur
1795 1877 1805 1892 ‚
1822 1859 1882 1889 ulla
1898 1861 2013 1889 ratione
2032 1859 2220 1899 perturbarit.

1265 1912 1319 1931 nec
1331 1903 1456 1931 mirum.
1481 1910 1548 1931 vera
1558 1902 1641 1930 enim
1661 1900 1811 1930 tortitudo
1825 1902 1929 1931 inanes
1938 1899 2157 1931 sollicitudines
2167 1901 2191 1939 ej
2198 1901 2224 1930 i-

1263 1946 1318 1977 cit,
1329 1953 1362 1973 ac
1376 1942 1515 1982 depellit:
1528 1944 1674 1982 opprimit
1686 1942 1876 1982 cupiditates:
1891 1944 2017 1983 imperat
2027 1944 2147 1972 timori:
2173 1943 2226 1972 ni-

1268 1986 1311 2016 hil
1327 1995 1425 2014 autem
1437 1987 1565 2024 appetit,
1581 1983 1653 2014 forti
1665 1986 1729 2014 viro
1739 1985 1900 2025 indignum
1914 1995 1919 2013 :
1941 1994 1996 2014 nec
2007 1984 2043 2014 ab
2058 1984 2122 2014 ulla
2134 1993 2164 2014 re
2175 1983 2224 2013 vel

1267 2035 1350 2057 metu
1362 2046 1370 2060 ‚
1392 2028 1441 2056 vel
1458 2025 1657 2056 inconstantia
1675 2027 1837 2066 repellitur.
1861 2027 1895 2057 &1
1911 2029 2048 2067 quamvis
2063 2025 2223 2059 excelsam,

1268 2070 1434 2110 elatamque
1445 2077 1580 2098 naturam
1591 2069 1665 2098 ratio
1676 2069 1736 2108 ipsa
1747 2087 1756 2100 ‚
1777 2067 1921 2098 dostrinae
1931 2070 2083 2108 praeceptis
2096 2067 2221 2100 imbuta,

1267 2110 1428 2142 confirmet
1440 2121 1444 2138 τ
1457 2109 1537 2151 quod
1550 2110 1653 2140 Pericli
1666 2129 1674 2143 ‚
1687 2108 1860 2140 doctissimo
1871 2111 1992 2140 homini
2004 2129 2012 2142 ‚
2026 2111 2224 2149 maximoque

1269 2154 1393 2194 ingenio
1403 2152 1528 2192 praedito
1545 2150 1604 2181 sine
1625 2152 1685 2181 ulla
1703 2152 1891 2182 dubitatione
1908 2149 2065 2192 contigiss'e
2078 2172 2086 2184 ‚
2106 2151 2225 2190 prorsus

1270 2197 1345 2225 mihi
1357 2194 1533 2233 persuadeo:
1557 2193 1626 2233 ipsae
1648 2201 1747 2224 tamen
1759 2192 1947 2225 fortitudinis
1957 2195 2108 2223 radicesin
2117 2194 2223 2222 animo

1270 2236 1418 2276 praecipue
1436 2233 1577 2265 insident.
1596 2234 1732 2275 quicum
1747 2236 1876 2265 humana
1887 2235 2030 2274 despicit,
2053 2244 2106 2264 nec
2116 2233 2152 2264 ad
2168 2235 2227 2263 liu·

1271 2278 1377 2311 milia,
1396 2275 1474 2318 quasi
1489 2278 1576 2307 humi
1588 2275 1738 2316 depress'us
1749 2297 1757 2311 ‚
1768 2277 1832 2307 ullo
1846 2276 1934 2318 pa&o
1944 2276 2112 2306 adh-airescit
2124 2275 2234 2306 :facile¹

1273 2320 1305 2350 fit
1316 2340 1325 2352 ,
1340 2328 1371 2350 ut
1381 2320 1534 2349 uberiores
1545 2338 1553 2352 ,
1565 2319 1598 2348 &
1613 2321 1788 2349 maturiores
1797 2318 1910 2348 fru&us
1919 2319 1993 2348 terat
2003 2338 2012 2351 ‚
2024 2317 2094 2347 cum
2105 2317 2140 2347 ad
2153 2325 2225 2346 eum

1271 2362 1365 2392 veluti
1379 2361 1413 2391 ad
1424 2370 1526 2401 agrum
1537 2362 1691 2400 optimum
1702 2367 1722 2394 ‚·
1730 2360 1845 2391 cultura
1855 2380 1864 2395 ,
1885 2362 1959 2390 ratio
1968 2361 2056 2393 etiarn
2068 2357 2228 2391 access‘erit,

1272 2401 1534 2443 conformatioque
1545 2401 1699 2432 doetrinae.
1718 2411 1783 2432 non
1793 2404 1876 2432 enim
1887 2422 1897 2434 ,
1918 2402 2003 2432 seusu
2015 2403 2103 2431 omni
2113 2400 2228 2430 doloris

1275 2443 1396 2475 caruiffc
1408 2445 1545 2474 summos
1555 2446 1657 2476 viros,
1677 2443 1860 2474 credendum
1873 2442 1924 2473 est.
1947 2445 2042 2484 qualis
2052 2452 2135 2473 enim
2149 2441 2229 2472 nihil

1275 2487 1428 2516 sentientis
1446 2487 1560 2517 animi,
1586 2485 1730 2525 sensuque
1748 2486 1999 2524 prorsuscarentis
2012 2480 2069 2514 esse
2079 2483 2229 2514 fortitudo

1273 2526 1430 2568 potuisset?
1452 2529 1508 2557 Sed
1520 2527 1659 2557 dolorem
1669 2528 1841 2560 sentientes,
1852 2527 1887 2557 ad
1898 2536 1967 2556 eum
1979 2525 2229 2566 opprimendum.

1272 2580 1304 2600 ac
1327 2568 1511 2599 vincendum
1530 2569 1679 2599 summam
1690 2571 1785 2598 animi
1795 2571 2025 2598 contentionem
2037 2568 2227 2599 adhibebant,

1277 2620 1454 2651 tantumque
1471 2611 1658 2643 nitebantur,
1680 2612 1841 2650 ute-pugna
1854 2611 2039 2640 discederent
2049 2610 2227 2649 superiores.

1273 2662 1378 2684 verum
1389 2661 1473 2682 enim
1484 2652 1560 2682 illud·
1570 2651 1622 2684 est,
1635 2653 1751 2682 nuliam
1760 2662 1866 2682 animo
1876 2653 2021 2690 majorem
2033 2652 2157 2691 pestem,
2170 2657 2229 2678 una

1279 2693 1449 2725 remiffiorie
1460 2714 1469 2727 ‚
1479 2693 1561 2734 poss‘e
1571 2696 1754 2735 contingere.
1776 2692 1859 2734 quisi
1872 2696 2004 2724 intentus
2014 2692 2055 2723 est
2071 2714 2079 2727 ,
2091 2693 2178 2731 seque
2189 2689 2225 2719 ad

1274 2735 1467 2766 resistendum
1487 2744 1566 2775 parat
1587 2755 1596 2770 ‚
1619 2738 1723 2766 omnia
1742 2736 1866 2766 sustinet
1884 2735 2017 2775 pondera
2026 2755 2035 2768 ,
2055 2742 2159 2764 omnia
2177 2730 2235 2760 vei-

1278 2777 1451 2816 tirmiffima
1463 2786 1612 2809 tormenta
1630 2777 1718 2807 facile
1727 2777 1866 2811 discutit,
1888 2787 1920 2807 ac
1930 2777 2053 2816 depellit
2066 2787 2070 2804 z
2085 2783 2113 2804 at
2123 2771 2229 2802 remis-

1277 2819 1358 2850 sione
1366 2828 1533 2852 enervatus‚
1545 2819 1577 2848 δε
1588 2817 1791 2849 effaeminatus
1801 2838 1810 2852 ‚
1833 2821 1873 2849 ira
1882 2818 2078 2858 deprimitur,
2102 2815 2132 2844 &
2145 2823 2230 2853 urge-

1279 2870 1326 2891 tur
1335 2881 1345 2895 ,
1365 2870 1398 2891 ut
1417 2861 1444 2890 se
1453 2861 1488 2890 ad
1499 2863 1668 2901 aequitatem
1681 2870 1808 2901 nequeat
1815 2861 1971 2890 extollere.
1990 2860 2056 2887 Nec
2067 2855 2137 2886 verb
2149 2855 2233 2896 quis-

1277 2913 1366 2944 quam
1378 2902 1493 2932 do-Ioris
1507 2905 1655 2942 impeturn
1667 2911 1802 2942 excipere
1812 2921 1823 2935 ,
1832 2901 1988 2931 acrortiter
2000 2907 2112 2938 perpeti
2124 2896 2230 2938 puiset,

1279 2944 1334 2974 nisi
1347 2945 1373 2975 se
1384 2944 1466 2984 prius
1474 2944 1509 2974 ad
1522 2943 1726 2973 obsistendum
1738 2940 1927 2981 comparafl‘er
1940 2952 1943 2969 ;
1954 2950 2002 2970 aut
2017 2940 2231 2970 fortitudinem

1279 2996 1426 3027 acquirere
1436 3005 1446 3018 ‚
1458 2984 1513 3015 nisi
1524 2985 1606 3025 prius
1616 2985 1770 3015 doloribus
1782 2985 1887 3013 multis
1894 2983 2036 3012 acerrime
2047 3002 2058 3015 ,
2068 2992 2101 3012 ac
2111 2979 2231 3011 t'ortiffi-

1283 3035 1334 3058 me
1344 3025 1500 3058 restitiss‘et.
1521 3035 1559 3057 ex
1571 3036 1632 3067 quo
1643 3025 1828 3056 consuetudo
1840 3023 1871 3053 fit
1883 3043 1891 3057 ‚
1904 3034 1968 3065 qua:
1983 3025 2093 3053 callum
2104 3023 2231 3052 obducit

1280 3072 1398 3105 animo.
1408 3069 1521 3110 nosque
1534 3077 1637 3099 contra
1649 3075 1757 3098 omnes
1769 3068 1816 3103 vel
1829 3075 1960 3102 naturae,
1972 3065 2158 3097 velforrunae
2170 3065 2231 3094 im-
2244 3083 2251 3089 ι

2125 3115 2211 3147 petus
