2379 3400
267 92 389 154 1296
630 83 730 129 >M.
813 81 1177 127 TULL11

261 174 405 201 tationem
417 164 517 207 poss'it,
529 173 579 194 cui·
591 163 666 192 nihil
679 162 810 190 omnino
821 158 992 189 nostrorum
1005 168 1103 189 moi-te
1113 157 1215 188 dolere

265 212 445 242 debeamus?
461 207 550 237 credo
561 225 569 238 ,
582 203 600 233 si
612 203 732 243 quando
743 201 833 231 nobis
843 203 873 231 iu
886 211 1021 231 mentem
1033 203 1116 230 venit
1127 219 1137 233 ‚
1151 209 1215 229 ma-

266 262 354 293 gnam
367 260 422 280 nos
443 259 479 277 ex
499 255 624 277 eorum,
648 254 723 284 quos
744 241 918 276 amisimus,
938 252 1045 283 opera,
1066 252 1098 271 ac
1117 241 1216 271 studio

267 295 426 324 utilitatem
446 296 634 328 percepturos
652 283 748 315 iuiss'e.
772 294 800 314 at
817 286 874 314 hoc
893 294 958 314 non
967 284 1001 314 ad
1012 285 1124 313 amicos
1139 304 1148 317 ‚
1168 291 1219 312 aut

270 332 316 364 affl
323 343 374 363 nes
386 352 394 365 ‚
415 339 545 371 quorum
556 328 656 358 dolere
675 327 814 356 videmur
824 328 946 356 interitu
958 345 966 359 ‚
988 325 1034 355 sed
1044 325 1078 355 ad
1088 325 1224 354 nosmet-

267 375 346 415 ipsos
366 371 534 412 pertinebit.
568 370 765 398 niercenaiius
782 368 968 408 igiturdolor
983 367 1092 400 suerit,
1108 368 1220 407 quique

269 426 331 445 non
347 424 386 444 ex
394 411 535 443 affinitate
547 431 555 444 ²
576 421 623 442 aut
644 410 852 440 benivolentia
864 429 872 443 ‚
889 408 937 438 sed
949 419 987 438 ex
998 419 1055 438 una
1066 416 1220 448 proveniat

266 459 402 487 utilitate.
422 455 493 494 quid
504 463 603 483 autem
617 450 787 491 flagitiofius
797 451 993 493 &indignius
1004 471 1012 483 ‚
1037 460 1125 491 quam
1136 459 1220 482 eum,

267 509 319 538 qui
332 497 367 528 sic
376 497 475 526 doleat
485 497 589 528 ,131611
603 503 750 533 oportere,
760 492 831 522 cum
842 502 992 532 tantopere
1002 492 1127 531 alicujus
1137 500 1221 519 mor-

271 551 299 570 te
319 548 466 569 crucietur
482 558 491 570 ,
514 536 596 577 quod
616 537 713 576 aliqua
737 535 863 565 utilitate
882 537 1015 573 privatus
1035 533 1067 563 sit
1080 553 1088 566 ,
1108 532 1127 562 si
1147 532 1224 562 nihil

268 592 305 611 ex
316 583 378 619 ejus
401 590 459 609 Vita
478 577 617 609 beneficii
637 587 668 606 ac
679 576 836 607 commodi
848 576 874 605 se
884 576 1115 605 consecuturum
1128 575 1222 613 spera-

268 622 372 656 visset,
394 621 471 651 nihil
494 620 547 650 sibi
562 621 691 649 omnino
702 618 866 648 d01‹—ndum
879 616 988 647 fuisse?
1006 617 1220 648 Atvideamus.

268 675 334 694 non
344 664 439 695 Persas
450 682 458 695 ‚
477 672 525 692 aut
535 664 653 701 Scythas
665 680 673 693 ,
697 661 744 690 scd
765 661 781 689 ἐ
806 658 905 689 media
927 661 1048 689 civitate
1057 657 1156 688 nostra
1165 658 1223 687 cla-

267 705 398 745 riffimos
407 725 415 739 ‚
437 704 469 733 δε
480 713 536 743 prae
543 701 730 733 stantillirrios
743 711 822 731 viros
834 720 842 733 ‚
861 710 893 730 36
902 702 982 730 611165
993 720 1000 734 ,
1012 703 1138 741 quinon
1154 708 1222 728 mo-

266 748 306 778 de
319 756 487 777 amicorum
501 765 509 779 ,
530 754 600 774 cum
619 744 728 784 quibus
739 741 981 781 conjunffiffime
994 751 1148 774 vixerant,
1173 740 1222 770 sed

266 792 357 819 eriam
369 788 532 818 liberorum
546 807 553 819 ‚
575 787 608 816 &
626 786 747 826 quiderii
759 783 974 814 carissimorum
987 803 995 817 ‚
1016 786 1172 813 interitum
1184 784 1222 811 ita

267 832 383 861 fortiter
396 851 403 863 ,.
418 831 449 858 δε
462 828 630 858 constanter
640 828 769 857 tulerunt
779 846 787 860 ‚
801 835 833 855 ut
842 828 933 856 causae
945 826 1022 855 nihil
1033 824 1077 858 sit,
1088 827 1162 866 quin
1173 832 1224 853 eos

267 872 469 912 superioribus
485 872 594 900 Graecis
603 879 670 899 com
677 878 773 909 paiai·e
785 888 793 900 ‚
816 877 901 908 atque
915 869 1005 897 etiam
1016 870 1161 897 3111616116
1172 864 1224 894 (16-

267 915 402 944 beamus.
426 922 514 953 atque
532 913 589 941 hoc
609 911 708 940 multo
723 912 856 950 magisin
868 910 927 938 illis
940 909 1112 939 mirandum
1124 908 1223 939 fuerit,

268 956 352 996 quod
366 958 396 985 iri
405 965 510 985 eorum
525 954 609 983 obitu
620 953 647 982 se
657 950 831 982 fortissimos
844 951 875 980 &
884 949 1138 980 constantifl'imos
1149 957 1223 990 prae-

268 1000 400 1028 buerunt
412 1016 420 1031 ,
443 998 494 1037 qui
510 1005 574 1026 non
585 993 680 1024 modo
691 992 758 1033 ipsis
769 990 938 1026 utilissimi,
958 992 978 1021 fi
991 991 1134 1022 vixifl‘ent
1145 1011 1154 1024 ,
1176 986 1224 1020 sed

268 1040 354 1079 paerie
375 1039 430 1069 soli
450 1039 537 1067 utiles
551 1057 559 1070 ‚
583 1046 616 1066 ac
636 1035 763 1075 jucundi
786 1033 844 1064 esse
861 1033 1032 1074 potuiss'ent.
1055 1034 1128 1074 quid
1139 1041 1223 1062 enim

269 1082 375 1111 utilius
386 1079 473 1110 filio?
491 1077 734 1120 quidjucundius
744 1078 857 1107 unico?
875 1086 901 1107 at
912 1076 1011 1106 filium
1024 1095 1031 1109 ,
1057 1077 1088 1105 &
1099 1078 1223 1105 unicum

270 1127 323 1164 Q
332 1123 455 1155 Fabius,
468 1129 605 1161 praeterea
612 1119 807 1150 Consularem
820 1138 830 1151 ,
849 1120 901 1159 qui
910 1119 968 1157 iam
980 1127 1099 1157 magnas
1107 1127 1152 1147 res
1162 1117 1224 1157 ges-

270 1166 341 1196 serat
353 1184 361 1198 ‚
382 1164 414 1194 &
425 1164 551 1201 majores
562 1161 726 1202 cogitabat,
746 1158 851 1190 amisit.
877 1170 976 1200 neque
986 1160 1083 1189 s0ium
1095 1169 1158 1189 non
1169 1159 1228 1189 do*

270 1208 327 1236 luit
338 1227 345 1239 ,
364 1205 446 1246 quod
466 1203 621 1235 fortiss'imi
635 1201 815 1233 animifuit:
832 1201 881 1232 sed
891 1211 980 1232 etiam
992 1210 1113 1231 mortuo
1124 1200 1224 1231 lauda-

268 1258 387 1279 tionem
399 1250 432 1278 in
443 1246 512 1277 foro
523 1247 619 1276 dixit:
631 1255 693 1286 quo
704 1244 781 1274 nihil
792 1243 901 1273 fortius
912 1263 920 1276 ‚
937 1253 985 1273 aut
995 1243 1174 1273 laudabilius
1185 1252 1222 1272 ne

266 1301 307 1321 ex
321 1291 409 1320 omni
420 1289 543 1330 quidem
554 1289 727 1328 antiquitate
737 1286 878 1316 recenseri
887 1283 993 1325 potest.
1016 1286 1102 1322 cujus
1112 1286 1225 1314 oratio-

268 1342 340 1362 nem
351 1334 417 1372 quis
427 1340 490 1360 non
500 1330 664 1360 admiretur
673 1348 681 1362 ,
695 1326 840 1368 insignem
851 1329 965 1368 ingenii
976 1346 984 1360 ,
1002 1327 1108 1366 judicii
1119 1346 1128 1360 ,
1141 1325 1224 1356 ordi-

268 1377 316 1405 nis
326 1372 508 1413 praestantia?
518 1381 579 1412 quo
591 1370 685 1400 modo
697 1371 747 1399 ille
762 1370 810 1399 vel
819 1379 851 1399 ea
861 1388 870 1403 ‚
885 1379 950 1410 quae
962 1369 1040 1399 dixit
1050 1388 1058 1401 ‚
1071 1367 1224 1398 111161οἃ11

267 1417 367 1446 dicere
376 1435 384 1449 ‚
398 1424 467 1448 301,
479 1423 544 1455 quae
554 1410 684 1452 scripsit,
696 1410 756 1441 fine
768 1411 873 1441 dolore
881 1413 1008 1452 cogitare
1022 1412 1118 1451 poruit
1132 1413 1224 1440 ?cum

267 1457 429 1498 praesertim
442 1458 500 1486 hoc
510 1458 543 1485 in
553 1456 603 1485 illa
613 1454 782 1484 laudatione
795 1453 828 1483 &
838 1452 1026 1486 admirari,&
1036 1451 1226 1492 obstupesce-

268 1510 301 1530 re
311 1499 477 1532 soleamus,
497 1495 578 1538 quod
596 1506 659 1526 non
680 1505 713 1525 ut
730 1495 800 1528 alii,
820 1495 856 1524 de
867 1493 1224 1524 ceterorumi'ortitudine

265 1542 398 1580 disputat
407 1559 415 1573 ,
437 1549 470 1569 ut
480 1540 565 1569 suum
577 1538 637 1577 ipse
650 1537 788 1568 dolorem
800 1537 930 1566 aliorum
943 1536 1084 1575 exemplo
1093 1538 1226 1567 minuat,

267 1582 321 1613 sed
332 1601 341 1615 ‚
361 1584 394 1610 in
405 1579 471 1610 filio
482 1581 595 1610 haerens
605 1598 614 1612 ,
633 1579 715 1608 illius
726 1578 861 1607 maxime
870 1580 1014 1611 virtutes,
1037 1578 1228 1616 propriasque

267 1623 390 1656 laudes,
408 1631 474 1663 quae
489 1621 542 1652 ,1161
560 1620 741 1651 acerbiorem
763 1617 879 1648 efficere
891 1619 1005 1648 doloris
1013 1618 1227 1657 sensumvpote-

268 1674 335 1695 rant
354 1684 368 1697 ,,
397 1661 569 1703 longiffimo
592 1662 730 1692 sermone
746 1661 939 1700 persequitur.
971 1659 1053 1700 quod
1074 1659 1228 1699 singularis

267 1708 388 1737 virtutis
405 1705 583 1744 exemplum
602 1702 719 1733 fortasse
730 1701 980 1732 HoratiiPulvilli
992 1701 1110 1730 laudem
1123 1709 1228 1741 magna

269 1758 307 1778 ex
317 1757 395 1788 parte
406 1746 581 1776 deminuere
591 1744 734 1775 videatur:
744 1753 833 1784 quem
846 1752 946 1772 tamen
958 1742 1111 1772 summum
1123 1744 1223 1771 virum

271 1788 390 1820 silentio
408 1789 554 1827 praeterirc
575 1785 657 1816 nefas
676 1786 835 1816 ducimus,
859 1783 930 1813 curn
952 1786 983 1812 in
994 1793 1030 1812 eo
1041 1783 1123 1822 ipso,
1142 1782 1226 1823 quod

275 1830 331 1861 filii
344 1839 471 1860 mortem
490 1827 657 1869 aequiffimo
673 1846 682 1861 ,
701 1837 733 1856 36
744 1824 904 1856 fortiffimo
916 1827 1021 1854 animo
1032 1826 1117 1858 tulit,
1139 1828 1229 1854 etiam

267 1875 338 1916 Jovi
350 1875 416 1912 Opt-
442 1873 525 1901 Max.
538 1871 624 1909 cujus
634 1869 729 1899 aedem
740 1868 902 1901 dedicabat,
917 1864 1112 1908 gratiffimum
1125 1864 1227 1897 fecisse

273 1915 416 1945 videatur.
440 1923 510 1943 nam
523 1910 758 1944 Pontifex‚inter
767 1910 964 1940 sollemnium
975 1908 1137 1939 verborum
1149 1917 1227 1938 nun-

269 1959 481 1996 cupationem,
500 1953 616 1994 postem
628 1961 734 1983 tenens
748 1971 757 1985 ‚
773 1960 806 1981 ut
816 1950 914 1981 filium
930 1960 1086 1980 mortuum
1099 1950 1226 1984 audivit,

272 2008 369 2039 neque
386 2006 513 2027 manum
533 1996 548 2026 a
565 1994 648 2035 poste
666 1995 816 2026 removit,
839 2003 877 2023 ne
900 1993 975 2023 sacra
989 1993 1161 2026 dirimeret,
1174 2002 1229 2021 nec

272 2042 392 2070 vultum
410 2041 424 2069 a
433 2039 550 2078 populo
559 2039 663 2068 avertit
674 2056 682 2069 ‚
706 2046 742 2066 ne
752 2036 839 2066 suum
849 2037 953 2075 potius
962 2034 1099 2065 dolorem
1111 2054 1119 2067 ,
1137 2034 1227 2074 quiim

233 2105 235 2111 ,
270 2083 376 2122 populi
394 2082 551 2111 utilitatem
564 2100 573 2112 ‚
596 2089 628 2109 ac
645 2079 767 2108 salutem
787 2096 796 2110 ‚
819 2079 947 2118 cogitare
965 2077 1125 2106 videretur.
1146 2077 1227 2117 Jam,

272 2124 347 2165 quid
360 2122 510 2153 L.Paullo
528 2119 673 2162 insignius
685 2139 693 2154 ‚
712 2119 786 2160 quid
804 2118 969 2148 illustrius?
987 2120 1039 2158 qui
1062 2116 1140 2147 filios
1159 2127 1230 2157 paii-

273 2164 396 2196 ciffimis
409 2164 516 2194 diebus
526 2163 604 2204 duos
624 2172 662 2192 ita
674 2161 825 2202 perdidit,
844 2169 877 2190 ut
892 2160 1010 2190 nullum
1021 2160 1105 2199 paene
1118 2159 1233 2189 doloris

272 2208 374 2248 paullo
385 2208 481 2236 acrius
500 2205 650 2234 'indicium
673 2203 808 2233 ediderit.
831 2212 863 2232 ac
873 2204 972 2242 potius
983 2204 1015 2231 111
1027 2212 1058 2231 63
1068 2203 1230 2234 concione,

273 2258 362 2289 quam
384 2248 420 2277 de
437 2247 524 2277 rebus
543 2247 558 2276 a
570 2247 597 2276 se
607 2245 695 2287 gestis
704 2244 738 2274 ad
750 2245 897 2285 populum
909 2244 1012 2273 habuit
1022 2263 1030 2277 ,
1051 2244 1164 2273 laetatus
1175 2242 1229 2276 est,

271 2290 419 2330 quidquid
430 2290 543 2329 populo
553 2290 649 2318 Rom.
672 2290 850 2317 immineret
858 2284 968 2315 adversi
979 2305 987 2319 ‚
1009 2294 1107 2315 totum
1120 2285 1149 2314 id
1159 2287 1191 2314 in
1203 2284 1231 2314 se

274 2332 372 2372 ipsum
393 2332 408 2361 3
427 2332 484 2360 diis
495 2329 720 2360 immortalibus
730 2327 985 2358 efl‘econveri‘um.
1010 2329 1086 2357 Cum
1097 2327 1231 2366 Sulpicio

271 2372 343 2404 vero
355 2374 444 2403 Gallo
463 2375 530 2413 quis
554 2369 748 2412 negetafftum
760 2369 817 2400 effe
826 2367 1065 2409 praeclariffirne?
1085 2370 1170 2407 cujus
1185 2378 1231 2398 in-

271 2418 444 2446 nocentiam
457 2434 464 2447 ,
488 2414 658 2453 sapientiam
673 2432 680 2445 ,
701 2413 862 2442 militarem
874 2413 1015 2440 virtutem
1029 2430 1038 2444 ‚
1059 2413 1147 2440 etiam
1162 2408 1233 2439 insi-

274 2460 339 2497 gnis
349 2459 381 2486 in
391 2457 475 2486 obitu
487 2455 542 2485 filii
551 2454 698 2485 tortitudo
709 2453 906 2483 illustraverit.
918 2462 1010 2492 quem
1023 2461 1054 2482 ut
1063 2461 1232 2492 numquam

274 2499 382 2528 lubens
393 2500 517 2528 tacitum
537 2497 704 2526 dimiserim
719 2514 727 2529 ,
751 2493 787 2525 sic
798 2494 832 2525 ad
847 2496 994 2523 Critonem
1009 2502 1169 2533 properans
1181 2502 1233 2522 ex-

275 2541 379 2570 sultare
389 2539 506 2569 Videtur
515 2541 633 2569 animus
645 2558 653 2571 ‚
667 2538 699 2567 86
712 2535 791 2577 quasi
802 2539 833 2565 111
843 2545 964 2576 portum
978 2545 1015 2566 ex
1027 2535 1144 2565 horrida
1155 2544 1233 2564 tem-

275 2581 383 2622 pestate
393 2581 506 2611 delatus
518 2600 526 2614 ‚
540 2583 570 2609 in
586 2577 790 2619 sapientissimi
805 2579 861 2608 viri
874 2580 1000 2607 nomine
1011 2597 1019 2610 ‚
1031 2586 1116 2617 atque
1126 2586 1235 2606 exem-

276 2625 327 2663 plo
337 2623 658 2663 conquiescere-neque
669 2624 752 2650 enim
765 2621 872 2655 majori
883 2620 960 2649 mihi
972 2619 1165 2649 admirationi
1176 2616 1232 2648 effe

278 2666 375 2694 solent
384 2662 537 2694 clariss'imi
559 2665 696 2692 hominis
704 2672 749 2693 res
758 2661 845 2704 gestae
857 2681 865 2694 ,
887 2671 918 2691 36
927 2663 1020 2690 virtus
1030 2680 1039 2694 ,
1058 2671 1120 2690 non
1133 2660 1232 2690 solum

280 2707 388 2735 inluce
410 2716 508 2746 patriae
523 2725 531 2738 ,
552 2705 601 2735 sed
619 2708 707 2734 etiam
728 2706 759 2733 in
777 2701 934 2745 congressu
952 2702 1086 2732 hostium
1103 2704 1235 2743 cognita,

278 2748 368 2786 quam
380 2747 437 2777 fuit
448 2748 498 2777 illa
510 2749 540 2776 in
561 2745 617 2776 filii
636 2755 733 2776 morte
744 2766 753 2778 ‚
774 2747 908 2785 praetoris
918 2743 1057 2785 designati
1069 2765 1077 2777 ‚
1099 2746 1130 2773 in
1139 2744 1236 2773 oculis

283 2791 424 2818 omnium
441 2798 556 2820 civium
577 2787 722 2818 fortitudo
743 2787 892 2817 declarata.
917 2789 1013 2826 Atque
1033 2788 1142 2815 horum
1155 2795 1236 2825 egre-

280 2832 328 2869 gia
346 2832 376 2858 in
393 2830 564 2860 domesticis
584 2830 711 2859 miseriis
730 2849 739 2862 ‚
768 2838 853 2868 atque
872 2830 1016 2858 aerumnis
1033 2827 1165 2857 facinora
1184 2828 1236 2867 qui

279 2872 396 2901 fortiter
405 2873 436 2900 in
445 2881 562 2901 civitate
574 2870 671 2901 nostra
683 2872 790 2900 imitati
802 2869 856 2899 lint
865 2889 874 2903 ‚
886 2870 1026 2909 casusque
1037 2868 1164 2899 fortunat
1175 2878 1240 2909 gra-

282 2911 420 2943 vifl‘imos
432 2911 640 2950 patientissime
653 2913 785 2944 tulerint,
796 2921 860 2941 non
870 2909 993 2941 difficile
1002 2910 1093 2941 fuerit
1101 2913 1237 2940 oratione

281 2952 454 2993 compieufiti.
480 2962 546 2984 nam
560 2956 591 2983 dc
601 2957 639 2992 Q*
663 2955 790 2983 Martius
801 2963 853 2983 rex
864 2973 873 2987 ,
891 2952 962 2983 cum
974 2955 1098 2982 unicum
1112 2952 1236 2982 summae

279 2998 398 3035 pietatis
410 3014 417 3028 ‚
446 2994 629 3034 summaeque
647 2997 764 3025 virtutis
786 2994 884 3025 filium
908 2993 1050 3024 amisisset
1060 3014 1069 3027 ,
1096 2994 1235 3024 dolorem

279 3036 436 3076 prudentia
446 3037 572 3075 pervicit
583 3055 590 3066 ι
613 3035 644 3068 δε
655 3046 692 3065 eo
705 3036 767 3075 ipso
778 3036 827 3067 die
838 3055 847 3071 ,
868 3046 929 3077 quo
939 3035 994 3065 filii
1006 3045 1113 3077 rogum
1127 3034 1237 3075 spet‘ka-

278 3087 337 3113 tat,
357 3079 468 3110 curiam
489 3075 633 3116 ingressus
658 3075 716 3107 est:
745 3077 938 3120 senatumque
955 3076 1038 3118 juffit
1055 3078 1231 3110 convenire.

1257 82 1802 131 C1cER0N1s

1262 160 1375 192 Crass'us
1384 161 1456 192 verb
1469 181 1478 195 ‚
1496 163 1530 192 in
1549 172 1585 192 eo
1603 161 1724 202 praelio,
1742 161 1824 203 quod
1847 172 1915 194 cum
1927 163 2216 199 Parthiscommifit.

1263 203 1363 234 occiso
1375 202 1439 234 filio
1450 223 1458 237 ‚
1480 212 1597 234 tantum
1607 202 1703 233 abfuit
1712 211 1743 233 ut
1754 203 1883 238 doleret,
1901 215 1933 236 ut
1945 209 2033 238 etiam
2044 209 2214 238 exercitum

1265 246 1474 286 increpaverit,
1484 244 1568 286 quod
1580 246 1668 275 unius
1678 245 1787 274 militis
1792 244 1903 284 1361013
1913 255 2062 287 tantopere
2071 258 2215 279 commo-

1265 296 1382 317 veretur
1397 307 1405 320 ,
1433 287 1622 326 hortatusque
1631 285 1665 316 sit
1676 306 1685 319 .
1696 294 1729 316 ut
1740 289 1839 325 patriae
1852 289 1969 317 virtutis
1980 299 2127 320 memores
2137 310 2145 324 ,
2160 300 2216 330 pro

1264 329 1377 367 republ.
1401 328 1518 359 fortiter
1529 329 1708 358 dimicarent
1718 347 1728 360 ,
1745 327 1800 357 filii
1813 329 1925 358 mortui
1936 330 2083 361 ultionem
2095 331 2147 362 sibi
2160 331 2216 362 uni

1264 372 1476 410 relinquerent.
1499 370 1556 400 Sed
1565 370 1715 409 antiquior
1724 372 1753 399 Ρ.
1766 368 1880 399 Crassus
1892 390 1899 403 ,
1920 372 1965 400 vir
1975 370 2067 402 clarus
2080 391 2088 406 ‚
2098 374 2128 403 &
2139 383 2215 404 con-

1266 412 1386 445 sularis,
1409 414 1440 442 P.
1457 410 1545 442 Ciaffi
1567 410 1621 440 filii
1640 419 1773 440 mortem
1784 411 1920 444 &vidit‚
1941 411 2215 445 &moderariffime

1266 454 1343 483 tulit.
1368 456 1434 484 Nec
1442 454 1478 483 ab
1486 453 1550 489 eius
1563 452 1647 482 laude
1657 451 1753 482 abfuit
1767 472 1775 486 ‚
1785 462 1817 482 ac
1831 451 1950 483 fortasse
1963 451 2060 483 Crasso
2071 455 2214 493 praestitit,

1266 498 1323 525 Cri.
1336 498 1436 535 Caepio
1448 513 1457 528 ‚
1479 497 1530 535 qui
1539 496 1712 534 Caepionem
1725 492 1822 523 filium
1833 493 1985 535 naufragio
1998 495 2164 526 absumtum
2177 499 2218 528 ita

1265 546 1327 566 non
1339 537 1438 567 doluit
1448 557 1455 570 ‚
1468 546 1500 566 ut
1509 546 1626 569 eumne
1636 536 1870 575 leviterquidem
1883 536 1899 565 ὲ
1911 537 1995 566 vultu
2006 556 2014 569 ‚
2027 538 2218 567 3010113601-

1264 582 1345 618 poris
1356 587 1434 618 parte
1442 587 1635 608 commotum
1655 579 1672 607 6
1683 577 1881 607 familiaribus
1891 578 2045 618 quisquam
2058 578 2121 608 ullo
2130 578 2218 618 pa&o

1265 620 1394 650 senserit.
1420 621 1485 661 Jam
1499 619 1571 659 quid
1582 619 1704 649 Pisones
1718 639 1726 652 ,
1737 619 1880 648 Scaevoias
1891 639 1898 652 ,
1913 621 2018 649 Brutos
2028 639 2036 653 ‚
2050 620 2218 654 Marcellos,

1267 662 1408 693 Metellos
1419 682 1426 695 ‚
1440 661 1571 700 Lepidos
1584 682 1591 694 ,
1607 659 1745 690 Aufidios
1755 670 1930 690 enumerem
1945 663 1955 689 ?
1968 671 2097 701 quorum
2112 659 2220 701 singuli

1267 704 1402 744 pluribus
1412 701 1521 733 amiffis
1537 701 1607 732 filiis
1618 723 1626 735 ,
1646 703 1693 733 vel
1704 703 1848 731 uxoribus
1859 721 1867 735 ‚
1887 703 1935 732 vel
1948 706 2118 742 parentibus
2129 723 2137 736 ‚
2162 712 2219 733 nec

1266 746 1430 787 lugendum
1450 743 1679 777 existimarunt,
1704 743 1736 773 δε
1754 744 1834 773 suam
1852 745 1885 773 in
1908 744 2032 774 illorum
2051 744 2219 777 funeribus.

1265 790 1406 819 virtutem
1418 807 1427 821 ‚
1449 795 1536 827 atque
1553 785 1752 816 constantiam
1772 795 1836 815 non
1855 784 1908 814 sibi
1927 785 2026 816 solum
2038 806 2045 819 ,
2070 786 2219 816 sedetiam

1264 832 1385 872 generi,
1407 830 1590 868 nominique
1608 829 1751 857 Romano
1767 827 1927 867 gloriosam
1949 826 2012 857 fore
2032 835 2220 867 putaverunt.

1266 872 1360 903 Pudet
1378 873 1409 901 in
1430 873 1562 900 virorum
1580 868 1757 910 gravissimis
1771 867 1882 899 casibus
1902 870 2071 908 repetendis
2091 869 2223 910 longiori

1265 917 1310 945 uti
1319 915 1454 944 oratione
1466 932 1473 946 ‚
1486 911 1558 942 cum
1567 913 1703 942 virorum
1716 910 1850 940 maxime
1860 912 2014 950 peculiaris
2023 920 2118 941 virtus
2129 910 2171 943 sit,
2187 910 2222 942 δε

1268 958 1300 986 in
1311 957 1384 985 viris
1393 953 1556 984 efflorescat
1565 973 1574 986 ‚
1595 962 1628 982 ac
1638 955 1733 992 vigeat
1742 954 1888 982 maxime.
1911 953 2110 992 quamobrem
2122 952 2158 984 de
2168 946 2230 981 fae-'

1269 999 1361 1027 minis
1372 998 1472 1036 potius
1482 994 1645 1025 dicendum
1660 993 1702 1025 est
1713 1013 1721 1028 ‚
1745 1002 1794 1027 ut,
1814 992 1885 1023 cum
1897 1003 1943 1024 eas
1954 993 2124 1024 fortissimas
2134 992 2222 1024 fuiss'e

1266 1041 1422 1079 cognitum
1444 1036 1476 1067 sit
1487 1056 1495 1070 ‚
1525 1046 1589 1067 tum
1608 1035 1716 1075 pudeat
1734 1037 1815 1065 viros
1825 1055 1834 1068 ‚
1861 1035 1876 1065 Ξι
1895 1036 2078 1065 mulierculis
2102 1038 2223 1065 virtutis

1267 1080 1405 1119 exempla
1414 1088 1512 1119 petere
1523 1098 1531 1112 ‚
1549 1078 1582 1108 &
1592 1078 1628 1107 ab
1640 1079 1678 1107 iis
1689 1087 1721 1107 ea
1733 1079 1842 1106 virtute
1852 1097 1859 1110 ‚
1881 1087 1946 1116 quae
1958 1078 2090 1116 ipsorum
2104 1079 2222 1117 propria

1267 1121 1326 1152 effe
1335 1122 1454 1154 debeat,
1470 1120 1566 1150 videri
1576 1119 1738 1159 aliquando
1748 1119 1905 1158 superatos.
1930 1129 2011 1152 nam,
2023 1117 2042 1148 fi
2053 1128 2154 1149 verum
2164 1118 2220 1151 est,

1266 1164 1349 1205 quod
1359 1165 1374 1194 a
1385 1161 1593 1202 Theophrasto
1614 1161 1724 1191 alicubi
1733 1160 1886 1200 proditum
1898 1162 2053 1190 memoriae
2067 1159 2221 1190 mandavi-

1268 1215 1337 1236 mus
1347 1225 1355 1239 ,
1377 1204 1482 1234 orbem
1506 1213 1647 1234 terrarum
1668 1204 1814 1232 theatrum
1833 1202 1985 1242 quoddam
1995 1201 2052 1232 effe
2062 1211 2220 1242 magnum,

1267 1248 1370 1278 divina
1389 1255 1491 1276 merite
1509 1245 1671 1285 repletum:
1694 1245 1727 1275 &
1745 1244 1867 1274 caelestis
1887 1244 2053 1274 indicandae
2071 1244 2222 1283 sapienti-z

1267 1290 1427 1331 gratiaram
1452 1288 1556 1317 multis
1573 1286 1707 1327 undique
1725 1286 1945 1316 collucentibus
1956 1287 2140 1316 ornamentis
2150 1285 2222 1314 1110-

1269 1331 1393 1362 stratum
1411 1340 1444 1360 ac
1462 1328 1616 1369 depiElmm
1631 1339 1636 1357 z
1656 1338 1689 1358 in
1710 1338 1746 1358 eo
1763 1337 1863 1358 autem
1880 1327 1983 1358 medio
1994 1328 2153 1358 collocatos
2164 1325 2224 1357 effe

1270 1375 1411 1403 homines
1422 1371 1437 1401 a
1447 1370 1505 1401 deo
1518 1391 1527 1403 ,
1543 1380 1575 1400 ut
1584 1380 1652 1400 cum
1665 1369 1785 1400 fortuna
1794 1389 1802 1402 ‚
1814 1369 1929 1403 dolore,
1943 1369 2056 1399 morbis
2067 1389 2075 1402 ,
2085 1367 2221 1410 egestate,

1267 1413 1438 1454 casibusque
1456 1412 1614 1452 permultis
1623 1410 1731 1441 affidue
1742 1411 1907 1442 luaenturz
1926 1412 2017 1441 deum
2029 1409 2221 1450 νει-0111111111.

1267 1466 1413 1498 quantum
1423 1455 1547 1496 quisque
1564 1453 1725 1494 pugnando
1736 1453 1846 1486 1131631,
1866 1453 2016 1493 quamque
2025 1453 2150 1482 viriliter
2158 1451 2223 1481 for-

1268 1498 1397 1529 titudine
1409 1498 1557 1527 divinitus
1574 1503 1690 1534 accepta
1701 1503 1815 1526 utatur,
1835 1494 1960 1533 desuper
1969 1492 2130 1533 aspee'ltare:
2150 1493 2220 1526 hoc,

1267 1543 1390 1581 inquam
1403 1558 1410 1572 ‚
1422 1537 1441 1567 fi
1456 1546 1559 1566 verum
1572 1535 1614 1566 est
1623 1556 1631 1569 ,
1652 1535 1778 1565 dubitari
1787 1534 1924 1574 profesio
1933 1544 1996 1565 non
2006 1534 2102 1574 potest
2113 1553 2121 1568 ‚
2132 1535 2221 1574 quin.

1267 1579 1527 1621 quemadmodum
1545 1577 1677 1617 populus
1686 1579 1779 1607 Rom.
1802 1578 1836 1606 in
1845 1576 2021 1606 muneribus
2031 1575 2159 1615 publicis
2168 1576 2222 1605 in-

1268 1622 1348 1652 visos
1361 1621 1447 1650 habet
1455 1619 1631 1659 gladiatores
1642 1637 1650 1651 ‚
1671 1621 1722 1658 qui
1746 1620 1835 1648 omni
1855 1617 1949 1647 modo
1959 1619 2051 1647 vitam
2063 1619 2223 1656 impetrare

1266 1666 1402 1703 cupiunt,
1412 1661 1492 1691 favet
1502 1662 1549 1693 iis,
1560 1662 1808 1700 quicontemtum
1819 1660 1882 1697 ejus
1891 1669 1949 1698 pra:
1958 1660 1986 1689 se
1993 1657 2102 1687 ferunt:
2114 1657 2223 1688 itidem

1270 1705 1312 1734 dii
1325 1702 1510 1733 immortales
1522 1720 1530 1734 ,
1557 1700 1576 1730 si
1589 1710 1665 1740 quos
1674 1709 1711 1729 ex
1723 1700 1901 1729 hominibus
1913 1701 2008 1729 nimis
2016 1698 2106 1729 anxie
2115 1698 2151 1728 de
2161 1701 2224 1730 vitae

1269 1745 1425 1777 sollicitos,
1437 1744 1559 1783 ejusque
1569 1751 1685 1772 exitum
1699 1741 1893 1771 detreetantes
1903 1741 2044 1781 aspiciant
2054 1760 2062 1774 ,
2074 1741 2111 1770 iis
2120 1739 2223 1780 aliquo

1271 1786 1366 1818 modo
1379 1784 1567 1816 succenseant
1579 1796 1583 1813 z
1594 1794 1647 1813 eos
1656 1782 1726 1813 vero
1737 1784 1769 1813 &
1780 1792 1861 1813 caros
1875 1783 2002 1813 habeant
2015 1802 2023 1816 ,
2046 1782 2079 1812 &
2088 1783 2226 1812 muneri-

1270 1829 1325 1859 bus
1341 1828 1573 1868 prosequantur,
1593 1827 1645 1866 qui
1664 1823 1685 1855 fi
1702 1827 1719 1855 ἐ
1739 1827 1800 1855 11113
1819 1833 1996 1855 revocentur
2005 1822 2057 1864 ipsi
2070 1842 2080 1857 ,
2097 1823 2145 1853 vel
2155 1823 2223 1853 suos

1269 1871 1400 1901 revocari
1414 1869 1552 1901 videant,
1573 1868 1679 1898 alacres
1688 1887 1696 1900 ‚
1722 1867 1840 1907 laetique
1859 1866 1916 1897 deo
1926 1875 2043 1906 pareant
2054 1886 2063 1899 ,
2086 1865 2227 1905 nihilque

1271 1921 1426 1953 propterea
1436 1911 1507 1940 mali
1517 1909 1570 1940 fibi
1580 1907 1715 1940 accidifle
1722 1908 1869 1948 judicent.
1880 1907 1960 1947 quod
1972 1906 1991 1937 si
2002 1906 2140 1938 faeminas
2151 1916 2227 1947 pra:-

1270 1952 1373 1985 stitifl'e
1383 1953 1596 1993 intelligimus:
1615 1961 1666 1981 cui·
1678 1953 1716 1980 iis
1727 1950 1944 1980 imbecilliores
1954 1969 1962 1982 ‚
1974 1959 2058 1990 atque
2072 1947 2225 1979 infirmio⁴

1272 2005 1318 2027 res
1328 1995 1423 2025 videri
1432 1995 1530 2025 velint
1540 1995 1597 2023 viri
1609 1996 1726 2033 ?neque
1736 1991 1936 2022 solumunam
1949 1992 2078 2031 aliquam
2090 1991 2105 2021 ὲ
2118 1989 2228 2020 multis

1270 2037 1425 2068 faeminam
1441 2056 1449 2070 ‚
1473 2035 1520 2066 sed
1541 2044 1632 2065 totam
1649 2043 1769 2076 gentem
1782 2053 1790 2068 ‚
1809 2043 1841 2065 ac
1860 2035 2035 2067 nationem,
2055 2041 2086 2062 ut
2096 2033 2226 2063 marium

1270 2083 1380 2110 virtute
1393 2099 1401 2111 ,
1421 2076 1459 2108 sic
1471 2077 1661 2108 faeminarum
1677 2078 1791 2106 eximia
1801 2075 1928 2116 quadam
1942 2074 2149 2116 magnitudine
2161 2075 2228 2104 ani-

1272 2123 1316 2152 mi
1326 2117 1490 2161 praestitiffe
1510 2122 1689 2158 accepimus.
1713 2119 1852 2148 Laeaenas
1874 2120 1957 2146 enirn
1977 2125 2126 2147 matronas
2137 2115 2229 2145 tradi-

1271 2173 1337 2194 tum
1348 2162 1408 2195 est,
1432 2160 1533 2192 occisis
1552 2159 1623 2190 filiis
1633 2159 1907 2198 vulnerainspicei·e
1917 2156 2112 2188 consuevisse.
2135 2167 2165 2187 ac
2177 2177 2186 2190 ‚
2206 2155 2228 2189 fi

1271 2205 1407 2235 adversos
1428 2204 1596 2233 vulneratos
1614 2199 1670 2231 ess'e
1691 2200 1922 2240 comperissent,
1946 2198 2126 2229 laetabundas
2137 2197 2227 2229 funus

1271 2247 1378 2277 ducere
1389 2265 1397 2279 ‚
1414 2245 1521 2285 eosque
1540 2246 1571 2274 in
1583 2244 1659 2274 avita
1670 2243 1799 2283 sepulcra
1809 2242 1918 2272 inferre
1927 2242 2024 2272 solitas
2037 2239 2110 2271 elle:
2128 2239 2232 2271 contra

1272 2287 1362 2321 verb,
1382 2297 1457 2327 quos
1476 2285 1601 2316 adversis
1620 2284 1794 2315 vulneribus
1812 2284 1948 2314 concisos
1957 2283 2151 2324 agnoscebant
2164 2301 2173 2316 ‚
2192 2281 2229 2312 ab

1273 2332 1311 2360 iis
1322 2328 1499 2370 refugientes
1514 2348 1523 2360 ,
1549 2328 1625 2358 clam
1640 2326 1822 2366 sepeliendos
1833 2325 1972 2356 curabant
1983 2344 1991 2359 ,
2003 2334 2059 2354 nec
2070 2324 2134 2354 ullo
2143 2332 2233 2363 pror-

1274 2372 1321 2402 sus
1342 2372 1457 2401 bonore
1475 2369 1590 2400 funeris
1613 2367 1834 2409 prosequendos
1853 2366 2026 2397 statuebant.
2060 2375 2175 2396 tantum
2195 2366 2230 2395 in

1273 2413 1426 2444 faernineis
1435 2421 1555 2452 quoque
1565 2413 1676 2441 animis
1687 2409 1776 2439 decus
1785 2418 1898 2448 poterat
1909 2427 1917 2441 ‚
1931 2408 1962 2438 &
1974 2406 2105 2438 studium
2115 2407 2230 2448 gloriae.

1274 2464 1331 2496 qua
1340 2464 1379 2484 ex
1388 2463 1476 2495 gente
1486 2455 1578 2483 etiam
1594 2451 1670 2482 illud
1682 2451 1716 2481 ad
1727 2461 1785 2480 nos
1793 2451 1964 2490 piaeclarum
1977 2450 2154 2482 dimanavit,
2167 2458 2232 2478 ma-

1275 2506 1352 2526 trem
1366 2495 1514 2536 quandam
1539 2493 1637 2523 filium
1649 2513 1658 2527 ‚
1680 2493 1757 2522 senis
1776 2490 1947 2522 confoss'um
1968 2490 2143 2522 vulneribus
2155 2510 2164 2523 ,
2181 2491 2233 2520 in·

1275 2547 1411 2568 tuentem
1424 2546 1477 2566 nec
1488 2538 1640 2576 ingemere
1658 2532 1784 2564 voluiss'e
1796 2553 1803 2567 ‚
1824 2543 1878 2563 nec
1887 2543 2029 2563 coronam
2041 2534 2056 2561 ἐ
2069 2533 2167 2572 capite
2180 2531 2234 2561 de-

1277 2588 1388 2620 ponere
1403 2598 1412 2612 ,
1435 2578 1483 2608 sed
1493 2579 1527 2608 ad
1542 2578 1670 2607 comites
1683 2576 1855 2606 conversam
1870 2595 1879 2608 ,
1900 2577 1938 2605 ita
1950 2576 2080 2604 locutam
2094 2584 2098 2602 :
2110 2575 2232 2614 Qanto

1277 2622 1429 2662 pulchrius
1439 2620 1471 2650 &
1481 2619 1643 2659 optabilius
1653 2617 1695 2648 est
1708 2637 1716 2651 ‚
1735 2620 1768 2647 in
1778 2618 1841 2647 acie
1851 2616 1996 2646 vitiorem
2008 2617 2139 2646 animam
2150 2613 2234 2645 effla-

1279 2674 1310 2694 re
1322 2683 1330 2696 ,
1353 2663 1444 2703 qtrlim
1456 2663 1488 2691 in
1509 2662 1653 2701 Olympio
1666 2661 1828 2690 certamine
1839 2657 2054 2698 partavi6loria
2063 2659 2186 2686 vivere?
2203 2661 2232 2684 at

1279 2706 1334 2734 alia
1344 2703 1441 2734 filium
1461 2704 1493 2732 in
1503 2700 1809 2743 ρ13ι11ο1016116ἂο10
1821 2700 1943 2730 audiens
1954 2720 1962 2734 ‚
1982 2702 2090 2729 iccirco
2102 2717 2109 2732 ‚
2121 2697 2231 2736 inquit,

1279 2755 1439 2788 genueram
1456 2765 1464 2777 ‚
1486 2754 1519 2774 ut
1542 2753 1670 2774 mortem
1689 2752 1742 2782 pro
1759 2745 1848 2782 patria
1858 2740 2158 2772 fortiter-occumbere
2167 2747 2233 2766 non

1280 2788 1435 2818 dubitaret.
1459 2786 1541 2827 Qid
1560 2787 1606 2815 liis
1624 2785 1756 2814 faeminis
1777 2783 1882 2817 facias,
1902 2792 2021 2823 autquo
2032 2790 2093 2811 non
2105 2781 2232 2813 honore,

1279 2839 1312 2859 ac
1320 2829 1515 2871 gratulatione
1524 2827 1628 2868 dignas
1640 2835 1725 2866 putes
1736 2846 1744 2859 ‚
1767 2835 1832 2866 qiiae
1842 2825 1877 2854 de
1888 2827 1985 2865 patriae
1996 2823 2136 2863 dignitate
2151 2839 2159 2853 ,
2180 2820 2234 2849 de-

1280 2881 1337 2911 que
1359 2870 1452 2912 gloria
1470 2870 1622 2902 sollicitae,
1641 2867 1796 2898 honestam
1819 2876 1947 2896 mortem
1961 2866 2057 2894 cuivis
2068 2862 2153 2892 saluti
2167 2881 2175 2895 ‚
2200 2871 2234 2892 ac

1280 2914 1363 2943 lucro
1376 2913 1608 2950 anteponerent!
1620 2913 1682 2950 Age
1694 2907 1766 2938 verb
1777 2928 1785 2942 ,
1798 2917 1870 2937 num
1879 2906 2014 2936 ‘Lacaenis
2027 2906 2237 2934 Romanarum

1280 2952 1534 2984 virtusinferior?
1551 2962 1602 2992 par
1619 2949 1736 2981 fortafl'e
1749 2969 1757 2984 ,
1777 2948 1830 2978 nisi
1851 2949 1938 2977 malis
1948 2947 2036 2976 etiam
2049 2946 2236 2985 superiorem

1279 2995 1436 3036 appellare.
1458 2995 1546 3034 quam
1561 2993 1648 3023 fortis
1658 3001 1740 3021 enim
1753 3010 1760 3023 ,
1783 2990 1815 3019 &
1826 2998 1915 3028 quam
1929 2986 2084 3027 magnifica
2097 2987 2147 3016 illa
2158 2988 2237 3017 Cor-

1281 3039 1368 3067 1161136
1379 3045 1443 3066 vox
1456 3056 1464 3068 ,
1482 3045 1547 3076 quae
1567 3034 1748 3064 duodecimo
1760 3032 1816 3066 iam
1828 3031 1899 3060 faetu
1911 3027 2018 3059 amisso
2032 3049 2041 3063 ‚
2059 3027 2128 3058 curn
2141 3028 2237 3058 Tibe-

1279 3080 1360 3111 rium
1375 3077 1522 3119 &Cajum
1535 3075 1615 3107 filios
1625 3072 1801 3105 interiestos
1811 3070 1996 3113 spectavisset
2008 3090 2017 3107 ‚
2031 3070 2116 3101 nullo
2130 3072 2240 3142 11111ῧ16

2099 3121 2186 3152 percu
2214 3121 2241 3145 a,
