2297 3389
713 131 842 177 L1ss.
879 129 936 177 V.
984 146 1050 177 tiz
1084 127 1149 175 ·C.
1186 123 1477 178 VERREM.

131 204 210 237 freto
219 203 337 246 fugitivi
347 203 382 234 ad
391 201 554 234 Meffinam
563 199 681 232 transire
691 200 809 241 pofi'ent
821 212 826 231 z
846 201 861 232 a
869 211 930 242 quo
941 202 987 231 illi
997 211 1088 232 cona—

133 256 165 278 tu
174 257 237 277 non
248 255 396 286 tantopere
405 244 586 285 prohibendi
600 242 723 273 fuiffent
733 263 741 276 ‚
762 242 783 273 si
793 244 853 273 ulla
862 245 895 272 in
904 244 1003 273 Sicilia
1012 253 1085 283 prae-

130 288 202 319 sidia
218 288 253 318 ad
271 288 395 317 illorum
403 286 567 316 adventum
579 283 711 325 opposita
718 293 901 324 putarentur.
927 287 965 314 At
977 293 1041 314 tum
1054 287 1086 314 in

131 331 216 361 Italia
225 329 340 359 bellum
350 336 410 358 tam
420 327 512 367 prope
524 327 540 358 a
550 327 650 357 Sieilia
660 346 668 360 ‚
680 335 780 356 tamen
790 328 822 356 in
832 326 932 356 Sicilia
941 335 1004 355 non
1013 324 1081 355 fuit.

132 371 214 414 Qid
223 372 334 400 mirum
347 370 357 395 ?
370 379 407 398 ne
417 379 486 398 cum
500 371 532 399 in
543 368 643 399 Sicilia
652 368 776 409 quidem
784 364 844 398 fuit
853 387 862 400 ‚
874 366 982 397 eodem
993 369 1086 396 inter-

98 421 112 454 u,

129 455 227 495 quitas
235 452 269 483 ad
279 461 376 482 utram
384 460 498 491 partem
511 453 570 482 hoc
583 452 653 482 loco
665 449 832 491 profertur?
848 449 952 480 utrum
970 449 1085 479 aditum

126 495 247 525 facilem
265 493 400 524 hostibus
410 514 418 526 ‚
438 504 476 524 an
486 494 677 534 contagionem
692 492 826 522 imitandi
843 502 868 532 e]
874 502 907 521 us
923 491 994 521 belli
1006 493 1087 531 peri·

125 536 259 566 culosam
271 534 357 565 fuisse
369 539 379 562 ἒ
390 535 496 566 Aditus
509 537 612 566 omnis
621 535 800 565 hominibus
811 532 870 563 fine
881 534 940 563 ulla
948 532 1085 563 facultate

127 579 256 608 navium
269 587 332 607 non
351 576 445 607 modo
463 576 633 617 disjunSms
644 596 653 610 ,
674 576 721 607 sed
732 578 822 606 etiam
833 575 944 605 clausus
956 573 1028 607 fuit:
1051 584 1083 604 iit

127 619 189 649 illis
198 638 207 653 ‚
219 618 328 659 quibus
338 618 469 649 Siciliam
480 621 681 659 propinquam
692 616 778 648 fuiss'e
788 617 874 650 dicis,
886 615 1003 647 facilius
1015 615 1082 645 fue-

126 662 166 691 rit
177 660 212 690 ad
223 663 377 693 Oceanum
393 663 548 700 pervenire
559 681 567 694 ‚
588 660 678 701 quam
696 660 732 690 ad
742 658 912 689 Peloridem
931 657 1077 687 accedere.

126 703 275 742 Contagio
284 710 383 732 autem
395 701 448 732 ista
458 703 573 732 servilis
584 702 672 735 belli,
691 710 743 731 cur
751 700 802 730 abs
813 710 840 730 te
850 698 950 740 potius
962 719 970 733 ,
991 698 1081 739 quam

125 744 209 774 abiis
221 743 366 773 omnibus
376 763 384 777 ‚
396 745 448 784 qui
458 753 566 774 ceteras
576 744 743 783 provincias
753 742 960 773 obtinuerunt,
974 740 1081 780 praed'i-

124 788 227 815 catur?
249 795 286 815 an
305 786 386 825 quod
403 788 435 815 in
447 786 547 816 Sicilia
558 786 622 824 jam
633 784 700 814 ante
713 783 791 813 bella
799 782 998 824 fugitivorum
1016 781 1082 811 fue-

123 829 217 858 runt?
230 830 270 857 At
278 836 310 856 ea
319 827 379 866 ipsa
388 827 469 857 causa
479 826 520 857 est
529 847 538 860 ,
549 836 601 856 cur
610 826 671 866 ipsa
679 827 834 865 provincia
844 826 978 854 minimo
989 826 1020 853 in
1030 833 1082 863 pe-

122 868 220 899 riculo
232 866 267 898 fit
275 888 284 902 ‚
308 868 340 898 &
350 867 448 899 fuerit.
481 871 560 898 Nam
570 867 761 908 posteaquam
774 867 860 896 illinc
870 868 915 904 M·
928 865 1081 906 Aquillius

124 908 244 940 deceffit
254 929 262 944 ,
273 912 416 940 omnium
428 909 570 942 instituta,
582 918 669 950 atque
679 907 775 938 edicta
784 916 945 948 praetorum
959 910 1081 937 suerunt

124 951 289 991 ejusmodi,
300 958 332 980 ut
342 961 374 979 ne
382 961 442 992 quu
451 961 514 980 cum
525 951 682 990 rez'oservus
693 949 763 987 fft.
784 953 879 979 Vetus
888 948 931 979 est
940 948 1022 989 quod
1033 948 1079 978 di-

122 1003 190 1023 cam
201 1012 210 1026 ,
231 992 392 1032 &propter
408 993 592 1023 severitatem
607 992 742 1032 exempli
760 993 878 1021 nemini
893 989 1011 1020 fort-asse
1029 1000 1081 1019 ve-

125 1033 220 1065 strum
230 1033 400 1074 inauditum
412 1044 417 1063 :
438 1036 473 1064 L.
484 1036 660 1064 Domitium
670 1042 828 1074 praetorem
838 1034 871 1062 in
879 1033 980 1063 Sicilia
989 1051 997 1064 ‚
1010 1030 1082 1061 cum

125 1085 193 1115 aper
201 1077 307 1117 ingens
316 1075 350 1104 ad
361 1085 433 1105 eum
443 1076 547 1106 allatus
558 1074 630 1106 esset
638 1095 646 1109 ‚
659 1075 838 1106 admiratum
848 1072 1005 1114 requisisse,
1016 1075 1082 1113 quis

125 1127 198 1148 eum
207 1114 394 1157 percuffiffet.
416 1116 487 1147 cum
497 1115 624 1148 audisset
633 1137 641 1151 ,
653 1116 801 1157 pastorem
813 1115 967 1156 cujusdam
977 1113 1062 1145 fuiss'e
1072 1135 1080 1148 ‚

125 1168 198 1190 eum
208 1158 244 1189 ad
256 1159 284 1189 se
293 1160 391 1189 vocari
404 1157 529 1199 juffifl'e:
546 1159 637 1189 illum
647 1158 754 1199 cupide
764 1157 800 1188 ad
811 1166 967 1197 praetorem
977 1177 985 1190 ,
1005 1155 1084 1197 quasi

123 1200 161 1231 ad
180 1200 299 1230 laudem
317 1220 326 1234 ‚
352 1209 438 1242 atque
456 1202 616 1240 praemium
634 1198 786 1230 accurrisse
799 1210 804 1228 :
822 1197 953 1240 quaesiss'e
970 1200 1083 1228 Domi-

123 1243 215 1276 tium,
225 1240 276 1283 qui
287 1249 400 1271 tantam
411 1241 710 1284 belliampercuffiffit:
726 1241 816 1271 illum
826 1239 1007 1280 respondisse
1016 1260 1024 1273 ‚
1036 1250 1086 1268 ve-

124 1282 237 1313 nabulo.
260 1282 359 1314 statim
371 1284 481 1314 deinde
495 1283 575 1324 juffu
593 1286 727 1324 praetoris
746 1286 779 1313 in
789 1292 909 1313 crucem
919 1281 975 1311 efl'e
986 1283 1084 1313 subla·

124 1334 202 1356 turn.
225 1328 348 1355 Durum
365 1327 424 1356 hoc
439 1324 558 1356 foruisse
576 1326 728 1356 videatur:
749 1335 787 1354 ne
810 1334 846 1354 ue
865 1334 920 1365 ego
939 1324 1033 1354 ullam
1050 1326 1083 1353 in

123 1376 237 1408 partem
247 1367 375 1406 disputo.
393 1376 511 1397 tantum
520 1367 670 1408 intelligo,
677 1335 814 1396 maluifliil:
824 1367 1002 1395 Domitium
1014 1375 1081 1395 cru-

124 1409 225 1439 delem
234 1411 268 1438 in
276 1408 545 1438 animadvertendo
555 1428 563 1441 ‚
581 1413 672 1450 quam
683 1411 716 1438 in
726 1407 982 1448 praetermittendo
992 1405 1084 1436 disso-

84 1462 109 1494 4
125 1450 224 1481 lutum
234 1449 339 1480 videri.
362 1453 442 1491 Ergo
450 1450 498 1480 his
507 1450 652 1481 institutis
660 1451 834 1490 provinciae,
846 1450 909 1489 jam
920 1457 997 1482 tum,
1008 1447 1081 1479 curn

127 1492 208 1522 bello
218 1491 418 1532 fugitivorum
429 1500 490 1522 tota
498 1493 582 1522 Italia
589 1492 713 1524 arderet,
729 1492 824 1521 homo
835 1501 899 1521 non
907 1492 1081 1524 acerrimus,

124 1543 180 1564 nec
190 1531 365 1563 fortiffimus
379 1536 413 1564 C.
424 1534 586 1565 Norbanus
596 1554 604 1568 ,
625 1534 654 1563 in
659 1534 769 1574 summo
780 1533 912 1573 otiofuir.
943 1532 1083 1572 perfacile

125 1577 211 1605 enim
221 1575 280 1606 sese
288 1575 389 1606 Sicilia
397 1575 533 1606 tuebatur
542 1597 552 1610 ‚
573 1586 612 1606 ne
624 1575 705 1617 quod
722 1577 757 1605 in
775 1575 835 1615 ipsa
853 1574 969 1604 bellum
987 1572 1084 1614 posset

125 1616 264 1647 existere.
284 1618 398 1647 etenim
408 1615 480 1647 curn
491 1618 569 1648 nihil
579 1627 640 1648 tam
651 1616 850 1658 conjunctum
860 1615 893 1646 sit
903 1637 912 1649 ‚
923 1616 1013 1657 quam
1026 1625 1082 1646 ne-

125 1660 284 1700 gotiatores
294 1657 389 1688 nostri
397 1669 468 1689 cum
478 1660 584 1690 Siculis
596 1680 604 1694 ,
615 1660 678 1693 usu,
693 1669 724 1689 re
733 1679 740 1692 ,
755 1660 871 1689 ratione
880 1679 888 1691 ‚
901 1657 1062 1688 concordia
1076 1668 1081 1687 :

126 1701 161 1730 &
169 1699 240 1730 cum
252 1698 303 1740 ipfi
315 1701 406 1731 Siculi
415 1711 460 1731 res
472 1701 534 1732 suas
545 1703 585 1731 ita
593 1701 767 1732 constitutas
776 1700 904 1730 habeant
911 1719 920 1734 ,
934 1708 966 1729 ut
976 1700 1022 1729 his
1031 1710 1082 1739 pa-

123 1752 190 1772 cem
201 1742 339 1782 expediat
350 1740 406 1772 effe
417 1753 423 1771 ι
439 1744 602 1783 imperium
612 1752 713 1773 autem
723 1742 828 1783 populi
839 1743 973 1772 Romani
987 1740 1025 1771 fic
1033 1742 1081 1772 di-

123 1783 265 1826 ligant,ut
274 1783 304 1813 id
315 1785 526 1817 imminui‚aut
533 1786 714 1815 commutari
725 1784 857 1814 minime
868 1784 964 1814 velint
975 1794 980 1812 :
992 1793 1080 1813 cum-

123 1835 181 1866 que
191 1827 256 1855 haec
265 1825 301 1854 ab
313 1825 465 1855 servorum
476 1826 557 1856 bello
567 1827 697 1867 pericula
705 1846 714 1860 ‚
737 1827 769 1856 &
783 1835 944 1866 praetorum
962 1824 1081 1855 institu-

123 1869 161 1897 tis
174 1887 182 1900 ,
199 1867 232 1897 δε
243 1867 442 1896 dominorum
451 1868 608 1908 disciplina
616 1869 731 1908 provisa
740 1867 812 1898 sint:
833 1867 953 1897 nullum
965 1866 1008 1897 est
1016 1877 1080 1897 ma-

123 1908 190 1938 lum
200 1907 415 1942 domesticum,
426 1909 507 1949 quod
518 1919 555 1939 ex
565 1911 625 1950 ipsa
634 1911 790 1949 provincia
799 1909 879 1939 nasci
889 1907 987 1948 possit.
998 1908 1080 1950 Qid
1103 1927 1104 1940 ι

124 1951 236 1991 igitur?
263 1950 380 1979 nulline
398 1959 500 1979 motus
516 1952 549 1980 in
563 1952 662 1981 Sicilia
672 1952 824 1981 servorum
834 1953 924 1979 Verre
934 1959 1057 1989 praetore
1070 1953 1080 1978 ?

125 1992 257 2022 nullaene
275 1991 449 2031 conftnfiones
460 1991 544 2021 faaae
555 1991 612 2022 effe
623 1993 783 2023 dicuntur?
801 1992 879 2021 nihil
893 1991 959 2021 fine
971 2012 978 2024 ,
998 1991 1080 2031 quod
1102 2018 1104 2022 ,

125 2032 161 2062 ad
175 2036 202 2063 S.
219 2036 249 2063 P.
264 2035 356 2073 QR.
371 2036 556 2072 pervenerit:
576 2034 654 2063 nihil
669 2053 678 2067 ‚
696 2033 778 2074 quod
798 2032 852 2062 iste
870 2035 1004 2063 Romam
1024 2042 1081 2071 pu-

125 2073 206 2104 blice
217 2075 436 2114 conscripserit:
452 2076 484 2104 &
495 2084 594 2105 tamen
604 2084 735 2115 coeptum
746 2073 802 2104 effe
813 2077 845 2104 in
856 2075 956 2104 Sicilia
964 2076 1081 2104 moveri
1101 2097 1103 2102 ,

123 2116 240 2156 aliquot
248 2116 322 2146 locis
334 2116 489 2146 servitium
506 2117 644 2156 suspicor.
668 2117 699 2146 id
718 2116 792 2146 adeo
811 2126 875 2145 non
894 2125 954 2146 tam
972 2126 1010 2145 ex
1029 2118 1091 2149 re,x

131 413 212 443 vallo
220 421 284 452 pars
295 411 359 450 ejus
366 410 439 440 belli
448 411 481 440 in
490 410 607 441 Italiam
619 410 679 440 ulla
687 408 817 450 pervasit.
842 410 964 439 Etenim
971 408 1095 449 propin-s

1131 198 1188 230 stes
1198 220 1206 234 ‚
1216 201 1345 241 publicae
1357 202 1462 233 tabulae
1473 213 1479 232 t
1491 201 1582 238 testis,
1595 203 1829 245 splendidiffima
1837 206 1940 237 civitas
1949 208 2086 248 Lilybae-

1129 250 1194 288 tana
1213 253 1218 271 :
1239 242 1320 273 testis
1337 264 1346 277 ‚
1366 244 1586 276 honestiffimus
1597 267 1606 280 ‚
1627 249 1836 289 maximusque
1855 258 2025 279 conventus
2043 252 2086 280 ci-

1126 292 1214 313 Vium
1232 286 1363 315 Roman.
1385 288 1463 316 nihil
1480 287 1575 327 potest
1590 299 1595 317 :
1610 289 1794 329 producendi
1807 291 1884 320 sunt.
1906 292 2004 331 itaque
2014 301 2085 330 pro-

1128 323 1294 372 ducuntur,
1309 327 1383 357 &ad
1394 329 1494 367 palum
1505 329 1671 372 alligantur.
1690 334 1787 362 Etiam
1799 342 1880 362 nunc
1891 333 1968 362 mihi
1979 333 2083 372 exspe-

1128 364 1205 412 &are
1215 366 1364 398 videmini
1374 370 1508 412 ,judices
1519 391 1527 403 ‚
1538 372 1610 412 quid
1620 372 1729 403 deinde
1739 373 1852 404 fafitum
1862 372 1895 404 fit
1908 384 1913 403 :
1933 373 2015 414 quod
2027 373 2081 404 iste

1126 407 1203 454 nihil
1214 417 1360 448 umquam
1377 412 1449 441 tecit
1458 412 1516 451 fine
1527 415 1623 454 aliquo
1636 414 1755 455 quaestu,
1775 424 1861 456 atque
1871 416 1977 455 praeda.
2000 415 2083 457 Qud

1126 457 1160 476 in
1171 448 1320 494 ejusmodi
1330 461 1360 480 re
1371 450 1434 481 fieri
1444 456 1561 492 potuit?
1575 456 1657 495 quod
1667 457 1839 486 commodum
1846 456 1889 487 est
1898 460 1908 487 ?
1918 457 2085 497 exspec‘tate
2095 467 2101 474 ·

1125 487 1240 535 facinus
1253 509 1262 522 ‚
1278 490 1368 538 quam
1380 494 1470 523 vultis
1481 497 1656 535 improbum
1665 518 1673 530 ,
1686 500 1805 528 vincam
1816 508 1917 529 tamen
1930 499 2084 539 exspeffia-

1126 539 1243 577 tionem
1254 540 1396 562 omniurn
1411 554 1419 566 ‚
1444 538 1458 554 2
1469 539 1596 567 nomine
1610 539 1735 573 sceleris,
1749 541 2023 581 coniurationisque
2033 541 2085 571 da·

1126 581 1240 618 mnan,
1260 572 1295 619 ad
1307 574 1486 620 supplicium
1502 578 1617 612 traditi,
1631 581 1665 610 ad
1677 582 1780 620 palum
1789 582 1899 622 alligati
1909 603 1919 615 ,
1938 583 2058 622 repente
2071 600 2083 615 n

1127 614 1230 660 multis
1240 615 1377 661 millibus
1388 617 1552 648 hominum
1563 618 1795 660 inspe&antibus
1808 644 1817 656 ‚
1837 624 1926 654 soluti
1939 624 2007 654 sunt
2018 643 2027 656 ‚
2048 624 2083 654 &

1125 655 1269 685 Leonidae
1279 656 1325 685 illi
1335 656 1465 688 domino
1477 659 1594 690 redditi.
1618 663 1699 701 Qid
1719 665 1855 694 hocloco
1865 675 1949 704 potes
1962 665 2060 695 dicere
2072 685 2082 698 ‚

1124 697 1448 744 homo'amentiffime?
1461 699 1516 730 nisi
1525 701 1568 734 id,
1579 704 1661 742 quod
1671 715 1726 745 ego
1734 715 1797 735 non
1808 716 1921 746 quaero:
1935 706 2017 747 quod
2027 707 2081 737 de-

1123 748 1215 778 nique
1224 748 1257 768 in
1272 749 1303 768 rc
1313 749 1371 769 tam
1383 740 1502 776 nefaria,
1514 743 1626 774 tametsi
1636 745 1765 776 dubitari
1775 757 1839 777 nori
1849 747 1958 788 potest,
1967 757 2078 781 tamen,

1123 789 1160 808 ne
1175 778 1195 809 si
1205 779 1357 811 dubitetur
1366 783 1491 823 quidem
1503 803 1512 817 ‚
1529 788 1620 824 quaeri
1641 795 1789 826 oporteat:
1807 790 1878 829 quid
1891 810 1899 822 ‚
1918 799 1966 820 aut
1984 800 2079 830 quan-

1122 829 1187 867 tum
1199 841 1208 855 ,
1219 830 1268 852 aut
1278 823 1434 862 quomodo
1444 833 1580 864 acceperu.
1608 830 1729 858 remitto
1740 829 1794 859 tibi
1807 832 1863 860 hoc
1874 840 1981 864 totum,
1993 841 2081 871 atque

1122 862 1176 892 ista
1187 872 1213 892 te
1224 873 1291 894 cura
1300 864 1409 894 libero.
1420 876 1515 907 neque
1527 869 1610 898 enirn
1622 878 1736 904 metuo,
1749 881 1785 900 ne
1796 872 1854 902 hoc
1864 874 2002 912 cuiquam
2012 882 2079 912 per-

1121 904 1282 951 suadeatur,
1295 915 1338 940 ut,
1349 907 1384 936 ad
1395 909 1476 947 quod
1488 908 1605 939 facinus
1616 921 1710 941 nemo
1720 932 1729 945 ‚
1744 922 1846 951 praeter
1859 922 1887 942 te
1898 933 1905 946 ‚
1921 914 1981 943 ulla
1989 923 2082 953 pecu-

1123 946 1287 992 nia'adduci
1296 952 1437 987 potuerit,
1449 950 1479 979 id
1493 959 1522 980 tu
1532 959 1621 991 gratu
1631 953 1772 993 suscipere
1782 964 1904 984 conatus
1915 953 1959 983 sis.
1969 954 2078 985 verum

1124 987 1161 1016 de
1170 987 1224 1017 ista
1234 989 1363 1023 iurandi,
1373 990 1584 1033 praedandique
1593 996 1708 1024 ratione
1720 996 1799 1024 nihil
1809 996 1877 1026 dico
1890 1006 1895 1024 :
1911 996 1945 1025 de
1956 998 2008 1026 hac
2019 999 2078 1026 irn-

1123 1032 1266 1073 peratoria
1276 1032 1339 1070 jam
1351 1040 1399 1061 tua
1413 1033 1497 1062 laude
1507 1034 1635 1074 disputo.
1659 1037 1740 1075 Qid
1751 1039 1805 1070 ais,
1817 1037 1897 1067 bone
1905 1036 2015 1070 custos,
2027 1038 2076 1067 de·
2093 1044 2114 1075 5

1123 1072 1281 1111 iensorque
1291 1075 1453 1112 provinciae
1464 1078 1475 1103 ?
1495 1084 1526 1104 tu
1537 1095 1544 1109 ‚
1559 1086 1634 1116 quos
1646 1078 1744 1108 servos
1753 1089 1833 1108 arma
1842 1089 1943 1119 capere
1955 1099 1963 1112 ,
1976 1089 2008 1109 ac
2018 1079 2082 1108 bel-

1125 1113 1191 1142 lum
1208 1112 1302 1143 facere
1315 1116 1348 1144 in
1358 1116 1459 1146 Sicilia
1475 1117 1602 1147 voluisse
1620 1129 1763 1159 cognoras
1774 1140 1783 1154 ‚
1804 1120 1880 1150 &de
1890 1119 2006 1151 consilii
2016 1122 2082 1150 sen-

1125 1156 1219 1201 tentia
1226 1156 1237 1194 j
1241 1154 1371 1186 udicaras
1382 1167 1386 1185 :
1397 1158 1453 1187 hos
1463 1158 1497 1188 ad
1508 1159 1687 1199 supplicium
1693 1162 1756 1201 jam
1769 1171 1853 1192 more
1863 1163 2012 1200 majorum
2023 1172 2081 1192 tra-

1125 1195 1203 1225 ditos
1214 1216 1222 1230 ‚
1236 1196 1269 1226 &
1277 1197 1312 1227 ad
1323 1199 1426 1237 palum
1436 1200 1568 1240 alligatos
1580 1222 1587 1234 ,
1600 1211 1636 1231 ex
1647 1203 1747 1233 media
1758 1212 1854 1234 morte
1864 1207 1976 1243 eripere
1986 1225 1996 1237 ,
2005 1214 2038 1234 ac
2048 1205 2086 1234 li-

1126 1237 1225 1267 berare
1235 1239 1321 1269 ausus
1331 1244 1381 1269 es?
1400 1249 1450 1274 ut,
1462 1251 1551 1282 quarn
1566 1242 1715 1274 damnatis
1725 1245 1814 1275 servis
1824 1255 1944 1276 ciucem
1956 1244 2062 1275 fixeras
2071 1265 2081 1279 ‚

1126 1280 1203 1309 hanc
1219 1280 1402 1312 indemnatis
1417 1284 1536 1313 civibus
1546 1287 1639 1315 Rom.
1651 1286 1830 1317 reservares?
1847 1290 2008 1317 Pi-:RnrrAE
2030 1297 2083 1316 e1-

1126 1331 1269 1367 vrTATEs
1279 1342 1288 1356 ‚
1311 1322 1468 1363 desperatis
1478 1326 1621 1356 omnibus
1631 1327 1717 1358 rebus
1729 1348 1737 1361 ,
1750 1329 1804 1358 hos
1816 1329 1912 1359 solent
1922 1331 2018 1359 exitus
2029 1338 2082 1358 ex—

1124 1363 1230 1393 itialeis
1240 1364 1346 1394 habere
1359 1385 1368 1399 ,
1380 1375 1412 1395 ut
1423 1366 1555 1397 damnati
1566 1370 1598 1398 in
1609 1370 1758 1411 integrum
1768 1369 1958 1401 restituantur
1967 1370 2083 1404 ‚vineti

1124 1404 1278 1435 solvantur
1287 1426 1297 1439 ‚
1317 1407 1419 1436 exules
1435 1408 1626 1443 reducantur,
1649 1421 1694 1441 res
1712 1412 1850 1451 judicatae
1867 1412 2080 1442 rescindantur.

1124 1456 1190 1487 quae
1202 1445 1273 1477 curn
1283 1448 1421 1479 accidunt
1432 1469 1440 1483 ‚
1458 1460 1550 1481 nemo
1560 1451 1619 1486 est,
1639 1454 1714 1493 quin
1733 1454 1880 1495 intelligat
1895 1464 1978 1483 ruere
1996 1453 2083 1484 illam

1123 1488 1272 1535 rempubl.
1284 1490 1346 1520 haec
1357 1490 1408 1535 tibi
1420 1494 1548 1523 veniunt
1557 1514 1566 1526 ‚
1580 1504 1673 1524 nemo
1684 1494 1736 1528 est,
1747 1497 1799 1536 qui
1809 1497 1902 1525 ullam
1914 1496 1996 1535 spem
2007 1495 2082 1525 salu-

1124 1538 1162 1560 tis
1176 1531 1322 1571 reliquam
1333 1530 1390 1561 efle
1400 1532 1564 1564 arbitretur.
1587 1545 1674 1576 atque
1685 1537 1746 1567 haec
1756 1536 1848 1567 sicubi
1855 1536 1932 1567 faeta
1942 1538 2023 1567 sunt:
2038 1536 2083 1567 fa-

1124 1571 1170 1602 &a
1178 1572 1245 1619 sunt
1256 1592 1265 1607 ,
1286 1580 1319 1603 ut
1333 1574 1475 1605 homines
1484 1577 1648 1617 populares,
1669 1587 1718 1608 aut
1728 1578 1837 1608 nobilezs
1848 1579 2013 1618 supplicio,
2033 1588 2083 1609 aut

1124 1612 1229 1644 exsilio
1246 1614 1434 1645 levarentur:
1457 1626 1486 1647 at
1495 1628 1560 1648 non
1569 1619 1606 1649 ab
1616 1621 1662 1649 his
1674 1618 1760 1659 ipsis,
1783 1623 1835 1661 qui
1842 1619 2035 1660 judicassent:
2054 1629 2083 1650 at

1124 1665 1189 1685 non
1198 1655 1297 1686 statim
1308 1668 1316 1690 3
1331 1666 1360 1687 at
1368 1667 1433 1688 non
1444 1669 1549 1689 eorum
1560 1660 1730 1691 facinorum
1741 1663 1872 1692 damnati
1883 1683 1891 1695 ‚
1911 1672 1975 1702 quae
1989 1661 2024 1691 ad
2036 1663 2085 1691 vi-

1123 1706 1195 1732 tam,
1207 1698 1240 1728 &
1250 1701 1394 1729 omnium
1402 1698 1537 1731 fortunas
1546 1704 1736 1742 pertinerent.
1760 1705 1829 1734 Hoc
1838 1703 1910 1734 vero
1921 1713 2037 1733 novum
2050 1703 2084 1734 δε

1122 1739 1274 1779 ejusmodi
1291 1739 1348 1774 est,
1368 1750 1400 1771 ut
1410 1744 1503 1783 magis
1513 1753 1633 1783 propter
1650 1755 1735 1775 reum
1747 1765 1754 1779 ,
1775 1745 1865 1786 quam
1884 1754 2004 1786 propter
2016 1755 2083 1775 rem

1123 1781 1215 1821 ipsam
1226 1782 1370 1812 credibile
1379 1783 1516 1814 videatur
1528 1797 1536 1818 3
1557 1795 1588 1815 ut
1600 1787 1739 1816 homines
1750 1787 1848 1816 servos
1858 1799 1867 1821 3
1887 1797 1920 1817 ut
1928 1787 1989 1827 ipse
1999 1807 2006 1819 ‚
2029 1788 2082 1827 qui

1120 1823 1280 1863 judicarat3
1295 1833 1327 1854 ut
1337 1823 1435 1855 statim
1447 1825 1462 1855 e
1474 1826 1577 1858 medio
1588 1828 1734 1867 supplicio
1744 1828 1910 1862 dimiserim
1923 1838 1956 1858 ut
1965 1829 2028 1868 ejus
2038 1828 2083 1858 fa-

1122 1866 1234 1894 cinoris
1244 1865 1401 1896 damnatos
1412 1867 1511 1897 servos
1520 1887 1528 1901 ‚
1548 1870 1629 1908 quod
1640 1870 1678 1897 ad
1685 1870 1811 1898 omnium
1819 1869 1967 1903 [iberorum
1977 1877 2061 1910 caput
2072 1889 2081 1902 ‚

1123 1906 1157 1938 όν
1166 1907 1333 1946 fimgumem
1347 1915 1504 1949 pertineret.
1537 1912 1563 1939 O
1582 1910 1752 1949 praeclarum
1772 1913 1981 1951 imperatorem
1996 1931 2005 1945 ‚
2025 1921 2080 1942 nec

1120 1949 1183 1987 jam
1199 1958 1268 1977 cum
1283 1950 1329 1977 M.
1339 1950 1474 1989 Aquillio
1486 1969 1494 1983 ‚
1505 1950 1665 1981 fortiffimo
1675 1954 1740 1981 viro
1750 1972 1758 1984 2
1773 1952 1821 1982 sed
1833 1951 1904 1983 vero
1914 1963 1984 1983 cum
1994 1953 2081 1982 Paul-

1121 1990 1157 2018 lis
1167 2009 1175 2022 ,
1189 1991 1380 2029 Scipionibus
1390 2011 1398 2023 ‚
1418 1992 1519 2021 Mariis
1529 1992 1748 2025 conferendum
1761 1996 1766 2022 l
1788 1996 1964 2024 Tantumne
1974 1992 2082 2024 vidisse

1122 2033 1154 2060 in
1166 2040 1249 2060 metu
1258 2050 1268 2064 ‚
1277 2032 1470 2071 periculoque
1479 2037 1645 2073 pruvincia:
1655 2041 1664 2065 ὲ
1674 2034 1745 2064 cum
1758 2035 1949 2065 servitiorum
1959 2038 2081 2066 animos

1123 2074 1154 2102 in
1164 2072 1264 2102 Sicilia
1273 2073 1426 2112 suspensos
1437 2084 1556 2114 propter
1574 2075 1688 2105 bellum
1704 2077 1796 2106 ltiliae
1812 2076 2014 2119 fugitivorum
2031 2078 2080 2105 vi—

1121 2114 1202 2144 deret
1213 2125 1218 2142 :
1234 2124 1270 2143 ne
1279 2117 1344 2154 quis
1354 2115 1383 2144 se
1394 2125 1592 2146 commovere
1601 2117 1730 2150 auderet,
1743 2127 1889 2159 quantum
1902 2121 2019 2148 terroris
2031 2120 2080 2147 in·-

86 2507 108 2538 5
126 2491 230 2519 tiatum
249 2489 310 2524 est,
338 2500 370 2520 ut
386 2490 510 2521 adesset:
533 2491 616 2521 causa
634 2491 713 2521 dicta
733 2491 866 2521 damnati
885 2490 964 2520 sunt.
997 2490 1078 2532 Qid

1100 2182 1102 2186 .
1118 2158 1205 2196 jecit?
1217 2157 1441 2195 Comprehendi
1449 2156 1609 2198 juffitquis
1619 2169 1682 2188 non
1692 2161 1877 2199 pertimescat
1887 2163 1896 2189 ?
1905 2171 1957 2190 cau
1963 2160 2022 2190 sam
2033 2159 2079 2189 di-

124 2166 216 2198 quam
228 2167 266 2187 ex
281 2156 365 2188 istius
383 2156 487 2191 saetis,
508 2158 690 2198 decretisque
709 2158 870 2199 cognosco.
899 2160 942 2187 Ac
961 2157 1078 2191 videte,

1120 2208 1184 2228 cere
1203 2197 1358 2227 dominos.
1383 2198 1455 2238 quid
1475 2199 1566 2229 servis
1585 2209 1644 2230 tam
1665 2201 1923 2231 formidolosum?
1943 2205 2081 2232 Femsffi

124 2208 215 2240 quam
227 2209 290 2228 non
300 2200 429 2229 inimico
447 2201 551 2229 animo
560 2198 614 2229 fim
624 2199 750 2229 atiturus.
775 2209 829 2240 ego
840 2199 900 2239 ipse
911 2200 973 2229 haec
985 2218 993 2232 ,
1013 2209 1079 2239 quae
1100 2212 1102 2216 ⁴

124 2240 176 2270 ille
187 2243 310 2281 quaerit,
321 2251 385 2282 quae
396 2240 493 2270 adhuc
501 2251 669 2282 numquam
680 2240 1081 2274 audistis‚cotnmemorabo
1123 2249 1244 2268 vini-:ai
1263 2243 1481 2279 pronuntiavit.
1504 2251 1642 2271 exortam
1659 2243 1777 2273 videtur
1795 2242 1951 2273 flammam
1970 2253 2080 2283 pauco-

126 2281 330 2322 &proferam.
361 2284 397 2312 In
411 2283 610 2313 Triochalino
622 2304 630 2316 ‚
654 2292 745 2323 quem
764 2282 866 2312 locum
882 2281 1001 2322 fugitivi
1015 2283 1078 2321 jam
1121 2291 1188 2310 rum
1207 2281 1312 2310 dolore
1322 2301 1330 2314 ,
1351 2291 1383 2311 ac
1396 2291 1493 2312 morte
1507 2282 1683 2313 restruxisse.
1714 2284 1796 2324 Qd
1807 2284 1915 2315 deinde
1925 2285 2079 2326 sequitur?

124 2324 193 2354 ante
206 2332 367 2354 tenuerunt
375 2345 384 2356 ‚
396 2324 542 2354 Leonida:
551 2324 705 2364 cujusdam
715 2324 808 2354 Siculi
817 2323 932 2353 familia
942 2326 975 2353 in
985 2324 1078 2363 suspi—
1120 2323 1241 2352 verbera
1250 2332 1335 2363 atque
1345 2325 1429 2363 ignes
1440 2343 1448 2357 ,
1467 2324 1560 2354 &illa
1569 2326 1701 2355 extrema
1712 2327 1747 2356 ad
1761 2326 1941 2366 supplicium
1953 2328 2079 2356 damna-

124 2366 247 2395 cionem
264 2375 367 2396 vocata
385 2365 428 2396 est
445 2367 672 2401 coniurationis.
694 2376 739 2395 res
749 2365 886 2395 delataad
896 2364 998 2394 istum.
1022 2365 1078 2395 sta-
1099 2375 1101 2382 ¹
1120 2373 1220 2394 torum
1232 2384 1240 2398 ‚
1256 2374 1372 2394 metum
1382 2374 1561 2401 ceterorum,
1576 2370 1736 2401 cruciatus,
1748 2368 1872 2398 &crux
1884 2367 1963 2398 hisce
1973 2370 2078 2398 omni-

125 2408 183 2436 tim
201 2406 254 2446 (ut
263 2406 487 2448 parfuit)jufl'u
499 2403 562 2445 ejus
573 2408 712 2437 homines
724 2427 732 2440 ‚
753 2410 804 2448 qui
814 2408 963 2437 nominati
974 2416 1055 2437 erant
1068 2427 1076 2441 ‚
1098 2396 1101 2447 l
1120 2406 1175 2435 bus
1186 2407 1338 2446 suppliciis
1350 2407 1417 2436 sunt
1430 2407 1554 2438 liberati.
1579 2411 1652 2448 Qis
1672 2409 1810 2443 dubitet,
1830 2412 1905 2450 quin
1924 2410 2079 2440 servorum

123 2448 330 2488 comprehensi
338 2449 416 2481 sunt,
428 2449 607 2490 adductique
615 2449 798 2489 Lilybaeum.
822 2449 950 2478 domino
961 2448 1079 2478 denun-
1099 2449 1100 2478 ἶ
1119 2450 1239 2477 animos
1249 2449 1366 2478 summa
1371 2448 1524 2486 formidine
1534 2450 1698 2491 oppreffivi'r,
1710 2450 1781 2480 cum
1796 2453 1933 2481 viderent
1942 2461 1973 2481 ea
1981 2451 2080 2481 facili-

1121 2499 1176 2519 tate
1194 2499 1367 2529 praerorem,
1390 2494 1402 2517 3
1418 2499 1447 2520 ut
1458 2491 1556 2524 abeo,
1576 2492 1689 2522 sceleris
1701 2512 1709 2525 ‚
1730 2494 2005 2533 conjurationisque
2026 2493 2079 2524 da-

125 2530 233 2561 deinde
242 2534 253 2561 ?
262 2532 335 2572 quid
344 2533 491 2562 censetis?
502 2531 614 2562 furtum
626 2532 744 2563 fortaffe
756 2553 764 2566 ‚
776 2541 826 2562 aut
834 2531 963 2572 praedam
972 2533 1076 2571 exspe-
1099 2545 1101 2555 ⁴
1122 2541 1295 2562 mnatorum
1308 2552 1316 2564 ,
1327 2533 1386 2562 vita
1396 2552 1403 2565 ‚
1416 2532 1464 2561 vel
1473 2533 1537 2571 ipso
1545 2532 1682 2563 carnii-icc
1695 2536 1883 2564 internuntio
1894 2554 1903 2567 ‚
1915 2536 2078 2565 redimere-

122 2571 208 2603 &atis
218 2573 357 2614 aliquam.
383 2577 393 2592 ¹
406 2574 511 2604 Nolite
529 2574 738 2615 usquequaque
754 2574 857 2604 eadem
873 2583 1011 2613 quaerere.
1044 2576 1079 2602 In
1122 2577 1188 2603 tur?
1214 2574 1314 2614 Qid?
1335 2575 1389 2603 hoc
1404 2575 1436 2602 in
1456 2573 1664 2613 Apolloniensi
1677 2574 1891 2605 Aristodamo?
1909 2575 2003 2617 quid?
2018 2579 2078 2608 4512

122 2621 200 2643 meru
209 2613 270 2644 belli
279 2635 287 2648 ‚
303 2616 425 2654 furandi
440 2617 492 2657 qui
505 2617 577 2644 locus
589 2615 685 2657 potest
701 2615 770 2653 effe?
791 2618 879 2645 etiam
891 2614 968 2656 siqua
977 2614 1076 2644 fuitin
1098 2634 1099 2637 =
1121 2616 1238 2645 Leonte
1249 2613 1411 2656 Megarensi
1422 2625 1485 2644 non
1500 2615 1581 2644 idem
1597 2615 1692 2646 fecisti
1705 2620 1714 2645 ἒ
1732 2617 1831 2658 Qid?
1842 2616 1895 2647 iste
1905 2627 2007 2648 motus
2018 2619 2078 2649 sei·-

122 2655 177 2686 hac
185 2666 216 2685 re
225 2655 541 2696 occafio,praetei·mifla
550 2656 600 2687 est.
617 2661 700 2687 Tum
709 2659 807 2697 potuit
815 2657 829 2686 a
839 2657 974 2686 Leonida
984 2666 1076 2686 num·
1096 2658 1099 2695 ξ
1120 2666 1229 2686 vorum
1242 2677 1250 2690 ‚
1272 2657 1402 2696 bellique
1419 2657 1512 2686 subita
1531 2657 1658 2696 suspicio
1667 2678 1675 2691 ,
1696 2659 1798 2688 uti-um
1809 2657 1864 2689 tibi
1874 2659 1996 2689 tandem
2007 2660 2078 2690 dili-

123 2706 244 2727 morum
254 2698 368 2739 aliquid
379 2698 491 2729 auferre
502 2719 510 2733 ,
530 2709 602 2729 cum
613 2699 817 2731 denuntiavit,
836 2706 869 2727 ut
877 2696 994 2727 adeffet.
1018 2697 1075 2728 fuit
1096 2696 1097 2707 ¹
1118 2701 1251 2738 gentiam
1266 2697 1467 2728 custodiendae
1476 2700 1641 2737 provinciae
1653 2719 1661 2732 ‚
1681 2709 1718 2729 an
1730 2710 1842 2730 novam
1856 2703 2005 2730 rationem
2017 2705 2078 2732 im·-

120 2739 285 2768 nundinatio
295 2741 392 2780 aliqua
402 2760 411 2773 ‚
432 2740 464 2771 δε
474 2740 522 2771 isti
534 2750 597 2770 non
608 2750 687 2770 nova
696 2761 704 2775 ,
715 2751 753 2770 ne
762 2740 879 2770 causam
888 2739 1007 2770 diceret.
1032 2749 1076 2769 et·
1094 2740 1097 2782 f
1116 2738 1283 2779 probissimi
1303 2738 1431 2780 quaestus
1450 2739 1548 2769 attulit
1559 2742 1569 2769 ?
1588 2740 1764 2770 Halicienfis
1775 2742 1953 2773 Eumeizidae
1964 2743 2080 2774 nobilis

121 2781 182 2810 iam
199 2781 271 2810 alter
287 2781 370 2811 locus
381 2803 390 2814 ‚
411 2790 444 2812 ut
460 2783 693 2813 absolverentur.
715 2782 862 2812 damnatis
878 2781 1002 2822 quidem
1017 2781 1075 2811 ser-
1093 2785 1096 2817 j
1117 2783 1252 2811 hominis
1263 2782 1295 2811 ὃ(
1307 2780 1423 2811 honesti
1435 2801 1443 2814 ‚
1464 2791 1578 2822 magnae
1593 2784 1727 2821 pecuniae
1737 2784 1858 2814 villicus
1870 2784 1940 2815 cum
1951 2786 2077 2826 impulsu

119 2823 183 2855 vis,
215 2832 258 2852 uae
266 2823 416 2861 praedandi
424 2824 521 2863 potest
531 2824 587 2854 effe
596 2826 669 2854 ratio
681 2826 691 2852 ?
710 2824 835 2864 produci
846 2823 881 2853 ad
895 2823 1074 2863 supplicium
1093 2822 1095 2852 ἱ
1118 2831 1165 2852 ruo
1174 2822 1363 2853 insimulatus
1372 2822 1452 2855 effer,
1465 2832 1520 2853 ivs
1530 2832 1584 2853 Lx.
1595 2825 1611 2853 a
1621 2824 1751 2854 domino
1761 2826 1896 2865 accepisti
1908 2837 1913 2855 :
1925 2827 2005 2866 quod
2018 2838 2076 2858 nu-

117 2832 214 2894 necea
1117 2875 1170 2905 per
1179 2866 1240 2905 ipse
1246 2866 1360 2905 juratus
1371 2864 1488 2898 docuit,
1510 2865 1773 2905 quemadmodum
1788 2867 1907 2908 gestum
1923 2867 2005 2898 ess'et.
2028 2870 2078 2900 Ab

2097 2635 2115 2668 *a

157 2977 180 2994 ι.
197 2970 281 3002 ἿζοΙὶτε
297 2969 461 3004 ufiquequaque
477 2969 556 2994 ealrm
573 2970 698 3004 quaere]
711 2971 774 2996 Non
786 2969 905 3006 displicet
917 2969 987 3005 quod
999 2971 1033 2997 est
1045 2971 1071 2997 in
1090 2981 1093 2994 ,r

118 3004 278 3033 cumeram
287 3013 394 3037 quarere..
415 3006 538 3041 quoniam
557 3006 581 3031 ei
599 3006 728 3033 accedunt
749 3006 816 3032 Pali.
835 3007 861 3032 Sc
875 3007 939 3033 olim
954 3007 1004 3033 cusi
1016 3026 1025 3038 ,
1045 3007 1072 3033 in

119 3039 213 3076 quibus
226 3059 233 3070 ‚
244 3040 334 3072 quidem
341 3050 449 3074 (μιᾶναι-ε.

155 3084 183 3101 2.
202 3077 400 3110 Qminesceleris
412 3077 619 3111 coryurarionifiluz
637 3078 770 3112 damnari]
788 3077 934 3104 Lambinus
945 3087 977 3104 ex
990 3078 1072 3112 enja-

116 3110 192 3137 eiano
204 3110 286 3135 foi-{im
300 3129 307 3141 ‚
326 3113 538 3145 homini-rsceleris‚⁴
559 3113 629 3148 quod
644 3114 723 3139 etiam
736 3114 832 3150 placuit
843 3114 991 3142 <julie—linio
1003 3124 1008 3143 :
1031 3113 1074 3141 sed

116 3146 255 3182 vulg-itum
263 3144 344 3183 longe
356 3147 449 3176 melius
459 3149 495 3177 cst
506 3157 514 3181 3
527 3155 556 3178 ut
565 3149 666 3179 ostendi
674 3150 702 3180 in
712 3149 916 3187 suspicionibus.

215 2863 231 2894 e
241 2863 294 2894 est.
316 2863 402 2895 testes
413 2868 497 2896 enim
508 2867 594 2899 sunt,
615 2868 668 2906 qui
684 2867 718 2896 in
729 2864 856 2896 consilio
871 2864 1008 2895 fuerunt:
1030 2874 1073 2895 te·
1093 2862 1095 2902 ἓ

1931 2952 1936 2959 .
1972 2913 2076 2952 equite

1146 2978 1172 3005 3.
1193 2973 1221 2995 Ut
1232 2972 1260 2995 ab
1271 2970 1599 3006 castri-orumftekz-ii·,&c.]
1618 2973 1755 3009 Emphafin
1766 2974 1841 3001 habet
1853 2964 2078 3008 diciiostrimrnm,

1090 2999 1092 3024 Ι
1109 3015 1166 3042 qua:
1178 3007 1203 3032 in
1217 3015 1299 3041 nuper
1312 3006 1424 3045 xt‘ulgatis
1436 3007 1598 3045 interpolita3
1617 3008 1659 3036 led
1671 3017 1757 3037 tamen
1769 3020 1820 3037 non
1832 3011 1985 3047 agnoscitur
1995 3021 2010 3038 a
2023 3013 2073 3038 Pa·

1113 3042 1201 3068 latinis
1215 3062 1221 3072 ‚
1234 3049 1279 3067 :int
1289 3042 1353 3067 olim
1365 3041 1453 3068 editis.

1147 3086 1174 3117 4.
1195 3081 1223 3118 17:
1232 3081 1316 3117 Leonte
1334 3079 1488 3113 Megarmst]
1510 3079 1617 3107 Habent
1628 3081 1693 3108 istud
1705 3081 1770 3108 dieti
1782 3081 1842 3108 libri
1853 3092 1944 3109 omnes
1957 3101 1965 3114 ‚
1979 3089 2078 3118 prietes·

1114 3115 1297 3153 Culacianuim
1304 3122 1328 3138 m
1341 3123 1394 3153 q-uo
1404 3117 1630 3154 Leonida-Ararenfi
1636 3130 1644 3153 ,-
1656 3117 1728 3154 quod
1737 3118 1886 3148 Lambinus
1896 3118 2076 3150 adniilit‚t2n·-

1114 3158 1195 3185 quani
1205 3156 1344 3178 inventum
1354 3159 1382 3178 ni
1393 3149 1466 3180 libris
1478 3150 1539 3191 suu.

1967 3197 1977 3216 ς
1985 3209 1991 3214 ,
2003 3191 2033 3223 AJ
2041 3190 2073 3215 cn
