2250 3358
642 164 1011 222 Htsr

72 267 174 304 eione
195 257 333 310 deposui
347 283 356 299 ‚
383 255 589 295 reclamante
613 253 742 302 populo
756 255 863 290 Rom.
883 253 1028 289 Interim

74 319 114 354 L.
125 311 259 358 Sergius
273 306 420 344 Catilina
431 317 526 341 arma
544 316 603 351 per
616 303 750 340 Italiam
764 302 847 339 locis
860 312 1029 347 opportu-

73 362 125 400 nis
137 359 270 407 parabat
281 380 290 394 ‚
313 355 494 403 pecuniam
509 352 568 388 sua
578 362 637 387 aut
649 351 843 387 amicorum
855 347 923 402 fide
934 349 1029 385 sum-

70 419 163 459 ptam
177 402 488 442 mutuam‚Faesulas
500 401 541 436 ad
553 400 769 436 CManlium
785 408 1028 450 centurionem

70 455 239 507 portabat.v
250 452 400 501 denique
413 450 579 498 plurimos
591 447 754 496 cujusque
765 458 901 495 generis
912 446 1028 481 hoini-

69 517 130 542 nes
143 502 341 539 adsciscebat
353 526 362 541 ,
391 501 426 535 δε
451 499 487 534 in
511 497 716 546 proximum
729 508 860 532 annum
872 494 1027 531 consula-

68 563 145 590 tum
159 551 292 598 petebat
305 576 314 589 ,
329 560 368 584 ut
380 546 556 583 Sallustius
570 545 683 582 scribit
695 572 702 585 ,
725 545 808 580 curn
821 543 941 581 omnia
954 567 963 579 ‚
988 552 1028 578 ut

37 623 44 626 -
69 600 188 637 consul
208 598 462 645 designaretur,
484 595 633 631 Catilina
655 594 858 633 moliretur,
872 591 1029 644 nihilque

69 651 278 685 intentatum
291 647 510 695 relinqueret.
532 643 709 680 M.Tullio
721 641 890 678 referente
901 640 1028 688 placuit

68 697 196 734 stnatui
210 722 219 737 ‚
242 707 282 731 ut
293 695 333 731 ad
346 706 485 743 poenam
498 704 574 741 quae
587 691 735 727 ambitus
748 689 885 726 crimini
898 687 1027 725 eonsti-

67 756 144 781 tuta
154 755 225 780 erat
238 770 246 785 ‚
270 744 388 779 decem
401 753 574 777 annorum
588 739 760 776 exsulium
776 739 850 784 lege
864 737 905 772 ad
918 750 1026 784 popu-

68 795 144 830 lum
156 794 221 829 lata
232 818 241 833 ,
254 792 444 828 adderetur.
468 790 542 823 haec
555 788 632 823 Dio.
656 790 783 835 Legem
796 787 839 822 de
850 785 982 823 ambitu
996 786 1026 821 se

67 842 245 878 consulem
264 839 375 876 tuliffe
387 864 396 879 ‚
422 837 546 873 Cicero
568 849 709 884 quoque
722 848 785 883 pro
799 837 952 874 Murena
961 834 1023 869 ali-

67 891 204 940 quoties
227 887 399 936 significat-
426 886 510 921 item
523 885 559 920 in
573 885 754 920 Vatinium
769 898 776 920 ε
803 886 915 931 Atque
938 882 1023 922 illud

68 940 171 975 etiam
185 937 301 974 audire
322 936 341 971 a
363 947 397 971 te
420 934 523 982 cupio
538 960 547 974 ‚
570 946 675 982 quare
686 936 769 969 cum
780 945 845 980 ego
859 934 969 979 legem
984 930 1025 967 de

65 987 196 1023 ambitu
211 999 253 1021 ex
265 987 299 1020 S.
313 986 354 1020 C.
370 983 510 1019 tulerim
524 982 593 1018 sine
604 1006 612 1020 ,
632 982 665 1018 vi
678 981 817 1017 tulerim
831 1007 840 1021 ‚
853 980 949 1019 salvis
961 992 1023 1017 au-

65 1035 173 1083 spiciis
186 1033 324 1069 tulerim
338 1059 348 1073 ,
370 1032 457 1069 {alva
471 1032 544 1078 lege
557 1031 646 1067 AElia
658 1033 691 1067 &
706 1028 800 1065 Fufia
810 1056 818 1069 ,
832 1041 870 1068 tu
885 1042 960 1066 eam
973 1029 1022 1064 es—

66 1085 98 1120 {e
109 1083 219 1130 legem
233 1095 305 1117 non
318 1086 428 1129 putes?
439 1080 575 1116 vetabat
587 1079 704 1115 eadem
717 1079 771 1115 lex
785 1078 941 1118 biennio,
952 1090 1023 1125 quo

64 1131 140 1181 quis
153 1141 279 1178 peteret
291 1156 299 1171 ,
316 1129 527 1177 petiturusve
540 1128 619 1164 esset
631 1127 835 1175 gladiatores
846 1127 926 1164 dare
938 1152 947 1167 ‚
960 1125 1020 1165 nisi

63 1193 107 1217 ex
119 1179 321 1216 testamento
334 1177 520 1224 praestituta
531 1176 587 1212 die
601 1201 610 1215 ‚
623 1187 662 1212 ut
677 1176 807 1212 ibidem
821 1178 854 1212 δε
866 1189 928 1224 pro
941 1177 1022 1216 Sex—

64 1229 115 1264 t-io
135 1228 189 1264 ait.
217 1229 311 1263 Cum
323 1227 473 1262 Catilina
485 1251 494 1265 ‚
517 1237 556 1262 ut
568 1226 636 1261 Dio
649 1224 751 1262 tradit
765 1251 775 1266 ,
798 1225 887 1262 hanc
911 1224 1022 1271 legem

65 1277 218 1313 Tulliam
238 1287 359 1311 contra
380 1274 412 1311 se
431 1288 474 1312 ex
487 1275 570 1310 S·C-
583 1275 686 1311 latam
701 1284 834 1321 putaret
846 1298 857 1312 ‚
877 1285 1023 1309 manum

65 1325 239 1375 quandam
252 1324 517 1370 comparavit&
529 1324 741 1359 Ciceronem
752 1334 834 1359 cum
847 1322 918 1359 aliis
930 1334 1023 1360 non-

65 1374 170 1410 nullis
183 1373 394 1422 principibus
411 1373 446 1408 in
459 1385 581 1420 campo
595 1371 745 1407 comitiis
757 1370 950 1408 interficere
961 1382 1023 1406 co-

63 1433 164 1459 natus
188 1422 235 1457 est
246 1445 256 1460 ‚
285 1432 324 1457 ut
347 1422 413 1470 ipse
435 1420 614 1457 confestim
633 1419 876 1467 designaretur·
905 1419 1024 1456 Edffla

64 1471 206 1507 comitia
218 1470 409 1506 consularia
421 1469 518 1505 fuisse
532 1469 697 1505 videntur
710 1469 747 1505 in
762 1480 839 1505 ante
853 1469 944 1506 diem
960 1479 1025 1503 ΧΠ.

62 1519 142 1557 Kal.
159 1519 334 1555 Novemb-
346 1520 404 1567 qui
418 1518 621 1554 nominatur
632 1518 667 1553 in
682 1517 781 1553 Catil·
802 1531 828 1553 i.
851 1517 905 1554 sed
919 1543 927 1558 ‚
941 1516 1023 1552 cum

64 1568 174 1617 pridie
190 1567 262 1616 ejus
274 1567 339 1603 diei
354 1568 481 1603 Cicero
494 1567 652 1603 Catilinae
664 1565 803 1603 consilia
816 1566 857 1603 ad
869 1567 1024 1602 senatum

63 1616 233 1653 detulisset
245 1643 254 1658 ‚
279 1615 408 1652 fa&um
424 1616 472 1652 est
486 1617 518 1651 S.
531 1617 573 1652 C.
586 1629 630 1651 ne
649 1614 785 1664 postero
807 1615 862 1652 die
884 1615 1027 1651 comitia
1049 1631 1052 1635 ⁴
1068 1624 1089 1659 q

64 1666 271 1702 haberentur
285 1691 292 1705 ‚
306 1676 345 1702 ut
357 1665 399 1701 de
412 1665 452 1701 iis
464 1665 565 1701 rebus
578 1665 615 1700 in
628 1666 745 1700 senatu
758 1664 812 1711 agi
826 1664 939 1711 posset.
954 1666 1023 1699 Ita-

64 1727 133 1763 que
145 1713 305 1762 postridie
317 1740 324 1754 ‚
338 1713 452 1763 inquit
463 1715 588 1750 Cicero
602 1726 663 1761 pro
678 1716 826 1750 Murena
837 1740 844 1751 ‚
859 1713 1022 1761 frequen-

63 1764 90 1798 ti
103 1763 218 1799 senatu
232 1762 419 1799 Catilinam
431 1763 597 1803 excitavi,
610 1773 711 1811 atque
723 1774 804 1799 eum
817 1762 859 1797 de
870 1761 909 1799 iis
923 1761 1021 1797 rebus

59 1810 141 1859 jussi
155 1835 164 1850 ,
181 1810 204 1846 si
217 1811 300 1860 quid
314 1813 414 1848 vellet
427 1838 435 1853 ,
455 1824 532 1861 quae
545 1811 586 1847 ad
599 1824 655 1847 me
668 1811 775 1847 allatae
789 1811 894 1847 essent
909 1836 917 1851 ‚
930 1810 1020 1846 dice·
1046 1830 1049 1851 1
1121 1856 1125 1860 η
1182 1856 1187 1861 ⁷

1048 1877 1049 1880 =
1067 1857 1247 1903 reliquisse.
1274 1859 1372 1894 Tum
1386 1861 1435 1896 M.
1450 1860 1587 1900 Tullius
1599 1860 1718 1899 confiil
1731 1860 1798 1896 sive
1813 1860 2027 1908 praesentiam

61 1873 110 1896 re.
134 1871 236 1909 atque
248 1860 304 1895 ille
317 1884 326 1898 ‚
349 1872 388 1896 ut
405 1861 536 1908 semper
553 1860 620 1896 fuit
640 1859 863 1907 apertissimus
876 1884 884 1897 ‚
905 1872 977 1895 non
991 1859 1022 1894 se

60 1909 234 1956 purgavit,
248 1909 302 1943 led
314 1909 478 1946 indicavit
488 1933 497 1948 ‚
509 1920 609 1958 atque
622 1908 735 1944 induit
749 1932 758 1945 ‚
769 1918 846 1945 tum
859 1908 953 1947 enim
967 1908 1020 1943 di-

62 1956 126 1993 xit,
134 1957 205 1991 duo
216 1968 363 2003 corpora
374 1958 439 1993 esse
453 1958 550 2006 Reip.
561 1971 673 1993 unum
686 1957 796 1993 debile
807 1956 949 1994 infirmo
963 1969 1020 1992 ca-

59 2053 92 2087 se
103 2052 267 2087 meritum
281 2051 372 2090 esset,
383 2063 484 2099 caput
496 2054 526 2088 se
539 2065 621 2088 vivo
635 2065 707 2087 non
721 2052 934 2088 defuturum-
945 2055 1017 2088 Ha-

58 2100 178 2136 &enus
193 2099 330 2133 Occi—0.
359 2099 452 2133 idem
464 2099 512 2133 est
522 2099 610 2146 apud
624 2100 855 2133 Plutarchum·
882 2095 937 2134 'Eo
950 2100 1017 2138 die,
1044 2129 1046 2138 y

57 2148 94 2184 id
106 2148 152 2184 est
163 2171 172 2184 ‚
184 2147 448 2182 decimooeiavo
461 2157 539 2181 ante
550 2172 559 2187 ,
573 2159 676 2194 quam
690 2146 837 2192 primam
850 2146 1016 2182 Catilina-

57 2197 146 2233 tiam
160 2196 284 2231 Cicero
297 2195 395 2232 dixit,
410 2206 448 2230 ut
457 2196 625 2231 Asconius
639 2195 674 2230 in
687 2196 782 2231 Orat·
795 2195 832 2230 in
848 2194 1014 2234 Pisonem,

58 2243 171 2281 scribit
185 2270 193 2284 ‚
220 2243 351 2279 factum
367 2242 411 2279 est
429 2246 462 2279 S.
476 2245 517 2279 C.
530 2255 568 2279 ut
591 2243 749 2279 viderent
771 2242 927 2280 consules
939 2269 948 2282 ‚
973 2256 1017 2278 ne

57 2293 141 2342 quid
154 2291 283 2341 respub.
295 2292 492 2328 detrimenti
504 2302 648 2340 caperet.
673 2292 716 2328 de
737 2305 808 2340 quo
829 2291 1016 2332 Sallustius,

58 2344 95 2379 ἃς
107 2341 305 2377 Plutarchus
319 2367 329 2382 ,
349 2341 409 2390 qui
422 2341 514 2377 addit
526 2365 534 2379 ‚
546 2342 625 2376 'hoc
637 2342 670 2378 S.
682 2342 723 2376 C.
734 2341 825 2377 faite
840 2366 848 2380 ,
871 2341 1016 2379 Cicero-

58 2403 141 2426 nem
152 2403 203 2426 res
215 2400 369 2425 externas
381 2390 572 2436 QMetello.
582 2389 787 2425 commisisse
797 2416 806 2430 ‚
821 2389 879 2437 ipsi
893 2389 1014 2425 urbem

59 2451 152 2475 curae
164 2439 261 2474 fuisse
273 2462 282 2476 ‚
296 2438 388 2474 idem
401 2439 525 2474 Cicero
537 2451 589 2487 ep.
604 2451 632 2474 2.
646 2438 702 2474 lib.
716 2438 873 2483 52Famil.
887 2437 1015 2485 fignifi-

60 2499 123 2524 oat.
149 2486 309 2523 Comitiis
321 2511 331 2526 ,
351 2487 447 2536 quod
461 2488 619 2523 homines
626 2486 700 2535 jam
713 2498 789 2524 tum
802 2485 1014 2534 conjuratos,

60 2546 100 2573 ut
111 2549 173 2583 pro
187 2538 333 2572 Murena
342 2536 484 2574 testatur
495 2561 504 2576 ‚
517 2538 553 2571 in
566 2548 730 2583 campum
743 2534 868 2572 deduci
881 2535 1014 2574 sciebat>

55 2585 230 2630 descendit
245 2585 281 2620 in
298 2597 459 2633 campum
472 2598 555 2621 cum
566 2584 762 2620 firmiffimo
775 2584 929 2634 praefidio
941 2584 1015 2620 for-

57 2633 266 2670 tiffimorum
279 2633 438 2670 vii-orum
452 2660 460 2675 ‚
474 2637 508 2671 ὃ(
520 2647 602 2672 cum
613 2634 670 2669 illa
678 2634 744 2670 lata
754 2633 949 2681 infignique
962 2633 1015 2668 lo-

58 2683 129 2718 rica
142 2708 151 2723 ,
173 2693 212 2718 ut
230 2695 351 2718 omnes
369 2683 455 2718 boni
476 2682 788 2719 animadverterent
801 2707 810 2720 ‚
834 2685 867 2719 δε
882 2694 964 2719 cum
979 2682 1016 2719 in

59 2741 155 2767 metu
167 2733 201 2767 ὃ(
213 2732 365 2779 periculo
377 2732 556 2767 consulem
570 2732 736 2773 viderent,
750 2732 785 2766 id
797 2732 893 2779 quod
905 2730 952 2767 est
965 2730 1015 2766 fa-

59 2780 157 2815 uum
170 2805 179 2820 ‚
202 2779 243 2814 ad
257 2792 359 2828 opem
373 2780 639 2829 praesidiumque
658 2780 732 2828 ejus
753 2791 1012 2817 concurrerent.

60 2829 147 2864 Te&
154 2841 192 2864 us
213 2828 319 2875 igitur
331 2829 484 2877 praesidio
498 2829 601 2866 firmo
620 2831 815 2865 amicorum
829 2855 837 2870 ‚
854 2829 1014 2865 Catilinae

57 2886 135 2912 tum
148 2902 156 2918 ,
169 2879 203 2913 &
213 2877 377 2913 Autronii
391 2879 506 2926 copias
517 2881 550 2915 ὅ(
565 2889 730 2915 conatum
744 2877 907 2926 repreffit‚
919 2888 957 2913 ut
969 2877 1014 2912 ait

57 2937 122 2973 pro
145 2925 246 2961 Sulla·
275 2927 310 2962 &
331 2926 366 2961 in
385 2927 485 2963 Catil.
505 2940 531 2964 i.
557 2927 652 2962 Cum
675 2927 843 2975 proximis
865 2925 1015 2962 comitiis

57 2974 291 3011 consularibus
304 2988 360 3011 me
371 2975 549 3013 consulem
561 2975 597 3011 in
612 2989 746 3024 campo,
759 2978 792 3013 ὃς
803 2974 1010 3023 competito-

58 3034 111 3058 res
130 3033 208 3066 tuos
228 3022 419 3059 interficere
444 3024 585 3060 voluisti
598 3051 606 3066 ,
630 3024 811 3074 compreffi
825 3036 904 3060 tuos
918 3023 1013 3060 nefa—

57 3070 127 3111 tios
138 3081 280 3107 conatus
293 3072 485 3108 amicorum
495 3072 649 3121 praefidio
661 3076 695 3109 δε
704 3074 810 3122 copiis
822 3097 832 3112 ‚
844 3072 942 3109 nullo
955 3082 1012 3108 tu-

54 3118 173 3160 §multu
185 3119 319 3167 publice
332 3121 515 3157 concitato-
542 3122 675 3158 Loricae
689 3135 756 3171 qua
766 3122 876 3158 teitus
888 3121 1012 3157 Cicero

50 3162 95 3216 §n
107 3178 268 3217 campum
277 3167 448 3209 ,descendit
459 3193 469 3211 ‚
491 3170 727 3209 meminerunt
737 3171 939 3215 Plutarchus
954 3195 964 3214 ‚
979 3171 1014 3208 ὃς
1039 3205 1042 3209 .

541 3233 567 3280 κ

1091 184 1473 224 0R1A.
1977 193 2041 248 23

1079 253 1158 289 Dio.
1185 254 1247 290 His
1269 254 1419 292 comitiis
1434 255 1581 295 Catilina
1605 256 1770 304 repulsam
1796 258 1925 295 iterum
1947 260 2041 298 tulit.-

1077 302 1229 354 consules
1250 303 1406 340 declarati
1432 305 1531 343 sunt,
1555 305 1733 354 D.Junius
1769 307 1902 343 Silanus
1918 334 1927 347 ,
1954 310 2041 346 &L.

1078 350 1230 401 Licinius
1254 354 1412 389 Murena.
1442 354 1534 390 Cum
1560 353 1666 401 igitur
1691 354 1802 394 nihil,
1823 356 1938 404 inquit
1959 358 2040 396 Dio,

1079 396 1236 432 Catilinae
1251 401 1571 450 procedei·et‚juffit
1584 401 1784 451 conjuratos
1798 405 1904 441 nodlu
1921 405 1957 440 in
1970 404 2036 441 clo-

1056 476 1058 479 .
1077 456 1178 496 mum
1200 448 1373 499 quandam
1385 451 1585 491 convenire.
1613 451 1689 488 Fuit
1701 464 1739 491 ea
1753 452 1877 491 domus
1890 455 1937 489 M.
1951 455 2036 489 Por-

1056 501 1059 506 '
1076 504 1120 526 CH
1136 495 1253 528 Leccae
1265 519 1273 533 ,
1286 507 1321 529 m
1335 509 1438 541 quam
1450 499 1654 546 conjuratos
1663 501 1767 537 noue
1780 514 1817 537 ea
1833 527 1840 541 ‚
1856 514 1932 549 quae
1948 514 2036 537 con·

1074 540 1185 593 secuta
1210 541 1258 576 est
1270 542 1443 596 posterum
1453 546 1545 583 diem
1558 562 1731 586 nonarum
1744 552 1778 585 N
1781 550 1938 586 ovembr.
1966 551 2036 586 Ca-

1074 589 1181 642 tilinae
1204 589 1472 644 denunciatione
1484 597 1680 633 convenisse
1693 621 1703 636 ‚
1726 598 1852 634 Cicero
1866 611 1929 647 pro
1943 599 2037 640 Sulla

1074 648 1129 677 ait.
1144 639 1392 691 tuniCatihnae
1404 640 1475 676 dies
1486 646 1632 680 exeundi
1648 670 1657 684 ,
1669 657 1751 687 tum,
1759 647 1878 689 ceteris
1890 660 2036 684 manen-

1073 685 1108 720 di
1126 686 1282 722 conditio
1294 711 1303 725 ‚
1327 698 1405 729 tum
1417 689 1598 739 descriptio
1609 704 1716 730 totam
1732 709 1790 741 per
1802 696 1925 737 urbem
1936 696 2038 732 caedis

1073 745 1175 781 atque
1207 735 1452 775 incendiorum
1485 739 1670 776 constituta
1705 744 1761 779 est.
1797 745 1893 793 quod
1917 747 1937 785 {³-
1961 745 1992 780 C
1994 745 2035 779 ic-

1076 784 1305 838 Onrat..1.&.23
1318 785 1354 820 in
1370 787 1470 827 Catil.
1495 790 1528 824 8<
1541 788 1559 824 a
1575 789 1731 825 Sallustio
1744 793 1944 839 explicatur.
1971 793 2036 829 Di-

1074 843 1126 871 xit
1140 832 1187 866 ibi
1201 833 1350 873 Catilina
1360 858 1369 872 ‚
1392 835 1590 883 paul-lulum
1602 837 1666 877 esse
1680 837 1739 873 sibi
1750 841 1850 876 etiam
1864 853 1940 878 tum
1954 855 2035 877 mo-

1073 891 1117 919 rae
1131 906 1141 920 ‚
1165 881 1261 934 quod
1275 883 1399 936 Cicero
1414 884 1547 923 viv-eret
1561 909 1569 923 2
1594 887 1717 934 reperti
1732 887 1808 922 sunt
1820 889 1890 924 duo
1904 891 2036 939 equites

1075 930 1225 981 Romani
1239 955 1249 971 ,
1272 944 1331 984 qui
1357 933 1421 968 sese
1442 932 1498 971 illa
1512 934 1577 982 ipsa
1590 935 1693 970 nozfle
1706 936 1820 981 paullo
1831 948 1908 972 ante
1920 939 2034 975 lucem

1073 977 1281 1017 Ciceronem
1293 993 1329 1015 in
1344 980 1405 1016 suo
1421 981 1550 1022 lectulo
1573 983 1817 1021 interfecturos
1829 985 2033 1030 polliceren-

1071 1035 1138 1062 tur.
1156 1028 1253 1079 Orat.
1276 1040 1301 1065 ι-
1317 1029 1352 1082 iii
1367 1029 1465 1067 Catil.
1490 1031 1587 1068 Alter
1610 1045 1733 1069 eorum
1759 1034 1800 1068 C.
1819 1034 2002 1070 Cornelius
2016 1036 2035 1071 a.

1072 1074 1229 1127 Sallustio
1251 1078 1284 1112 ὅ(
1298 1078 1471 1117 Cicerone
1493 1092 1555 1127 pro
1568 1080 1661 1117 Sulla
1677 1082 1891 1117 nominatur.
1918 1082 1947 1120 ei
1962 1083 2033 1124 Sal-

1071 1122 1190 1176 lustius
1202 1125 1502 1174 L.Varguntejum
1514 1128 1618 1170 addit,
1632 1130 1691 1176 qui
1703 1130 1836 1166 senator
1848 1144 1921 1172 non
1930 1140 2033 1178 eques

1071 1171 1148 1224 fuit.
1176 1173 1346 1226 Plutarchi
1362 1175 1439 1212 libri
1452 1178 1623 1213 Marcium
1639 1180 1673 1214 ὃς
1685 1178 2032 1226 Cethegumhabent.

1071 1222 1140 1256 Dio
1162 1233 1316 1275 neutrius
1341 1237 1470 1261 nomen
1485 1226 1654 1274 expressit.
1670 1227 1764 1262 Cum
1776 1239 1893 1270 autem
1906 1228 2032 1263 Cicero

1070 1282 1131 1322 per
1145 1270 1301 1311 Fulviam
1316 1271 1357 1308 de
1382 1273 1466 1314 dolo
1481 1301 1489 1315 ‚
1510 1275 1569 1323 qui
1591 1275 1769 1323 parabatur
1782 1302 1790 1316 ‚
1816 1276 1965 1319 vixdum
1978 1289 2031 1313 et-

1070 1331 1139 1370 iam
1153 1330 1247 1354 coetu
1262 1320 1321 1361 illo
1336 1321 1473 1358 dimisso
1488 1348 1496 1361 ‚
1508 1324 1636 1360 certior
1648 1324 1756 1365 faffltis
1769 1325 1848 1360 esset
1862 1350 1870 1363 ,
1882 1325 2032 1361 domum

1070 1369 1166 1402 ruam
1190 1367 1378 1415 majoribus
1400 1372 1559 1419 praesidiis
1584 1373 1737 1414 munivit
1750 1384 1851 1421 atque
1866 1372 2030 1412 firmavit:

1071 1416 1214 1469 exclusit
1227 1430 1284 1453 eos
1297 1445 1306 1459 ,
1331 1433 1418 1466 quos
1432 1421 1580 1457 Catilina
1603 1434 1704 1463 mane
1723 1422 1764 1457 ad
1784 1422 1895 1469 ipsum
1906 1422 2029 1458 saluta-

1071 1466 1307 1518 tum-miserat,
1319 1468 1391 1505 Cic.
1407 1469 1442 1504 in
1457 1470 1556 1509 Catil·
1576 1483 1601 1505 ι.
1616 1470 1802 1511 Sallustius,
1817 1471 2032 1510 Plutarchus,

1070 1515 1243 1568 Appianus
1257 1517 1290 1556 δε
1304 1516 1381 1557 Dio.
1396 1530 1446 1553 v-1.
1461 1518 1541 1554 Idus
1552 1519 1725 1555 Novemb.
1738 1519 1862 1556 Cicero
1874 1520 2030 1555 senatum

1068 1575 1104 1596 in
1113 1563 1212 1610 Jovis
1226 1565 1366 1605 Statoris
1378 1565 1484 1603 aedem
1500 1591 1510 1605 ‚
1530 1580 1606 1615 quae
1624 1578 1693 1603 erat
1710 1567 1812 1603 initio
1829 1567 1893 1604 viae
1907 1571 2027 1609 Sacrae,

1092 1623 1136 1646 ua
1148 1611 1190 1647 ad
1204 1612 1368 1665 Palatium
1383 1616 1587 1657 ascenditur,
1600 1617 1819 1655 convocavit·
1846 1617 1956 1661 Venit,
1967 1629 2028 1652 eo-

1069 1661 1149 1697 dem
1163 1661 1312 1698 Catilina
1322 1687 1332 1700 ,
1356 1663 1458 1712 eique
1470 1665 1585 1700 nullus
1599 1665 1732 1703 senator
1744 1664 1883 1702 assidere
1901 1665 2026 1707 voluit,

1069 1720 1107 1744 ut
1130 1709 1331 1747 Plutarchus
1355 1713 1477 1748 ici-ibit.
1506 1714 1632 1753 Cicero
1655 1714 1691 1749 in
1706 1713 1807 1750 Catil.
1829 1727 1854 1749 i.
1880 1717 1914 1756 ὃ(
1929 1727 1958 1750 2.
1981 1714 2029 1753 ait

1068 1757 1234 1805 principes
1255 1760 1385 1796 ordinis
1405 1762 1564 1801 senatorii·
1586 1774 1716 1811 partem
1736 1763 1830 1799 illam
1853 1763 2026 1799 subsellio-

1068 1819 1147 1842 rum
1161 1807 1201 1842 ad
1222 1822 1327 1856 quam
1340 1810 1397 1845 ille
1409 1811 1585 1851 accesserat
1598 1838 1607 1853 ,
1631 1811 1760 1848 nudam
1772 1823 1872 1858 atque
1885 1812 2026 1848 inanem

1065 1903 1137 1950 ejus
1150 1905 1274 1942 timens
1289 1930 1298 1945 ‚
1313 1906 1382 1944 sive
1393 1908 1443 1944 ira
1453 1921 1653 1946 commotus
1667 1933 1675 1947 ‚
1698 1910 1892 1945 orationem
1906 1908 2027 1945 habuit

1066 1953 1279 1991 luculentam
1302 1979 1313 1994 ,
1346 1967 1450 2005 atque
1471 1958 1592 1993 utilem
1616 1958 1762 2006 reipubl.
1782 1971 1886 2006 quam
1911 1957 2027 2005 postea

57 2004 129 2052 pite
140 2027 150 2042 ‚
162 2004 307 2038 alterum
320 2004 463 2039 firmum
476 2005 545 2040 fine
557 2006 666 2059 capite
682 2019 690 2040 :
705 2006 787 2041 huic
802 2029 811 2042 ‚
823 2005 906 2043 cum
917 2005 964 2043 ita
976 2005 1020 2043 de
1045 2006 1049 2052 J
1065 2001 1220 2048 {criptam
1235 2003 1340 2039 edidit
1353 2028 1363 2042 ‚
1382 2005 1428 2042 ait
1440 2006 1624 2041 Sallustius-
1651 2009 1735 2042 Haec
1750 2006 1799 2041 est
1808 2006 1918 2054 prima
1934 2008 2026 2041 Ora-

1044 2055 1047 2094 1'
1064 2050 1113 2083 tio
1125 2051 1160 2083 in
1176 2051 1362 2086 Catilinam
1377 2077 1385 2091 ,
1400 2055 1432 2088 &
1446 2054 1584 2100 septima
1596 2053 1779 2093 consularis
1793 2079 1801 2093 ‚
1822 2067 1889 2101 qua
1904 2054 2026 2089 Catili-

1063 2109 1144 2133 nam
1157 2098 1267 2135 emisit
1279 2125 1287 2139 ,
1300 2099 1383 2145 epist
1406 2113 1432 2135 i.
1446 2100 1538 2135 lib.2.
1550 2101 1591 2136 ad
1602 2104 1673 2136 Att.
1687 2104 1762 2148 Ego
1775 2125 1784 2139 ‚
1797 2101 1910 2148 inquit
1922 2102 1958 2136 in
1969 2102 2025 2137 Pi-

1062 2143 1180 2178 sonem
1191 2169 1200 2184 ,
1224 2147 1264 2180 L.
1277 2147 1463 2182 Catilinam
1477 2173 1485 2187 ,
1511 2149 1640 2185 caedem
1668 2149 1800 2188 senatus
1812 2173 1820 2188 ‚
1841 2150 2024 2187 interitum

1063 2191 1243 2247 urbis-notui
1254 2193 1410 2233 obscure,
1423 2196 1475 2231 sed
1488 2198 1599 2244 palam
1613 2197 1816 2235 molientem
1828 2215 1838 2241 5
1849 2198 1964 2246 egredi
1979 2211 2024 2236 ex

1043 2274 1045 2283 ἰ
1063 2240 1148 2275 urbe
1154 2241 1237 2287 Jusli
1251 2255 1257 2274 .·
1272 2253 1310 2278 ut
1322 2243 1340 2278 a
1350 2257 1421 2292 quo
1434 2245 1564 2292 legibus
1575 2259 1647 2285 non
1659 2258 1857 2294 poteramus
1870 2273 1879 2288 ,
1893 2248 2023 2283 moeni-

1063 2288 1124 2324 bus
1147 2289 1214 2331 tuti
1236 2290 1302 2329 effe
1326 2292 1505 2337 poffemus.
1545 2295 1747 2336 Plutarchus
1759 2313 1770 2339 3
1793 2295 1919 2332 Cicero
1941 2308 2025 2333 eum

1044 2362 1046 2367 »
1063 2337 1148 2390 urbe
1159 2338 1253 2391 exire
1260 2338 1358 2386 jussit
1373 2355 1380 2376 ε
1406 2354 1566 2390 oportere
1582 2343 1676 2380 enim
1689 2344 1779 2379 inter
1791 2345 1822 2380 se
1833 2370 1841 2385 ‚
1870 2344 1929 2393 qui
1943 2357 2024 2381 vei·-

1043 2412 1044 2415 ,
1061 2386 1114 2440 bis
1123 2403 1133 2430 ,-
1155 2388 1189 2423 ὃ(
1200 2387 1300 2427 illum
1314 2413 1323 2426 ‚
1350 2391 1408 2436 qui
1420 2391 1523 2428 armis
1534 2393 1689 2441 rempub.
1701 2403 1833 2440 gereret
1847 2417 1856 2431 ‚
1878 2406 2023 2429 murum

1042 2436 1045 2446 ⁴
1060 2436 1229 2471 intereffe.

1042 2496 1045 2538 ᾖ
1060 2485 1221 2537 trecentis
1233 2488 1368 2529 armatis
1383 2512 1392 2527 ,
1415 2489 1596 2528 li&oribus
1608 2492 1640 2527 ὃ(
1659 2489 1801 2526 fascibus
1815 2490 1950 2536 imperii
1964 2491 2021 2526 in-

1062 2532 1211 2580 signibus
1223 2535 1381 2575 adhibitis
1395 2563 1404 2577 ,
1427 2550 1469 2576 ex
1483 2538 1569 2574 urbe
1581 2552 1616 2574 in
1631 2538 1806 2574 Manliana
1818 2538 1922 2574 castra
1935 2552 2018 2586 pro-

1279 2438 1428 2475 Catilina
1453 2440 1561 2487 igitur
1586 2442 1690 2477 nesle
1714 2441 1914 2486 intempesta
1939 2454 2023 2478 cum

1061 2582 1124 2618 fe&
1131 2594 1169 2618 us
1180 2582 1235 2636 est.
1262 2584 1426 2622 Postridie
1437 2612 1446 2627 ‚
1457 2600 1561 2635 quani
1572 2587 1720 2624 Catilina
1731 2587 1887 2635 profugit
1898 2612 1907 2625 ‚
1917 2589 2020 2623 Cice—

1062 2644 1100 2671 ro
1122 2642 1319 2669 orationem
1336 2634 1375 2669 ad
1396 2635 1566 2683 populum
1579 2635 1699 2678 habuit
1710 2660 1720 2674 ,
1741 2649 1845 2683 quam
1858 2636 2019 2678 oslavam

1061 2680 1275 2721 consularem
1289 2694 1448 2724 numerat
1463 2684 1555 2730 epist·
1574 2697 1597 2721 1.
1611 2684 1669 2721 lib.
1685 2697 1716 2721 2.
1728 2685 1768 2727 ad
1780 2687 1849 2721 Att.
1864 2686 1898 2721 ὃς
1909 2684 1956 2720 est
1968 2685 2018 2720 se-

1061 2729 1175 2782 cunda
1187 2730 1388 2771 Catilinaria
1398 2759 1405 2773 ‚
1419 2732 1454 2768 in
1467 2746 1534 2780 qua
1546 2734 1674 2769 Orator
1684 2733 1877 2781 gratulatur
1888 2734 2018 2780 populo

1062 2781 1094 2814 ὅτ
1108 2779 1238 2826 reipub.
1253 2780 1347 2828 quod
1361 2781 1508 2822 Catilina
1528 2794 1570 2819 ex
1592 2783 1677 2819 urbe
1700 2781 1739 2821 fit
1753 2781 1944 2830 profectus:
1966 2792 2018 2817 at-

1061 2839 1128 2874 que
1149 2827 1190 2867 ad
1202 2827 1460 2869 confirmandos
1474 2831 1607 2867 animos
1619 2831 1796 2867 bonorum
1807 2830 1938 2866 civium
1951 2855 1960 2871 ,
1984 2832 2018 2866 &

1059 2875 1300 2924 infringendos
1313 2877 1511 2926 conjuratos
1524 2879 1702 2927 utriusque
1715 2879 1816 2928 partis
1836 2878 1950 2925 copias
1962 2879 2019 2913 iii-

1060 2935 1112 2960 ter
1125 2925 1156 2960 se
1167 2937 1352 2974 comparat·
1376 2927 1558 2976 Postquam
1573 2930 1695 2969 Romae
1707 2938 1928 2975 compertum
1941 2926 2018 2967 fuit,

1063 2973 1249 3010 Catilinam
1263 2976 1298 3010 in
1310 2975 1415 3015 castra
1429 2977 1604 3013 Manliana
1617 2977 1812 3023 profestum
1825 2976 1890 3010 effe
1900 2999 1909 3013 ,
1923 2976 2017 3016 sena-

1060 3033 1114 3060 tus
1129 3023 1314 3059 Catilinam
1328 3025 1361 3060 &
1374 3025 1547 3063 Manlium
1562 3025 1673 3062 hostes
1679 3023 2018 3074 judicavit.dec1·evit

1059 3081 1217 3124 praeterea
1230 3097 1239 3110 ‚
1263 3072 1324 3108 ubi
1337 3074 1492 3111 consules
1504 3074 1677 3111 deleuum
1690 3073 1854 3110 haberent
1867 3097 1876 3112 ‚
1898 3074 2013 3107 Anto-

1060 3133 1136 3155 nius
1159 3132 1241 3156 curn
1265 3123 1419 3158 exercitu
1433 3123 1618 3159 Catilinam
1639 3121 1793 3171 persequi
1817 3128 2013 3158 maturaret,

1060 3169 1185 3207 Cicero
1206 3165 1283 3208 urbi
1300 3169 1456 3219 praesidio
1470 3172 1570 3215 esset,
1593 3172 1734 3210 austere
1748 3166 2011 3250 Salliistio.tiffg²;
