2250 3358
730 110 1109 168 str

1187 128 1575 168 0R1A.
2083 137 2146 189 13

163 209 285 249 lib-14·
299 202 474 245 mirmah
497 200 539 246 dr
557 200 632 246 ἀνὴρ
653 200 860 244 οἰξιόλογῶῡ
878 193 1011 248 2222an
1030 202 1133 250 ρἡωξ
1178 196 1269 234 mitti
1281 197 1465 235 hominem
1478 198 1654 252 privatum
1668 211 1730 247 pro
1743 199 1896 240 consule,
1908 202 2080 251 Philippus
2093 204 2148 240 di-

163 245 359 292 Μέηπῃζῲυ
374 253 428 299 ,43⁸
441 252 502 288 73¹5
516 250 660 293 πατέρας
675 249 764 292 ἡμῶν
777 275 785 287 ,
804 246 953 288 Κοιῧκοις
969 249 1131 296 {mn-424-
1179 246 1260 282 xisse
1273 247 1401 283 dicitur
1413 274 1423 289 ,
1438 250 1524 284 Non
1536 249 1567 284 ie
1579 248 1681 284 illum
1694 249 1752 285 sua
1764 250 1929 287 sententia
1942 264 2006 300 pro
2020 254 2146 289 consu-

161 298 282 348 ugp&.
296 297 324 336 ἓν
337 300 473 344 1⁶&st
489 300 615 335 ἐπαινεῖ
629 299 658 336 ἕ
673 300 727 345 ’6²2⁸
915 347 926 353 -
984 347 990 355 '
1021 347 1037 355 Ν

161 352 349 399 bxgqx'mqo
362 349 499 393 Κικέρων
511 374 519 388 ,
532 343 571 384 (ἴς
588 347 734 405 φηζινβὲν
749 361 803 381 τινι
816 349 932 394 κωφῇ
946 360 1034 382 omre
1048 360 1127 388 συγ-

159 401 277 441 nffl'mr
293 398 455 438 Ξενοκλεῖ,
469 399 499 446 25}
515 398 580 433 ’τοῖς
596 398 661 440 ιωίῒ
673 396 794 431 emmau
807 393 996 442 οἰκρῳάζεστ.
1023 395 1058 430 id
1073 395 1132 436 est,

160 449 240 485 Fuit
251 448 315 484 tibi
326 459 467 497 patrum
481 445 684 483 nostrorum
696 444 869 481 memoria
879 444 1006 480 nobilis
1018 446 1130 492 magi-

159 498 226 534 ster
238 497 377 533 dicendi
391 496 578 544 Menippus
591 505 832 543 cognomento
846 495 1005 547 Catocas:
1022 506 1127 546 quein

159 548 285 583 Cicero
297 559 340 582 ex
354 545 507 581 Asiaticis
521 545 732 584 oratoribus,
747 556 835 597 quos
850 543 985 578 audivit
996 568 1003 581 ,
1016 555 1128 595 maxi-

159 609 215 638 me
229 595 342 631 laudat
354 619 364 633 ‚
387 606 426 630 ut
439 594 535 630 estin
549 593 701 642 quodam
716 593 817 640 ipsius
832 591 923 627 libro
936 615 945 630 ,
970 590 1030 626 ubi
1044 603 1125 626 eum

159 657 243 681 curn
258 643 427 681 Xenocle,
437 655 538 692 atque
551 643 642 677 illius
655 640 763 677 aetatis
776 640 971 676 oratoribus
984 652 1126 688 compa-

157 685 218 730 rat·
228 693 271 729 de
283 693 453 730 Xenocle,
464 691 730 739 Adramytteno‚
742 689 798 724 cui
811 689 1033 738 Cic.quoque
1044 702 1128 736 ope-

159 755 234 778 ram
247 742 356 783 dedit,
370 741 463 776 idem
476 739 597 775 Strabo
614 739 689 774 lib.i
704 751 731 782 3.
759 742 840 774 Erat
854 751 939 774 cuin
952 739 1128 773 Cicerone

159 802 238 828 tum
262 792 364 826 etiam
378 788 561 837 AEschylus
574 787 723 823 Cnidius
735 811 745 826 ‚
769 786 989 823 assiduissime
1009 798 1126 823 autem

157 839 347 889 Dionysius
359 840 511 885 Magnes.
523 836 650 886 quibus
661 850 734 872 non
745 836 1122 876 contentus‚Rhodum

157 888 369 936 venit‚seque
379 887 421 922 ad
433 886 704 935 eundemlquem
716 888 840 921 Romae
851 885 1124 926 audivei·at,Mo-

154 937 274 972 Ionem
286 936 477 984 applicavit,
491 948 573 971 cum
585 936 739 971 actorem
755 934 790 969 in
805 933 894 970 veris
908 933 1027 972 causis,
1043 935 1123 969 scri-

154 983 587 1034 ptoremquepraestantem
603 1010 611 1025 ‚
631 996 709 1019 tum
729 983 765 1018 in
786 982 948 1018 notandis
966 983 1123 1018 animad-

154 1034 394 1081 vertendisque
404 1033 509 1074 vitiis,
522 1036 556 1069 Sc
571 1031 783 1068 instituendo
795 1031 1028 1081 docendoque
1040 1045 1122 1080 pru-

153 1083 401 1119 dentiffimum.
428 1083 455 1117 is
468 1081 565 1118 dedit
575 1095 717 1130 operam
732 1106 740 1120 ,
754 1092 792 1117 ut
806 1081 910 1116 nimis
922 1080 1121 1134 redundan-¹

153 1143 227 1170 tem
241 1134 427 1168 Oratorem
442 1130 601 1167 nostrum
613 1155 622 1169 ‚
645 1133 680 1167 ὃς
692 1129 1121 1179 superfluentemjuvenili

154 1181 304 1231 quadam
323 1180 464 1216 dicendi
484 1180 690 1229 impunitate
703 1180 889 1217 &licentia
908 1179 1122 1228 reprimeret,

153 1233 189 1268 δί
202 1229 294 1279 quasi
314 1240 413 1266 extra
431 1230 518 1277 ripas
537 1230 755 1266 diffluentem
778 1229 953 1265 coerceret
966 1253 975 1267 ‚
999 1230 1122 1265 auelor

153 1280 223 1328 ipse
237 1282 272 1315 in
285 1281 403 1315 Bruto.
430 1281 483 1314 De
493 1279 682 1327 Apollonio
698 1277 846 1314 Molone
859 1278 973 1327 inquit
986 1277 1119 1314 Plutar-

150 1322 419 1372 chus,traditum
428 1327 476 1363 est
485 1327 676 1368 memoriae,
687 1340 771 1363 eum
783 1327 913 1363 Latinae
925 1328 1052 1375 linguae
1062 1341 1118 1363 ru-

151 1377 233 1413 dem
247 1376 377 1424 rogasse
389 1377 464 1413 Cic.
481 1389 517 1412 nt
529 1389 640 1423 graece
651 1377 860 1413 declamaret
877 1404 883 1415 2
901 1376 936 1412 in
950 1390 1022 1425 quo
1037 1389 1118 1412 cum

149 1426 230 1463 ideo
243 1426 293 1462 illi
305 1426 568 1475 obtemperasset
581 1450 590 1464 ‚
602 1425 697 1475 quod
711 1437 847 1474 putaret
860 1451 869 1464 ‚
894 1426 982 1462 scita
995 1426 1120 1461 melius

153 1475 281 1523 corrigi
293 1474 386 1524 posse
400 1492 410 1518 3
425 1486 528 1511 ceteri
543 1489 666 1512 omnes
681 1475 910 1511 admiratione
923 1475 1119 1524 obstupefa-

153 1524 202 1570 fii
216 1551 225 1565 ‚
248 1525 403 1561 certatim
417 1525 460 1561 de
473 1525 646 1561 Cicerone
659 1549 668 1564 ‚
687 1524 841 1574 aliusque
854 1525 923 1562 alio
936 1524 1120 1573 gloriosius

150 1573 375 1623 praedicabat:
392 1574 595 1623 Apollonius
609 1588 721 1625 neque
733 1586 856 1611 orante
869 1574 1045 1611 Cicerone
1061 1574 1118 1610 lae-

152 1623 264 1661 titiam
275 1636 343 1672 prae
355 1623 388 1659 se
399 1623 480 1660 tulit
491 1651 500 1665 ‚
512 1627 545 1661 ὅ(
559 1638 641 1660 cum
654 1624 851 1673 perorasset,
864 1622 998 1661 defixus
1008 1625 1044 1661 in
1057 1637 1119 1659 co-

150 1672 319 1720 gitatione
331 1673 391 1708 diu
405 1673 488 1710 sedit
500 1698 509 1712 ‚
522 1674 618 1722 quod
631 1674 690 1710 ubi
704 1674 917 1710 Ciceronem
931 1687 1019 1722 aegre
1032 1673 1119 1710 ferre

149 1720 267 1760 senfit,
283 1722 356 1758 haec
368 1721 439 1770 ejus
454 1736 524 1760 vox
538 1723 652 1772 erupit
667 1737 674 1759 ε
693 1725 746 1759 Te
756 1724 918 1772 equidem
933 1750 942 1764 ‚
954 1726 989 1759 M
997 1723 1117 1777 .Tulli‚

149 1770 311 1818 collaudo
321 1773 355 1808 ὅτ.
365 1771 587 1810 admirorzsed
598 1785 655 1809 me
664 1774 873 1822 Graecorum
884 1773 1034 1809 fortunae
1047 1786 1115 1808 mi-

148 1819 234 1858 seret
243 1845 252 1859 ,
270 1833 352 1856 cum
366 1821 503 1858 videam
515 1821 684 1859 doeh-inae
697 1825 731 1859 &
743 1822 950 1871 eloquentiae
965 1822 1114 1863 laudem,

148 1881 226 1917 quae
252 1869 321 1906 sola
343 1870 442 1906 nobis
466 1870 598 1920 reliqua
621 1882 692 1908 erat
704 1896 713 1911 ‚
736 1885 796 1921 per
820 1883 854 1908 te
876 1871 918 1907 ad
937 1873 1117 1908 Romanos

148 1917 345 1963 translatam
366 1919 440 1956 esse·
472 1920 592 1956 Rhodi
616 1921 692 1959 Cic.
711 1921 938 1957 Posidonium
961 1921 1116 1956 Philoso-

147 1966 258 2012 phum
272 1967 376 2002 etiam
387 1967 522 2004 audivit
535 1995 544 2009 ‚
556 1979 596 2005 ut
609 1970 813 2006 Plutarchus
829 1970 956 2006 scribit.
974 1969 1116 2005 Posido-

144 2014 225 2059 nius
237 2014 334 2049 enim
346 2026 429 2050 cum
441 2016 521 2051 esset
531 2017 743 2062 Apamiensis
757 2018 775 2052 e
789 2019 890 2066 Syria
904 2043 913 2057 ‚
927 2019 1047 2053 Rhodi
1061 2018 1115 2054 vi-

144 2061 294 2102 xit‚teste
306 2062 474 2097 Strabone
494 2063 555 2098 lib.
579 2075 587 2097 i
598 2076 628 2106 4.
656 2068 689 2099 H
694 2077 763 2099 unc
786 2065 993 2100 familiarem
1017 2067 1116 2102 suum

143 2121 246 2149 vocat
258 2110 334 2146 Cic.
350 2110 409 2146 lib.
419 2123 445 2146 1·
459 2110 503 2146 de
516 2110 625 2146 Finib·
640 2111 802 2147 Eundem
815 2112 873 2147 lib·
884 2124 892 2146 i
903 2140 910 2147 .
925 2112 968 2147 de
983 2115 1117 2147 Natura

143 2158 234 2197 inter
244 2172 302 2195 eos
315 2169 475 2195 numerat
487 2185 496 2200 ,
518 2159 536 2195 a
549 2160 676 2207 quibus
692 2160 728 2195 in
742 2158 963 2208 Philosophia
976 2160 1114 2196 institu-

101 2204 103 2208 ’
141 2218 197 2248 tus
210 2208 287 2245 fuit.
314 2211 479 2245 Praeterea
491 2208 526 2243 in
541 2208 630 2244 libro
642 2209 684 2244 de
698 2211 780 2245 Fato
792 2209 838 2245 ita
849 2209 965 2245 scribit
981 2223 986 2229 ·
1004 2213 1112 2258 Qae-

142 2257 223 2293 dam
236 2258 339 2294 etiam
350 2257 554 2295 Posidonius
562 2260 657 2307 (pace
667 2257 819 2307 magistri
830 2257 998 2304 dixerim)
1007 2271 1109 2295 com-

142 2306 275 2352 minisci
289 2307 440 2345 videtur.
820 2332 823 2336 -

217 2410 310 2443 Anno
328 2406 415 2444 urbis
439 2419 629 2503 nctxyfi.
650 2410 807 2447 Ciceronis
827 2421 914 2446 xxx.
937 2421 1032 2446 coss.

244 2472 247 2475 '
300 2477 302 2480 ’
569 2468 694 2500 uerunt,

191 2525 235 2562 D.
254 2525 429 2573 JUNIUS
456 2527 673 2564 BRUTU&
693 2529 815 2564 MAM.
842 2529 1057 2565 AEMILIUS

382 2576 583 2613 LEPIDUS
621 2578 866 2614 LIVIANUS.
934 2597 936 2600 >

141 2640 300 2727 ΗΘΒ
321 2647 489 2683 Consules
500 2660 543 2685 ex
556 2648 759 2697 interregno
774 2648 884 2684 iniisse
895 2673 903 2687 ‚
917 2661 1105 2697 argumen-

238 2706 275 2730 to
285 2695 334 2731 est
343 2696 455 2732 oratio
467 2697 612 2746 Philippi
626 2698 716 2746 apud
728 2697 929 2733 Sallustium
944 2722 953 2736 ‚
971 2699 1014 2735 de
1028 2698 1106 2746 qui-

140 2743 203 2780 bus
213 2744 337 2780 Cicero
349 2745 385 2781 in
396 2747 516 2782 Bruto.
528 2747 651 2783 Iisdem
665 2747 736 2783 fere
747 2747 962 2795 temporibus
974 2748 1106 2783 DBru-

139 2801 206 2832 tus,
218 2793 245 2828 is
255 2794 313 2842 qui
327 2795 447 2830 consul
457 2807 542 2832 cum
554 2798 734 2833 Mamerco
748 2796 827 2837 fuit,
838 2797 948 2832 homo
961 2799 995 2833 ὃς
1006 2798 1105 2833 Grae-

138 2841 187 2877 cis
200 2841 325 2878 doAEtus
336 2842 441 2879 literis
453 2846 487 2881 &
501 2845 640 2881 Latinis.
657 2845 825 2882 Mamerci
838 2845 971 2881 AEmilii
986 2846 1105 2894 Lepidi

136 2891 285 2927 consulis
297 2893 457 2929 meminit
468 2894 627 2931 Valerius
640 2895 662 2931 l.
677 2907 704 2938 7·
717 2907 747 2930 e.
763 2907 791 2939 7·
803 2896 889 2930 'Hoc
902 2907 1008 2935 anno,
1022 2907 1039 2929 C
1045 2909 1105 2932 um

136 2939 208 2975 duo
217 2941 372 2977 consules
384 2941 557 2979 clarissimi
570 2941 813 2992 fortissimique
824 2943 942 2982 essent,
953 2946 1104 2993 Pompe-

129 2986 189 3035 jus
199 2989 312 3026 adhuc
325 3002 429 3038 eques
443 3003 568 3028 contra
579 2992 773 3029 Sertorium
785 2992 828 3028 ad
839 2992 973 3029 bellum
992 2995 1105 3031 maxi-

135 3049 236 3074 mum
257 3037 686 3091 formidolosissimumque
708 3042 804 3078 suasu
820 3044 859 3077 L·
871 3042 1019 3091 Philippi
1043 3057 1105 3092 pro

134 3086 274 3124 consule
284 3087 402 3124 missus
413 3088 462 3124 est
477 3103 483 3125 ε
507 3103 579 3139 quo
593 3091 735 3139 quidem
749 3102 909 3139 tempore
927 3104 1011 3127 cum
1025 3093 1105 3128 esset

114 3145 209 3180 ⁴non
231 3147 336 3176 nemo
359 3137 396 3176 in
420 3139 571 3193 Senatu,
593 3140 654 3191 qui
671 3140 822 3196 diceret,
847 3153 923 3196 non
941 3152 1105 3191 oportere

485 3229 511 3247 ³2*
517 3215 605 3274 ³³5)

741 294 804 332 τῖοό
821 296 934 332 A'm‘ow
949 298 1133 342 ῥητόρωνρν

1177 294 1218 333 le,
1229 296 1282 330 sed
1296 310 1358 344 pro
1368 297 1567 333 consulibus
1579 298 1726 337 mittere,
1741 299 1787 334 ait
1798 299 1923 336 Cicero
1937 314 1971 336 in
1985 302 2147 338 Manilia-

1175 353 1229 375 iia.
1256 344 1352 381 Idem
1368 346 1487 393 Philip.
1504 359 1514 382 1
1529 359 1556 382 1.
1573 346 1739 395 Pompejo
1754 349 1993 385 Sertorianum
2013 350 2146 387 bellum

1174 390 1193 423 a
1208 391 1335 442 Senatu
1355 395 1493 439 privato
1507 395 1629 431 datum
1651 396 1698 431 est
1713 410 1719 432 :
1745 410 1829 432 cum
1841 400 1883 433 L.
1895 399 2068 447 Philippus
2081 413 2145 447 pro

1174 438 1374 490 consulibus
1387 442 1417 476 se
1436 455 1518 480 eum
1538 446 1675 481 mittere
1693 445 1782 482 dixit
1796 471 1805 484 2
1829 460 1903 482 non
1916 460 1980 496 pro
1993 449 2145 484 consule·

1175 487 1302 522 Scribit
1322 488 1415 524 idem
1437 491 1638 529 Plutarchus
1657 494 1693 530 in
1716 495 1904 543 Pompejo:
1931 497 2144 545 Comparato

1174 536 1342 588 exercitu,
1354 537 1480 590 horreis
1494 540 1530 574 in
1541 543 1732 579 cervicibus
1737 557 1813 591 jam
1824 544 1928 580 ltaliae
1941 546 2091 593 agenteis
2101 547 2144 582 ab

1172 584 1317 637 Alpibus
1329 586 1364 620 in
1380 587 1577 633 Hispaniam
1591 592 1766 628 submovit
1778 619 1788 634 ‚
1816 594 2035 644 Galliamque
2048 607 2143 631 rece-

1173 644 1234 680 pit,
1249 644 1288 668 ut
1300 634 1368 682 ipse
1382 636 1471 683 apud
1482 637 1679 675 Sallustium
1692 642 1732 675 ad
1743 644 1909 679 Senatum
1924 644 2048 681 scribit.
2063 647 2141 679 Un-

1172 681 1214 716 de
1230 682 1355 718 Cicero
1369 685 1405 719 in
1422 685 1610 722 Maniliana
1621 687 1666 722 ait
1681 712 1689 724 ‚
1704 691 1908 738 Pompejum
1921 705 1981 740 per
1995 693 2142 728 Galliam

1172 730 1369 778 legionibus
1397 734 1568 770 Romanis
1590 735 1628 770 in
1650 736 1848 784 Hispaniam
1871 742 1936 778 iter
1958 742 2142 778 Gallorum

1174 779 1413 817 'nternecione
1426 783 1627 829 patefecisse.

1216 830 1295 864 Hoc
1307 843 1449 879 quoque
1461 844 1554 867 anno
1568 834 1762 870 M.Tullius
1775 835 1807 871 se
1820 839 1945 886 recepit
1960 840 1977 875 e
1995 841 2141 882 Graecia,

1170 876 1314 913 biennio
1338 880 1413 923 post
1438 893 1543 928 quam
1565 894 1606 917 eo
1627 883 1803 930 professus
1822 897 1892 921 erat
1907 913 1914 927 ‚
1939 902 2010 923 non
2033 890 2145 926 modo

1168 927 1390 964 exercitatior
1401 955 1410 970 ‚
1435 929 1490 964 sed
1502 943 1610 978 prope
1627 943 1791 968 mutatus.
1820 948 1901 971 nam
1915 938 1948 972 ὅ(
1960 939 2142 974 contentio

1168 975 1277 1011 nimia
1300 977 1395 1012 vocis
1419 979 1605 1020 resederat,
1632 983 1666 1017 ὃς
1682 982 1776 1029 quasi
1790 982 2005 1020 deferbuerat
2019 988 2142 1026 oratio,

1167 1024 1396 1074 lateribusque
1410 1027 1512 1069 vires,
1530 1031 1563 1064 ἃ
1575 1030 1730 1077 corporis
1741 1032 1926 1068 mediocris
1940 1034 2075 1070 habitus
2088 1049 2143 1071 ac-

1168 1073 1319 1112 cesserat,
1332 1086 1369 1110 ut
1382 1076 1449 1124 ipse
1462 1077 1498 1112 in
1512 1077 1621 1113 Bruto
1634 1078 1787 1117 testatur.
1802 1081 1897 1117 Cum
1909 1093 2024 1119 autem
2039 1084 2141 1121 Cice-

1168 1135 1221 1163 ro,
1238 1124 1380 1160 auctore
1394 1126 1591 1164 Plutarcho,
1605 1140 1728 1176 magna
1742 1130 1796 1176 spe
1808 1132 1941 1167 erectus
1952 1156 1961 1170 ‚
1976 1132 2017 1168 ad
2031 1146 2140 1181 remp.

1164 1171 1303 1207 summo
1326 1172 1441 1209 studio
1466 1187 1644 1223 raperetur
1656 1201 1666 1215 ‚
1688 1178 1792 1213 ardor
1804 1178 1876 1227 ejus
1891 1181 2034 1217 oraculo
2049 1195 2141 1231 quo--

1164 1220 1246 1257 dani
1270 1222 1436 1268 repressus
1461 1224 1519 1260 est.
1563 1227 1656 1261 Nam
1683 1238 1767 1263 cum
1789 1229 1942 1278 Delphos
1965 1230 2141 1276 profectus

1165 1270 1364 1317 Apollinem
1379 1273 1602 1310 consuluisset
1615 1299 1624 1312 ‚
1650 1288 1801 1324 quanam
1824 1291 1880 1314 via
1902 1278 1944 1314 ad
1964 1283 2140 1317 summam

1162 1319 1312 1366 gloriam
1340 1322 1524 1369 pervenire
1547 1323 1656 1370 posset
1676 1351 1685 1365 ‚
1713 1327 1897 1363 oraculum
1920 1328 2054 1365 editum
2078 1330 2141 1371 est,

1165 1370 1271 1405 Suam
1287 1381 1467 1409 naturam,
1491 1385 1564 1407 non
1586 1373 1822 1410 multitudinis
1840 1378 2046 1424 opinionem
2067 1379 2137 1414 du-

1163 1430 1240 1453 cem
1255 1419 1333 1454 vitae
1346 1420 1554 1468 sequeretur·
1579 1424 1803 1471 Quapropter
1814 1427 1965 1462 Romam
1982 1430 2138 1463 reversus

1163 1467 1277 1515 primo
1290 1469 1413 1504 timide
1427 1470 1515 1507 dixit
1527 1494 1535 1508 ‚
1549 1472 1585 1507 ὃς
1597 1472 1796 1509 dubitanter
1809 1475 1850 1510 ad
1863 1476 2016 1512 honoies
2027 1477 2138 1513 acces-

1164 1516 1203 1552 fit
1217 1543 1225 1558 ,
1254 1530 1317 1553 nec
1331 1519 1403 1555 ullo
1421 1519 1458 1555 in
1474 1533 1625 1566 numero
1638 1521 1774 1558 habitus
1786 1550 1796 1564 ,
1823 1524 1878 1560 sed
1893 1526 2074 1561 Graeculus
2087 1538 2138 1562 at-

1163 1579 1231 1616 que
1251 1568 1381 1604 otiosus
1396 1570 1583 1619 appellatus
1595 1570 1661 1607 fuit
1676 1585 1684 1606 :
1709 1585 1785 1620 quae
1799 1574 1945 1610 nomina
1959 1574 2086 1610 infimis
2100 1577 2136 1612 *ἐξ

1162 1617 1306 1653 sordidis
1325 1618 1527 1655 hominibus
1550 1621 1585 1656 in
1607 1633 1772 1670 promptu
1792 1623 1858 1659 esse
1871 1650 1880 1665 ‚
1902 1635 2004 1672 atque
2020 1624 2056 1660 in
2071 1637 2134 1660 ore

1163 1666 1482 1705 confiieverunt.Ut
1495 1670 1579 1706 vero
1593 1671 1756 1707 &innata
1766 1673 1946 1709 honorum
1957 1673 2130 1722 cupidita-

1162 1725 1195 1752 te
1208 1716 1335 1752 ductus
1348 1743 1358 1758 ,
1381 1720 1415 1754 ὃς
1432 1719 1534 1766 patris
1556 1730 1660 1768 atque
1681 1721 1877 1759 amicorum
1890 1723 2138 1759 cohortatione

1161 1764 1335 1807 incitatus,
1350 1766 1381 1802 se
1394 1778 1511 1803 totum
1527 1769 1724 1815 patrociniis
1739 1771 1890 1809 tradidit,
1906 1785 1979 1808 non
1986 1771 2060 1819 jam
2075 1785 2136 1820 pe-

1161 1814 1331 1851 detentim
1343 1817 1534 1865 principem
1546 1818 1665 1854 locum
1679 1820 1775 1867 petiit
1789 1847 1797 1861 ‚
1819 1821 1872 1857 sed
1886 1821 2000 1857 statim
2013 1822 2136 1860 eluxit,

1162 1864 1350 1913 ceterisque
1363 1867 1560 1903 oratoribus
1573 1867 1679 1915 longe
1691 1869 1854 1916 praestitit.
1865 1871 2042 1907 Hactenus
2052 1871 2135 1905 Plu-

1162 1915 1302 1949 tarchus
1315 1938 1325 1952 ,
1349 1926 1388 1951 ut
1410 1916 1430 1951 a
1452 1928 1509 1952 me
1532 1926 1612 1953 ante
1628 1930 1738 1953 annos
1754 1920 1838 1955 οέὶο
1855 1920 2042 1956 conversus
2055 1919 2134 1960 fuit,

1164 1963 1221 1998 ubi
1235 1963 1331 2011 quod
1345 1965 1548 2001 Graeculum
1568 1977 1671 2014 atque
1688 1967 1841 2004 otiosum
1855 1969 1929 2003 dixi
1945 1995 1954 2009 ‚
1979 1969 2038 2015 qui
2051 1970 2133 2004 Plu-

1161 2013 1282 2046 tarcho
1296 2012 1344 2047 est
1356 2009 1499 2059 Γρρεικὶς
1512 2014 1544 2061 ’53
1558 2013 1745 2060 χολαςικὶς
1757 2040 1765 2053 ,
1777 2017 1911 2052 secutus
1923 2018 1998 2053 sum
2012 2017 2135 2053 audio—

1162 2060 1298 2094 ritatem
1313 2059 1419 2096 nostri
1432 2072 1578 2097 oratoris
1588 2085 1598 2099 ‚
1611 2063 1671 2109 qui
1685 2076 1748 2110 pro
1762 2066 1882 2101 Sextio
1895 2066 2021 2114 inquit,
2034 2067 2134 2102 Grae-

1161 2107 1283 2141 culum
1306 2109 1337 2141 se
1355 2119 1456 2155 atquc
1467 2109 1620 2145 otiosum
1636 2112 1747 2157 putari
1763 2114 1875 2148 voluit
1892 2128 1898 2149 z
1927 2114 2038 2149 studio
2052 2115 2129 2150 lite-

1159 2167 1278 2189 rarum
1292 2155 1323 2190 se
1336 2155 1449 2191 subito
1462 2156 1565 2194 dedit·
1577 2159 1697 2194 Solent
1713 2171 1830 2196 autem
1844 2163 1997 2198 Romani
2012 2165 2062 2199 uti
2075 2176 2134 2211 ap—

1159 2202 1343 2250 pellatione
1358 2206 1471 2240 Graeci
1493 2207 1612 2254 probri
1642 2208 1720 2244 loco
1735 2235 1744 2249 ,
1767 2223 1852 2246 cum
1876 2211 2134 2259 ignobilitatem

1158 2252 1332 2299 objiciunt
1345 2278 1355 2292 ,
1379 2264 1418 2290 ut
1430 2255 1586 2292 Zonaras
1599 2256 1729 2297 scribit.

1207 2356 1306 2389 Anno
1326 2352 1414 2390 urbis
1443 2366 1651 2454 DCLxvan.
1672 2360 1830 2395 Ciceronis
1854 2371 1959 2396 xxxi.
1983 2373 2084 2397 coss.

1581 2416 1706 2448 uerunt,

1178 2471 1259 2508 CN.
1287 2462 2104 2562 OCTAVICUShpbscnissonius

1156 2598 1275 2676 DE
1289 2595 1341 2631 his
1356 2597 1482 2633 Cicero
1494 2598 1532 2634 in
1545 2600 1653 2636 Bruto
1669 2614 1676 2636 :
1702 2601 1770 2637 Cn.
1783 2601 1932 2639 Sicinius
1945 2628 1954 2643 ,
1967 2603 2049 2639 cum
2062 2605 2125 2639 tri-

1249 2647 1363 2682 bunus
1374 2648 1407 2693 pl
1424 2647 1620 2685 Curionem
1629 2652 1665 2686 &
1675 2650 1867 2687 O&avium
1880 2654 2035 2689 consules
2046 2666 2129 2701 pro-

1153 2694 1314 2735 duxisset,
1327 2695 1509 2745 Curioque
1522 2698 1632 2735 multa
1644 2699 1936 2741 dixisset‚sedente
1948 2703 2129 2738 cxi-Otta-

1156 2744 1212 2779 vio
1226 2744 1370 2792 collega,
1384 2745 1444 2794 qui
1458 2746 1643 2784 devinctus
1656 2760 1728 2785 erat
1740 2749 1859 2789 fasciis,
1872 2753 1906 2787 ὅ(
1918 2751 2037 2786 multis
2051 2764 2128 2788 me—

1153 2793 1356 2829 dicamentis
1368 2806 1509 2842 propter
1517 2796 1679 2834 dolorem
1689 2809 1831 2834 artuum
1843 2798 2128 2836 delibutusmun-

1154 2855 1259 2891 quam
1274 2842 1388 2891 inquit
1404 2868 1413 2884 ‚
1428 2844 1556 2881 Oetavi
1572 2873 1581 2887 ‚
1605 2848 1747 2895 collegae
1761 2846 1822 2883 tuo
1835 2849 1980 2896 gratiam
1992 2849 2130 2894 referes3

1154 2891 1214 2940 qui
1227 2891 1291 2927 nisi
1306 2893 1337 2927 se
1353 2893 1413 2928 suo
1425 2894 1737 2942 morejafihivisset,
1754 2897 1859 2932 hodie
1870 2909 1905 2933 te
1917 2898 1991 2933 istic
2004 2899 2129 2934 muscae

1154 2940 1572 2980 comedissent.Videntur
1584 2956 1700 2981 autem
1710 2945 1866 2982 consules
1877 2948 1895 2982 a
1905 2948 2037 2983 Sicinio
2046 2960 2128 2995 pro—

1154 2990 1252 3026 duffii
1264 2989 1363 3026 fuisse
1376 3014 1387 3028 ,
1399 3003 1482 3028 cum
1495 2993 1530 3028 id
1542 2994 1614 3042 egit
1627 3019 1636 3032 ‚
1661 3006 1701 3031 ut
1713 2995 1893 3031 tribunitia
1904 2995 2049 3044 potestas
2063 3008 2128 3044 po-

1155 3039 1239 3087 pulo
1260 3038 1465 3085 redderetur
1477 3067 1487 3082 ,
1511 3043 1679 3080 Asconius
1700 3043 1737 3078 in
1752 3045 1903 3080 Divinat.
1920 3046 1958 3080 in
1971 3046 2127 3080 Verrem.

1157 3086 1423 3125 &octavium
1437 3092 1487 3127 M.
1498 3090 1612 3127 filium
1624 3092 1799 3141 optimum
1809 3104 1912 3142 atque
1922 3092 2128 3128 humanissi-

1157 3149 1259 3193 mum
1278 3137 1409 3194 ydrum,
1423 3139 1629 3237 famggiaqem
1641 3143 1742 3180 suum
1753 3167 1764 3186 ,
1776 3153 1936 3181 nominat
1948 3142 2019 3225 Cdo
2027 3140 2124 3225 gog.

1544 3201 1556 3234 3
1998 3201 2015 3227 e
2052 3202 2088 3226 ni
2117 3216 2126 3228 2
