2360 3400
490 110 1482 188 Tus”cv1,.·QAEs·r1'ouuM
1551 126 1849 177 L12.2111.

2028 131 2149 181 1081

192 205 275 239 nihil
292 204 329 237 ab
337 179 494 245 ‘his-potui
506 202 685 244 cognoscere
701 213 707 232 :
726 201 810 244 quisi
825 204 948 233 virtutes
957 202 1085 233 ebullire
1095 200 1152 232 iio—
1192 203 1339 244 drychum
1352 205 1567 236 incendamus:
1589 204 1697 238 demus
1715 207 1868 240 scutellam
1881 205 2036 241 dulciculae
2045 211 2149 250 potio-

194 249 258 280 lent
270 268 280 283 ‚
290 247 484 286 &sapientias
497 265 506 279 ‚
517 245 596 275 nihil
605 245 686 275 aliud
696 244 798 276 dicent
809 264 818 278 ,
835 243 891 274 nisi
899 254 965 276 eam
976 246 1057 274 viam
1070 263 1079 278 ‚
1091 253 1148 284 qua

193 289 362 322 efficiantur
377 297 420 318 eae
436 287 606 327 voluptates
618 307 626 319 ,
646 297 718 327 quas
734 286 819 326 supra
834 286 910 317 dixi.
933 288 1008 327 Qiae
1019 286 1146 326 sequun-

194 340 243 362 tur
252 350 262 364 ‚
283 331 316 360 in
337 329 441 359 eadem
451 329 598 359 sententia
607 329 689 359 sunt:
708 329 845 369 totusque
865 328 940 357 liber
950 348 958 361 ,
978 329 1032 368 qui
1049 326 1093 357 est
1110 326 1147 356 de

191 372 316 403 summo
334 371 417 401 bono
428 391 437 404 ‚
462 374 471 389 ¹
484 369 625 404 refertus,
648 371 679 401 &
693 370 792 400 verbis
806 370 839 400 &
855 369 1012 400 sententiis
1027 368 1142 399 talibus.

139 442 148 449 ἱ
191 412 240 443 Ad
251 414 393 443 hanccine
405 414 494 453 igitur
504 414 596 442 vitam
609 413 811 442 Telamonem
824 411 910 441 illum
918 409 1078 441 revocabis
1087 428 1095 443 ,
1112 418 1145 439 ut

190 455 272 485 leves
285 454 513 495 aegritudinem?
532 455 565 484 &
578 452 597 483 fi
607 464 698 494 quem
717 462 838 483 tuorum
847 451 995 482 afflustum
1015 460 1145 481 moerore

189 495 304 527 videris
315 517 324 529 ,
346 497 416 526 huic
428 497 626 535 acipenserem
643 495 743 535 potius
752 515 761 528 ‚
775 496 866 535 quam
876 495 1008 534 aliquem
1018 493 1145 523 Socrati-

188 546 261 567 cum
280 538 419 568 libellum
439 538 544 567 dabis?
562 541 576 556 ²
587 537 723 577 hydrauli
741 536 895 566 hortabere
906 544 938 564 ut
948 535 1045 565 audiat
1054 543 1143 564 voces

187 578 291 619 porius
302 599 311 613 ,
331 577 422 620 'quam
434 580 591 610 Platonis?
609 588 742 618 expones
754 597 762 610 ‚
781 587 841 619 qua
850 575 949 617 spest'et
960 576 1068 614 florida
1077 595 1085 609 ,
1107 575 1142 607 &-

190 622 298 650 ταινία.)
311 621 484 660 fasciculum
496 621 534 650 ad
543 622 614 650 nane
629 620 708 649 admo
714 618 784 649 vebis
793 628 804 650 ,ἓ
820 618 941 648 incendes
954 619 1063 649 odores?
1085 621 1096 645 3
1108 617 1143 650 &a

184 662 265 702 sertis
274 663 400 692 redimiri
407 662 513 702 jubebu
522 682 530 696 ‚
555 663 591 695 ὼ
601 663 660 701 rofiz
671 666 681 687 ἓ
696 666 714 689 4
722 662 742 691 S
745 672 754 690 ι
765 660 829 690 verb
836 659 951 701 aliquid
958 668 1064 689 ettam:
1080 667 1142 688 rum

133 713 175 747 19
185 704 268 744 plane¹
281 703 392 734 [naum
410 715 516 735 omnem
533 703 698 743 absterseris?
741 705 814 733 Haec
824 704 953 742 Epicuro
969 699 1142 731 confitenda

187 746 257 776 sunt
268 765 277 780 ,
297 755 407 780 aut-ea,
424 756 490 786 quae
500 745 595 776 modo
606 743 737 784 expreffa
745 745 781 775 ad
793 745 919 774 verbum
930 743 1015 776 dixi,
1031 743 1141 772 tollen-

187 786 224 818 da
244 787 280 818 de
299 788 376 818 libro
387 807 396 821 ,
418 789 464 818 vel
480 797 559 817 totus
573 787 650 817 liber
662 785 764 826 potius
776 784 976 825 abjiciundus.
999 783 1042 814 est
1054 786 1140 813 enim

186 828 340 860 confertus
359 829 576 868 voluptatibus.
600 827 796 868 quaerendum
813 829 903 867 igitur
912 845 921 860 ,
940 825 1141 866 quemadmo-

185 870 260 901 dum
271 871 446 911 aegritudin‘e
457 872 611 909 privemus
620 879 690 898 eum
703 888 711 901 ,
722 870 774 908 qui
783 870 821 898 ita
833 869 928 898 dicat:

279 928 325 936 ---
342 911 390 954 pol
400 912 470 941 mihi
475 909 594 949 fortuna
603 919 689 949 magu
698 920 771 938 nunc
779 908 845 947 defit
857 929 864 942 ‚
884 918 971 950 quam
978 916 1076 948 genta.

281 955 417 995 Namque
444 961 559 992 regnum
583 949 748 992 suppetebat
767 951 839 978 mihi
856 961 868 977 .·
896 958 930 979 ut
942 950 1018 990 scias
1033 956 1141 991 quanto

391 994 491 1027 eam,

278 1035 404 1076 Qantis
412 1034 507 1077 apibus
517 1054 526 1069 ,
538 1033 640 1076 quibus
648 1034 681 1063 de
690 1033 767 1063 rebus
778 1037 791 1061 5
799 1034 845 1075 lap
844 1033 878 1074 [ἃ
883 1032 1005 1073 fortuna
1012 1033 1138 1063 accidat.

184 1077 290 1120 Qid?
307 1079 378 1107 huic
386 1079 465 1108 calix
477 1076 564 1106 mulli
576 1076 791 1117 impingendus
802 1076 843 1106 est
855 1095 864 1109 ,
884 1084 917 1106 ut
933 1076 1048 1115 plorare
1064 1074 1139 1105 defi-

183 1129 236 1150 nat
245 1138 255 1154 ,
273 1128 322 1150 aut
330 1119 441 1160 aliquid
451 1119 600 1159 ejusmodi
612 1124 621 1151 ἓ
643 1120 718 1149 Ecce
729 1117 785 1148 tibi
796 1127 834 1148 ex
846 1118 943 1150 altera.
948 1126 1029 1158 parte
1039 1117 1076 1148 ab
1087 1127 1139 1147 eo-

185 1158 369 1202 dem'poe'ta:

276 1204 324 1232 Ex
333 1201 428 1244 opibus
432 1202 553 1242 fiammis
561 1202 618 1244 opis
627 1211 703 1243 egens
712 1199 813 1231 Hestor
823 1207 885 1231 tuae.

182 1244 267 1276 Huic
278 1244 435 1275 subvenire
445 1245 598 1275 debemus.
622 1253 729 1284 quaerit
738 1246 820 1273 enim
831 1241 996 1273 auxilium.

276 1286 465 1327 Qidpetam
473 1286 579 1328 praefidl
593 1306 601 1320 ,
612 1293 666 1314 aut
674 1286 808 1326 exsequar
818 1305 828 1320 ,
845 1283 862 1304 ⁶
871 1294 961 1325 quove
970 1294 1042 1313 nunc
1049 1283 1137 1313 auxi-

426 1329 465 1358 lio
477 1349 484 1362 ‚
496 1328 633 1367 autsuga

271 1371 356 1400 freta
367 1369 424 1409 fim
459 1380 520 1399 arce
531 1389 539 1403 ‚
552 1369 586 1402 &
598 1367 664 1397 urbe
675 1367 741 1398 orba
752 1368 826 1408 sum.
850 1366 905 1409 qui>
918 1367 1048 1397 accedam
1060 1371 1071 1394 ἓ
1082 1368 1138 1410 qub

389 1412 525 1452 appcicem
536 1429 544 1443 ‚

266 1452 327 1481 -Cm'
335 1461 380 1481 net
392 1461 441 1480 ara
451 1453 547 1492 patria
555 1451 630 1480 domi
630 1449 709 1485 stant
717 1461 729 1477 .·
736 1449 833 1486 franssa
841 1469 850 1483 ‚
864 1450 899 1482 (9-
907 1449 1136 1489 diriestaejacent:

269 1494 348 1522 fana
354 1492 480 1529 flamma
489 1493 649 1532 deflagrata
657 1502 668 1517 :
681 1497 695 1519 7
703 1490 767 1526 tosti
779 1490 920 1526 az'ristanr
926 1493 1048 1532 parietes
1060 1512 1069 1527 ,

270 1534 436 1573 Deformati
446 1554 456 1567 ‚
477 1542 565 1574 atque
581 1533 672 1561 abiete
688 1533 782 1571 crispa.

174 1569 286 1614 ?&itis
297 1585 362 1615 quae
372 1576 547 1616 sequantur:
560 1575 592 1604 &
603 1574 678 1604 iliud
689 1576 720 1603 in
733 1575 839 1613 primis
849 1592 860 1606 ‚

269 1619 389 1657 0=pater
398 1637 407 1651 ‚
423 1614 436 1645 ὃ
451 1617 567 1657 patria,
588 1614 721 1645 &Priami
737 1616 836 1646 domus
846 1635 856 1651 ‚

267 1658 385 1699 Seprum
397 1658 515 1698 alnfimo
530 1659 640 1687 cardine
653 1658 787 1700 templum
796 1668 809 1685 .·

267 1700 333 1730 Vidi
346 1710 393 1740 ego
407 1708 434 1729 re
443 1720 451 1734 ‚
466 1699 589 1736 adstante
598 1708 644 1742 ope
657 1698 803 1729 barbarica
813 1719 824 1733 ‚

268 1740 360 1770 Testis
374 1742 493 1776 calatis,
516 1742 659 1783 laqueatis
668 1760 678 1775 ‚

268 1786 359 1812 -Auro
369 1803 378 1817 ‚
390 1782 467 1812 ebore
475 1782 640 1818 instrusiam
648 1781 767 1823 regifice.

174 1825 332 1866 O-po'e'tam
341 1827 494 1866 egregium
506 1827 512 1854 Ξ
530 1834 711 1865 quamquam
721 1824 757 1853 ab
768 1824 814 1853 his
823 1822 995 1854 cantoribus
1005 1825 1131 1865 Eupho-

176 1869 272 1898 rionis
282 1868 500 1897 contemnitur.
525 1867 615 1896 sentit
625 1868 729 1895 omnia
746 1868 762 1892 9
771 1868 925 1904 repentina
936 1885 945 1899 ,
956 1866 989 1895 δε
997 1875 1053 1896 nec
1062 1868 1130 1906 opi-

173 1917 241 1939 nata
248 1906 458 1949 effe-graviora.
481 1909 661 1948 exaggeratis
671 1908 762 1948 igitur
769 1909 845 1948 regis
856 1907 966 1947 opibus
979 1927 988 1941 ,
1006 1917 1072 1948 qua:
1083 1909 1130 1939 vi·

172 1950 319 1982 elebantur
328 1950 513 1990 sempiternae
524 1949 589 1979 fore
602 1969 611 1982 ‚
621 1950 694 1989 quid
704 1948 840 1989 adjungit
852 1951 864 1980 ἓ

267 1993 330 2021 Hac
349 1992 443 2020 omnia
464 1991 526 2020 vidi
546 1990 742 2029 inflammari,

265 2034 379 2064 Priamo
401 2034 434 2062 vi
451 2034 548 2063 viram
566 2033 690 2066 evitari,

261 2075 349 2115 Jovis
365 2084 448 2104 aram
459 2075 599 2115 sanguine
615 2072 736 2114 turpari.

167 2116 344 2149 Praeclarum
357 2126 488 2148 carmen.
511 2116 554 2147 est
562 2118 644 2146 enim
658 2116 691 2145 &
701 2115 788 2146 rebus
799 2135 809 2150 ‚
830 2115 864 2146 &
875 2116 973 2146 verbis
984 2137 993 2150 ,
1010 2116 1047 2148 v&
1059 2126 1127 2147 mo-

168 2159 216 2189 dis
238 2159 368 2199 lugubre.
401 2159 564 2197 eripiamus
586 2159 658 2187 huic
679 2158 898 2198 aegritudinem.
929 2168 991 2198 quo
1009 2159 1104 2189 modo
1117 2161 1129 2188 ?

167 2200 355 2232 collocemus
363 2202 397 2231 in
406 2201 526 2230 culcitra
535 2200 665 2240 plumea:
672 2199 822 2239 psaltriam
831 2199 1022 2231 adducamus:
1033 2202 1124 2231 ¹0he-

1192 247 1257 275 nis:
1284 250 1312 266 ¹¹
1324 247 1436 288 aliquid
1447 248 1616 282 videamus,
1629 248 1663 280 &
1673 249 1746 281 cibi,
1771 252 1844 281 Haec
1854 250 1975 282 tandem
1989 250 2067 282 bona
2076 252 2146 283 sun:

1189 287 1298 327 quibus
1309 289 1498 329 aegritudines
1509 288 1684 331 graviffimae
1694 291 1894 323 detrahantur-²
1905 301 1936 324 tu
1946 294 2030 323 enim
2042 293 2154 334 paullo,

1188 329 1254 358 ante
1269 333 1296 349 ¹2
1307 340 1344 360 ne
1354 331 1520 372 intelligere
1537 340 1566 361 te
1577 331 1701 373 quidem
1716 335 1772 364 alia
1786 334 1846 365 ulla
1861 334 1989 365 dicebas.
2013 333 2146 366 revocari

1187 371 1278 410 igitur
1287 381 1422 412 oportere
1432 372 1449 402 a
1459 382 1587 403 moerore
1603 373 1637 404 ad
1651 376 1865 415 cogitationem
1875 376 2027 407 bonorum
2039 397 2049 411 ‚
2067 385 2146 409 con-

1186 414 1300 443 veniret
1311 415 1387 443 mihi
1397 424 1466 444 cum
1478 416 1608 454 Epicuro
1618 434 1628 449 ‚
1648 414 1667 445 fi
1679 435 1688 449 ‚
1709 417 1782 457 quid
1793 416 1863 448 esset
1874 418 1990 449 bonum
2002 437 2011 451 .
2027 414 2144 450 conve-

1185 454 1272 483 niret.
1316 457 1405 485 Dicet
1414 456 1522 495 aliquis
1538 466 1544 484 :
1567 456 1647 497 Qid
1658 467 1726 497 ergo
1738 461 1749 487 ?
1763 467 1794 489 tu
1806 461 1971 499 Epicurum
1983 459 2140 491 existima·
2157 461 2204 488 20

1185 493 1233 524 bas
1243 494 1297 525 ista
1306 495 1434 526 voluiss'e
1443 516 1450 529 ‚
1462 506 1510 527 aut
1521 496 1697 528 libidinosas
1707 500 1770 538 ejus
1780 499 1867 530 fuiffe
1878 501 2059 532 sententias?
2073 505 2097 533 Ε
2117 512 2140 534 ο

1182 535 1253 565 vero
1265 537 1406 567 minime.
1429 538 1519 568 video
1530 540 1613 569 enirn
1624 540 1660 570 ab
1672 550 1707 570 eo
1719 540 1779 572 dici
1797 543 1893 572 multa
1905 543 2003 573 severe
2014 562 2023 577 ‚
2046 513 2143 575 multa

1182 578 1326 616 praeclare.
1349 581 1450 618 Itaque
1463 599 1472 612 ‚
1495 589 1527 610 ut
1545 580 1618 620 saepe
1638 581 1721 616 dixi,
1744 583 1779 612 de
1795 585 1933 614 acumine
1952 585 2047 625 agitur
2062 586 2142 626 ejus,

1183 628 1247 648 non
1267 619 1304 649 de
1321 621 1457 650 moribus
1473 641 1480 654 ‚
1503 625 1642 661 quamvis
1662 625 1774 663 spernat
1794 625 1959 665 voluptates
1976 636 2043 659 eas,
2065 636 2141 667 quaa

1183 659 1278 706 modo
1298 661 1442 691 laudavit:
1466 672 1519 702 ego
1536 672 1635 693 tamen
1650 668 1838 699 meminero,
1858 667 1941 707 quod
1959 667 2094 698 videatur
2110 671 2140 698 ei

1183 705 1341 732 iummum
1359 702 1486 732 bonum·
1510 713 1573 733 non
1591 707 1674 735 enim
1696 707 1788 737 verbo
1812 708 1912 739 solum
1930 709 2030 748 posuit
2048 709 2138 740 volu-

1181 752 1292 782 ptatem
1303 764 1312 777 ‚
1333 744 1383 774 sed
1393 745 1565 784 explanavit
1573 746 1645 786 quid
1656 747 1774 778 diceret.
1796 750 1926 790 Saporem
1938 771 1946 781 .
1967 752 2085 790 inquit,
2102 751 2138 783 ά-

1181 793 1322 826 corporum
1335 786 1508 827 complexum
1518 786 1552 818 &-
1562 787 1655 821 ludos,
1674 796 1762 829 atque
1778 799 1876 819 cantus
1886 812 1894 825 ‚
1915 792 1950 824 &r
1958 792 2068 830 formas
2081 802 2139 826 eac.

1182 826 1286 867 quibu
1294 828 1368 856 oculi
1372 828 1495 867 jucunde
1505 837 1680 858 moveantur.
1695 833 1780 861 Num
1793 831 1874 873 fingo
1885 836 1894 861 ?
1904 843 1980 863 num
1991 826 2146 864 mentior?

1181 871 1271 908 cupio
1288 869 1394 899 refelli.
1417 869 1491 910 quid
1504 872 1590 900 enim
1604 871 1708 901 laboro
1720 892 1728 905 ,
1749 872 1805 902 nisl
1826 883 1855 904 uc
1872 877 1978 905 veritas
1996 878 2028 905 in
2048 876 2145 913 omni,

1182 909 1347 950 quaestione
1357 912 1521 951 explicetur
1533 915 1545 940 ἒ
1567 915 1606 942 At
1615 912 1697 943 idem
1708 915 1747 944 ait
1757 934 1766 948 ‚
1787 924 1851 944 non
1860 917 1988 946 cresccre
1999 917 2140 958 volupta-

1182 961 1243 982 tem
1255 953 1360 983 dolore
1369 952 1519 983 detracto:
1536 954 1746 995 summamque
1756 956 1953 996 voluptatem,
1965 959 2042 988 nihil
2052 958 2142 989 dole-

1182 1003 1223 1024 re.
1247 997 1348 1025 Paucis
1360 995 1457 1025 verbis
1467 997 1521 1024 tria
1532 1005 1781 1036 magnapeccata:
1805 1008 1900 1028 unum
1913 1018 1921 1032 ‚
1941 998 2022 1040 quod
2035 1001 2135 1031 secum

1180 1035 1242 1075 ipse
1252 1046 1372 1077 pugnat.
1387 1036 1482 1067 modo
1493 1039 1588 1070 enim,
1598 1047 1636 1067 ne
1648 1039 1783 1078 suspicari
1796 1039 1920 1080 quidem
1932 1041 1960 1071 se
1970 1041 2136 1082 quidquam

1181 1077 1315 1112 bonum,
1339 1077 1394 1108 nisi
1406 1079 1503 1109 sensus
1512 1077 1591 1118 quasi
1602 1079 1792 1110 titillarentur
1803 1082 1970 1122 voluptate:
1991 1092 2071 1114 nunc
2085 1093 2140 1114 au-

1180 1129 1241 1149 tem
1255 1140 1263 1153 ‚
1282 1121 1435 1150 summam
1453 1121 1639 1160 voluptatem
1659 1120 1734 1156 ess'e,
1756 1123 1860 1153 dolore
1870 1133 1976 1154 carere.
1998 1123 2136 1164 porcstne

1181 1163 1275 1202 magis
1285 1162 1385 1192 secum
1395 1162 1457 1203 ipse
1466 1167 1615 1202 pugnare?
1630 1162 1755 1194 alterurn
1766 1174 1917 1204 peccatum
1931 1185 1940 1199 ‚
1949 1165 2031 1206 quod
2043 1185 2051 1199 .
2062 1176 2136 1197 cum

1179 1205 1210 1233 in
1231 1213 1335 1234 natura
1351 1206 1404 1234 tria
1423 1202 1480 1234 sint
1496 1215 1501 1233 ;
1525 1213 1640 1238 unum,
1660 1205 1786 1246 gaudere
1805 1217 1810 1235 ε
1840 1207 1967 1237 alterum
1979 1227 1988 1242 ,
2012 1207 2134 1238 dolere:

1178 1247 1298 1275 tertium
1309 1265 1318 1279 ,
1329 1255 1385 1276 nec
1394 1245 1535 1287 gaudere,
1552 1256 1606 1276 nec
1616 1246 1732 1277 dolere:
1745 1249 1794 1278 hic
1803 1251 1936 1288 primum
1947 1269 1957 1283 ,
1968 1250 2136 1280 &tertium

1177 1295 1258 1327 putat
1267 1286 1349 1317 idem
1362 1287 1419 1318 esse
1431 1307 1440 1321 ,
1456 1298 1511 1318 nec
1520 1287 1678 1329 distinguit
1687 1288 1702 1319 a
1711 1299 1775 1319 non
1785 1290 1918 1321 dolendo
1927 1291 2114 1331 voluptatem
2122 1314 2129 1320 .

1178 1331 1298 1359 tertium
1310 1339 1462 1368 peccatum
1473 1339 1639 1359 commune
1650 1340 1718 1360 cum
1729 1331 1907 1372 quibusdam
1916 1352 1930 1366 ,
1944 1330 2027 1373 quod
2038 1352 2047 1366 ,
2058 1332 2133 1363 cum

1177 1371 1272 1399 virtus
1290 1371 1416 1400 maxime
1432 1378 1599 1412 expetatur,
1620 1372 1733 1413 ejusque
1750 1373 1926 1412 adipiscenda
1942 1375 2025 1414 cause
2043 1374 2137 1415 phi-lo-

1170 1412 1268 1452 sbphia
1287 1412 1400 1454 quesita
1411 1413 1450 1454 sit
1461 1433 1469 1446 ‚
1489 1413 1540 1443 ille
1558 1413 1574 1443 a
1591 1415 1700 1443 virtute
1713 1415 1872 1445 summum
1888 1416 2004 1446 bonum
2019 1416 2133 1456 separa·

1176 1456 1229 1483 vit.
1252 1456 1292 1484 At
1310 1454 1425 1488 laudat,
1445 1455 1478 1485 δε
1498 1455 1590 1494 saepe,
1614 1457 1767 1485 virtutem.
1792 1459 1830 1487 Et
1846 1457 1970 1497 quidem
1991 1459 2132 1489 C-Grac—

1174 1496 1247 1525 chus
1258 1515 1266 1528 ‚
1285 1493 1357 1526 cum
1368 1497 1541 1537 largitiones
1549 1499 1702 1526 maximas
1712 1496 1842 1531 fecisset,
1855 1499 1888 1528 &
1899 1497 2132 1530 effudissetaei'a-

1174 1538 1253 1566 rium
1276 1556 1286 1570 ,
1312 1537 1412 1567 verbis
1432 1546 1533 1568 tamen
1551 1536 1730 1568 defendebat
1747 1539 1894 1569 aerarium.
1939 1539 2022 1580 Qid
2042 1541 2132 1572 verba

1173 1577 1291 1607 audiam
1303 1597 1311 1611 ‚
1330 1578 1404 1608 cum
1414 1577 1490 1608 faeta
1499 1578 1616 1608 videam
1629 1581 1640 1608 ?
1662 1580 1729 1609 Piso
1739 1580 1791 1608 ille
1802 1581 1910 1620 Frugi,
1932 1580 2048 1620 semper
2056 1591 2133 1611 con-

1172 1627 1214 1649 tra
1222 1619 1319 1659 legem
1329 1618 1557 1649 frumentariam
1569 1619 1692 1650 dixerat.
1716 1622 1740 1650 is
1751 1620 1814 1661 lege
1824 1621 1882 1650 lata
1890 1640 1899 1654 ‚
1914 1622 2080 1652 consularis
2092 1622 2130 1654 ad.

1170 1659 1360 1691 frumentum
1370 1660 1578 1701 accipiendum
1593 1669 1722 1691 venerat.
1747 1662 1960 1693 animadvertit
1971 1664 2125 1694 Gracchus

1172 1704 1205 1732 in
1213 1704 1362 1733 concione
1373 1702 1513 1733 Pisonem
1524 1701 1660 1733 stantem.
1683 1706 1789 1744 quaerit
1797 1703 1936 1734 audiente
1947 1714 2019 1745 pop.
2029 1707 2128 1736 Rom.

1169 1742 1223 1784 qui
1244 1743 1297 1774 sibi
1312 1743 1445 1778 constet,
1477 1743 1551 1775 cum
1566 1754 1600 1775 ea
1616 1744 1680 1785 lege
1700 1745 1889 1776 frumentum
1910 1755 2009 1786 petat,
2035 1757 2130 1788 quam

1168 1784 1348 1816 dissuaserat.
1362 1790 1371 1805 ¹
1379 1789 1392 1814 3
1402 1786 1628 1826 Nolim‚inquit,
1639 1796 1700 1815 mea
1708 1786 1788 1820 bona,
1799 1787 1931 1821 Gracche,
1943 1786 1999 1816 ribi
2010 1790 2129 1819 viritim

1166 1827 1293 1856 dividere
1302 1827 1391 1856 libeat
1399 1838 1411 1855 :
1418 1827 1592 1868 ftdfifaciu
1602 1847 1611 1861 ,
1626 1835 1737 1870 partem
1744 1835 1851 1869 petam.
1873 1831 2021 1860 Parumne
2030 1829 2132 1862 decla-

1167 1870 1244 1898 ravit
1262 1870 1305 1898 vir
1315 1871 1410 1910 gravis
1419 1889 1428 1903 ‚
1449 1870 1604 1908 &sapiens
1615 1890 1624 1902 ,
1643 1870 1707 1910 lege
1715 1871 1893 1909 Sempronia
1902 1872 2138 1911 patrimonium⁴

1167 1909 1325 1949 publicum
1342 1908 1471 1950 disfipari
1490 1912 1502 1939 ?
1531 1911 1610 1950 Lege
1623 1913 1774 1941 orationes
1791 1913 1932 1942 Gracchi:
1965 1921 2131 1952 patronum

1169 1952 1263 1980 aerarii
1280 1949 1339 1981 esse
1359 1951 1450 1982 dices.
1473 1953 1570 1991 Negat
1583 1954 1726 1992 Epicurus
1732 1952 1866 1992 jucunde
1874 1951 1956 1993 poss‘e
1965 1956 2028 1985 vivi
2040 1974 2049 1989 ‚
2070 1954 2128 1986 nifi

1169 2003 1238 2022 cum
1249 1994 1358 2024 virtute
1370 1996 1497 2023 vivatur.
1521 2002 1608 2033 negat
1626 1995 1714 2023 uuam
1732 1994 1761 2023 in
1777 1995 1932 2036 sapientem
1941 1996 2004 2025 vim
2012 1996 2133 2036 fffor-

1170 2041 1261 2063 tuna:
1283 2044 1404 2065 tenuem
1424 2034 1540 2066 vietum
1558 2034 1685 2066 antefert
1700 2037 1843 2076 copioso:
1862 2038 2056 2078 negatullum
2070 2037 2132 2070 esse

1169 2085 1288 2117 tempus
1299 2096 1308 2110 ‚
1329 2087 1389 2117 quo
1400 2077 1514 2117 sapiens
1524 2087 1587 2108 non
1597 2077 1698 2107 beatus
1711 2076 1753 2107 sit.
1776 2080 1882 2108 omnia
1889 2079 2070 2120 philosopho
2080 2080 2130 2112 di-

1168 2127 1246 2159 gna,
1264 2118 1313 2148 sed
1331 2128 1402 2148 cum
1421 2119 1571 2159 voluptate
1589 2121 1760 2160 pugnantia.
1784 2121 1858 2150 Non
1878 2119 1965 2150 istam
1984 2121 2056 2153 dicit
2068 2131 2127 2153 vo-

1170 2161 1324 2199 luptatem.
1347 2160 1619 2201 Dicatquatnlibet.
1644 2170 1754 2200 nempe
1764 2170 1831 2191 eam
1841 2160 1933 2195 dicit,
1953 2164 1986 2192 in
1998 2172 2056 2205 qua
2063 2172 2127 2198 vir-

1168 2203 1240 2233 tutis
1248 2201 1332 2232 nulla
1339 2211 1405 2242 pars
1413 2201 1491 2233 insit.
1515 2202 1579 2244 Age
1590 2221 1599 2238 ‚
1610 2201 1631 2232 fi
1640 2203 1826 2244 voluptatem
1835 2212 1901 2234 non
1909 2204 2124 2246 intelligimus,

2082 2257 2124 2277 ne

205 2336 215 2355 ι
223 2347 229 2354 .
248 2329 357 2361 Reftrnu·
365 2327 394 2358 dt·
401 2326 481 2351 verbis
491 2327 644 2360 &sententin's
653 2326 769 2360 talibus-Q
792 2327 833 2352 lta
842 2325 960 2361 quinque
979 2325 1047 2352 Pali.
1060 2327 1081 2353 F
1083 2325 1125 2352 ab¹
1143 2346 1147 2366 ,

165 2363 253 2390 Vatic.
265 2363 307 2389 vul
330 2364 346 2389 ὀ
359 2373 365 2389 ;
388 2363 489 2396 refertus·
498 2364 527 2393 ὼ·
539 2362 661 2397 sententiis
672 2362 788 2393 &verbis
798 2363 889 2388 talibus
897 2364 942 2388 etr.
966 2361 1048 2389 Delet
1058 2371 1126 2398 quo-

168 2409 177 2423 ι
189 2408 220 2425 ue
230 2408 241 2424 e
270 2399 303 2425 Vi
335 2407 376 2425 or.

176 2408 185 2434 1
204 2400 368 2469 2.stHydrauli
375 2428 533 2460 hortabereui
551 2434 713 2461 audiatvoees
727 2434 834 2469 potina]
855 2434 965 2460 Secutus
972 2432 1030 2460 ‘sum
1042 2433 1124 2468 majo-

165 2478 221 2498 rem
233 2477 335 2505 partem
347 2470 412 2496 hanc
423 2469 577 2506 scripturam
594 2469 793 2505 agnoscentium
807 2481 812 2496 :
835 2471 872 2496 ita
884 2478 938 2496 vet.
957 2469 1040 2496 codex
1065 2470 1124 2497 mss.

163 2505 285 2533 Suffridi.
296 2505 409 2542 Gryphii
420 2505 497 2532 liber.
509 2507 567 2533 Pal.
578 2514 643 2532 tert.
662 2505 733 2532 Pith.
745 2506 905 2532 ΗΥΔΡΑΛῘ
917 2514 1006 2541 quart.
1017 2508 1124 2539 hyarali.

162 2543 252 2578 quint.
265 2542 403 2578 ΗΥΔςιω.
415 2542 500 2569 Vatic.
509 2543 640 2577 hydraulis.
651 2541 746 2569 Lamb.
757 2542 890 2576 hydraulei.
899 2542 1122 2578 νίἃΧδςωύλεως.

165 2578 210 2604 νυ]
237 2599 242 2604 .
254 2579 354 2605 Αὐλῶν.

201 2587 232 2649 ξ
250 2614 357 2646 Etserris
375 2614 482 2640 redimiri
490 2613 610 2648 jubebis]
629 2612 722 2640 Placet
733 2611 790 2640 mss.
809 2613 892 2640 1εᾶἰο
901 2613 968 2641 Pau.
980 2621 1120 2650 pr.quart.

161 2649 236 2712 gith.
246 2650 348 2682 videbie,
359 2658 423 2677 noto
434 2649 587 2677 hellenismo
599 2661 604 2677 :
626 2659 685 2677 nam
699 2649 822 2676 videntur
832 2649 886 2676 liaec
896 2659 928 2677 ex
940 2654 1019 2686 poeta
1030 2657 1121 2677 vetere

183 2695 214 2712 uc
223 2686 329 2712 inserta.

175 2718 179 2724 ⁵
197 2728 226 2755 4.
244 2725 270 2747 Si
286 2722 343 2747 verb
360 2722 455 2755 aliquid
476 2722 572 2756 eriam]
593 2721 748 2749 Nonlaudo
758 2721 830 2748 Pith.
842 2721 901 2749 cod.
922 2722 1118 2749 mutationem:

158 2760 232 2784 etiam
240 2758 343 2792 aliquid.
362 2757 480 2786 nostrum
493 2757 695 2785 venustiffimum
706 2759 752 2785 est.
767 2758 855 2784 Plaut.
866 2758 979 2785 Trucul.
997 2767 1064 2785 mane
1065 2759 1120 2792 jam
1136 2767 1137 2791 ;

223 2795 257 2820 ast
273 2794 325 2820 uid.

161 2795 229 2862 fic}-
247 2805 329 2863 Zapsa
337 2831 442 2864 jbrtunae
459 2829 579 2864 aecidat]
600 2830 643 2856 Sic
658 2849 666 2862 ‚
685 2838 737 2857 non
751 2829 860 2862 occidat,
881 2836 911 2857 ut
925 2829 1006 2865 vulgo
1024 2829 1122 2856 habent

166 2862 236 2892 Pau.
245 2872 311 2893 tert.
321 2873 409 2902 quart.
420 2867 500 2893 Fabr.
513 2866 599 2892 Vatic.
611 2865 694 2893 editio
704 2865 809 2892 Vicior.

199 2900 229 2926 6.
247 2901 396 2934 Qunam
405 2904 495 2928 auxilio
505 2909 549 2928 aut
558 2903 645 2936 fuga]
669 2902 747 2929 Fabr.
759 2901 828 2928 Pau.
847 2899 1042 2937 pi·in1.secund.
1053 2907 1118 2928 tert.

163 2935 253 2971 quint.
263 2939 351 2965 auxilio
360 2939 442 2971 exfilii.
453 2938 522 2964 unde
533 2937 655 2964 Schottus
666 2937 715 2964 lib.
726 2947 753 2964 2.
765 2936 909 2964 N0‹¹0mm
919 2946 946 2963 ca
969 2957 975 2962 .
987 2945 1034 2963 22.
1047 2946 1120 2971 quotve

162 2980 228 2997 nunc
236 2972 309 3007 exsilio
317 2979 359 2998 aut
370 2973 433 3006 ficgd
442 2975 508 3008 fieta
518 2975 579 3008 fim:
599 2973 639 3000 vel
650 2974 737 3010 potius
750 2993 758 3006 ‚
768 2973 817 3007 qua*
826 2982 888 2999 nunc
896 2946 970 3007 exfiss'
979 2974 1042 3008 fiega
1052 2974 1119 3007 freta

155 3007 213 3041 fim.
233 3006 299 3033 illud
310 3009 382 3041 exfilii
390 3008 425 3035 cst
435 3014 451 3036 a
462 3009 529 3036 male
539 3009 651 3046 prodigi
662 3017 750 3036 mente
761 3019 789 3034 :ic
799 3019 887 3035 manu.

198 3049 227 3076 7.
245 3043 301 3075 ‘roste'
309 3045 424 3075 altistant
437 3046 569 3080 parmen]
590 3047 634 3072 Sic
644 3045 747 3072 ViCtor.
758 3045 817 3072 Pal.
837 3045 925 3082 quint.
935 3050 1021 3071 tamen
1033 3044 1119 3072 Vatic.

161 3077 192 3110 ὀ·
201 3079 252 3110 tosti
260 3079 313 3104 alli.
328 3077 406 3105 Fabr.
416 3082 459 3105 tou·
468 3082 521 3106 alii.
532 3081 603 3108 Pith.
617 3083 670 3115 usti
682 3084 737 3108 alif.

184 3113 223 3154 ¹8.
243 3114 312 3140 sertis
320 3111 532 3149 quifiquamur]
552 3117 597 3143 Sic
604 3117 775 3152 Ἧᾶοήωα,
786 3116 844 3146 Pal.
856 3123 921 3146 tert.
931 3124 1020 3153 quart.
1030 3117 1117 3154 quint.

157 3148 233 3181 Pith.
242 3149 329 3180 Vatic.
341 3150 471 3185 aliasfflrie
480 3151 584 3187 quasiq-

1199 2334 1228 2361 9.
1247 2330 1376 2359 Repentina
1391 2329 1470 2358 &nec
1477 2328 1602 2362 opinata]
1622 2328 1664 2354 Ut
1674 2327 1749 2364 supra
1762 2347 1770 2359 ,
1780 2327 1817 2354 ita
1827 2328 1869 2354 hic
1878 2336 1984 2364 quoque
1995 2328 2066 2355 locus
2078 2338 2123 2355 re-

1163 2361 1294 2389 formatus
1312 2363 1349 2390 est
1367 2364 1382 2389 a
1394 2364 1544 2394 Lambino;
1563 2364 1604 2390 cui
1623 2362 1717 2391 adsunt
1734 2364 1851 2400 quinque
1861 2364 1931 2391 Pau.
1950 2363 2029 2392 Fabr.
2047 2363 2123 2393 Pith.

1164 2397 1237 2426 Visst.
1248 2399 1277 2425 &
1287 2399 1373 2425 Vatic.
1385 2402 1507 2431 repemina
1517 2409 1556 2425 nec
1565 2402 1673 2433 opinata.

1203 2443 1244 2461 10.
1263 2435 1392 2469 Hedrycum
1402 2436 1556 2461 incendamus
1566 2447 1573 2461 .·
1581 2436 1661 2461 demus
1663 2435 1822 2470 scultellam]
1844 2435 1990 2463 Institimus
2002 2435 2126 2464 Victorii·

1160 2469 1273 2497 editioni
1285 2480 1294 2500 ς
1315 2479 1392 2506 quam
1410 2471 1564 2508 comprobat
1575 2472 1630 2497 Pal.
1643 2481 1684 2508 pr.
1703 2472 1850 2498 adducamus
1859 2487 1915 2493 ----
1925 2472 2027 2498 edricum
2035 2475 2121 2498 incen-

1159 2507 1255 2538 damus,
1266 2508 1480 2541 demusfiurtllam.
1490 2506 1596 2534 secund.
1603 2507 1684 2533 demus
1691 2508 1831 2537 hedirirum,
1842 2508 2120 2541 incendammftmellam

1159 2543 1284 2570 dulceriole
1289 2550 1339 2576 pot.
1351 2550 1415 2570 tert.
1426 2544 1524 2569 daemm
1531 2544 1662 2577 hedrycum,
1672 2544 1961 2577 incendammscuteuam.
1971 2551 2060 2580 quart.
2071 2544 2121 2570 da·-

1155 2587 1208 2604 mue
1216 2579 1324 2610 hedi-um,
1332 2579 1426 2605 intend,
1438 2580 1530 2615 vulgo,
1541 2579 1634 2605 cedrum
1644 2580 1807 2605 incendamm.

1195 2623 1204 2641 ι
1214 2623 1222 2640 ι
1231 2635 1237 2641 .
1255 2615 1360 2648 Aliquid
1367 2616 1495 2641 videamus
1507 2615 1616 2649 &cibffl
1637 2614 1795 2641 Refflffime
1807 2615 1839 2641 fic
1848 2614 1952 2642 Victor.
1962 2624 2021 2642 cum
2035 2616 2121 2643 Lam·

1155 2649 1218 2676 bino
1231 2669 1239 2682 ,
1250 2650 1314 2677 item
1326 2650 1393 2676 Pall.
1406 2657 1492 2686 quart.
1505 2651 1592 2686 quint.
1603 2650 1681 2677 Fabr.
1698 2651 1770 2677 Pith.
1781 2651 1867 2678 Vatic.
1876 2651 2118 2684 aliasprovideamue

1156 2686 1257 2722 inepte.
1277 2686 1320 2712 Sic
1330 2688 1442 2712 Terent.
1462 2686 1649 2713 Heautontim.
1679 2689 1768 2713 Lenius
1776 2690 1861 2713 vinum
1878 2687 1971 2713 videre.
1992 2688 2117 2724 exempla

1155 2722 1231 2758 plura
1249 2730 1386 2749 coacervat
1404 2721 1529 2750 Gifanius
1556 2722 1584 2749 in
1602 2721 1837 2750 observationibus
1857 2723 1970 2759 Linguae
1989 2724 2116 2756 Lati1123

1157 2767 1216 2794 quae
1228 2758 1378 2784 videantur.

1197 2803 1239 2820 η.
1260 2798 1294 2819 Ne
1303 2795 1426 2828 intelligere
1442 2801 1464 2819 te
1475 2795 1568 2829 quidem
1578 2796 1629 2821 alia
1647 2796 1695 2821 uua
1713 2795 1870 2830 dicebamus]
1892 2794 2006 2822 Reffius
2025 2795 2063 2823 ita
2079 2803 2116 2823 ex

1157 2829 1237 2856 Fabr.
1251 2831 1279 2855 &
1291 2831 1376 2856 vatic.
1387 2839 1468 2866 quam
1487 2838 1517 2858 ut
1534 2840 1592 2858 cum
1613 2830 1716 2858 fastidio
1735 2832 1848 2858 iteretur
1865 2833 1934 2858 bona.
1953 2831 2020 2859 alias
2038 2831 2115 2860 estin

1158 2865 1225 2892 Pau.
1235 2865 1285 2892 sec.
1297 2873 1361 2892 tcrt.
1372 2873 1462 2902 quart.
1473 2868 1560 2898 multa,
1571 2875 1599 2893 ut
1611 2867 1676 2893 &in
1688 2867 1760 2893 l’itli.

1196 2910 1225 2938 13
1233 2922 1238 2928 .
1257 2904 1345 2934 Nolim,
1353 2905 1433 2936 inquit
1446 2922 1454 2933 ‚
1463 2912 1514 2928 mea
1523 2903 1593 2933 bona,
1604 2905 1708 2929 Grai-che
1721 2923 1729 2935 ,
1739 2905 1783 2930 ribi
1791 2906 1888 2929 viritim
1899 2904 2004 2930 dividere
2011 2904 2112 2940 liberm]

1157 2938 1200 2964 Sic
1217 2937 1252 2964 est
1269 2939 1296 2964 in
1309 2937 1400 2964 multis
1420 2937 1476 2965 mss.
1495 2938 1605 2964 Suffridi
1618 2958 1626 2970 ,
1645 2945 1675 2966 ut
1694 2947 1769 2966 notat
1779 2940 1962 2970 Gulielmium
1980 2939 2013 2966 fic
2032 2940 2112 2967 Fabr.

1157 2973 1229 3000 Pith.
1250 2973 1316 3000 Pau.
1337 2981 1447 3009 quai-tus
1465 2983 1496 3000 ac
1509 2975 1630 3001 Vatican.
1649 2975 1732 3011 vulgo
1743 2977 1823 3002 liccat.
1842 2976 1868 3002 in
1882 2976 2020 3003 pithoeano
2029 2977 2112 3012 porro

1156 3009 1192 3036 est
1205 3028 1212 3039 ,
1231 3011 1303 3035 libeat
1320 3010 1436 3036 dividere.
1464 3009 1560 3037 Libeat
1578 3011 1657 3038 etiam
1677 3011 1839 3038 considerare
1857 3011 2011 3047 scripturam
2032 3011 2112 3039 Fabr.

1156 3047 1232 3071 Nolim
1244 3065 1252 3077 ,
1269 3048 1347 3079 inquit
1360 3065 1368 3077 ‚
1387 3048 1441 3072 bone
1451 3048 1555 3072 Gracche
1566 3065 1574 3079 ,
1594 3049 1639 3073 tihi
1655 3050 1749 3072 viritim
1766 3047 1870 3073 dividere
1886 3050 1968 3074 libeat.
1988 3056 2045 3083 quae
2055 3047 2114 3075 abs-

1157 3090 1206 3117 que
1225 3081 1326 3114 dubio,
1345 3089 1389 3108 aut
1402 3091 1461 3108 vera
1473 3101 1481 3113 ‚
1500 3090 1545 3109 aut
1564 3091 1628 3109 vero
1639 3083 1760 3119 proxima
1778 3083 1825 3110 cst.
1845 3084 1941 3110 Ferme⁷
1960 3083 1992 3110 fic
2002 3084 2028 3110 in
2039 3085 2114 3119 Gry-

1156 3117 1209 3152 phii
1220 3117 1307 3147 libro:
1331 3120 1415 3155 Qlim
1425 3138 1435 3154 ‚
1453 3121 1532 3153 inquit
1543 3137 1552 3151 ,
1569 3127 1621 3146 mea
1632 3139 1641 3153 ,
1658 3121 1713 3147 hone
1722 3121 1825 3147 Gracchc
1835 3121 1879 3148 n'bi
1895 3122 1993 3147 vlre'tim
2010 3119 2116 3145 dividere

1154 3155 1236 3183 libeat.

1446 3189 1619 3221 Xxxxxx
1970 3192 2104 3219 namin·
