<?xml version="1.0" encoding="UTF-8"?>
<!DOCTYPE html PUBLIC "-//W3C//DTD XHTML 1.0 Transitional//EN"
    "http://www.w3.org/TR/xhtml1/DTD/xhtml1-transitional.dtd">
<html xmlns="http://www.w3.org/1999/xhtml" xml:lang="en" lang="en">
 <head>
  <title>
</title>
<meta http-equiv="Content-Type" content="text/html;charset=utf-8" />
  <meta name='ocr-system' content='tesseract 3.04.00' />
  <meta name='ocr-capabilities' content='ocr_page ocr_carea ocr_par ocr_line ocrx_word'/>
</head>
<body>
  <div class='ocr_page' id='page_1' title='image "./mtuliiciceroniso00cice_0073.png"; bbox 0 0 2302 3353; ppageno 0'>
   <div class='ocr_carea' id='block_1_1' title="bbox 60 862 1081 908">
    <p class='ocr_par' dir='ltr' id='par_1_1' title="bbox 60 862 1081 908">
     <span class='ocr_line' id='line_1_1' title="bbox 60 862 1081 908; baseline -0.002 -14"><span class='ocrx_word' id='word_1_1' title='bbox 60 877 73 902; x_wconf 64' lang='grc' dir='ltr'>χ</span> <span class='ocrx_word' id='word_1_2' title='bbox 81 877 101 908; x_wconf 89' lang='lat'><em>5</em></span> <span class='ocrx_word' id='word_1_3' title='bbox 119 870 133 894; x_wconf 82' lang='lat'>3</span> <span class='ocrx_word' id='word_1_4' title='bbox 147 867 222 897; x_wconf 90' lang='lat' dir='ltr'>&amp;in</span> <span class='ocrx_word' id='word_1_5' title='bbox 236 864 393 896; x_wconf 85' lang='lat' dir='ltr'>confilium</span> <span class='ocrx_word' id='word_1_6' title='bbox 402 865 466 895; x_wconf 84' lang='lat' dir='ltr'>talis</span> <span class='ocrx_word' id='word_1_7' title='bbox 477 865 559 895; x_wconf 86' lang='lat' dir='ltr'>causa</span> <span class='ocrx_word' id='word_1_8' title='bbox 576 863 674 904; x_wconf 80' lang='lat' dir='ltr'>potest</span> <span class='ocrx_word' id='word_1_9' title='bbox 692 865 805 893; x_wconf 81' lang='lat' dir='ltr'>venire.</span> <span class='ocrx_word' id='word_1_10' title='bbox 850 866 897 893; x_wconf 84' lang='lat' dir='ltr'>Ex</span> <span class='ocrx_word' id='word_1_11' title='bbox 916 862 1081 893; x_wconf 79' lang='lat' dir='ltr'>transsatio-</span> 
     </span>
    </p>
   </div>
   <div class='ocr_carea' id='block_1_2' title="bbox 61 1654 1084 1698">
    <p class='ocr_par' dir='ltr' id='par_1_2' title="bbox 61 1654 1084 1698">
     <span class='ocr_line' id='line_1_2' title="bbox 61 1654 1084 1698; baseline -0.003 -11"><span class='ocrx_word' id='word_1_12' title='bbox 61 1660 102 1692; x_wconf 87' lang='lat'>16</span> <span class='ocrx_word' id='word_1_13' title='bbox 120 1656 227 1698; x_wconf 81' lang='lat' dir='ltr'>liquit:</span> <span class='ocrx_word' id='word_1_14' title='bbox 249 1654 393 1687; x_wconf 82' lang='lat' dir='ltr'>arccffitur</span> <span class='ocrx_word' id='word_1_15' title='bbox 411 1656 582 1696; x_wconf 86' lang='lat' dir='ltr'>majestatis.</span> <span class='ocrx_word' id='word_1_16' title='bbox 618 1659 694 1698; x_wconf 77' lang='lat' dir='ltr'>Qiae</span> <span class='ocrx_word' id='word_1_17' title='bbox 703 1655 951 1689; x_wconf 88' lang='lat' dir='ltr'>constitutiones,</span> <span class='ocrx_word' id='word_1_18' title='bbox 977 1656 1084 1697; x_wconf 86' lang='lat' dir='ltr'>&amp;quae</span> 
     </span>
    </p>
   </div>
   <div class='ocr_carea' id='block_1_3' title="bbox 572 109 1642 168">
    <p class='ocr_par' dir='ltr' id='par_1_3' title="bbox 572 109 1642 168">
     <span class='ocr_line' id='line_1_3' title="bbox 572 109 1642 168; baseline -0.006 -7"><span class='ocrx_word' id='word_1_19' title='bbox 572 116 668 161; x_wconf 72' lang='lat' dir='ltr'>vAn</span> <span class='ocrx_word' id='word_1_20' title='bbox 702 114 1122 168; x_wconf 74' lang='lat' dir='ltr'>HEREuniuM,</span> <span class='ocrx_word' id='word_1_21' title='bbox 1159 114 1355 160; x_wconf 77' lang='lat' dir='ltr'>LrnER</span> <span class='ocrx_word' id='word_1_22' title='bbox 1387 109 1642 156; x_wconf 65' lang='lat' dir='ltr'>PRIMUS.</span> 
     </span>
    </p>
   </div>
   <div class='ocr_carea' id='block_1_4' title="bbox 114 193 1107 864">
    <p class='ocr_par' dir='ltr' id='par_1_4' title="bbox 114 193 1107 864">
     <span class='ocr_line' id='line_1_4' title="bbox 118 193 1107 241; baseline -0.005 -8"><span class='ocrx_word' id='word_1_23' title='bbox 118 201 264 234; x_wconf 82' lang='lat' dir='ltr'>dividitur</span> <span class='ocrx_word' id='word_1_24' title='bbox 273 201 305 231; x_wconf 86' lang='lat' dir='ltr'>in</span> <span class='ocrx_word' id='word_1_25' title='bbox 313 200 520 241; x_wconf 73' lang='lat' dir='ltr'>purgationem</span> <span class='ocrx_word' id='word_1_26' title='bbox 532 219 542 233; x_wconf 91' lang='lat'>,</span> <span class='ocrx_word' id='word_1_27' title='bbox 563 199 596 229; x_wconf 77' lang='grc' dir='ltr'>δε</span> <span class='ocrx_word' id='word_1_28' title='bbox 608 193 860 238; x_wconf 79' lang='lat' dir='ltr'>depreca‘tionern.</span> <span class='ocrx_word' id='word_1_29' title='bbox 884 199 1019 238; x_wconf 75' lang='lat' dir='ltr'>Purgatio</span> <span class='ocrx_word' id='word_1_30' title='bbox 1028 198 1081 232; x_wconf 87' lang='lat' dir='ltr'>est,</span> <span class='ocrx_word' id='word_1_31' title='bbox 1106 199 1107 234; x_wconf 58' lang='grc'>1</span> 
     </span>
     <span class='ocr_line' id='line_1_5' title="bbox 118 238 1107 283; baseline -0.004 -9"><span class='ocrx_word' id='word_1_32' title='bbox 118 243 190 275; x_wconf 78' lang='lat' dir='ltr'>cum</span> <span class='ocrx_word' id='word_1_33' title='bbox 210 241 348 273; x_wconf 68' lang='lat' dir='ltr'>consulto</span> <span class='ocrx_word' id='word_1_34' title='bbox 369 242 397 272; x_wconf 83' lang='lat' dir='ltr'>se</span> <span class='ocrx_word' id='word_1_35' title='bbox 415 250 502 283; x_wconf 85' lang='lat' dir='ltr'>negat</span> <span class='ocrx_word' id='word_1_36' title='bbox 522 250 588 270; x_wconf 87' lang='lat' dir='ltr'>reus</span> <span class='ocrx_word' id='word_1_37' title='bbox 600 238 713 270; x_wconf 76' lang='lat' dir='ltr'>fecisse.</span> <span class='ocrx_word' id='word_1_38' title='bbox 737 241 778 269; x_wconf 90' lang='lat' dir='ltr'>Ea</span> <span class='ocrx_word' id='word_1_39' title='bbox 787 238 932 269; x_wconf 87' lang='lat' dir='ltr'>dividitur</span> <span class='ocrx_word' id='word_1_40' title='bbox 942 241 975 268; x_wconf 88' lang='lat' dir='ltr'>in</span> <span class='ocrx_word' id='word_1_41' title='bbox 984 238 1082 269; x_wconf 82' lang='lat' dir='ltr'>fortu-</span> <span class='ocrx_word' id='word_1_42' title='bbox 1105 243 1107 270; x_wconf 59' lang='grc'>1</span> 
     </span>
     <span class='ocr_line' id='line_1_6' title="bbox 116 279 1106 323; baseline -0.005 -8"><span class='ocrx_word' id='word_1_43' title='bbox 116 295 199 319; x_wconf 77' lang='lat' dir='ltr'>nam,</span> <span class='ocrx_word' id='word_1_44' title='bbox 211 283 453 323; x_wconf 78' lang='lat' dir='ltr'>imprudentiam,</span> <span class='ocrx_word' id='word_1_45' title='bbox 467 279 676 312; x_wconf 77' lang='lat' dir='ltr'>necessitatem.</span> <span class='ocrx_word' id='word_1_46' title='bbox 710 283 883 314; x_wconf 77' lang='lat' dir='ltr'>Fortunam,</span> <span class='ocrx_word' id='word_1_47' title='bbox 896 288 929 309; x_wconf 86' lang='lat' dir='ltr'>ut</span> <span class='ocrx_word' id='word_1_48' title='bbox 940 281 1033 322; x_wconf 73' lang='lat' dir='ltr'>Cepia,</span> <span class='ocrx_word' id='word_1_49' title='bbox 1044 280 1079 310; x_wconf 87' lang='lat' dir='ltr'>ad</span> <span class='ocrx_word' id='word_1_50' title='bbox 1104 281 1106 315; x_wconf 69' lang='grc' dir='ltr'>ζ</span> 
     </span>
     <span class='ocr_line' id='line_1_7' title="bbox 117 322 1078 364; baseline -0.006 -8"><span class='ocrx_word' id='word_1_51' title='bbox 117 327 252 357; x_wconf 87' lang='lat' dir='ltr'>tribunos</span> <span class='ocrx_word' id='word_1_52' title='bbox 261 325 304 364; x_wconf 84' lang='lat' dir='ltr'>pl·</span> <span class='ocrx_word' id='word_1_53' title='bbox 317 324 354 354; x_wconf 88' lang='lat' dir='ltr'>de</span> <span class='ocrx_word' id='word_1_54' title='bbox 363 322 519 354; x_wconf 82' lang='lat' dir='ltr'>amiffione</span> <span class='ocrx_word' id='word_1_55' title='bbox 529 325 687 353; x_wconf 85' lang='lat' dir='ltr'>exercitus.</span> <span class='ocrx_word' id='word_1_56' title='bbox 711 322 948 362; x_wconf 65' lang='lat' dir='ltr'>Imprudentium</span> <span class='ocrx_word' id='word_1_57' title='bbox 960 342 968 355; x_wconf 96' lang='lat'>,</span> <span class='ocrx_word' id='word_1_58' title='bbox 980 322 1078 355; x_wconf 73' lang='lat' dir='ltr'>atille,</span> 
     </span>
     <span class='ocr_line' id='line_1_8' title="bbox 139 363 1081 406; baseline -0.005 -9"><span class='ocrx_word' id='word_1_59' title='bbox 139 370 168 398; x_wconf 91' lang='lat' dir='ltr'>ui</span> <span class='ocrx_word' id='word_1_60' title='bbox 179 367 214 397; x_wconf 85' lang='lat' dir='ltr'>de</span> <span class='ocrx_word' id='word_1_61' title='bbox 225 376 261 396; x_wconf 89' lang='lat' dir='ltr'>eo</span> <span class='ocrx_word' id='word_1_62' title='bbox 272 366 365 399; x_wconf 89' lang='lat' dir='ltr'>servo,</span> <span class='ocrx_word' id='word_1_63' title='bbox 378 367 429 406; x_wconf 89' lang='lat' dir='ltr'>qui</span> <span class='ocrx_word' id='word_1_64' title='bbox 442 365 607 395; x_wconf 88' lang='lat' dir='ltr'>dominum</span> <span class='ocrx_word' id='word_1_65' title='bbox 617 364 765 395; x_wconf 83' lang='lat' dir='ltr'>occiderat</span> <span class='ocrx_word' id='word_1_66' title='bbox 776 384 784 397; x_wconf 95' lang='lat'>,</span> <span class='ocrx_word' id='word_1_67' title='bbox 803 364 984 403; x_wconf 84' lang='lat' dir='ltr'>supplicium</span> <span class='ocrx_word' id='word_1_68' title='bbox 996 363 1081 393; x_wconf 87' lang='lat' dir='ltr'>surn-</span> 
     </span>
     <span class='ocr_line' id='line_1_9' title="bbox 140 404 1103 453; baseline -0.005 -15"><span class='ocrx_word' id='word_1_69' title='bbox 140 418 169 442; x_wconf 86' lang='lat' dir='ltr'>t,</span> <span class='ocrx_word' id='word_1_70' title='bbox 191 410 239 438; x_wconf 88' lang='lat' dir='ltr'>cui</span> <span class='ocrx_word' id='word_1_71' title='bbox 248 407 334 438; x_wconf 73' lang='lat' dir='ltr'>frater</span> <span class='ocrx_word' id='word_1_72' title='bbox 344 405 413 437; x_wconf 75' lang='lat' dir='ltr'>effet</span> <span class='ocrx_word' id='word_1_73' title='bbox 423 427 432 441; x_wconf 90' lang='lat'><em>‚</em></span> <span class='ocrx_word' id='word_1_74' title='bbox 454 406 614 453; x_wconf 68' lang='lat' dir='ltr'>antequam</span> <span class='ocrx_word' id='word_1_75' title='bbox 635 405 746 436; x_wconf 81' lang='lat' dir='ltr'>tabulas</span> <span class='ocrx_word' id='word_1_76' title='bbox 768 404 935 435; x_wconf 87' lang='lat' dir='ltr'>testamenti</span> <span class='ocrx_word' id='word_1_77' title='bbox 956 407 1078 444; x_wconf 83' lang='lat' dir='ltr'>aperuit,</span> <span class='ocrx_word' id='word_1_78' title='bbox 1102 411 1103 432; x_wconf 68' lang='lat'>1</span> 
     </span>
     <span class='ocr_line' id='line_1_10' title="bbox 115 444 1080 480; baseline -0.005 0"><span class='ocrx_word' id='word_1_79' title='bbox 115 449 188 480; x_wconf 74' lang='lat' dir='ltr'>cum</span> <span class='ocrx_word' id='word_1_80' title='bbox 208 451 233 479; x_wconf 88' lang='lat' dir='ltr'>is</span> <span class='ocrx_word' id='word_1_81' title='bbox 253 449 350 479; x_wconf 86' lang='lat' dir='ltr'>servus</span> <span class='ocrx_word' id='word_1_82' title='bbox 371 447 568 479; x_wconf 84' lang='lat' dir='ltr'>manumiflus</span> <span class='ocrx_word' id='word_1_83' title='bbox 585 446 762 478; x_wconf 83' lang='lat' dir='ltr'>testamento</span> <span class='ocrx_word' id='word_1_84' title='bbox 773 445 856 477; x_wconf 76' lang='lat' dir='ltr'>effer.</span> <span class='ocrx_word' id='word_1_85' title='bbox 880 444 1080 476; x_wconf 83' lang='lat' dir='ltr'>Neceffitudi-</span> 
     </span>
     <span class='ocr_line' id='line_1_11' title="bbox 116 487 1076 531; baseline -0.004 -10"><span class='ocrx_word' id='word_1_86' title='bbox 116 501 199 525; x_wconf 86' lang='lat' dir='ltr'>nem,</span> <span class='ocrx_word' id='word_1_87' title='bbox 211 498 244 519; x_wconf 75' lang='lat' dir='ltr'>ut</span> <span class='ocrx_word' id='word_1_88' title='bbox 255 492 309 525; x_wconf 82' lang='lat' dir='ltr'>ille,</span> <span class='ocrx_word' id='word_1_89' title='bbox 320 492 373 531; x_wconf 86' lang='lat' dir='ltr'>qui</span> <span class='ocrx_word' id='word_1_90' title='bbox 382 490 417 520; x_wconf 89' lang='lat' dir='ltr'>ad</span> <span class='ocrx_word' id='word_1_91' title='bbox 427 490 510 520; x_wconf 84' lang='lat' dir='ltr'>diem</span> <span class='ocrx_word' id='word_1_92' title='bbox 519 499 707 520; x_wconf 78' lang='lat' dir='ltr'>commeatus</span> <span class='ocrx_word' id='word_1_93' title='bbox 720 498 785 519; x_wconf 89' lang='lat' dir='ltr'>non</span> <span class='ocrx_word' id='word_1_94' title='bbox 796 491 880 519; x_wconf 86' lang='lat' dir='ltr'>venit</span> <span class='ocrx_word' id='word_1_95' title='bbox 891 508 900 522; x_wconf 91' lang='lat'>,</span> <span class='ocrx_word' id='word_1_96' title='bbox 912 487 994 529; x_wconf 76' lang='lat' dir='ltr'>quod</span> <span class='ocrx_word' id='word_1_97' title='bbox 1006 498 1076 518; x_wconf 82' lang='lat' dir='ltr'>cum</span> 
     </span>
     <span class='ocr_line' id='line_1_12' title="bbox 114 528 1076 574; baseline -0.004 -12"><span class='ocrx_word' id='word_1_98' title='bbox 114 543 195 574; x_wconf 73' lang='lat' dir='ltr'>aqua:</span> <span class='ocrx_word' id='word_1_99' title='bbox 216 530 453 562; x_wconf 79' lang='lat' dir='ltr'>interclusifl&#39;ent.</span> <span class='ocrx_word' id='word_1_100' title='bbox 493 533 670 572; x_wconf 80' lang='lat' dir='ltr'>Deprecatio</span> <span class='ocrx_word' id='word_1_101' title='bbox 691 530 751 564; x_wconf 86' lang='lat' dir='ltr'>est,</span> <span class='ocrx_word' id='word_1_102' title='bbox 773 528 844 561; x_wconf 73' lang='lat' dir='ltr'>cum</span> <span class='ocrx_word' id='word_1_103' title='bbox 857 531 888 561; x_wconf 87' lang='lat'>&amp;</span> <span class='ocrx_word' id='word_1_104' title='bbox 898 528 1026 569; x_wconf 71' lang='lat' dir='ltr'>peccffl‘e</span> <span class='ocrx_word' id='word_1_105' title='bbox 1038 530 1076 562; x_wconf 82' lang='lat' dir='ltr'>se,</span> 
     </span>
     <span class='ocr_line' id='line_1_13' title="bbox 116 571 1102 611; baseline -0.004 -7"><span class='ocrx_word' id='word_1_106' title='bbox 116 578 126 594; x_wconf 88' lang='lat'>¹</span> <span class='ocrx_word' id='word_1_107' title='bbox 140 575 172 604; x_wconf 89' lang='lat'>&amp;</span> <span class='ocrx_word' id='word_1_108' title='bbox 182 573 319 604; x_wconf 72' lang='lat' dir='ltr'>consulto</span> <span class='ocrx_word' id='word_1_109' title='bbox 330 572 430 603; x_wconf 75' lang='lat' dir='ltr'>feciss&#39;e</span> <span class='ocrx_word' id='word_1_110' title='bbox 443 584 509 604; x_wconf 88' lang='lat' dir='ltr'>reus</span> <span class='ocrx_word' id='word_1_111' title='bbox 520 572 690 606; x_wconf 84' lang='lat' dir='ltr'>confitetur,</span> <span class='ocrx_word' id='word_1_112' title='bbox 698 573 733 606; x_wconf 76' lang='grc' dir='ltr'>,δε</span> <span class='ocrx_word' id='word_1_113' title='bbox 744 582 843 602; x_wconf 83' lang='lat' dir='ltr'>tamen</span> <span class='ocrx_word' id='word_1_114' title='bbox 853 571 980 611; x_wconf 83' lang='lat' dir='ltr'>postulat</span> <span class='ocrx_word' id='word_1_115' title='bbox 990 580 1021 601; x_wconf 91' lang='lat' dir='ltr'>ut</span> <span class='ocrx_word' id='word_1_116' title='bbox 1033 572 1076 601; x_wconf 81' lang='lat' dir='ltr'>sui</span> <span class='ocrx_word' id='word_1_117' title='bbox 1100 584 1102 598; x_wconf 61' lang='lat' dir='ltr'><em>z</em></span> 
     </span>
     <span class='ocr_line' id='line_1_14' title="bbox 117 611 1077 655; baseline -0.005 -9"><span class='ocrx_word' id='word_1_118' title='bbox 117 617 322 646; x_wconf 69' lang='lat' dir='ltr'>misereantur.</span> <span class='ocrx_word' id='word_1_119' title='bbox 343 617 401 645; x_wconf 85' lang='lat' dir='ltr'>hoc</span> <span class='ocrx_word' id='word_1_120' title='bbox 413 618 445 645; x_wconf 91' lang='lat' dir='ltr'>in</span> <span class='ocrx_word' id='word_1_121' title='bbox 453 616 570 655; x_wconf 84' lang='lat' dir='ltr'>judicio</span> <span class='ocrx_word' id='word_1_122' title='bbox 580 614 642 644; x_wconf 75' lang='lat' dir='ltr'>fere</span> <span class='ocrx_word' id='word_1_123' title='bbox 654 625 716 644; x_wconf 90' lang='lat' dir='ltr'>non</span> <span class='ocrx_word' id='word_1_124' title='bbox 726 613 822 654; x_wconf 85' lang='lat' dir='ltr'>potest</span> <span class='ocrx_word' id='word_1_125' title='bbox 833 614 885 643; x_wconf 79' lang='lat' dir='ltr'>usu</span> <span class='ocrx_word' id='word_1_126' title='bbox 895 614 1008 645; x_wconf 79' lang='lat' dir='ltr'>venire,</span> <span class='ocrx_word' id='word_1_127' title='bbox 1021 611 1077 642; x_wconf 77' lang='lat' dir='ltr'>nisi</span> 
     </span>
     <span class='ocr_line' id='line_1_15' title="bbox 115 653 1077 698; baseline -0.005 -10"><span class='ocrx_word' id='word_1_128' title='bbox 115 657 235 698; x_wconf 90' lang='lat' dir='ltr'>quando</span> <span class='ocrx_word' id='word_1_129' title='bbox 245 667 298 697; x_wconf 87' lang='lat' dir='ltr'>pro</span> <span class='ocrx_word' id='word_1_130' title='bbox 308 668 345 687; x_wconf 91' lang='lat' dir='ltr'>eo</span> <span class='ocrx_word' id='word_1_131' title='bbox 356 657 487 687; x_wconf 82' lang='lat' dir='ltr'>dicimus</span> <span class='ocrx_word' id='word_1_132' title='bbox 500 678 509 691; x_wconf 91' lang='lat'>,</span> <span class='ocrx_word' id='word_1_133' title='bbox 532 661 546 676; x_wconf 91' lang='lat'><em>²</em></span> <span class='ocrx_word' id='word_1_134' title='bbox 556 657 639 696; x_wconf 84' lang='lat' dir='ltr'>cujus</span> <span class='ocrx_word' id='word_1_135' title='bbox 650 656 744 685; x_wconf 83' lang='lat' dir='ltr'>multa</span> <span class='ocrx_word' id='word_1_136' title='bbox 753 654 832 684; x_wconf 64' lang='grc' dir='ltr'><strong>166ὶέ</strong></span> <span class='ocrx_word' id='word_1_137' title='bbox 845 653 920 684; x_wconf 64' lang='lat' dir='ltr'>fasta</span> <span class='ocrx_word' id='word_1_138' title='bbox 929 653 1077 684; x_wconf 63' lang='lat' dir='ltr'>constant.</span> 
     </span>
     <span class='ocr_line' id='line_1_16' title="bbox 117 695 1079 738; baseline -0.005 -9"><span class='ocrx_word' id='word_1_139' title='bbox 117 701 187 730; x_wconf 82' lang='lat' dir='ltr'>Hoc</span> <span class='ocrx_word' id='word_1_140' title='bbox 206 699 300 729; x_wconf 88' lang='lat' dir='ltr'>modo</span> <span class='ocrx_word' id='word_1_141' title='bbox 320 701 352 729; x_wconf 92' lang='lat' dir='ltr'>in</span> <span class='ocrx_word' id='word_1_142' title='bbox 372 700 440 729; x_wconf 82' lang='lat' dir='ltr'>loco</span> <span class='ocrx_word' id='word_1_143' title='bbox 451 700 609 729; x_wconf 90' lang='lat' dir='ltr'>communi</span> <span class='ocrx_word' id='word_1_144' title='bbox 620 708 672 738; x_wconf 90' lang='lat' dir='ltr'>per</span> <span class='ocrx_word' id='word_1_145' title='bbox 681 695 948 737; x_wconf 84' lang='lat' dir='ltr'>amplificationem</span> <span class='ocrx_word' id='word_1_146' title='bbox 959 696 1001 734; x_wconf 89' lang='lat' dir='ltr'>inj</span> <span class='ocrx_word' id='word_1_147' title='bbox 1008 697 1079 725; x_wconf 85' lang='lat' dir='ltr'>icie-</span> 
     </span>
     <span class='ocr_line' id='line_1_17' title="bbox 117 736 1078 781; baseline -0.004 -10"><span class='ocrx_word' id='word_1_148' title='bbox 117 751 184 771; x_wconf 89' lang='lat' dir='ltr'>mus</span> <span class='ocrx_word' id='word_1_149' title='bbox 197 753 204 774; x_wconf 82' lang='lat'><em>3</em></span> <span class='ocrx_word' id='word_1_150' title='bbox 228 739 530 781; x_wconf 76' lang='lat' dir='ltr'>Qodfihocfecisset</span> <span class='ocrx_word' id='word_1_151' title='bbox 539 760 547 773; x_wconf 92' lang='lat'>,</span> <span class='ocrx_word' id='word_1_152' title='bbox 568 748 667 769; x_wconf 86' lang='lat' dir='ltr'>tamen</span> <span class='ocrx_word' id='word_1_153' title='bbox 678 740 705 769; x_wconf 90' lang='lat' dir='ltr'>ei</span> <span class='ocrx_word' id='word_1_154' title='bbox 716 748 769 778; x_wconf 90' lang='lat' dir='ltr'>pro</span> <span class='ocrx_word' id='word_1_155' title='bbox 779 737 912 778; x_wconf 84' lang='lat' dir='ltr'>pristinis</span> <span class='ocrx_word' id='word_1_156' title='bbox 922 736 1078 767; x_wconf 78' lang='lat' dir='ltr'>beneficiis</span> 
     </span>
     <span class='ocr_line' id='line_1_18' title="bbox 116 780 1079 824; baseline -0.004 -11"><span class='ocrx_word' id='word_1_157' title='bbox 116 783 232 824; x_wconf 79' lang='lat' dir='ltr'>ignosci</span> <span class='ocrx_word' id='word_1_158' title='bbox 243 784 432 812; x_wconf 76' lang='lat' dir='ltr'>conveniret:</span> <span class='ocrx_word' id='word_1_159' title='bbox 452 780 559 812; x_wconf 72' lang='lat' dir='ltr'>verum</span> <span class='ocrx_word' id='word_1_160' title='bbox 571 781 651 811; x_wconf 86' lang='lat' dir='ltr'>nihil</span> <span class='ocrx_word' id='word_1_161' title='bbox 660 780 788 821; x_wconf 82' lang='lat' dir='ltr'>postulat</span> <span class='ocrx_word' id='word_1_162' title='bbox 796 780 923 820; x_wconf 83' lang='lat' dir='ltr'>ignosci.</span> <span class='ocrx_word' id='word_1_163' title='bbox 957 782 1035 820; x_wconf 76' lang='lat' dir='ltr'>Ergo</span> <span class='ocrx_word' id='word_1_164' title='bbox 1046 781 1079 809; x_wconf 86' lang='lat' dir='ltr'>in</span> 
     </span>
     <span class='ocr_line' id='line_1_19' title="bbox 116 824 1076 864; baseline -0.005 -10"><span class='ocrx_word' id='word_1_165' title='bbox 116 824 266 864; x_wconf 84' lang='lat' dir='ltr'>judicium</span> <span class='ocrx_word' id='word_1_166' title='bbox 277 834 342 854; x_wconf 90' lang='lat' dir='ltr'>non</span> <span class='ocrx_word' id='word_1_167' title='bbox 351 826 432 854; x_wconf 88' lang='lat' dir='ltr'>venit</span> <span class='ocrx_word' id='word_1_168' title='bbox 444 834 450 852; x_wconf 90' lang='lat'>:</span> <span class='ocrx_word' id='word_1_169' title='bbox 468 832 497 853; x_wconf 88' lang='lat' dir='ltr'>at</span> <span class='ocrx_word' id='word_1_170' title='bbox 508 825 537 852; x_wconf 91' lang='lat' dir='ltr'>in</span> <span class='ocrx_word' id='word_1_171' title='bbox 548 826 702 856; x_wconf 76' lang='lat' dir='ltr'>Senatum,</span> <span class='ocrx_word' id='word_1_172' title='bbox 714 832 763 851; x_wconf 85' lang='lat' dir='ltr'>aut</span> <span class='ocrx_word' id='word_1_173' title='bbox 771 830 837 852; x_wconf 76' lang='lat' dir='ltr'>ante</span> <span class='ocrx_word' id='word_1_174' title='bbox 849 824 1076 860; x_wconf 75' lang='lat' dir='ltr'>Imperatorem,</span> 
     </span>
    </p>
   </div>
   <div class='ocr_carea' id='block_1_5' title="bbox 113 903 1106 1656">
    <p class='ocr_par' dir='ltr' id='par_1_5' title="bbox 113 903 1106 1656">
     <span class='ocr_line' id='line_1_20' title="bbox 119 903 1077 940; baseline -0.004 -3"><span class='ocrx_word' id='word_1_175' title='bbox 119 918 160 938; x_wconf 83' lang='lat' dir='ltr'>ne</span> <span class='ocrx_word' id='word_1_176' title='bbox 177 909 313 937; x_wconf 87' lang='lat' dir='ltr'>criminis</span> <span class='ocrx_word' id='word_1_177' title='bbox 331 907 413 937; x_wconf 85' lang='lat' dir='ltr'>causa</span> <span class='ocrx_word' id='word_1_178' title='bbox 431 905 544 936; x_wconf 71' lang='lat' dir='ltr'>constat</span> <span class='ocrx_word' id='word_1_179' title='bbox 554 926 563 940; x_wconf 92' lang='lat'>‚</span> <span class='ocrx_word' id='word_1_180' title='bbox 584 905 657 936; x_wconf 77' lang='lat' dir='ltr'>cum</span> <span class='ocrx_word' id='word_1_181' title='bbox 668 903 769 935; x_wconf 77' lang='lat' dir='ltr'>fecisse</span> <span class='ocrx_word' id='word_1_182' title='bbox 779 915 835 934; x_wconf 85' lang='lat' dir='ltr'>nos</span> <span class='ocrx_word' id='word_1_183' title='bbox 847 915 911 935; x_wconf 91' lang='lat' dir='ltr'>non</span> <span class='ocrx_word' id='word_1_184' title='bbox 922 914 1077 938; x_wconf 50' lang='lat' dir='ltr'>necamus,</span> 
     </span>
     <span class='ocr_line' id='line_1_21' title="bbox 120 929 1103 988; baseline -0.004 -9"><span class='ocrx_word' id='word_1_185' title='bbox 120 949 171 980; x_wconf 80' lang='lat' dir='ltr'>sed</span> <span class='ocrx_word' id='word_1_186' title='bbox 181 949 308 979; x_wconf 85' lang='lat' dir='ltr'>aliorum</span> <span class='ocrx_word' id='word_1_187' title='bbox 317 950 443 988; x_wconf 87' lang='lat' dir='ltr'>peccatis</span> <span class='ocrx_word' id='word_1_188' title='bbox 452 947 571 978; x_wconf 53' lang='lat' dir='ltr'>coabtos</span> <span class='ocrx_word' id='word_1_189' title='bbox 580 946 681 977; x_wconf 62' lang='lat' dir='ltr'>fecisse</span> <span class='ocrx_word' id='word_1_190' title='bbox 693 946 822 977; x_wconf 85' lang='lat' dir='ltr'>dicimus</span> <span class='ocrx_word' id='word_1_191' title='bbox 836 957 840 974; x_wconf 89' lang='lat'>:</span> <span class='ocrx_word' id='word_1_192' title='bbox 851 954 886 975; x_wconf 72' lang='lat' dir='ltr'>ut</span> <span class='ocrx_word' id='word_1_193' title='bbox 896 929 997 982; x_wconf 51' lang='lat' dir='ltr'>messes</span> <span class='ocrx_word' id='word_1_194' title='bbox 1007 945 1078 975; x_wconf 78' lang='lat' dir='ltr'>cum</span> <span class='ocrx_word' id='word_1_195' title='bbox 1102 978 1103 982; x_wconf 16' lang='grc' dir='ltr'><strong>Ἰ</strong></span> 
     </span>
     <span class='ocr_line' id='line_1_22' title="bbox 119 988 1079 1023; baseline -0.004 -3"><span class='ocrx_word' id='word_1_196' title='bbox 119 991 150 1021; x_wconf 83' lang='lat' dir='ltr'>se</span> <span class='ocrx_word' id='word_1_197' title='bbox 161 989 312 1023; x_wconf 80' lang='lat' dir='ltr'>defendit,</span> <span class='ocrx_word' id='word_1_198' title='bbox 325 992 357 1019; x_wconf 91' lang='lat' dir='ltr'>in</span> <span class='ocrx_word' id='word_1_199' title='bbox 369 998 494 1019; x_wconf 84' lang='lat' dir='ltr'>matrem</span> <span class='ocrx_word' id='word_1_200' title='bbox 505 988 621 1019; x_wconf 77' lang='lat' dir='ltr'>confert</span> <span class='ocrx_word' id='word_1_201' title='bbox 630 998 758 1019; x_wconf 83' lang='lat' dir='ltr'>crimen.</span> <span class='ocrx_word' id='word_1_202' title='bbox 782 991 830 1018; x_wconf 85' lang='lat' dir='ltr'>Ex</span> <span class='ocrx_word' id='word_1_203' title='bbox 840 990 1011 1018; x_wconf 82' lang='lat' dir='ltr'>remotione</span> <span class='ocrx_word' id='word_1_204' title='bbox 1021 989 1079 1017; x_wconf 76' lang='lat' dir='ltr'>cri-</span> 
     </span>
     <span class='ocr_line' id='line_1_23' title="bbox 120 1029 1103 1072; baseline -0.003 -11"><span class='ocrx_word' id='word_1_205' title='bbox 120 1033 214 1072; x_wconf 66' lang='lat' dir='ltr'>rninis</span> <span class='ocrx_word' id='word_1_206' title='bbox 224 1031 305 1061; x_wconf 82' lang='lat' dir='ltr'>causa</span> <span class='ocrx_word' id='word_1_207' title='bbox 314 1031 427 1061; x_wconf 81' lang='lat' dir='ltr'>constat</span> <span class='ocrx_word' id='word_1_208' title='bbox 436 1051 444 1065; x_wconf 93' lang='lat'>,</span> <span class='ocrx_word' id='word_1_209' title='bbox 457 1029 528 1061; x_wconf 73' lang='lat' dir='ltr'>cum</span> <span class='ocrx_word' id='word_1_210' title='bbox 541 1030 556 1061; x_wconf 75' lang='lat' dir='ltr'>a</span> <span class='ocrx_word' id='word_1_211' title='bbox 568 1031 656 1060; x_wconf 87' lang='lat' dir='ltr'>nobis</span> <span class='ocrx_word' id='word_1_212' title='bbox 666 1041 730 1060; x_wconf 84' lang='lat' dir='ltr'>non</span> <span class='ocrx_word' id='word_1_213' title='bbox 741 1032 857 1060; x_wconf 87' lang='lat' dir='ltr'>crimen</span> <span class='ocrx_word' id='word_1_214' title='bbox 868 1050 876 1063; x_wconf 89' lang='lat'>,</span> <span class='ocrx_word' id='word_1_215' title='bbox 900 1029 948 1060; x_wconf 80' lang='lat' dir='ltr'>sed</span> <span class='ocrx_word' id='word_1_216' title='bbox 959 1029 1077 1068; x_wconf 84' lang='lat' dir='ltr'>culpam</span> <span class='ocrx_word' id='word_1_217' title='bbox 1101 1050 1103 1061; x_wconf 89' lang='lat'>.</span> 
     </span>
     <span class='ocr_line' id='line_1_24' title="bbox 118 1063 1103 1113; baseline -0.003 -10"><span class='ocrx_word' id='word_1_218' title='bbox 118 1074 211 1113; x_wconf 76' lang='lat' dir='ltr'>ipsam</span> <span class='ocrx_word' id='word_1_219' title='bbox 222 1083 398 1103; x_wconf 84' lang='lat' dir='ltr'>amovemus</span> <span class='ocrx_word' id='word_1_220' title='bbox 410 1093 419 1106; x_wconf 94' lang='lat'>,</span> <span class='ocrx_word' id='word_1_221' title='bbox 441 1073 474 1102; x_wconf 88' lang='lat'>&amp;</span> <span class='ocrx_word' id='word_1_222' title='bbox 483 1073 533 1102; x_wconf 89' lang='lat' dir='ltr'>vel</span> <span class='ocrx_word' id='word_1_223' title='bbox 542 1075 575 1102; x_wconf 85' lang='lat' dir='ltr'>in</span> <span class='ocrx_word' id='word_1_224' title='bbox 584 1073 745 1102; x_wconf 85' lang='lat' dir='ltr'>hominem</span> <span class='ocrx_word' id='word_1_225' title='bbox 757 1071 962 1101; x_wconf 68' lang='lat' dir='ltr'>transferimus</span> <span class='ocrx_word' id='word_1_226' title='bbox 973 1091 981 1104; x_wconf 92' lang='lat'><em>‚</em></span> <span class='ocrx_word' id='word_1_227' title='bbox 1006 1075 1023 1097; x_wconf 83' lang='lat'>4</span> <span class='ocrx_word' id='word_1_228' title='bbox 1032 1070 1081 1100; x_wconf 82' lang='lat' dir='ltr'>vel</span> <span class='ocrx_word' id='word_1_229' title='bbox 1100 1063 1103 1111; x_wconf 89' lang='grc' dir='ltr'>Ι</span> 
     </span>
     <span class='ocr_line' id='line_1_25' title="bbox 117 1112 1078 1155; baseline -0.004 -9"><span class='ocrx_word' id='word_1_230' title='bbox 117 1117 151 1146; x_wconf 85' lang='grc'>111</span> <span class='ocrx_word' id='word_1_231' title='bbox 169 1125 233 1144; x_wconf 90' lang='lat' dir='ltr'>rem</span> <span class='ocrx_word' id='word_1_232' title='bbox 252 1117 423 1155; x_wconf 77' lang='lat' dir='ltr'>quampiam</span> <span class='ocrx_word' id='word_1_233' title='bbox 443 1113 642 1144; x_wconf 70' lang='lat' dir='ltr'>conferimus.</span> <span class='ocrx_word' id='word_1_234' title='bbox 673 1116 709 1144; x_wconf 92' lang='lat' dir='ltr'>In</span> <span class='ocrx_word' id='word_1_235' title='bbox 718 1115 879 1144; x_wconf 82' lang='lat' dir='ltr'>hominem</span> <span class='ocrx_word' id='word_1_236' title='bbox 890 1112 1061 1143; x_wconf 80' lang='lat' dir='ltr'>transfertur</span> <span class='ocrx_word' id='word_1_237' title='bbox 1073 1123 1078 1141; x_wconf 77' lang='grc' dir='ltr'><em>τ</em></span> 
     </span>
     <span class='ocr_line' id='line_1_26' title="bbox 117 1153 1102 1197; baseline -0.004 -11"><span class='ocrx_word' id='word_1_238' title='bbox 117 1156 185 1197; x_wconf 79' lang='lat' dir='ltr'>urst</span> <span class='ocrx_word' id='word_1_239' title='bbox 191 1157 338 1186; x_wconf 82' lang='lat' dir='ltr'>accusetur</span> <span class='ocrx_word' id='word_1_240' title='bbox 348 1159 384 1190; x_wconf 89' lang='lat' dir='ltr'>is,</span> <span class='ocrx_word' id='word_1_241' title='bbox 395 1158 447 1197; x_wconf 89' lang='lat' dir='ltr'>qui</span> <span class='ocrx_word' id='word_1_242' title='bbox 456 1159 489 1187; x_wconf 91' lang='grc' dir='ltr'>Ρ.</span> <span class='ocrx_word' id='word_1_243' title='bbox 500 1156 668 1196; x_wconf 75' lang='lat' dir='ltr'>Sulpicium</span> <span class='ocrx_word' id='word_1_244' title='bbox 680 1156 708 1186; x_wconf 86' lang='lat' dir='ltr'>se</span> <span class='ocrx_word' id='word_1_245' title='bbox 717 1154 840 1186; x_wconf 83' lang='lat' dir='ltr'>fateatur</span> <span class='ocrx_word' id='word_1_246' title='bbox 850 1153 999 1187; x_wconf 79' lang='lat' dir='ltr'>occidiss&#39;e,</span> <span class='ocrx_word' id='word_1_247' title='bbox 1022 1158 1033 1182; x_wconf 80' lang='lat'><em>5</em></span> <span class='ocrx_word' id='word_1_248' title='bbox 1046 1154 1078 1184; x_wconf 75' lang='grc' dir='ltr'>δε</span> <span class='ocrx_word' id='word_1_249' title='bbox 1101 1168 1102 1182; x_wconf 62' lang='grc'>1</span> 
     </span>
     <span class='ocr_line' id='line_1_27' title="bbox 118 1196 1079 1237; baseline -0.003 -8"><span class='ocrx_word' id='word_1_250' title='bbox 118 1198 150 1229; x_wconf 81' lang='lat' dir='ltr'>id</span> <span class='ocrx_word' id='word_1_251' title='bbox 158 1196 236 1237; x_wconf 84' lang='lat' dir='ltr'>jussu</span> <span class='ocrx_word' id='word_1_252' title='bbox 248 1198 415 1228; x_wconf 89' lang='lat' dir='ltr'>Consulum</span> <span class='ocrx_word' id='word_1_253' title='bbox 426 1197 582 1228; x_wconf 84' lang='lat' dir='ltr'>defendat:</span> <span class='ocrx_word' id='word_1_254' title='bbox 606 1198 638 1227; x_wconf 88' lang='lat'>&amp;</span> <span class='ocrx_word' id='word_1_255' title='bbox 649 1207 699 1227; x_wconf 89' lang='lat' dir='ltr'>eos</span> <span class='ocrx_word' id='word_1_256' title='bbox 711 1197 789 1227; x_wconf 89' lang='lat' dir='ltr'>dicat</span> <span class='ocrx_word' id='word_1_257' title='bbox 798 1207 862 1227; x_wconf 91' lang='lat' dir='ltr'>non</span> <span class='ocrx_word' id='word_1_258' title='bbox 873 1196 968 1226; x_wconf 80' lang='lat' dir='ltr'>modo</span> <span class='ocrx_word' id='word_1_259' title='bbox 981 1198 1079 1236; x_wconf 85' lang='lat' dir='ltr'>impe-</span> 
     </span>
     <span class='ocr_line' id='line_1_28' title="bbox 116 1237 1080 1280; baseline -0.003 -10"><span class='ocrx_word' id='word_1_260' title='bbox 116 1238 198 1274; x_wconf 85' lang='lat' dir='ltr'>raffe,</span> <span class='ocrx_word' id='word_1_261' title='bbox 211 1240 260 1270; x_wconf 85' lang='lat' dir='ltr'>sed</span> <span class='ocrx_word' id='word_1_262' title='bbox 271 1242 420 1270; x_wconf 84' lang='lat' dir='ltr'>rationem</span> <span class='ocrx_word' id='word_1_263' title='bbox 429 1248 550 1280; x_wconf 86' lang='lat' dir='ltr'>quoque</span> <span class='ocrx_word' id='word_1_264' title='bbox 561 1237 720 1269; x_wconf 72' lang='lat' dir='ltr'>ostendisse</span> <span class='ocrx_word' id='word_1_265' title='bbox 733 1259 741 1272; x_wconf 90' lang='lat'>,</span> <span class='ocrx_word' id='word_1_266' title='bbox 763 1249 850 1279; x_wconf 87' lang='lat' dir='ltr'>quare</span> <span class='ocrx_word' id='word_1_267' title='bbox 861 1238 892 1268; x_wconf 90' lang='lat' dir='ltr'>id</span> <span class='ocrx_word' id='word_1_268' title='bbox 903 1237 996 1268; x_wconf 77' lang='lat' dir='ltr'>facere</span> <span class='ocrx_word' id='word_1_269' title='bbox 1007 1239 1080 1268; x_wconf 83' lang='lat' dir='ltr'>lice-</span> 
     </span>
     <span class='ocr_line' id='line_1_29' title="bbox 117 1279 1079 1322; baseline -0.002 -11"><span class='ocrx_word' id='word_1_270' title='bbox 117 1291 172 1312; x_wconf 85' lang='lat' dir='ltr'>ret.</span> <span class='ocrx_word' id='word_1_271' title='bbox 192 1284 228 1311; x_wconf 91' lang='lat' dir='ltr'>In</span> <span class='ocrx_word' id='word_1_272' title='bbox 237 1291 301 1311; x_wconf 89' lang='lat' dir='ltr'>rem</span> <span class='ocrx_word' id='word_1_273' title='bbox 312 1280 463 1311; x_wconf 81' lang='lat' dir='ltr'>confertur</span> <span class='ocrx_word' id='word_1_274' title='bbox 473 1301 480 1315; x_wconf 88' lang='lat'><em>‚</em></span> <span class='ocrx_word' id='word_1_275' title='bbox 493 1281 560 1321; x_wconf 79' lang='lat' dir='ltr'>utfi</span> <span class='ocrx_word' id='word_1_276' title='bbox 567 1283 628 1322; x_wconf 72' lang='lat' dir='ltr'>quis</span> <span class='ocrx_word' id='word_1_277' title='bbox 637 1291 674 1311; x_wconf 88' lang='lat' dir='ltr'>ex</span> <span class='ocrx_word' id='word_1_278' title='bbox 684 1280 862 1311; x_wconf 83' lang='lat' dir='ltr'>testamento</span> <span class='ocrx_word' id='word_1_279' title='bbox 873 1300 881 1314; x_wconf 91' lang='lat'>,</span> <span class='ocrx_word' id='word_1_280' title='bbox 892 1279 973 1320; x_wconf 88' lang='lat' dir='ltr'>quod</span> <span class='ocrx_word' id='word_1_281' title='bbox 983 1279 1079 1310; x_wconf 80' lang='lat' dir='ltr'>facere</span> 
     </span>
     <span class='ocr_line' id='line_1_30' title="bbox 114 1321 1080 1364; baseline -0.002 -11"><span class='ocrx_word' id='word_1_282' title='bbox 114 1322 210 1364; x_wconf 71' lang='lat' dir='ltr'>juss&#39;us</span> <span class='ocrx_word' id='word_1_283' title='bbox 221 1321 255 1353; x_wconf 90' lang='lat' dir='ltr'>fit</span> <span class='ocrx_word' id='word_1_284' title='bbox 264 1343 272 1356; x_wconf 92' lang='lat'>‚</span> <span class='ocrx_word' id='word_1_285' title='bbox 294 1333 331 1353; x_wconf 85' lang='lat' dir='ltr'>ex</span> <span class='ocrx_word' id='word_1_286' title='bbox 341 1323 496 1363; x_wconf 86' lang='lat' dir='ltr'>plebiscito</span> <span class='ocrx_word' id='word_1_287' title='bbox 505 1332 630 1353; x_wconf 91' lang='lat' dir='ltr'>vetetur.</span> <span class='ocrx_word' id='word_1_288' title='bbox 659 1321 675 1342; x_wconf 83' lang='lat'><strong>⁶</strong></span> <span class='ocrx_word' id='word_1_289' title='bbox 687 1325 733 1352; x_wconf 87' lang='lat' dir='ltr'>Ex</span> <span class='ocrx_word' id='word_1_290' title='bbox 743 1324 965 1361; x_wconf 82' lang='lat' dir='ltr'>comparatione</span> <span class='ocrx_word' id='word_1_291' title='bbox 975 1323 1080 1351; x_wconf 89' lang='lat' dir='ltr'>crimi-</span> 
     </span>
     <span class='ocr_line' id='line_1_31' title="bbox 118 1362 1081 1402; baseline -0.002 -7"><span class='ocrx_word' id='word_1_292' title='bbox 118 1368 166 1396; x_wconf 89' lang='lat' dir='ltr'>nis</span> <span class='ocrx_word' id='word_1_293' title='bbox 177 1366 259 1395; x_wconf 87' lang='lat' dir='ltr'>causa</span> <span class='ocrx_word' id='word_1_294' title='bbox 268 1365 389 1398; x_wconf 83' lang='lat' dir='ltr'>constat,</span> <span class='ocrx_word' id='word_1_295' title='bbox 401 1374 471 1394; x_wconf 90' lang='lat' dir='ltr'>cum</span> <span class='ocrx_word' id='word_1_296' title='bbox 482 1364 612 1394; x_wconf 76' lang='lat' dir='ltr'>dicimus</span> <span class='ocrx_word' id='word_1_297' title='bbox 621 1363 715 1402; x_wconf 75' lang='lat' dir='ltr'>neceffie</span> <span class='ocrx_word' id='word_1_298' title='bbox 723 1362 810 1393; x_wconf 82' lang='lat' dir='ltr'>fuiffe</span> <span class='ocrx_word' id='word_1_299' title='bbox 818 1364 991 1394; x_wconf 85' lang='lat' dir='ltr'>alterutrum</span> <span class='ocrx_word' id='word_1_300' title='bbox 1001 1362 1081 1393; x_wconf 88' lang='lat' dir='ltr'>face-</span> 
     </span>
     <span class='ocr_line' id='line_1_32' title="bbox 118 1404 1081 1447; baseline -0.003 -10"><span class='ocrx_word' id='word_1_301' title='bbox 118 1417 150 1437; x_wconf 81' lang='lat' dir='ltr'>re</span> <span class='ocrx_word' id='word_1_302' title='bbox 160 1427 168 1440; x_wconf 94' lang='lat'>,</span> <span class='ocrx_word' id='word_1_303' title='bbox 183 1406 256 1437; x_wconf 90' lang='lat' dir='ltr'>&amp;id</span> <span class='ocrx_word' id='word_1_304' title='bbox 268 1426 276 1440; x_wconf 90' lang='lat'>,</span> <span class='ocrx_word' id='word_1_305' title='bbox 289 1406 370 1447; x_wconf 91' lang='lat' dir='ltr'>quod</span> <span class='ocrx_word' id='word_1_306' title='bbox 381 1406 540 1436; x_wconf 84' lang='lat' dir='ltr'>fecerimus</span> <span class='ocrx_word' id='word_1_307' title='bbox 552 1407 639 1436; x_wconf 87' lang='lat' dir='ltr'>satius</span> <span class='ocrx_word' id='word_1_308' title='bbox 652 1404 739 1435; x_wconf 81' lang='lat' dir='ltr'>fuiffe</span> <span class='ocrx_word' id='word_1_309' title='bbox 748 1404 857 1435; x_wconf 82' lang='lat' dir='ltr'>facere.</span> <span class='ocrx_word' id='word_1_310' title='bbox 881 1408 922 1435; x_wconf 91' lang='lat' dir='ltr'>Ea</span> <span class='ocrx_word' id='word_1_311' title='bbox 932 1405 1015 1435; x_wconf 88' lang='lat' dir='ltr'>causa</span> <span class='ocrx_word' id='word_1_312' title='bbox 1023 1405 1081 1434; x_wconf 83' lang='lat' dir='ltr'>hu-</span> 
     </span>
     <span class='ocr_line' id='line_1_33' title="bbox 113 1446 1080 1490; baseline -0.002 -12"><span class='ocrx_word' id='word_1_313' title='bbox 113 1447 250 1490; x_wconf 87' lang='lat' dir='ltr'>jusmodi</span> <span class='ocrx_word' id='word_1_314' title='bbox 261 1447 318 1478; x_wconf 85' lang='lat' dir='ltr'>est:</span> <span class='ocrx_word' id='word_1_315' title='bbox 339 1451 368 1477; x_wconf 87' lang='lat' dir='ltr'>C.</span> <span class='ocrx_word' id='word_1_316' title='bbox 380 1450 416 1477; x_wconf 86' lang='lat' dir='ltr'>Po</span> <span class='ocrx_word' id='word_1_317' title='bbox 437 1449 513 1476; x_wconf 70' lang='lat' dir='ltr'>illius</span> <span class='ocrx_word' id='word_1_318' title='bbox 523 1468 532 1481; x_wconf 94' lang='lat'>‚</span> <span class='ocrx_word' id='word_1_319' title='bbox 544 1446 615 1477; x_wconf 76' lang='lat' dir='ltr'>cum</span> <span class='ocrx_word' id='word_1_320' title='bbox 626 1446 642 1478; x_wconf 74' lang='lat' dir='ltr'>a</span> <span class='ocrx_word' id='word_1_321' title='bbox 653 1448 747 1477; x_wconf 84' lang='lat' dir='ltr'>Gallis</span> <span class='ocrx_word' id='word_1_322' title='bbox 758 1446 938 1477; x_wconf 79' lang='lat' dir='ltr'>obsideretur</span> <span class='ocrx_word' id='word_1_323' title='bbox 949 1467 957 1480; x_wconf 94' lang='lat'>,</span> <span class='ocrx_word' id='word_1_324' title='bbox 983 1456 1080 1487; x_wconf 88' lang='lat' dir='ltr'>neque</span> 
     </span>
     <span class='ocr_line' id='line_1_34' title="bbox 118 1488 1082 1530; baseline -0.002 -10"><span class='ocrx_word' id='word_1_325' title='bbox 118 1488 247 1530; x_wconf 84' lang='lat' dir='ltr'>effugere</span> <span class='ocrx_word' id='word_1_326' title='bbox 266 1490 330 1519; x_wconf 87' lang='lat' dir='ltr'>ullo</span> <span class='ocrx_word' id='word_1_327' title='bbox 352 1500 405 1520; x_wconf 91' lang='lat' dir='ltr'>mo</span> <span class='ocrx_word' id='word_1_328' title='bbox 428 1499 446 1520; x_wconf 92' lang='lat' dir='ltr'>o</span> <span class='ocrx_word' id='word_1_329' title='bbox 456 1488 570 1530; x_wconf 81' lang='lat' dir='ltr'>posset,</span> <span class='ocrx_word' id='word_1_330' title='bbox 591 1491 676 1519; x_wconf 88' lang='lat' dir='ltr'>venit</span> <span class='ocrx_word' id='word_1_331' title='bbox 684 1499 754 1519; x_wconf 88' lang='lat' dir='ltr'>cum</span> <span class='ocrx_word' id='word_1_332' title='bbox 764 1488 899 1519; x_wconf 88' lang='lat' dir='ltr'>hostium</span> <span class='ocrx_word' id='word_1_333' title='bbox 909 1488 1036 1519; x_wconf 90' lang='lat' dir='ltr'>ducibus</span> <span class='ocrx_word' id='word_1_334' title='bbox 1048 1490 1082 1518; x_wconf 92' lang='lat' dir='ltr'>in</span> 
     </span>
     <span class='ocr_line' id='line_1_35' title="bbox 117 1529 1106 1571; baseline -0.002 -10"><span class='ocrx_word' id='word_1_335' title='bbox 117 1531 359 1562; x_wconf 84' lang='lat' dir='ltr'>collocutionem</span> <span class='ocrx_word' id='word_1_336' title='bbox 372 1542 377 1560; x_wconf 90' lang='lat'>:</span> <span class='ocrx_word' id='word_1_337' title='bbox 399 1533 438 1562; x_wconf 88' lang='lat' dir='ltr'>ita</span> <span class='ocrx_word' id='word_1_338' title='bbox 455 1529 582 1561; x_wconf 85' lang='lat' dir='ltr'>disceffit</span> <span class='ocrx_word' id='word_1_339' title='bbox 592 1552 600 1565; x_wconf 97' lang='lat'>,</span> <span class='ocrx_word' id='word_1_340' title='bbox 624 1540 656 1561; x_wconf 92' lang='lat' dir='ltr'>ut</span> <span class='ocrx_word' id='word_1_341' title='bbox 664 1530 882 1571; x_wconf 89' lang='lat' dir='ltr'>impedimenta</span> <span class='ocrx_word' id='word_1_342' title='bbox 891 1530 1081 1571; x_wconf 85' lang='lat' dir='ltr'>relinqueret,</span> <span class='ocrx_word' id='word_1_343' title='bbox 1104 1544 1106 1558; x_wconf 88' lang='grc' dir='ltr'>ι</span> 
     </span>
     <span class='ocr_line' id='line_1_36' title="bbox 119 1572 1084 1612; baseline -0.002 -9"><span class='ocrx_word' id='word_1_344' title='bbox 119 1575 284 1604; x_wconf 86' lang='lat' dir='ltr'>exercitum</span> <span class='ocrx_word' id='word_1_345' title='bbox 295 1573 433 1604; x_wconf 88' lang='lat' dir='ltr'>educeret</span> <span class='ocrx_word' id='word_1_346' title='bbox 444 1583 450 1602; x_wconf 74' lang='grc' dir='ltr'><em>τ</em></span> <span class='ocrx_word' id='word_1_347' title='bbox 470 1573 557 1603; x_wconf 87' lang='lat' dir='ltr'>satius</span> <span class='ocrx_word' id='word_1_348' title='bbox 567 1572 625 1603; x_wconf 81' lang='lat' dir='ltr'>efl‘e</span> <span class='ocrx_word' id='word_1_349' title='bbox 636 1572 725 1603; x_wconf 84' lang='lat' dir='ltr'>duxit</span> <span class='ocrx_word' id='word_1_350' title='bbox 733 1574 868 1603; x_wconf 88' lang='lat' dir='ltr'>amittere</span> <span class='ocrx_word' id='word_1_351' title='bbox 878 1572 1084 1612; x_wconf 87' lang='lat' dir='ltr'>impedimen-</span> 
     </span>
     <span class='ocr_line' id='line_1_37' title="bbox 118 1613 1086 1656; baseline -0.003 -10"><span class='ocrx_word' id='word_1_352' title='bbox 118 1623 146 1646; x_wconf 83' lang='lat' dir='ltr'>ta</span> <span class='ocrx_word' id='word_1_353' title='bbox 154 1635 163 1649; x_wconf 90' lang='lat'>,</span> <span class='ocrx_word' id='word_1_354' title='bbox 173 1613 264 1656; x_wconf 67' lang='lat' dir='ltr'>quam</span> <span class='ocrx_word' id='word_1_355' title='bbox 276 1617 451 1645; x_wconf 84' lang='lat' dir='ltr'>exercitum.</span> <span class='ocrx_word' id='word_1_356' title='bbox 481 1616 673 1644; x_wconf 74' lang='lat' dir='ltr'>rexercitum</span> <span class='ocrx_word' id='word_1_357' title='bbox 684 1614 799 1647; x_wconf 73' lang='lat' dir='ltr'>eduxit,</span> <span class='ocrx_word' id='word_1_358' title='bbox 811 1614 1031 1654; x_wconf 83' lang='lat' dir='ltr'>impedimenta</span> <span class='ocrx_word' id='word_1_359' title='bbox 1039 1623 1086 1643; x_wconf 86' lang='lat' dir='ltr'>re-</span> 
     </span>
    </p>
   </div>
   <div class='ocr_carea' id='block_1_6' title="bbox 118 1692 1105 1990">
    <p class='ocr_par' dir='ltr' id='par_1_6' title="bbox 120 1692 1083 1739">
     <span class='ocr_line' id='line_1_38' title="bbox 120 1692 1083 1739; baseline -0.002 -10"><span class='ocrx_word' id='word_1_360' title='bbox 120 1697 371 1729; x_wconf 88' lang='lat' dir='ltr'>constitutionum</span> <span class='ocrx_word' id='word_1_361' title='bbox 381 1707 474 1739; x_wconf 88' lang='lat' dir='ltr'>partes</span> <span class='ocrx_word' id='word_1_362' title='bbox 485 1696 541 1728; x_wconf 77' lang='lat' dir='ltr'>sint</span> <span class='ocrx_word' id='word_1_363' title='bbox 551 1719 559 1732; x_wconf 91' lang='lat'>,</span> <span class='ocrx_word' id='word_1_364' title='bbox 574 1699 639 1728; x_wconf 76' lang='lat' dir='ltr'>satis</span> <span class='ocrx_word' id='word_1_365' title='bbox 649 1698 754 1729; x_wconf 90' lang='lat' dir='ltr'>videor</span> <span class='ocrx_word' id='word_1_366' title='bbox 763 1696 934 1728; x_wconf 64' lang='lat' dir='ltr'>ostendisse.</span> <span class='ocrx_word' id='word_1_367' title='bbox 962 1692 977 1716; x_wconf 87' lang='lat'><em>8</em></span> <span class='ocrx_word' id='word_1_368' title='bbox 989 1700 1020 1727; x_wconf 93' lang='lat' dir='ltr'>N</span> <span class='ocrx_word' id='word_1_369' title='bbox 1024 1707 1083 1727; x_wconf 91' lang='lat' dir='ltr'>unc</span> 
     </span>
    </p>

    <p class='ocr_par' dir='ltr' id='par_1_7' title="bbox 118 1738 1105 1990">
     <span class='ocr_line' id='line_1_39' title="bbox 142 1738 1082 1782; baseline -0.001 -12"><span class='ocrx_word' id='word_1_370' title='bbox 142 1750 182 1770; x_wconf 93' lang='lat' dir='ltr'>uo</span> <span class='ocrx_word' id='word_1_371' title='bbox 192 1739 286 1771; x_wconf 86' lang='lat' dir='ltr'>modo</span> <span class='ocrx_word' id='word_1_372' title='bbox 296 1750 341 1771; x_wconf 90' lang='lat' dir='ltr'>eas</span> <span class='ocrx_word' id='word_1_373' title='bbox 351 1760 360 1774; x_wconf 93' lang='lat'>,</span> <span class='ocrx_word' id='word_1_374' title='bbox 375 1741 408 1771; x_wconf 90' lang='lat'>&amp;</span> <span class='ocrx_word' id='word_1_375' title='bbox 419 1750 476 1782; x_wconf 89' lang='lat' dir='ltr'>qua</span> <span class='ocrx_word' id='word_1_376' title='bbox 489 1742 537 1770; x_wconf 88' lang='lat' dir='ltr'>via</span> <span class='ocrx_word' id='word_1_377' title='bbox 545 1740 660 1770; x_wconf 73' lang='lat' dir='ltr'>traCtari</span> <span class='ocrx_word' id='word_1_378' title='bbox 670 1741 831 1770; x_wconf 86' lang='lat' dir='ltr'>conveniat</span> <span class='ocrx_word' id='word_1_379' title='bbox 840 1760 848 1774; x_wconf 92' lang='lat'>,</span> <span class='ocrx_word' id='word_1_380' title='bbox 872 1738 1082 1769; x_wconf 83' lang='lat' dir='ltr'>demonstran—</span> 
     </span>
     <span class='ocr_line' id='line_1_40' title="bbox 120 1750 1082 1823; baseline -0.002 -11"><span class='ocrx_word' id='word_1_381' title='bbox 120 1750 195 1812; x_wconf 61' lang='lat' dir='ltr'>dum</span> <span class='ocrx_word' id='word_1_382' title='bbox 206 1781 258 1816; x_wconf 83' lang='lat' dir='ltr'>est,</span> <span class='ocrx_word' id='word_1_383' title='bbox 271 1780 291 1812; x_wconf 88' lang='lat' dir='ltr'>fi</span> <span class='ocrx_word' id='word_1_384' title='bbox 301 1781 382 1823; x_wconf 78' lang='lat' dir='ltr'>prius</span> <span class='ocrx_word' id='word_1_385' title='bbox 393 1792 407 1812; x_wconf 88' lang='lat' dir='ltr'>a</span> <span class='ocrx_word' id='word_1_386' title='bbox 429 1783 606 1816; x_wconf 59' lang='lat' dir='ltr'>cruminans,</span> <span class='ocrx_word' id='word_1_387' title='bbox 619 1781 692 1823; x_wconf 89' lang='lat' dir='ltr'>quid</span> <span class='ocrx_word' id='word_1_388' title='bbox 703 1790 836 1822; x_wconf 84' lang='lat' dir='ltr'>oporteat</span> <span class='ocrx_word' id='word_1_389' title='bbox 844 1781 881 1812; x_wconf 89' lang='lat' dir='ltr'>ab</span> <span class='ocrx_word' id='word_1_390' title='bbox 890 1781 1036 1812; x_wconf 87' lang='lat' dir='ltr'>ambobus</span> <span class='ocrx_word' id='word_1_391' title='bbox 1048 1782 1082 1811; x_wconf 87' lang='lat' dir='ltr'>in</span> 
     </span>
     <span class='ocr_line' id='line_1_41' title="bbox 120 1822 1080 1865; baseline -0.002 -11"><span class='ocrx_word' id='word_1_392' title='bbox 120 1824 202 1854; x_wconf 83' lang='lat' dir='ltr'>causa</span> <span class='ocrx_word' id='word_1_393' title='bbox 211 1822 361 1858; x_wconf 84' lang='lat' dir='ltr'>destinari,</span> <span class='ocrx_word' id='word_1_394' title='bbox 373 1834 413 1865; x_wconf 93' lang='lat' dir='ltr'>qu</span> <span class='ocrx_word' id='word_1_395' title='bbox 444 1825 518 1854; x_wconf 85' lang='lat' dir='ltr'>ratio</span> <span class='ocrx_word' id='word_1_396' title='bbox 529 1826 632 1854; x_wconf 90' lang='lat' dir='ltr'>omnis</span> <span class='ocrx_word' id='word_1_397' title='bbox 643 1826 733 1854; x_wconf 90' lang='lat' dir='ltr'>totius</span> <span class='ocrx_word' id='word_1_398' title='bbox 744 1825 888 1854; x_wconf 88' lang='lat' dir='ltr'>orationis</span> <span class='ocrx_word' id='word_1_399' title='bbox 898 1823 1080 1853; x_wconf 85' lang='lat' dir='ltr'>conferatur.</span> 
     </span>
     <span class='ocr_line' id='line_1_42' title="bbox 120 1864 1081 1907; baseline -0.001 -12"><span class='ocrx_word' id='word_1_400' title='bbox 120 1869 137 1894; x_wconf 86' lang='lat'>9</span> <span class='ocrx_word' id='word_1_401' title='bbox 151 1864 372 1896; x_wconf 88' lang='lat' dir='ltr'>Constitutione</span> <span class='ocrx_word' id='word_1_402' title='bbox 392 1867 483 1907; x_wconf 90' lang='lat' dir='ltr'>igitur</span> <span class='ocrx_word' id='word_1_403' title='bbox 501 1875 612 1906; x_wconf 85' lang='lat' dir='ltr'>reperta</span> <span class='ocrx_word' id='word_1_404' title='bbox 622 1886 631 1899; x_wconf 87' lang='lat'>,</span> <span class='ocrx_word' id='word_1_405' title='bbox 651 1865 749 1896; x_wconf 83' lang='lat' dir='ltr'>statim</span> <span class='ocrx_word' id='word_1_406' title='bbox 768 1865 924 1906; x_wconf 87' lang='lat' dir='ltr'>quaerenda</span> <span class='ocrx_word' id='word_1_407' title='bbox 944 1864 986 1895; x_wconf 85' lang='lat' dir='ltr'>est</span> <span class='ocrx_word' id='word_1_408' title='bbox 996 1866 1081 1894; x_wconf 84' lang='lat' dir='ltr'>ratio.</span> 
     </span>
     <span class='ocr_line' id='line_1_43' title="bbox 118 1906 1105 1948; baseline -0.003 -10"><span class='ocrx_word' id='word_1_409' title='bbox 118 1909 194 1938; x_wconf 86' lang='lat' dir='ltr'>ratio</span> <span class='ocrx_word' id='word_1_410' title='bbox 204 1906 255 1940; x_wconf 88' lang='lat' dir='ltr'>est,</span> <span class='ocrx_word' id='word_1_411' title='bbox 267 1917 332 1948; x_wconf 80' lang='lat' dir='ltr'>quae</span> <span class='ocrx_word' id='word_1_412' title='bbox 344 1908 461 1938; x_wconf 85' lang='lat' dir='ltr'>causam</span> <span class='ocrx_word' id='word_1_413' title='bbox 470 1906 541 1937; x_wconf 86' lang='lat' dir='ltr'>facit</span> <span class='ocrx_word' id='word_1_414' title='bbox 550 1928 558 1942; x_wconf 90' lang='lat'>,</span> <span class='ocrx_word' id='word_1_415' title='bbox 582 1908 616 1937; x_wconf 87' lang='lat'>&amp;</span> <span class='ocrx_word' id='word_1_416' title='bbox 626 1909 764 1938; x_wconf 88' lang='lat' dir='ltr'>continet</span> <span class='ocrx_word' id='word_1_417' title='bbox 773 1906 980 1936; x_wconf 67' lang='lat' dir='ltr'>defensionem</span> <span class='ocrx_word' id='word_1_418' title='bbox 991 1927 999 1940; x_wconf 95' lang='lat'>,</span> <span class='ocrx_word' id='word_1_419' title='bbox 1024 1907 1083 1936; x_wconf 87' lang='lat' dir='ltr'>hoc</span> <span class='ocrx_word' id='word_1_420' title='bbox 1104 1911 1105 1935; x_wconf 66' lang='grc'>1</span> 
     </span>
     <span class='ocr_line' id='line_1_44' title="bbox 119 1947 1082 1990; baseline -0.001 -12"><span class='ocrx_word' id='word_1_421' title='bbox 119 1947 215 1983; x_wconf 81' lang='lat' dir='ltr'>modo</span> <span class='ocrx_word' id='word_1_422' title='bbox 225 1968 234 1982; x_wconf 92' lang='lat'>,</span> <span class='ocrx_word' id='word_1_423' title='bbox 257 1947 301 1987; x_wconf 89' lang='lat' dir='ltr'>(ut</span> <span class='ocrx_word' id='word_1_424' title='bbox 317 1948 447 1979; x_wconf 81' lang='lat' dir='ltr'>docendi</span> <span class='ocrx_word' id='word_1_425' title='bbox 463 1949 547 1980; x_wconf 89' lang='lat' dir='ltr'>causa</span> <span class='ocrx_word' id='word_1_426' title='bbox 556 1951 592 1979; x_wconf 88' lang='lat' dir='ltr'>in</span> <span class='ocrx_word' id='word_1_427' title='bbox 603 1950 658 1979; x_wconf 89' lang='lat' dir='ltr'>hac</span> <span class='ocrx_word' id='word_1_428' title='bbox 665 1947 857 1990; x_wconf 81' lang='lat' dir='ltr'>potissimum</span> <span class='ocrx_word' id='word_1_429' title='bbox 866 1947 1082 1989; x_wconf 77' lang='lat' dir='ltr'>consistamust)</span> 
     </span>
    </p>
   </div>
   <div class='ocr_carea' id='block_1_7' title="bbox 1102 353 1110 1984">
    <p class='ocr_par' dir='ltr' id='par_1_8' title="bbox 1102 353 1110 1984">
     <span class='ocr_line' id='line_1_45' title="bbox 1102 353 1110 1984; baseline 0 0"><span class='ocrx_word' id='word_1_430' title='bbox 1102 353 1110 1984; x_wconf 95' lang='lat' dir='ltr'> </span> 
     </span>
    </p>
   </div>
   <div class='ocr_carea' id='block_1_8' title="bbox 116 2112 1105 2691">
    <p class='ocr_par' dir='ltr' id='par_1_9' title="bbox 118 2112 1105 2226">
     <span class='ocr_line' id='line_1_46' title="bbox 158 2112 1105 2148; baseline -0.004 -5"><span class='ocrx_word' id='word_1_431' title='bbox 158 2125 168 2143; x_wconf 87' lang='grc' dir='ltr'><strong>ι</strong></span> <span class='ocrx_word' id='word_1_432' title='bbox 176 2136 183 2142; x_wconf 93' lang='grc'><strong>.</strong></span> <span class='ocrx_word' id='word_1_433' title='bbox 202 2119 235 2142; x_wconf 65' lang='lat'>132</span> <span class='ocrx_word' id='word_1_434' title='bbox 253 2114 351 2147; x_wconf 68' lang='lat' dir='ltr'>confidtb</span> <span class='ocrx_word' id='word_1_435' title='bbox 362 2114 441 2147; x_wconf 69' lang='lat' dir='ltr'>fictffle</span> <span class='ocrx_word' id='word_1_436' title='bbox 460 2124 514 2139; x_wconf 75' lang='lat' dir='ltr'>rem</span> <span class='ocrx_word' id='word_1_437' title='bbox 533 2114 679 2148; x_wconf 66' lang='lat' dir='ltr'>confitetur]</span> <span class='ocrx_word' id='word_1_438' title='bbox 699 2113 827 2139; x_wconf 80' lang='lat' dir='ltr'>Voculam</span> <span class='ocrx_word' id='word_1_439' title='bbox 839 2122 893 2139; x_wconf 76' lang='lat' dir='ltr'>rem</span> <span class='ocrx_word' id='word_1_440' title='bbox 906 2112 1000 2140; x_wconf 76' lang='lat' dir='ltr'>reduxi</span> <span class='ocrx_word' id='word_1_441' title='bbox 1013 2112 1082 2139; x_wconf 70' lang='lat' dir='ltr'>suasu</span> <span class='ocrx_word' id='word_1_442' title='bbox 1102 2119 1105 2127; x_wconf 80' lang='lat'><em>&#39;</em></span> 
     </span>
     <span class='ocr_line' id='line_1_47' title="bbox 118 2148 1083 2185; baseline -0.004 -6"><span class='ocrx_word' id='word_1_443' title='bbox 118 2152 174 2180; x_wconf 79' lang='lat' dir='ltr'>Pan</span> <span class='ocrx_word' id='word_1_444' title='bbox 182 2173 188 2178; x_wconf 94' lang='lat'>.</span> <span class='ocrx_word' id='word_1_445' title='bbox 207 2151 289 2178; x_wconf 88' lang='lat' dir='ltr'>trium</span> <span class='ocrx_word' id='word_1_446' title='bbox 309 2151 337 2175; x_wconf 77' lang='lat'>8&lt;</span> <span class='ocrx_word' id='word_1_447' title='bbox 355 2150 499 2185; x_wconf 71' lang='lat' dir='ltr'>primarum</span> <span class='ocrx_word' id='word_1_448' title='bbox 520 2149 680 2175; x_wconf 85' lang='lat' dir='ltr'>editionum.</span> <span class='ocrx_word' id='word_1_449' title='bbox 700 2149 785 2175; x_wconf 84' lang='lat' dir='ltr'>solum</span> <span class='ocrx_word' id='word_1_450' title='bbox 807 2148 874 2175; x_wconf 67' lang='lat' dir='ltr'>Pan.</span> <span class='ocrx_word' id='word_1_451' title='bbox 889 2158 931 2184; x_wconf 85' lang='lat' dir='ltr'>pr.</span> <span class='ocrx_word' id='word_1_452' title='bbox 943 2149 1021 2175; x_wconf 79' lang='lat' dir='ltr'>habet</span> <span class='ocrx_word' id='word_1_453' title='bbox 1031 2149 1083 2175; x_wconf 75' lang='lat' dir='ltr'>alio</span> 
     </span>
     <span class='ocr_line' id='line_1_48' title="bbox 120 2186 840 2226; baseline -0.001 -15"><span class='ocrx_word' id='word_1_454' title='bbox 120 2187 202 2226; x_wconf 75' lang='lat' dir='ltr'>pofitu</span> <span class='ocrx_word' id='word_1_455' title='bbox 216 2197 223 2217; x_wconf 89' lang='lat'>;</span> <span class='ocrx_word' id='word_1_456' title='bbox 242 2187 271 2217; x_wconf 63' lang='grc' dir='ltr'>ό·</span> <span class='ocrx_word' id='word_1_457' title='bbox 280 2186 457 2219; x_wconf 66' lang='lat' dir='ltr'>consisltbfitiffl·</span> <span class='ocrx_word' id='word_1_458' title='bbox 468 2186 526 2218; x_wconf 72' lang='lat' dir='ltr'>&amp;fi</span> <span class='ocrx_word' id='word_1_459' title='bbox 532 2186 634 2218; x_wconf 69' lang='lat' dir='ltr'>peccaffiz</span> <span class='ocrx_word' id='word_1_460' title='bbox 644 2194 698 2210; x_wconf 74' lang='lat' dir='ltr'>reus</span> <span class='ocrx_word' id='word_1_461' title='bbox 708 2187 840 2218; x_wconf 74' lang='lat' dir='ltr'>ccmfitemr.</span> 
     </span>
    </p>

    <p class='ocr_par' dir='ltr' id='par_1_10' title="bbox 116 2220 1102 2289">
     <span class='ocr_line' id='line_1_49' title="bbox 155 2220 1082 2257; baseline -0.003 -7"><span class='ocrx_word' id='word_1_462' title='bbox 155 2233 184 2250; x_wconf 69' lang='grc' dir='ltr'>ι.</span> <span class='ocrx_word' id='word_1_463' title='bbox 202 2225 277 2257; x_wconf 74' lang='lat' dir='ltr'>Cujus</span> <span class='ocrx_word' id='word_1_464' title='bbox 286 2223 361 2247; x_wconf 83' lang='lat' dir='ltr'>multa</span> <span class='ocrx_word' id='word_1_465' title='bbox 371 2222 505 2254; x_wconf 60' lang='lat' dir='ltr'>refflfaffa</span> <span class='ocrx_word' id='word_1_466' title='bbox 514 2221 643 2255; x_wconf 67' lang='lat' dir='ltr'>constant]</span> <span class='ocrx_word' id='word_1_467' title='bbox 665 2221 726 2246; x_wconf 87' lang='lat' dir='ltr'>Hoc</span> <span class='ocrx_word' id='word_1_468' title='bbox 735 2220 782 2251; x_wconf 76' lang='lat' dir='ltr'>cst,</span> <span class='ocrx_word' id='word_1_469' title='bbox 793 2223 819 2246; x_wconf 70' lang='lat' dir='ltr'>in</span> <span class='ocrx_word' id='word_1_470' title='bbox 829 2220 899 2246; x_wconf 77' lang='lat' dir='ltr'>medio</span> <span class='ocrx_word' id='word_1_471' title='bbox 903 2221 973 2255; x_wconf 69' lang='lat' dir='ltr'>firm,</span> <span class='ocrx_word' id='word_1_472' title='bbox 987 2221 1015 2247; x_wconf 88' lang='lat'>&amp;</span> <span class='ocrx_word' id='word_1_473' title='bbox 1025 2228 1082 2247; x_wconf 82' lang='lat' dir='ltr'>nota</span> 
     </span>
     <span class='ocr_line' id='line_1_50' title="bbox 116 2255 1102 2289; baseline -0.006 -2"><span class='ocrx_word' id='word_1_474' title='bbox 116 2262 230 2287; x_wconf 59' lang='lat' dir='ltr'>omnibus.</span> <span class='ocrx_word' id='word_1_475' title='bbox 252 2260 316 2284; x_wconf 83' lang='lat' dir='ltr'>Eam</span> <span class='ocrx_word' id='word_1_476' title='bbox 328 2257 381 2283; x_wconf 60' lang='lat' dir='ltr'>vim</span> <span class='ocrx_word' id='word_1_477' title='bbox 395 2256 465 2283; x_wconf 86' lang='lat' dir='ltr'>verbi</span> <span class='ocrx_word' id='word_1_478' title='bbox 476 2259 577 2289; x_wconf 79' lang='lat' dir='ltr'>constare</span> <span class='ocrx_word' id='word_1_479' title='bbox 587 2266 639 2283; x_wconf 87' lang='lat' dir='ltr'>non</span> <span class='ocrx_word' id='word_1_480' title='bbox 650 2255 718 2282; x_wconf 79' lang='lat' dir='ltr'>vidit</span> <span class='ocrx_word' id='word_1_481' title='bbox 728 2256 885 2283; x_wconf 72' lang='lat' dir='ltr'>Lambinus.</span> <span class='ocrx_word' id='word_1_482' title='bbox 1100 2262 1102 2274; x_wconf 60' lang='lat' dir='ltr'>r</span> 
     </span>
    </p>

    <p class='ocr_par' dir='ltr' id='par_1_11' title="bbox 119 2291 1080 2364">
     <span class='ocr_line' id='line_1_51' title="bbox 155 2291 1080 2332; baseline -0.003 -10"><span class='ocrx_word' id='word_1_483' title='bbox 155 2304 182 2332; x_wconf 83' lang='lat'>3.</span> <span class='ocrx_word' id='word_1_484' title='bbox 201 2297 252 2322; x_wconf 77' lang='lat' dir='ltr'>Aut</span> <span class='ocrx_word' id='word_1_485' title='bbox 260 2297 286 2319; x_wconf 87' lang='lat' dir='ltr'>in</span> <span class='ocrx_word' id='word_1_486' title='bbox 296 2294 409 2327; x_wconf 83' lang='lat' dir='ltr'>confilium</span> <span class='ocrx_word' id='word_1_487' title='bbox 420 2312 428 2324; x_wconf 90' lang='lat'>,</span> <span class='ocrx_word' id='word_1_488' title='bbox 437 2293 505 2327; x_wconf 60' lang='grc' dir='ltr'>ὅγε]</span> <span class='ocrx_word' id='word_1_489' title='bbox 527 2292 615 2328; x_wconf 81' lang='lat' dir='ltr'>Vulgo</span> <span class='ocrx_word' id='word_1_490' title='bbox 625 2294 745 2318; x_wconf 62' lang='lat' dir='ltr'>concillum</span> <span class='ocrx_word' id='word_1_491' title='bbox 757 2313 764 2324; x_wconf 92' lang='lat'>,</span> <span class='ocrx_word' id='word_1_492' title='bbox 775 2299 868 2319; x_wconf 86' lang='lat' dir='ltr'>contra</span> <span class='ocrx_word' id='word_1_493' title='bbox 879 2291 971 2323; x_wconf 82' lang='lat' dir='ltr'>libros,</span> <span class='ocrx_word' id='word_1_494' title='bbox 983 2292 1011 2318; x_wconf 70' lang='lat'>8&lt;</span> <span class='ocrx_word' id='word_1_495' title='bbox 1021 2291 1080 2319; x_wconf 83' lang='lat' dir='ltr'>sen—</span> 
     </span>
     <span class='ocr_line' id='line_1_52' title="bbox 119 2327 1079 2364; baseline -0.005 -5"><span class='ocrx_word' id='word_1_496' title='bbox 119 2332 203 2359; x_wconf 75' lang='lat' dir='ltr'>tentia</span> <span class='ocrx_word' id='word_1_497' title='bbox 212 2330 399 2362; x_wconf 82' lang='lat' dir='ltr'>nulla.Confilia</span> <span class='ocrx_word' id='word_1_498' title='bbox 408 2327 543 2354; x_wconf 83' lang='lat' dir='ltr'>consulum</span> <span class='ocrx_word' id='word_1_499' title='bbox 554 2328 683 2364; x_wconf 80' lang='lat' dir='ltr'>intelligit</span> <span class='ocrx_word' id='word_1_500' title='bbox 692 2328 805 2355; x_wconf 86' lang='lat' dir='ltr'>aliorum</span> <span class='ocrx_word' id='word_1_501' title='bbox 826 2337 858 2354; x_wconf 88' lang='lat' dir='ltr'>ue</span> <span class='ocrx_word' id='word_1_502' title='bbox 869 2328 1079 2363; x_wconf 76' lang='lat' dir='ltr'>magistratuum.</span> 
     </span>
    </p>

    <p class='ocr_par' dir='ltr' id='par_1_12' title="bbox 119 2364 1080 2436">
     <span class='ocr_line' id='line_1_53' title="bbox 154 2364 1080 2401; baseline -0.001 -10"><span class='ocrx_word' id='word_1_503' title='bbox 154 2376 182 2401; x_wconf 84' lang='lat'>4.</span> <span class='ocrx_word' id='word_1_504' title='bbox 202 2368 243 2393; x_wconf 76' lang='lat' dir='ltr'>Vel</span> <span class='ocrx_word' id='word_1_505' title='bbox 247 2369 273 2391; x_wconf 85' lang='lat' dir='ltr'>in</span> <span class='ocrx_word' id='word_1_506' title='bbox 283 2375 330 2390; x_wconf 81' lang='lat' dir='ltr'>rem</span> <span class='ocrx_word' id='word_1_507' title='bbox 338 2367 475 2399; x_wconf 82' lang='lat' dir='ltr'>quampiam</span> <span class='ocrx_word' id='word_1_508' title='bbox 485 2365 647 2398; x_wconf 68' lang='lat' dir='ltr'>conftrimm]</span> <span class='ocrx_word' id='word_1_509' title='bbox 669 2364 786 2391; x_wconf 84' lang='lat' dir='ltr'>Verbum</span> <span class='ocrx_word' id='word_1_510' title='bbox 797 2374 812 2390; x_wconf 93' lang='lat' dir='ltr'>u</span> <span class='ocrx_word' id='word_1_511' title='bbox 827 2365 922 2390; x_wconf 87' lang='lat' dir='ltr'>timum</span> <span class='ocrx_word' id='word_1_512' title='bbox 934 2364 969 2391; x_wconf 82' lang='lat' dir='ltr'>est</span> <span class='ocrx_word' id='word_1_513' title='bbox 981 2366 996 2390; x_wconf 67' lang='lat' dir='ltr'>u</span> <span class='ocrx_word' id='word_1_514' title='bbox 1008 2364 1080 2399; x_wconf 76' lang='lat' dir='ltr'>glos-</span> 
     </span>
     <span class='ocr_line' id='line_1_54' title="bbox 119 2400 1035 2436; baseline -0.005 -6"><span class='ocrx_word' id='word_1_515' title='bbox 119 2402 202 2430; x_wconf 78' lang='lat' dir='ltr'>satore</span> <span class='ocrx_word' id='word_1_516' title='bbox 214 2421 222 2435; x_wconf 92' lang='lat'>,</span> <span class='ocrx_word' id='word_1_517' title='bbox 241 2400 501 2436; x_wconf 78' lang='lat' dir='ltr'>subintelligiturque</span> <span class='ocrx_word' id='word_1_518' title='bbox 511 2402 691 2434; x_wconf 70' lang='lat' dir='ltr'>transfirimm.</span> <span class='ocrx_word' id='word_1_519' title='bbox 712 2400 753 2427; x_wconf 84' lang='lat' dir='ltr'>vel</span> <span class='ocrx_word' id='word_1_520' title='bbox 764 2401 819 2430; x_wconf 71' lang='lat' dir='ltr'>eius</span> <span class='ocrx_word' id='word_1_521' title='bbox 832 2400 891 2426; x_wconf 82' lang='lat' dir='ltr'>loco</span> <span class='ocrx_word' id='word_1_522' title='bbox 900 2402 1035 2434; x_wconf 72' lang='lat' dir='ltr'>infer-imm.</span> 
     </span>
    </p>

    <p class='ocr_par' dir='ltr' id='par_1_13' title="bbox 119 2435 1082 2511">
     <span class='ocr_line' id='line_1_55' title="bbox 157 2435 1082 2473; baseline -0.002 -8"><span class='ocrx_word' id='word_1_523' title='bbox 157 2448 185 2473; x_wconf 87' lang='lat'>5.</span> <span class='ocrx_word' id='word_1_524' title='bbox 204 2441 237 2464; x_wconf 80' lang='lat' dir='ltr'>Et</span> <span class='ocrx_word' id='word_1_525' title='bbox 244 2437 338 2472; x_wconf 77' lang='lat' dir='ltr'>idjnffu</span> <span class='ocrx_word' id='word_1_526' title='bbox 347 2437 469 2469; x_wconf 72' lang='lat' dir='ltr'>Conficlum</span> <span class='ocrx_word' id='word_1_527' title='bbox 478 2436 612 2470; x_wconf 52' lang='lat' dir='ltr'>defendam]</span> <span class='ocrx_word' id='word_1_528' title='bbox 634 2436 676 2462; x_wconf 87' lang='lat' dir='ltr'>Sic</span> <span class='ocrx_word' id='word_1_529' title='bbox 686 2436 754 2463; x_wconf 76' lang='lat' dir='ltr'>Pan.</span> <span class='ocrx_word' id='word_1_530' title='bbox 772 2437 799 2462; x_wconf 74' lang='lat' dir='ltr'>Sc</span> <span class='ocrx_word' id='word_1_531' title='bbox 811 2436 875 2462; x_wconf 85' lang='lat' dir='ltr'>olim</span> <span class='ocrx_word' id='word_1_532' title='bbox 885 2435 1000 2472; x_wconf 85' lang='lat' dir='ltr'>impressi</span> <span class='ocrx_word' id='word_1_533' title='bbox 1014 2456 1022 2468; x_wconf 83' lang='lat'>‚</span> <span class='ocrx_word' id='word_1_534' title='bbox 1033 2435 1082 2463; x_wconf 78' lang='lat' dir='ltr'>nifi</span> 
     </span>
     <span class='ocr_line' id='line_1_56' title="bbox 119 2472 990 2511; baseline -0.003 -10"><span class='ocrx_word' id='word_1_535' title='bbox 119 2474 190 2511; x_wconf 81' lang='lat' dir='ltr'>quod</span> <span class='ocrx_word' id='word_1_536' title='bbox 202 2473 269 2500; x_wconf 76' lang='lat' dir='ltr'>Pau.</span> <span class='ocrx_word' id='word_1_537' title='bbox 278 2481 309 2509; x_wconf 87' lang='lat' dir='ltr'>pr</span> <span class='ocrx_word' id='word_1_538' title='bbox 330 2482 381 2499; x_wconf 85' lang='lat' dir='ltr'>nou</span> <span class='ocrx_word' id='word_1_539' title='bbox 393 2472 486 2498; x_wconf 77' lang='lat' dir='ltr'>habeat</span> <span class='ocrx_word' id='word_1_540' title='bbox 497 2472 615 2498; x_wconf 70' lang='lat' dir='ltr'>voculam</span> <span class='ocrx_word' id='word_1_541' title='bbox 625 2473 659 2497; x_wconf 74' lang='lat' dir='ltr'>id.</span> <span class='ocrx_word' id='word_1_542' title='bbox 671 2479 735 2498; x_wconf 83' lang='lat' dir='ltr'>tert.</span> <span class='ocrx_word' id='word_1_543' title='bbox 747 2481 810 2498; x_wconf 84' lang='lat' dir='ltr'>vero</span> <span class='ocrx_word' id='word_1_544' title='bbox 823 2472 878 2505; x_wconf 84' lang='lat' dir='ltr'>ejus</span> <span class='ocrx_word' id='word_1_545' title='bbox 889 2472 990 2504; x_wconf 59' lang='lat' dir='ltr'>iocose.</span> 
     </span>
    </p>

    <p class='ocr_par' dir='ltr' id='par_1_14' title="bbox 119 2507 1081 2580">
     <span class='ocr_line' id='line_1_57' title="bbox 154 2507 1081 2542; baseline -0.001 -8"><span class='ocrx_word' id='word_1_546' title='bbox 154 2511 174 2537; x_wconf 88' lang='lat'>6</span> <span class='ocrx_word' id='word_1_547' title='bbox 177 2531 183 2537; x_wconf 88' lang='grc'><em>,</em></span> <span class='ocrx_word' id='word_1_548' title='bbox 202 2512 243 2537; x_wconf 74' lang='grc' dir='ltr'>εχ</span> <span class='ocrx_word' id='word_1_549' title='bbox 252 2511 420 2542; x_wconf 74' lang='lat' dir='ltr'>comparatione</span> <span class='ocrx_word' id='word_1_550' title='bbox 430 2508 534 2534; x_wconf 69' lang='lat' dir='ltr'>criminis</span> <span class='ocrx_word' id='word_1_551' title='bbox 545 2509 624 2542; x_wconf 75' lang='lat' dir='ltr'>cauffa</span> <span class='ocrx_word' id='word_1_552' title='bbox 634 2509 746 2542; x_wconf 66' lang='lat' dir='ltr'>constat]</span> <span class='ocrx_word' id='word_1_553' title='bbox 770 2508 871 2534; x_wconf 86' lang='lat' dir='ltr'>Dubito</span> <span class='ocrx_word' id='word_1_554' title='bbox 881 2507 914 2535; x_wconf 86' lang='lat' dir='ltr'>de</span> <span class='ocrx_word' id='word_1_555' title='bbox 925 2516 988 2534; x_wconf 83' lang='lat' dir='ltr'>voce</span> <span class='ocrx_word' id='word_1_556' title='bbox 999 2509 1081 2534; x_wconf 78' lang='lat' dir='ltr'>erimi-</span> 
     </span>
     <span class='ocr_line' id='line_1_58' title="bbox 119 2544 814 2580; baseline -0.006 -6"><span class='ocrx_word' id='word_1_557' title='bbox 119 2547 171 2579; x_wconf 71' lang='lat' dir='ltr'>nis,</span> <span class='ocrx_word' id='word_1_558' title='bbox 186 2555 217 2572; x_wconf 82' lang='lat' dir='ltr'>:in</span> <span class='ocrx_word' id='word_1_559' title='bbox 229 2545 259 2572; x_wconf 83' lang='lat' dir='ltr'>fit</span> <span class='ocrx_word' id='word_1_560' title='bbox 269 2544 389 2580; x_wconf 85' lang='lat' dir='ltr'>legitima</span> <span class='ocrx_word' id='word_1_561' title='bbox 400 2554 405 2569; x_wconf 74' lang='grc' dir='ltr'><strong><em>τ</em></strong></span> <span class='ocrx_word' id='word_1_562' title='bbox 426 2544 531 2570; x_wconf 87' lang='lat' dir='ltr'>invexit</span> <span class='ocrx_word' id='word_1_563' title='bbox 540 2545 656 2580; x_wconf 84' lang='lat' dir='ltr'>primum</span> <span class='ocrx_word' id='word_1_564' title='bbox 666 2544 814 2570; x_wconf 52' lang='lat' dir='ltr'>Victorius.</span> 
     </span>
    </p>

    <p class='ocr_par' dir='ltr' id='par_1_15' title="bbox 120 2578 1080 2691">
     <span class='ocr_line' id='line_1_59' title="bbox 156 2578 1080 2618; baseline -0.004 -9"><span class='ocrx_word' id='word_1_565' title='bbox 156 2591 184 2618; x_wconf 92' lang='lat'>7.</span> <span class='ocrx_word' id='word_1_566' title='bbox 203 2583 339 2608; x_wconf 81' lang='lat' dir='ltr'>Exercitum</span> <span class='ocrx_word' id='word_1_567' title='bbox 348 2580 439 2611; x_wconf 70' lang='lat' dir='ltr'>eduxit,</span> <span class='ocrx_word' id='word_1_568' title='bbox 448 2580 612 2612; x_wconf 78' lang='lat' dir='ltr'>impedimenta</span> <span class='ocrx_word' id='word_1_569' title='bbox 621 2580 742 2614; x_wconf 54' lang='lat' dir='ltr'>reliquia]</span> <span class='ocrx_word' id='word_1_570' title='bbox 763 2578 904 2616; x_wconf 80' lang='lat' dir='ltr'>Qadriga</span> <span class='ocrx_word' id='word_1_571' title='bbox 912 2578 1007 2605; x_wconf 85' lang='lat' dir='ltr'>horum</span> <span class='ocrx_word' id='word_1_572' title='bbox 1021 2588 1080 2605; x_wconf 85' lang='lat' dir='ltr'>ver-</span> 
     </span>
     <span class='ocr_line' id='line_1_60' title="bbox 120 2614 1080 2651; baseline -0.002 -7"><span class='ocrx_word' id='word_1_573' title='bbox 120 2617 214 2647; x_wconf 79' lang='lat' dir='ltr'>borum</span> <span class='ocrx_word' id='word_1_574' title='bbox 225 2624 285 2644; x_wconf 83' lang='lat' dir='ltr'>nata</span> <span class='ocrx_word' id='word_1_575' title='bbox 294 2616 359 2642; x_wconf 85' lang='lat' dir='ltr'>mihi</span> <span class='ocrx_word' id='word_1_576' title='bbox 371 2614 476 2642; x_wconf 85' lang='lat' dir='ltr'>videtur</span> <span class='ocrx_word' id='word_1_577' title='bbox 486 2617 501 2640; x_wconf 76' lang='lat' dir='ltr'>:i</span> <span class='ocrx_word' id='word_1_578' title='bbox 511 2615 593 2650; x_wconf 75' lang='lat' dir='ltr'>glossa</span> <span class='ocrx_word' id='word_1_579' title='bbox 602 2615 773 2651; x_wconf 71' lang='lat' dir='ltr'>mar&#39;ginalisi</span> <span class='ocrx_word' id='word_1_580' title='bbox 784 2614 999 2646; x_wconf 74' lang='lat' dir='ltr'>retinenda‚tunc</span> <span class='ocrx_word' id='word_1_581' title='bbox 1008 2623 1080 2642; x_wconf 80' lang='lat' dir='ltr'>certe</span> 
     </span>
     <span class='ocr_line' id='line_1_61' title="bbox 121 2651 1079 2691; baseline -0.005 -9"><span class='ocrx_word' id='word_1_582' title='bbox 121 2652 296 2691; x_wconf 72' lang='lat' dir='ltr'>expungenda</span> <span class='ocrx_word' id='word_1_583' title='bbox 305 2652 413 2681; x_wconf 75' lang='lat' dir='ltr'>venient</span> <span class='ocrx_word' id='word_1_584' title='bbox 421 2651 556 2687; x_wconf 60' lang='lat' dir='ltr'>illassn&#39;m</span> <span class='ocrx_word' id='word_1_585' title='bbox 564 2653 604 2687; x_wconf 76' lang='lat' dir='ltr'>effi</span> <span class='ocrx_word' id='word_1_586' title='bbox 613 2653 682 2679; x_wconf 72' lang='lat' dir='ltr'>duxit</span> <span class='ocrx_word' id='word_1_587' title='bbox 690 2652 854 2686; x_wconf 78' lang='lat' dir='ltr'>impedimenta</span> <span class='ocrx_word' id='word_1_588' title='bbox 863 2660 935 2686; x_wconf 72' lang='lat' dir='ltr'>quam</span> <span class='ocrx_word' id='word_1_589' title='bbox 944 2654 1079 2678; x_wconf 72' lang='lat' dir='ltr'>exercitum.</span> 
     </span>
    </p>
   </div>
   <div class='ocr_carea' id='block_1_9' title="bbox 1098 2135 1105 2672">
    <p class='ocr_par' dir='ltr' id='par_1_16' title="bbox 1098 2135 1105 2672">
     <span class='ocr_line' id='line_1_62' title="bbox 1098 2135 1105 2672; baseline 0 0"><span class='ocrx_word' id='word_1_590' title='bbox 1098 2135 1105 2672; x_wconf 95' lang='lat' dir='ltr'> </span> 
     </span>
    </p>
   </div>
   <div class='ocr_carea' id='block_1_10' title="bbox 2061 125 2089 169">
    <p class='ocr_par' dir='ltr' id='par_1_17' title="bbox 2061 125 2089 169">
     <span class='ocr_line' id='line_1_63' title="bbox 2061 125 2089 169; baseline 0 0"><span class='ocrx_word' id='word_1_591' title='bbox 2061 125 2089 169; x_wconf 82' lang='lat'><em>5</em></span> 
     </span>
    </p>
   </div>
   <div class='ocr_carea' id='block_1_11' title="bbox 1124 191 2090 319">
    <p class='ocr_par' dir='ltr' id='par_1_18' title="bbox 1124 191 2090 319">
     <span class='ocr_line' id='line_1_64' title="bbox 1126 191 2090 232; baseline 0 -9"><span class='ocrx_word' id='word_1_592' title='bbox 1126 195 1227 231; x_wconf 70' lang='lat' dir='ltr'>Orestes</span> <span class='ocrx_word' id='word_1_593' title='bbox 1237 218 1245 230; x_wconf 90' lang='lat'>‚</span> <span class='ocrx_word' id='word_1_594' title='bbox 1269 195 1334 225; x_wconf 54' lang='lat' dir='ltr'>czbm</span> <span class='ocrx_word' id='word_1_595' title='bbox 1353 193 1517 232; x_wconf 70' lang='lat' dir='ltr'>confiteatur</span> <span class='ocrx_word' id='word_1_596' title='bbox 1535 195 1563 224; x_wconf 88' lang='lat' dir='ltr'>se</span> <span class='ocrx_word' id='word_1_597' title='bbox 1574 191 1713 225; x_wconf 75' lang='lat' dir='ltr'>occidisse</span> <span class='ocrx_word' id='word_1_598' title='bbox 1724 200 1851 225; x_wconf 76' lang='lat' dir='ltr'>matrem</span> <span class='ocrx_word' id='word_1_599' title='bbox 1862 212 1870 226; x_wconf 65' lang='lat' dir='ltr'>s</span> <span class='ocrx_word' id='word_1_600' title='bbox 1893 191 1947 223; x_wconf 80' lang='lat' dir='ltr'>nifi</span> <span class='ocrx_word' id='word_1_601' title='bbox 1958 192 2090 223; x_wconf 83' lang='lat' dir='ltr'>attulerit</span> 
     </span>
     <span class='ocr_line' id='line_1_65' title="bbox 1124 233 2088 276; baseline -0.002 -10"><span class='ocrx_word' id='word_1_602' title='bbox 1124 236 1197 267; x_wconf 62' lang='lat' dir='ltr'>facti</span> <span class='ocrx_word' id='word_1_603' title='bbox 1206 241 1364 271; x_wconf 74' lang='lat' dir='ltr'>rationem,</span> <span class='ocrx_word' id='word_1_604' title='bbox 1379 241 1387 256; x_wconf 88' lang='lat'>¹</span> <span class='ocrx_word' id='word_1_605' title='bbox 1394 239 1409 255; x_wconf 79' lang='lat'>0</span> <span class='ocrx_word' id='word_1_606' title='bbox 1418 238 1591 276; x_wconf 79' lang='lat' dir='ltr'>perverterit</span> <span class='ocrx_word' id='word_1_607' title='bbox 1599 235 1804 266; x_wconf 78' lang='lat' dir='ltr'>defenfioncm</span> <span class='ocrx_word' id='word_1_608' title='bbox 1811 257 1817 264; x_wconf 88' lang='lat'>.</span> <span class='ocrx_word' id='word_1_609' title='bbox 1838 245 1908 275; x_wconf 81' lang='lat' dir='ltr'>ergo</span> <span class='ocrx_word' id='word_1_610' title='bbox 1918 233 2002 264; x_wconf 81' lang='lat' dir='ltr'>affert</span> <span class='ocrx_word' id='word_1_611' title='bbox 2009 245 2088 265; x_wconf 81' lang='lat' dir='ltr'>eam:</span> 
     </span>
     <span class='ocr_line' id='line_1_66' title="bbox 1128 276 2087 319; baseline -0.001 -12"><span class='ocrx_word' id='word_1_612' title='bbox 1128 288 1192 318; x_wconf 72' lang='lat' dir='ltr'>quae</span> <span class='ocrx_word' id='word_1_613' title='bbox 1203 278 1256 308; x_wconf 74' lang='lat' dir='ltr'>nisi</span> <span class='ocrx_word' id='word_1_614' title='bbox 1267 279 1470 312; x_wconf 78' lang='lat' dir='ltr'>intercederet,</span> <span class='ocrx_word' id='word_1_615' title='bbox 1482 287 1520 308; x_wconf 84' lang='lat' dir='ltr'>ne</span> <span class='ocrx_word' id='word_1_616' title='bbox 1530 278 1613 308; x_wconf 86' lang='lat' dir='ltr'>causa</span> <span class='ocrx_word' id='word_1_617' title='bbox 1621 278 1746 319; x_wconf 83' lang='lat' dir='ltr'>quidem</span> <span class='ocrx_word' id='word_1_618' title='bbox 1757 276 1839 307; x_wconf 72' lang='lat' dir='ltr'>ess‘et.</span> <span class='ocrx_word' id='word_1_619' title='bbox 1864 277 1913 305; x_wconf 67' lang='lat' dir='ltr'>illa</span> <span class='ocrx_word' id='word_1_620' title='bbox 1922 278 2006 306; x_wconf 84' lang='lat' dir='ltr'>enim</span> <span class='ocrx_word' id='word_1_621' title='bbox 2017 296 2025 309; x_wconf 87' lang='lat'>,</span> <span class='ocrx_word' id='word_1_622' title='bbox 2038 278 2087 306; x_wconf 87' lang='lat' dir='ltr'>in-</span> 
     </span>
    </p>
   </div>
   <div class='ocr_carea' id='block_1_12' title="bbox 1103 316 2085 362">
    <p class='ocr_par' dir='ltr' id='par_1_19' title="bbox 1103 316 2085 362">
     <span class='ocr_line' id='line_1_67' title="bbox 1103 316 2085 362; baseline -0.001 -15"><span class='ocrx_word' id='word_1_623' title='bbox 1103 326 1105 345; x_wconf 67' lang='lat'><em>}</em></span> <span class='ocrx_word' id='word_1_624' title='bbox 1127 321 1202 358; x_wconf 84' lang='lat' dir='ltr'>quit,</span> <span class='ocrx_word' id='word_1_625' title='bbox 1212 329 1325 359; x_wconf 79' lang='lat' dir='ltr'>patrem</span> <span class='ocrx_word' id='word_1_626' title='bbox 1336 331 1441 350; x_wconf 82' lang='lat' dir='ltr'>meum</span> <span class='ocrx_word' id='word_1_627' title='bbox 1451 319 1608 350; x_wconf 80' lang='lat' dir='ltr'>occiderat.</span> <span class='ocrx_word' id='word_1_628' title='bbox 1622 323 1701 362; x_wconf 88' lang='lat' dir='ltr'>Ergo</span> <span class='ocrx_word' id='word_1_629' title='bbox 1713 324 1757 359; x_wconf 14' lang='lat' dir='ltr'>&lt;put</span> <span class='ocrx_word' id='word_1_630' title='bbox 1766 318 1895 358; x_wconf 78' lang='lat' dir='ltr'>ostendi)</span> <span class='ocrx_word' id='word_1_631' title='bbox 1906 320 1980 347; x_wconf 90' lang='lat' dir='ltr'>ratio</span> <span class='ocrx_word' id='word_1_632' title='bbox 1991 328 2023 347; x_wconf 90' lang='lat' dir='ltr'>ea</span> <span class='ocrx_word' id='word_1_633' title='bbox 2031 316 2085 352; x_wconf 84' lang='lat' dir='ltr'>est,</span> 
     </span>
    </p>
   </div>
   <div class='ocr_carea' id='block_1_13' title="bbox 1126 359 2088 486">
    <p class='ocr_par' dir='ltr' id='par_1_20' title="bbox 1126 359 2088 486">
     <span class='ocr_line' id='line_1_68' title="bbox 1126 359 2087 403; baseline 0 -15"><span class='ocrx_word' id='word_1_634' title='bbox 1126 370 1191 400; x_wconf 80' lang='lat' dir='ltr'>quae</span> <span class='ocrx_word' id='word_1_635' title='bbox 1201 363 1337 391; x_wconf 82' lang='lat' dir='ltr'>continet</span> <span class='ocrx_word' id='word_1_636' title='bbox 1346 361 1552 392; x_wconf 77' lang='lat' dir='ltr'>defensionem</span> <span class='ocrx_word' id='word_1_637' title='bbox 1565 381 1572 394; x_wconf 89' lang='lat'>‚</span> <span class='ocrx_word' id='word_1_638' title='bbox 1585 360 1645 391; x_wconf 85' lang='lat' dir='ltr'>fine</span> <span class='ocrx_word' id='word_1_639' title='bbox 1656 372 1712 403; x_wconf 89' lang='lat' dir='ltr'>qua</span> <span class='ocrx_word' id='word_1_640' title='bbox 1722 371 1760 391; x_wconf 84' lang='lat' dir='ltr'>ne</span> <span class='ocrx_word' id='word_1_641' title='bbox 1769 371 1854 401; x_wconf 83' lang='lat' dir='ltr'>parva</span> <span class='ocrx_word' id='word_1_642' title='bbox 1863 359 1986 400; x_wconf 88' lang='lat' dir='ltr'>quidem</span> <span class='ocrx_word' id='word_1_643' title='bbox 1998 359 2087 389; x_wconf 88' lang='lat' dir='ltr'>dubi-</span> 
     </span>
     <span class='ocr_line' id='line_1_69' title="bbox 1126 400 2087 441; baseline 0 -11"><span class='ocrx_word' id='word_1_644' title='bbox 1126 403 1196 431; x_wconf 85' lang='lat' dir='ltr'>tatio</span> <span class='ocrx_word' id='word_1_645' title='bbox 1203 401 1304 441; x_wconf 80' lang='lat' dir='ltr'>potest</span> <span class='ocrx_word' id='word_1_646' title='bbox 1317 406 1457 432; x_wconf 75' lang='lat' dir='ltr'>remorari</span> <span class='ocrx_word' id='word_1_647' title='bbox 1467 403 1704 433; x_wconf 82' lang='lat' dir='ltr'>damnationem.</span> <span class='ocrx_word' id='word_1_648' title='bbox 1728 403 1984 435; x_wconf 74' lang='lat' dir='ltr'>Inventamtione,</span> <span class='ocrx_word' id='word_1_649' title='bbox 1999 404 2022 420; x_wconf 89' lang='lat'>¹¹</span> <span class='ocrx_word' id='word_1_650' title='bbox 2037 400 2087 430; x_wconf 86' lang='lat' dir='ltr'>fir-</span> 
     </span>
     <span class='ocr_line' id='line_1_70' title="bbox 1126 442 2088 486; baseline 0.001 -14"><span class='ocrx_word' id='word_1_651' title='bbox 1126 452 1316 472; x_wconf 75' lang='lat' dir='ltr'>mamentum</span> <span class='ocrx_word' id='word_1_652' title='bbox 1325 444 1519 483; x_wconf 58' lang='lat' dir='ltr'>quaerendum</span> <span class='ocrx_word' id='word_1_653' title='bbox 1531 444 1573 474; x_wconf 90' lang='lat' dir='ltr'>est</span> <span class='ocrx_word' id='word_1_654' title='bbox 1585 455 1591 474; x_wconf 75' lang='lat'>1</span> <span class='ocrx_word' id='word_1_655' title='bbox 1612 445 1643 475; x_wconf 88' lang='lat' dir='ltr'>id</span> <span class='ocrx_word' id='word_1_656' title='bbox 1655 444 1698 475; x_wconf 86' lang='lat' dir='ltr'>est</span> <span class='ocrx_word' id='word_1_657' title='bbox 1708 465 1716 479; x_wconf 86' lang='lat'>,</span> <span class='ocrx_word' id='word_1_658' title='bbox 1737 444 1818 486; x_wconf 89' lang='lat' dir='ltr'>quod</span> <span class='ocrx_word' id='word_1_659' title='bbox 1828 445 1964 473; x_wconf 82' lang='lat' dir='ltr'>continet</span> <span class='ocrx_word' id='word_1_660' title='bbox 1972 442 2088 473; x_wconf 83' lang='lat' dir='ltr'>accusa-</span> 
     </span>
    </p>
   </div>
   <div class='ocr_carea' id='block_1_14' title="bbox 1101 483 2086 559">
    <p class='ocr_par' dir='ltr' id='par_1_21' title="bbox 1101 483 2086 559">
     <span class='ocr_line' id='line_1_71' title="bbox 1102 483 2086 525; baseline 0 -11"><span class='ocrx_word' id='word_1_661' title='bbox 1102 488 1103 494; x_wconf 64' lang='lat'><em>*</em></span> <span class='ocrx_word' id='word_1_662' title='bbox 1125 486 1242 514; x_wconf 86' lang='lat' dir='ltr'>tionem</span> <span class='ocrx_word' id='word_1_663' title='bbox 1256 505 1265 518; x_wconf 83' lang='lat'>,</span> <span class='ocrx_word' id='word_1_664' title='bbox 1276 484 1356 525; x_wconf 89' lang='lat' dir='ltr'>quod</span> <span class='ocrx_word' id='word_1_665' title='bbox 1367 483 1486 514; x_wconf 76' lang='lat' dir='ltr'>affertur</span> <span class='ocrx_word' id='word_1_666' title='bbox 1495 496 1596 516; x_wconf 82' lang='lat' dir='ltr'>contra</span> <span class='ocrx_word' id='word_1_667' title='bbox 1604 489 1751 517; x_wconf 83' lang='lat' dir='ltr'>rationem</span> <span class='ocrx_word' id='word_1_668' title='bbox 1762 484 1942 516; x_wconf 81' lang='lat' dir='ltr'>defensionis</span> <span class='ocrx_word' id='word_1_669' title='bbox 1954 504 1964 519; x_wconf 87' lang='lat'>,</span> <span class='ocrx_word' id='word_1_670' title='bbox 1983 484 2018 515; x_wconf 87' lang='lat' dir='ltr'>de</span> <span class='ocrx_word' id='word_1_671' title='bbox 2029 494 2086 525; x_wconf 75' lang='lat' dir='ltr'>qua</span> 
     </span>
     <span class='ocr_line' id='line_1_72' title="bbox 1101 524 2086 559; baseline 0 -3"><span class='ocrx_word' id='word_1_672' title='bbox 1101 544 1102 550; x_wconf 59' lang='lat'>,</span> <span class='ocrx_word' id='word_1_673' title='bbox 1123 526 1190 556; x_wconf 55' lang='lat' dir='ltr'>am}</span> <span class='ocrx_word' id='word_1_674' title='bbox 1203 525 1320 555; x_wconf 66' lang='lat' dir='ltr'>dic‘tum</span> <span class='ocrx_word' id='word_1_675' title='bbox 1330 524 1383 555; x_wconf 84' lang='lat' dir='ltr'>est.</span> <span class='ocrx_word' id='word_1_676' title='bbox 1406 525 1441 555; x_wconf 87' lang='lat' dir='ltr'>Id</span> <span class='ocrx_word' id='word_1_677' title='bbox 1451 526 1645 557; x_wconf 79' lang='lat' dir='ltr'>constituetur</span> <span class='ocrx_word' id='word_1_678' title='bbox 1656 529 1714 559; x_wconf 85' lang='lat' dir='ltr'>hoc</span> <span class='ocrx_word' id='word_1_679' title='bbox 1724 527 1818 558; x_wconf 89' lang='lat' dir='ltr'>modo</span> <span class='ocrx_word' id='word_1_680' title='bbox 1832 539 1837 556; x_wconf 93' lang='lat'>:</span> <span class='ocrx_word' id='word_1_681' title='bbox 1849 525 1927 558; x_wconf 77' lang='lat' dir='ltr'>Cum</span> <span class='ocrx_word' id='word_1_682' title='bbox 1939 527 2086 557; x_wconf 66' lang='grc'><strong>1111131116-</strong></span> 
     </span>
    </p>
   </div>
   <div class='ocr_carea' id='block_1_15' title="bbox 1118 567 2085 1015">
    <p class='ocr_par' dir='ltr' id='par_1_22' title="bbox 1118 567 2085 1015">
     <span class='ocr_line' id='line_1_73' title="bbox 1122 567 2085 609; baseline 0.001 -12"><span class='ocrx_word' id='word_1_683' title='bbox 1122 570 1159 597; x_wconf 69' lang='lat' dir='ltr'>rit</span> <span class='ocrx_word' id='word_1_684' title='bbox 1170 567 1284 598; x_wconf 71' lang='lat' dir='ltr'>Orestes</span> <span class='ocrx_word' id='word_1_685' title='bbox 1296 569 1409 598; x_wconf 79' lang='lat' dir='ltr'>ratione</span> <span class='ocrx_word' id='word_1_686' title='bbox 1421 587 1428 600; x_wconf 88' lang='lat'>,</span> <span class='ocrx_word' id='word_1_687' title='bbox 1443 568 1500 596; x_wconf 76' lang='lat' dir='ltr'>hoc</span> <span class='ocrx_word' id='word_1_688' title='bbox 1509 567 1595 606; x_wconf 56' lang='lat' dir='ltr'>pat‘to</span> <span class='ocrx_word' id='word_1_689' title='bbox 1607 589 1614 602; x_wconf 85' lang='lat'>,</span> <span class='ocrx_word' id='word_1_690' title='bbox 1628 572 1692 599; x_wconf 72' lang='lat' dir='ltr'>lure</span> <span class='ocrx_word' id='word_1_691' title='bbox 1702 570 1789 599; x_wconf 62' lang='lat' dir='ltr'>occidi</span> <span class='ocrx_word' id='word_1_692' title='bbox 1800 582 1807 603; x_wconf 69' lang='lat'>3</span> <span class='ocrx_word' id='word_1_693' title='bbox 1820 570 1870 600; x_wconf 86' lang='lat' dir='ltr'>illa</span> <span class='ocrx_word' id='word_1_694' title='bbox 1878 571 1962 599; x_wconf 84' lang='lat' dir='ltr'>enim</span> <span class='ocrx_word' id='word_1_695' title='bbox 1970 577 2085 609; x_wconf 74' lang='lat' dir='ltr'>patrem</span> 
     </span>
     <span class='ocr_line' id='line_1_74' title="bbox 1123 609 2084 644; baseline 0.001 -6"><span class='ocrx_word' id='word_1_696' title='bbox 1123 619 1228 639; x_wconf 75' lang='lat' dir='ltr'>meu-m</span> <span class='ocrx_word' id='word_1_697' title='bbox 1239 609 1385 639; x_wconf 78' lang='lat' dir='ltr'>occiderat</span> <span class='ocrx_word' id='word_1_698' title='bbox 1397 619 1402 637; x_wconf 87' lang='lat'><strong>:</strong></span> <span class='ocrx_word' id='word_1_699' title='bbox 1422 616 1520 638; x_wconf 72' lang='lat' dir='ltr'>utetur</span> <span class='ocrx_word' id='word_1_700' title='bbox 1527 611 1673 640; x_wconf 73' lang='lat' dir='ltr'>accusator</span> <span class='ocrx_word' id='word_1_701' title='bbox 1684 610 1887 644; x_wconf 68' lang='lat' dir='ltr'>firmamento,</span> <span class='ocrx_word' id='word_1_702' title='bbox 1899 612 1957 640; x_wconf 88' lang='lat' dir='ltr'>hoc</span> <span class='ocrx_word' id='word_1_703' title='bbox 1969 609 2064 640; x_wconf 88' lang='lat' dir='ltr'>modo</span> <span class='ocrx_word' id='word_1_704' title='bbox 2078 620 2084 639; x_wconf 75' lang='lat' dir='ltr'><em>z</em></span> 
     </span>
     <span class='ocr_line' id='line_1_75' title="bbox 1124 651 2084 692; baseline 0 -11"><span class='ocrx_word' id='word_1_705' title='bbox 1124 655 1150 670; x_wconf 81' lang='lat'>¹²</span> <span class='ocrx_word' id='word_1_706' title='bbox 1172 651 1226 681; x_wconf 67' lang='lat' dir='ltr'>Sed</span> <span class='ocrx_word' id='word_1_707' title='bbox 1240 662 1291 680; x_wconf 74' lang='lat' dir='ltr'>non</span> <span class='ocrx_word' id='word_1_708' title='bbox 1310 651 1360 681; x_wconf 87' lang='lat' dir='ltr'>abs</span> <span class='ocrx_word' id='word_1_709' title='bbox 1371 660 1397 680; x_wconf 89' lang='lat' dir='ltr'>te</span> <span class='ocrx_word' id='word_1_710' title='bbox 1408 659 1510 680; x_wconf 76' lang='lat' dir='ltr'>tamen</span> <span class='ocrx_word' id='word_1_711' title='bbox 1520 651 1635 683; x_wconf 82' lang='lat' dir='ltr'>occidi,</span> <span class='ocrx_word' id='word_1_712' title='bbox 1660 662 1755 688; x_wconf 75' lang='lat' dir='ltr'>neque</span> <span class='ocrx_word' id='word_1_713' title='bbox 1766 653 1970 685; x_wconf 72' lang='lat' dir='ltr'>indemnatam</span> <span class='ocrx_word' id='word_1_714' title='bbox 1981 660 2084 692; x_wconf 84' lang='lat' dir='ltr'>poenas</span> 
     </span>
     <span class='ocr_line' id='line_1_76' title="bbox 1122 691 2080 733; baseline 0 -11"><span class='ocrx_word' id='word_1_715' title='bbox 1122 692 1252 733; x_wconf 75' lang='lat' dir='ltr'>pendere</span> <span class='ocrx_word' id='word_1_716' title='bbox 1261 693 1405 733; x_wconf 86' lang='lat' dir='ltr'>oportuit.</span> <span class='ocrx_word' id='word_1_717' title='bbox 1430 694 1476 721; x_wconf 84' lang='lat' dir='ltr'>Ex</span> <span class='ocrx_word' id='word_1_718' title='bbox 1486 693 1600 721; x_wconf 78' lang='lat' dir='ltr'>ratione</span> <span class='ocrx_word' id='word_1_719' title='bbox 1609 691 1799 727; x_wconf 78' lang='lat' dir='ltr'>defensionis,</span> <span class='ocrx_word' id='word_1_720' title='bbox 1813 695 1844 724; x_wconf 65' lang='grc' dir='ltr'>ὃς</span> <span class='ocrx_word' id='word_1_721' title='bbox 1854 704 1893 724; x_wconf 75' lang='lat' dir='ltr'>ex</span> <span class='ocrx_word' id='word_1_722' title='bbox 1904 693 2080 724; x_wconf 76' lang='lat' dir='ltr'>firmamen-</span> 
     </span>
     <span class='ocr_line' id='line_1_77' title="bbox 1125 732 2084 776; baseline 0.001 -12"><span class='ocrx_word' id='word_1_723' title='bbox 1125 744 1156 764; x_wconf 84' lang='lat' dir='ltr'>to</span> <span class='ocrx_word' id='word_1_724' title='bbox 1167 735 1370 767; x_wconf 82' lang='lat' dir='ltr'>accusationis,</span> <span class='ocrx_word' id='word_1_725' title='bbox 1380 733 1487 773; x_wconf 85' lang='lat' dir='ltr'>judicii</span> <span class='ocrx_word' id='word_1_726' title='bbox 1497 732 1621 774; x_wconf 74' lang='lat' dir='ltr'>quaestio</span> <span class='ocrx_word' id='word_1_727' title='bbox 1632 734 1762 764; x_wconf 77' lang='lat' dir='ltr'>nascatur</span> <span class='ocrx_word' id='word_1_728' title='bbox 1772 745 1888 776; x_wconf 82' lang='lat' dir='ltr'>oportet</span> <span class='ocrx_word' id='word_1_729' title='bbox 1899 747 1904 764; x_wconf 91' lang='lat'>:</span> <span class='ocrx_word' id='word_1_730' title='bbox 1924 745 2013 776; x_wconf 82' lang='lat' dir='ltr'>quam</span> <span class='ocrx_word' id='word_1_731' title='bbox 2026 744 2084 765; x_wconf 75' lang='lat' dir='ltr'>nos</span> 
     </span>
     <span class='ocr_line' id='line_1_78' title="bbox 1118 777 2085 819; baseline 0.002 -12"><span class='ocrx_word' id='word_1_732' title='bbox 1118 779 1324 819; x_wconf 65' lang='lat' dir='ltr'>judicationem</span> <span class='ocrx_word' id='word_1_733' title='bbox 1335 799 1343 812; x_wconf 93' lang='lat'>‚</span> <span class='ocrx_word' id='word_1_734' title='bbox 1368 780 1433 808; x_wconf 82' lang='lat' dir='ltr'>Grae</span> <span class='ocrx_word' id='word_1_735' title='bbox 1439 779 1465 808; x_wconf 90' lang='lat' dir='ltr'>ci</span> <span class='ocrx_word' id='word_1_736' title='bbox 1474 777 1637 816; x_wconf 62' lang='grc' dir='ltr'>κεινόμᾶζυον</span> <span class='ocrx_word' id='word_1_737' title='bbox 1646 779 1802 817; x_wconf 80' lang='lat' dir='ltr'>appellant.</span> <span class='ocrx_word' id='word_1_738' title='bbox 1835 782 1876 809; x_wconf 84' lang='lat' dir='ltr'>Ea</span> <span class='ocrx_word' id='word_1_739' title='bbox 1894 779 2085 809; x_wconf 76' lang='lat' dir='ltr'>constituitur</span> 
     </span>
     <span class='ocr_line' id='line_1_79' title="bbox 1124 818 2084 859; baseline 0.002 -9"><span class='ocrx_word' id='word_1_740' title='bbox 1124 831 1162 851; x_wconf 84' lang='lat' dir='ltr'>ex</span> <span class='ocrx_word' id='word_1_741' title='bbox 1173 819 1392 859; x_wconf 68' lang='lat' dir='ltr'>conjuntstione</span> <span class='ocrx_word' id='word_1_742' title='bbox 1403 818 1585 851; x_wconf 82' lang='lat' dir='ltr'>firmamenti</span> <span class='ocrx_word' id='word_1_743' title='bbox 1596 840 1605 854; x_wconf 93' lang='lat'>‚</span> <span class='ocrx_word' id='word_1_744' title='bbox 1628 820 1660 850; x_wconf 87' lang='lat'>&amp;</span> <span class='ocrx_word' id='word_1_745' title='bbox 1669 821 1791 850; x_wconf 74' lang='lat' dir='ltr'>rationis</span> <span class='ocrx_word' id='word_1_746' title='bbox 1803 820 1973 850; x_wconf 72' lang='lat' dir='ltr'>defensione</span> <span class='ocrx_word' id='word_1_747' title='bbox 1983 841 1991 855; x_wconf 85' lang='lat'>‚</span> <span class='ocrx_word' id='word_1_748' title='bbox 2023 822 2084 852; x_wconf 84' lang='lat' dir='ltr'>hoc</span> 
     </span>
     <span class='ocr_line' id='line_1_80' title="bbox 1124 860 2083 901; baseline -0.001 -9"><span class='ocrx_word' id='word_1_749' title='bbox 1124 862 1219 892; x_wconf 89' lang='lat' dir='ltr'>modo</span> <span class='ocrx_word' id='word_1_750' title='bbox 1231 873 1236 890; x_wconf 77' lang='lat'>2</span> <span class='ocrx_word' id='word_1_751' title='bbox 1251 860 1320 891; x_wconf 63' lang='lat' dir='ltr'>Ciam</span> <span class='ocrx_word' id='word_1_752' title='bbox 1330 861 1407 890; x_wconf 82' lang='lat' dir='ltr'>dicat</span> <span class='ocrx_word' id='word_1_753' title='bbox 1419 860 1544 895; x_wconf 82' lang='lat' dir='ltr'>Orestes,</span> <span class='ocrx_word' id='word_1_754' title='bbox 1557 862 1584 891; x_wconf 88' lang='lat' dir='ltr'>se</span> <span class='ocrx_word' id='word_1_755' title='bbox 1595 864 1683 901; x_wconf 88' lang='lat' dir='ltr'>patris</span> <span class='ocrx_word' id='word_1_756' title='bbox 1693 862 1856 891; x_wconf 81' lang='lat' dir='ltr'>ulciscendi</span> <span class='ocrx_word' id='word_1_757' title='bbox 1866 863 1947 892; x_wconf 71' lang='lat' dir='ltr'>causa</span> <span class='ocrx_word' id='word_1_758' title='bbox 1956 871 2083 892; x_wconf 87' lang='lat' dir='ltr'>matrem</span> 
     </span>
     <span class='ocr_line' id='line_1_81' title="bbox 1123 901 2084 943; baseline 0 -9"><span class='ocrx_word' id='word_1_759' title='bbox 1123 902 1264 934; x_wconf 77' lang='lat' dir='ltr'>occidisse</span> <span class='ocrx_word' id='word_1_760' title='bbox 1275 924 1284 937; x_wconf 91' lang='lat'>,</span> <span class='ocrx_word' id='word_1_761' title='bbox 1303 902 1462 933; x_wconf 55' lang='lat' dir='ltr'>reffttimne</span> <span class='ocrx_word' id='word_1_762' title='bbox 1479 902 1570 933; x_wconf 86' lang='lat' dir='ltr'>fuerit</span> <span class='ocrx_word' id='word_1_763' title='bbox 1587 904 1602 933; x_wconf 75' lang='lat' dir='ltr'>a</span> <span class='ocrx_word' id='word_1_764' title='bbox 1623 902 1688 933; x_wconf 81' lang='lat' dir='ltr'>filio</span> <span class='ocrx_word' id='word_1_765' title='bbox 1698 901 1758 933; x_wconf 88' lang='lat' dir='ltr'>fine</span> <span class='ocrx_word' id='word_1_766' title='bbox 1774 903 1889 942; x_wconf 81' lang='lat' dir='ltr'>judicio</span> <span class='ocrx_word' id='word_1_767' title='bbox 1899 904 2084 943; x_wconf 72' lang='lat' dir='ltr'>Clytazmne-</span> 
     </span>
     <span class='ocr_line' id='line_1_82' title="bbox 1124 945 2084 1015; baseline 0 -40"><span class='ocrx_word' id='word_1_768' title='bbox 1124 945 1212 976; x_wconf 81' lang='lat' dir='ltr'>stram</span> <span class='ocrx_word' id='word_1_769' title='bbox 1224 945 1334 975; x_wconf 80' lang='lat' dir='ltr'>occidi.</span> <span class='ocrx_word' id='word_1_770' title='bbox 1366 948 1445 1015; x_wconf 65' lang='grc' dir='ltr'><strong>131ῗο</strong></span> <span class='ocrx_word' id='word_1_771' title='bbox 1457 946 1508 974; x_wconf 81' lang='lat' dir='ltr'>hac</span> <span class='ocrx_word' id='word_1_772' title='bbox 1517 947 1631 975; x_wconf 86' lang='lat' dir='ltr'>ratione</span> <span class='ocrx_word' id='word_1_773' title='bbox 1637 945 1859 983; x_wconf 82' lang='lat' dir='ltr'>judicationem</span> <span class='ocrx_word' id='word_1_774' title='bbox 1873 947 1997 984; x_wconf 77' lang='lat' dir='ltr'>reperire</span> <span class='ocrx_word' id='word_1_775' title='bbox 2009 955 2084 975; x_wconf 89' lang='lat' dir='ltr'>con-</span> 
     </span>
    </p>
   </div>
   <div class='ocr_carea' id='block_1_16' title="bbox 1101 984 2086 1034">
    <p class='ocr_par' dir='ltr' id='par_1_23' title="bbox 1101 984 2086 1034">
     <span class='ocr_line' id='line_1_83' title="bbox 1101 984 2086 1034; baseline 0 -17"><span class='ocrx_word' id='word_1_776' title='bbox 1101 984 1103 1007; x_wconf 64' lang='lat'>!</span> <span class='ocrx_word' id='word_1_777' title='bbox 1122 990 1217 1017; x_wconf 78' lang='lat' dir='ltr'>venit.</span> <span class='ocrx_word' id='word_1_778' title='bbox 1240 996 1352 1034; x_wconf 60' lang='lat' dir='ltr'>reperta</span> <span class='ocrx_word' id='word_1_779' title='bbox 1367 997 1411 1025; x_wconf 71' lang='lat' dir='ltr'>Jur</span> <span class='ocrx_word' id='word_1_780' title='bbox 1424 988 1550 1016; x_wconf 81' lang='lat' dir='ltr'>icatione</span> <span class='ocrx_word' id='word_1_781' title='bbox 1563 1007 1570 1019; x_wconf 87' lang='lat'>,</span> <span class='ocrx_word' id='word_1_782' title='bbox 1593 996 1721 1016; x_wconf 85' lang='lat' dir='ltr'>omnem</span> <span class='ocrx_word' id='word_1_783' title='bbox 1740 989 1908 1017; x_wconf 71' lang='lat' dir='ltr'>orationem</span> <span class='ocrx_word' id='word_1_784' title='bbox 1918 989 2009 1016; x_wconf 72' lang='lat' dir='ltr'>totius</span> <span class='ocrx_word' id='word_1_785' title='bbox 2021 996 2086 1017; x_wconf 84' lang='lat' dir='ltr'>ora-</span> 
     </span>
    </p>
   </div>
   <div class='ocr_carea' id='block_1_17' title="bbox 1122 1027 2090 1988">
    <p class='ocr_par' dir='ltr' id='par_1_24' title="bbox 1122 1027 2087 1612">
     <span class='ocr_line' id='line_1_84' title="bbox 1124 1027 2085 1067; baseline -0.002 -8"><span class='ocrx_word' id='word_1_786' title='bbox 1124 1031 1216 1059; x_wconf 81' lang='lat' dir='ltr'>tionis</span> <span class='ocrx_word' id='word_1_787' title='bbox 1235 1039 1272 1058; x_wconf 89' lang='lat' dir='ltr'>co</span> <span class='ocrx_word' id='word_1_788' title='bbox 1292 1028 1422 1058; x_wconf 78' lang='lat' dir='ltr'>conferri</span> <span class='ocrx_word' id='word_1_789' title='bbox 1443 1028 1604 1067; x_wconf 78' lang='lat' dir='ltr'>oportebit.</span> <span class='ocrx_word' id='word_1_790' title='bbox 1656 1031 1693 1058; x_wconf 92' lang='lat' dir='ltr'>In</span> <span class='ocrx_word' id='word_1_791' title='bbox 1703 1029 1848 1058; x_wconf 80' lang='lat' dir='ltr'>omnibus</span> <span class='ocrx_word' id='word_1_792' title='bbox 1859 1027 2085 1058; x_wconf 71' lang='lat' dir='ltr'>constitutioni-</span> 
     </span>
     <span class='ocr_line' id='line_1_85' title="bbox 1125 1069 2086 1110; baseline 0 -11"><span class='ocrx_word' id='word_1_793' title='bbox 1125 1071 1180 1100; x_wconf 82' lang='lat' dir='ltr'>bus</span> <span class='ocrx_word' id='word_1_794' title='bbox 1190 1091 1198 1104; x_wconf 88' lang='lat'>‚</span> <span class='ocrx_word' id='word_1_795' title='bbox 1221 1070 1255 1100; x_wconf 83' lang='lat'>&amp;</span> <span class='ocrx_word' id='word_1_796' title='bbox 1273 1070 1403 1110; x_wconf 79' lang='lat' dir='ltr'>partibus</span> <span class='ocrx_word' id='word_1_797' title='bbox 1414 1069 1667 1100; x_wconf 79' lang='lat' dir='ltr'>constitutionum</span> <span class='ocrx_word' id='word_1_798' title='bbox 1679 1071 1732 1100; x_wconf 69' lang='lat' dir='ltr'>hac</span> <span class='ocrx_word' id='word_1_799' title='bbox 1741 1070 1992 1109; x_wconf 75' lang='lat' dir='ltr'>viajudicationes</span> <span class='ocrx_word' id='word_1_800' title='bbox 2003 1079 2086 1110; x_wconf 83' lang='lat' dir='ltr'>repe-</span> 
     </span>
     <span class='ocr_line' id='line_1_86' title="bbox 1124 1110 2087 1152; baseline -0.001 -9"><span class='ocrx_word' id='word_1_801' title='bbox 1124 1115 1238 1143; x_wconf 84' lang='lat' dir='ltr'>rienrur</span> <span class='ocrx_word' id='word_1_802' title='bbox 1247 1133 1256 1145; x_wconf 80' lang='grc'>,</span> <span class='ocrx_word' id='word_1_803' title='bbox 1276 1110 1472 1152; x_wconf 65' lang='lat' dir='ltr'>praeterquam</span> <span class='ocrx_word' id='word_1_804' title='bbox 1484 1114 1516 1141; x_wconf 90' lang='lat' dir='ltr'>in</span> <span class='ocrx_word' id='word_1_805' title='bbox 1529 1112 1721 1152; x_wconf 63' lang='lat' dir='ltr'>conjecturali</span> <span class='ocrx_word' id='word_1_806' title='bbox 1731 1111 1958 1142; x_wconf 80' lang='lat' dir='ltr'>constitutione.</span> <span class='ocrx_word' id='word_1_807' title='bbox 1990 1122 2021 1141; x_wconf 85' lang='lat' dir='ltr'>ea</span> <span class='ocrx_word' id='word_1_808' title='bbox 2031 1122 2087 1142; x_wconf 85' lang='lat' dir='ltr'>nec</span> 
     </span>
     <span class='ocr_line' id='line_1_87' title="bbox 1124 1152 2085 1195; baseline -0.001 -11"><span class='ocrx_word' id='word_1_809' title='bbox 1124 1157 1198 1185; x_wconf 81' lang='lat' dir='ltr'>ratio</span> <span class='ocrx_word' id='word_1_810' title='bbox 1210 1156 1350 1195; x_wconf 67' lang='lat' dir='ltr'>quaeritur</span> <span class='ocrx_word' id='word_1_811' title='bbox 1360 1173 1368 1186; x_wconf 93' lang='lat'>,</span> <span class='ocrx_word' id='word_1_812' title='bbox 1381 1163 1469 1194; x_wconf 83' lang='lat' dir='ltr'>quare</span> <span class='ocrx_word' id='word_1_813' title='bbox 1479 1152 1584 1183; x_wconf 87' lang='lat' dir='ltr'>fecerit</span> <span class='ocrx_word' id='word_1_814' title='bbox 1596 1165 1603 1187; x_wconf 78' lang='lat'>3</span> <span class='ocrx_word' id='word_1_815' title='bbox 1613 1152 1713 1183; x_wconf 83' lang='lat' dir='ltr'>feciffe</span> <span class='ocrx_word' id='word_1_816' title='bbox 1724 1156 1807 1183; x_wconf 88' lang='lat' dir='ltr'>enim</span> <span class='ocrx_word' id='word_1_817' title='bbox 1819 1162 1954 1194; x_wconf 82' lang='lat' dir='ltr'>negatur:</span> <span class='ocrx_word' id='word_1_818' title='bbox 1969 1163 2025 1183; x_wconf 87' lang='lat' dir='ltr'>nec</span> <span class='ocrx_word' id='word_1_819' title='bbox 2037 1152 2085 1183; x_wconf 82' lang='lat' dir='ltr'>fir-</span> 
     </span>
     <span class='ocr_line' id='line_1_88' title="bbox 1124 1194 2087 1236; baseline -0.002 -10"><span class='ocrx_word' id='word_1_820' title='bbox 1124 1205 1315 1226; x_wconf 86' lang='lat' dir='ltr'>mamentum</span> <span class='ocrx_word' id='word_1_821' title='bbox 1334 1197 1518 1236; x_wconf 80' lang='lat' dir='ltr'>exquiritur:</span> <span class='ocrx_word' id='word_1_822' title='bbox 1538 1198 1681 1236; x_wconf 82' lang='lat' dir='ltr'>quoniam</span> <span class='ocrx_word' id='word_1_823' title='bbox 1694 1205 1757 1225; x_wconf 90' lang='lat' dir='ltr'>non</span> <span class='ocrx_word' id='word_1_824' title='bbox 1769 1194 1866 1225; x_wconf 83' lang='lat' dir='ltr'>subest</span> <span class='ocrx_word' id='word_1_825' title='bbox 1876 1197 1960 1225; x_wconf 75' lang='lat' dir='ltr'>ratio.</span> <span class='ocrx_word' id='word_1_826' title='bbox 1990 1197 2087 1236; x_wconf 73' lang='lat' dir='ltr'>Qare</span> 
     </span>
     <span class='ocr_line' id='line_1_89' title="bbox 1122 1235 2087 1276; baseline -0.002 -8"><span class='ocrx_word' id='word_1_827' title='bbox 1122 1248 1161 1268; x_wconf 82' lang='lat' dir='ltr'>ex</span> <span class='ocrx_word' id='word_1_828' title='bbox 1181 1239 1351 1268; x_wconf 82' lang='lat' dir='ltr'>intentione</span> <span class='ocrx_word' id='word_1_829' title='bbox 1362 1257 1370 1270; x_wconf 88' lang='lat'>,</span> <span class='ocrx_word' id='word_1_830' title='bbox 1393 1237 1426 1266; x_wconf 90' lang='lat'>&amp;</span> <span class='ocrx_word' id='word_1_831' title='bbox 1445 1235 1623 1267; x_wconf 80' lang='lat' dir='ltr'>infitiatione</span> <span class='ocrx_word' id='word_1_832' title='bbox 1641 1237 1787 1276; x_wconf 82' lang='lat' dir='ltr'>judicatio</span> <span class='ocrx_word' id='word_1_833' title='bbox 1797 1236 1989 1266; x_wconf 86' lang='lat' dir='ltr'>constituitur</span> <span class='ocrx_word' id='word_1_834' title='bbox 1998 1257 2005 1270; x_wconf 91' lang='lat'>,</span> <span class='ocrx_word' id='word_1_835' title='bbox 2027 1239 2087 1266; x_wconf 86' lang='grc'><strong>1106</strong></span> 
     </span>
     <span class='ocr_line' id='line_1_90' title="bbox 1125 1277 2087 1318; baseline -0.001 -9"><span class='ocrx_word' id='word_1_836' title='bbox 1125 1279 1220 1310; x_wconf 91' lang='lat' dir='ltr'>modo</span> <span class='ocrx_word' id='word_1_837' title='bbox 1232 1290 1237 1308; x_wconf 89' lang='lat'>:</span> <span class='ocrx_word' id='word_1_838' title='bbox 1257 1281 1392 1309; x_wconf 81' lang='lat' dir='ltr'>Intentio</span> <span class='ocrx_word' id='word_1_839' title='bbox 1402 1278 1455 1312; x_wconf 88' lang='lat' dir='ltr'>est,</span> <span class='ocrx_word' id='word_1_840' title='bbox 1467 1278 1597 1315; x_wconf 70' lang='lat' dir='ltr'>Occidisti</span> <span class='ocrx_word' id='word_1_841' title='bbox 1607 1280 1747 1318; x_wconf 55' lang='lat' dir='ltr'>Ajacem.</span> <span class='ocrx_word' id='word_1_842' title='bbox 1771 1277 1915 1308; x_wconf 77' lang='lat' dir='ltr'>Infitiatio</span> <span class='ocrx_word' id='word_1_843' title='bbox 1927 1299 1935 1312; x_wconf 93' lang='lat'>,</span> <span class='ocrx_word' id='word_1_844' title='bbox 1948 1281 2023 1308; x_wconf 84' lang='lat' dir='ltr'>Non</span> <span class='ocrx_word' id='word_1_845' title='bbox 2033 1289 2087 1309; x_wconf 90' lang='lat' dir='ltr'>oc-</span> 
     </span>
     <span class='ocr_line' id='line_1_91' title="bbox 1125 1320 2086 1363; baseline -0.002 -11"><span class='ocrx_word' id='word_1_846' title='bbox 1125 1321 1196 1352; x_wconf 85' lang='lat' dir='ltr'>cidi.</span> <span class='ocrx_word' id='word_1_847' title='bbox 1205 1320 1366 1363; x_wconf 86' lang='lat' dir='ltr'>Judicat10‚</span> <span class='ocrx_word' id='word_1_848' title='bbox 1377 1320 1574 1350; x_wconf 84' lang='lat' dir='ltr'>occideritne.</span> <span class='ocrx_word' id='word_1_849' title='bbox 1598 1323 1688 1352; x_wconf 82' lang='lat' dir='ltr'>Ratio</span> <span class='ocrx_word' id='word_1_850' title='bbox 1698 1322 1799 1350; x_wconf 89' lang='lat' dir='ltr'>omnis</span> <span class='ocrx_word' id='word_1_851' title='bbox 1812 1321 1964 1361; x_wconf 77' lang='lat' dir='ltr'>Utriusque</span> <span class='ocrx_word' id='word_1_852' title='bbox 1975 1322 2086 1350; x_wconf 86' lang='lat' dir='ltr'>oratio-</span> 
     </span>
     <span class='ocr_line' id='line_1_92' title="bbox 1125 1361 2087 1402; baseline 0 -9"><span class='ocrx_word' id='word_1_853' title='bbox 1125 1365 1174 1393; x_wconf 89' lang='lat' dir='ltr'>nis</span> <span class='ocrx_word' id='word_1_854' title='bbox 1185 1383 1193 1396; x_wconf 95' lang='lat'>,</span> <span class='ocrx_word' id='word_1_855' title='bbox 1215 1371 1248 1392; x_wconf 92' lang='lat' dir='ltr'>ut</span> <span class='ocrx_word' id='word_1_856' title='bbox 1258 1371 1324 1392; x_wconf 87' lang='lat' dir='ltr'>antc</span> <span class='ocrx_word' id='word_1_857' title='bbox 1335 1361 1453 1392; x_wconf 63' lang='lat' dir='ltr'>dietum</span> <span class='ocrx_word' id='word_1_858' title='bbox 1464 1361 1507 1392; x_wconf 89' lang='lat' dir='ltr'>est</span> <span class='ocrx_word' id='word_1_859' title='bbox 1518 1382 1526 1395; x_wconf 91' lang='lat'>,</span> <span class='ocrx_word' id='word_1_860' title='bbox 1546 1363 1581 1393; x_wconf 82' lang='lat' dir='ltr'>ad</span> <span class='ocrx_word' id='word_1_861' title='bbox 1593 1364 1668 1392; x_wconf 78' lang='lat' dir='ltr'>hanc</span> <span class='ocrx_word' id='word_1_862' title='bbox 1675 1362 1894 1402; x_wconf 85' lang='lat' dir='ltr'>judicationem</span> <span class='ocrx_word' id='word_1_863' title='bbox 1906 1361 2087 1393; x_wconf 76' lang='lat' dir='ltr'>conferenda</span> 
     </span>
     <span class='ocr_line' id='line_1_93' title="bbox 1125 1403 2086 1444; baseline -0.001 -10"><span class='ocrx_word' id='word_1_864' title='bbox 1125 1404 1178 1435; x_wconf 88' lang='lat' dir='ltr'>est.</span> <span class='ocrx_word' id='word_1_865' title='bbox 1202 1406 1232 1435; x_wconf 91' lang='lat' dir='ltr'>Si</span> <span class='ocrx_word' id='word_1_866' title='bbox 1243 1404 1354 1444; x_wconf 83' lang='lat' dir='ltr'>plureis</span> <span class='ocrx_word' id='word_1_867' title='bbox 1366 1413 1451 1433; x_wconf 87' lang='lat' dir='ltr'>erunt</span> <span class='ocrx_word' id='word_1_868' title='bbox 1461 1403 1692 1434; x_wconf 85' lang='lat' dir='ltr'>constitutiones</span> <span class='ocrx_word' id='word_1_869' title='bbox 1704 1425 1711 1437; x_wconf 88' lang='lat'>‚</span> <span class='ocrx_word' id='word_1_870' title='bbox 1735 1412 1784 1434; x_wconf 87' lang='lat' dir='ltr'>aut</span> <span class='ocrx_word' id='word_1_871' title='bbox 1792 1413 1886 1444; x_wconf 80' lang='lat' dir='ltr'>partes</span> <span class='ocrx_word' id='word_1_872' title='bbox 1896 1403 2086 1434; x_wconf 82' lang='lat' dir='ltr'>constitutio-</span> 
     </span>
     <span class='ocr_line' id='line_1_94' title="bbox 1127 1445 2086 1486; baseline -0.002 -9"><span class='ocrx_word' id='word_1_873' title='bbox 1127 1457 1203 1477; x_wconf 89' lang='lat' dir='ltr'>num</span> <span class='ocrx_word' id='word_1_874' title='bbox 1216 1467 1224 1480; x_wconf 89' lang='lat'>,</span> <span class='ocrx_word' id='word_1_875' title='bbox 1243 1445 1442 1485; x_wconf 76' lang='lat' dir='ltr'>judicationes</span> <span class='ocrx_word' id='word_1_876' title='bbox 1459 1448 1579 1486; x_wconf 86' lang='lat' dir='ltr'>qu&#39;oque</span> <span class='ocrx_word' id='word_1_877' title='bbox 1597 1447 1695 1486; x_wconf 88' lang='lat' dir='ltr'>plures</span> <span class='ocrx_word' id='word_1_878' title='bbox 1706 1455 1793 1475; x_wconf 88' lang='lat' dir='ltr'>erunt</span> <span class='ocrx_word' id='word_1_879' title='bbox 1802 1448 1835 1475; x_wconf 90' lang='lat' dir='ltr'>in</span> <span class='ocrx_word' id='word_1_880' title='bbox 1845 1456 1904 1475; x_wconf 87' lang='lat' dir='ltr'>una</span> <span class='ocrx_word' id='word_1_881' title='bbox 1912 1446 1994 1476; x_wconf 87' lang='lat' dir='ltr'>causa</span> <span class='ocrx_word' id='word_1_882' title='bbox 2004 1466 2013 1479; x_wconf 95' lang='lat'>,</span> <span class='ocrx_word' id='word_1_883' title='bbox 2036 1445 2086 1475; x_wconf 69' lang='lat' dir='ltr'>scd</span> 
     </span>
     <span class='ocr_line' id='line_1_95' title="bbox 1127 1486 2086 1528; baseline -0.002 -9"><span class='ocrx_word' id='word_1_884' title='bbox 1127 1498 1235 1519; x_wconf 87' lang='lat' dir='ltr'>omnes</span> <span class='ocrx_word' id='word_1_885' title='bbox 1246 1486 1339 1517; x_wconf 76' lang='lat' dir='ltr'>simili</span> <span class='ocrx_word' id='word_1_886' title='bbox 1348 1489 1462 1517; x_wconf 83' lang='lat' dir='ltr'>ratione</span> <span class='ocrx_word' id='word_1_887' title='bbox 1472 1490 1667 1528; x_wconf 76' lang='lat' dir='ltr'>reperientur.</span> <span class='ocrx_word' id='word_1_888' title='bbox 1681 1486 1791 1518; x_wconf 74' lang='lat' dir='ltr'>Sedulo</span> <span class='ocrx_word' id='word_1_889' title='bbox 1802 1487 1940 1517; x_wconf 87' lang='lat' dir='ltr'>dedimus</span> <span class='ocrx_word' id='word_1_890' title='bbox 1952 1497 2086 1527; x_wconf 84' lang='lat' dir='ltr'>operam,</span> 
     </span>
     <span class='ocr_line' id='line_1_96' title="bbox 1126 1528 2086 1570; baseline -0.002 -10"><span class='ocrx_word' id='word_1_891' title='bbox 1126 1540 1160 1560; x_wconf 92' lang='lat' dir='ltr'>ut</span> <span class='ocrx_word' id='word_1_892' title='bbox 1169 1530 1296 1560; x_wconf 88' lang='lat' dir='ltr'>breviter</span> <span class='ocrx_word' id='word_1_893' title='bbox 1305 1549 1313 1562; x_wconf 95' lang='lat'>,</span> <span class='ocrx_word' id='word_1_894' title='bbox 1336 1529 1369 1558; x_wconf 88' lang='lat'>&amp;</span> <span class='ocrx_word' id='word_1_895' title='bbox 1378 1528 1511 1559; x_wconf 78' lang='lat' dir='ltr'>dilucide</span> <span class='ocrx_word' id='word_1_896' title='bbox 1524 1550 1532 1563; x_wconf 94' lang='lat'>,</span> <span class='ocrx_word' id='word_1_897' title='bbox 1552 1530 1662 1570; x_wconf 87' lang='lat' dir='ltr'>quibus</span> <span class='ocrx_word' id='word_1_898' title='bbox 1672 1529 1708 1560; x_wconf 89' lang='lat' dir='ltr'>de</span> <span class='ocrx_word' id='word_1_899' title='bbox 1719 1529 1805 1559; x_wconf 89' lang='lat' dir='ltr'>rebus</span> <span class='ocrx_word' id='word_1_900' title='bbox 1815 1529 1912 1559; x_wconf 86' lang='lat' dir='ltr'>adhuc</span> <span class='ocrx_word' id='word_1_901' title='bbox 1921 1528 2086 1560; x_wconf 88' lang='lat' dir='ltr'>dicendum</span> 
     </span>
     <span class='ocr_line' id='line_1_97' title="bbox 1127 1571 2087 1612; baseline -0.001 -10"><span class='ocrx_word' id='word_1_902' title='bbox 1127 1571 1196 1605; x_wconf 89' lang='lat' dir='ltr'>fuit,</span> <span class='ocrx_word' id='word_1_903' title='bbox 1206 1571 1338 1601; x_wconf 87' lang='lat' dir='ltr'>dicerem</span> <span class='ocrx_word' id='word_1_904' title='bbox 1344 1580 1388 1600; x_wconf 91' lang='lat' dir='ltr'>us.</span> <span class='ocrx_word' id='word_1_905' title='bbox 1410 1573 1442 1600; x_wconf 95' lang='lat' dir='ltr'>N</span> <span class='ocrx_word' id='word_1_906' title='bbox 1444 1581 1503 1600; x_wconf 88' lang='lat' dir='ltr'>unc</span> <span class='ocrx_word' id='word_1_907' title='bbox 1512 1573 1657 1612; x_wconf 86' lang='lat' dir='ltr'>quoniam</span> <span class='ocrx_word' id='word_1_908' title='bbox 1668 1572 1734 1601; x_wconf 87' lang='lat' dir='ltr'>satis</span> <span class='ocrx_word' id='word_1_909' title='bbox 1744 1572 1794 1611; x_wconf 84' lang='lat' dir='ltr'>huj</span> <span class='ocrx_word' id='word_1_910' title='bbox 1800 1581 1832 1601; x_wconf 91' lang='lat' dir='ltr'>us</span> <span class='ocrx_word' id='word_1_911' title='bbox 1842 1572 2010 1601; x_wconf 87' lang='lat' dir='ltr'>voluminis</span> <span class='ocrx_word' id='word_1_912' title='bbox 2022 1581 2087 1601; x_wconf 88' lang='lat' dir='ltr'>ma-</span> 
     </span>
    </p>

    <p class='ocr_par' dir='ltr' id='par_1_25' title="bbox 1124 1613 2090 1988">
     <span class='ocr_line' id='line_1_98' title="bbox 1146 1613 2087 1646; baseline -0.001 -3"><span class='ocrx_word' id='word_1_913' title='bbox 1146 1613 1253 1643; x_wconf 85' lang='lat' dir='ltr'>nitudo</span> <span class='ocrx_word' id='word_1_914' title='bbox 1262 1615 1356 1643; x_wconf 80' lang='lat' dir='ltr'>crevit</span> <span class='ocrx_word' id='word_1_915' title='bbox 1364 1633 1372 1646; x_wconf 91' lang='lat'><em>‚</em></span> <span class='ocrx_word' id='word_1_916' title='bbox 1391 1614 1585 1643; x_wconf 87' lang='lat' dir='ltr'>commodius</span> <span class='ocrx_word' id='word_1_917' title='bbox 1595 1613 1638 1643; x_wconf 90' lang='lat' dir='ltr'>est</span> <span class='ocrx_word' id='word_1_918' title='bbox 1648 1615 1680 1643; x_wconf 91' lang='lat' dir='ltr'>in</span> <span class='ocrx_word' id='word_1_919' title='bbox 1690 1613 1782 1643; x_wconf 90' lang='lat' dir='ltr'>altero</span> <span class='ocrx_word' id='word_1_920' title='bbox 1792 1613 1870 1643; x_wconf 87' lang='lat' dir='ltr'>libro</span> <span class='ocrx_word' id='word_1_921' title='bbox 1881 1613 1916 1643; x_wconf 94' lang='lat' dir='ltr'>de</span> <span class='ocrx_word' id='word_1_922' title='bbox 1927 1615 2030 1643; x_wconf 85' lang='lat' dir='ltr'>ceteris</span> <span class='ocrx_word' id='word_1_923' title='bbox 2040 1623 2087 1642; x_wconf 90' lang='lat' dir='ltr'>re—</span> 
     </span>
     <span class='ocr_line' id='line_1_99' title="bbox 1124 1625 2087 1696; baseline -0.002 -11"><span class='ocrx_word' id='word_1_924' title='bbox 1124 1625 1182 1685; x_wconf 60' lang='lat' dir='ltr'>{us</span> <span class='ocrx_word' id='word_1_925' title='bbox 1193 1655 1334 1695; x_wconf 88' lang='lat' dir='ltr'>deinceps</span> <span class='ocrx_word' id='word_1_926' title='bbox 1344 1664 1494 1694; x_wconf 83' lang='lat' dir='ltr'>exponere</span> <span class='ocrx_word' id='word_1_927' title='bbox 1504 1665 1509 1683; x_wconf 76' lang='lat' dir='ltr'><em>z</em></span> <span class='ocrx_word' id='word_1_928' title='bbox 1522 1665 1619 1696; x_wconf 87' lang='lat' dir='ltr'>nequa</span> <span class='ocrx_word' id='word_1_929' title='bbox 1629 1659 1638 1674; x_wconf 87' lang='lat'>¹</span> <span class='ocrx_word' id='word_1_930' title='bbox 1647 1659 1658 1682; x_wconf 85' lang='lat'>3</span> <span class='ocrx_word' id='word_1_931' title='bbox 1668 1664 1788 1695; x_wconf 85' lang='lat' dir='ltr'>propter</span> <span class='ocrx_word' id='word_1_932' title='bbox 1796 1655 2025 1685; x_wconf 85' lang='lat' dir='ltr'>multitudinem</span> <span class='ocrx_word' id='word_1_933' title='bbox 2037 1655 2087 1684; x_wconf 88' lang='lat' dir='ltr'>lit-</span> 
     </span>
     <span class='ocr_line' id='line_1_100' title="bbox 1127 1694 2088 1739; baseline -0.001 -12"><span class='ocrx_word' id='word_1_934' title='bbox 1127 1706 1255 1727; x_wconf 85' lang='lat' dir='ltr'>terarum</span> <span class='ocrx_word' id='word_1_935' title='bbox 1265 1695 1352 1736; x_wconf 81' lang='lat' dir='ltr'>poffit</span> <span class='ocrx_word' id='word_1_936' title='bbox 1360 1698 1500 1726; x_wconf 87' lang='lat' dir='ltr'>animum</span> <span class='ocrx_word' id='word_1_937' title='bbox 1511 1706 1598 1726; x_wconf 87' lang='lat' dir='ltr'>tuum</span> <span class='ocrx_word' id='word_1_938' title='bbox 1608 1696 1777 1739; x_wconf 84' lang='lat' dir='ltr'>defatigatio</span> <span class='ocrx_word' id='word_1_939' title='bbox 1786 1696 1939 1727; x_wconf 80' lang='lat' dir='ltr'>retardare.</span> <span class='ocrx_word' id='word_1_940' title='bbox 1962 1700 1992 1723; x_wconf 87' lang='lat'>¹4</span> <span class='ocrx_word' id='word_1_941' title='bbox 2001 1696 2056 1727; x_wconf 82' lang='lat' dir='ltr'>Sed</span> <span class='ocrx_word' id='word_1_942' title='bbox 2067 1694 2088 1726; x_wconf 82' lang='lat' dir='ltr'>fi</span> 
     </span>
     <span class='ocr_line' id='line_1_101' title="bbox 1127 1736 2089 1780; baseline -0.001 -11"><span class='ocrx_word' id='word_1_943' title='bbox 1127 1749 1188 1780; x_wconf 90' lang='lat' dir='ltr'>quo</span> <span class='ocrx_word' id='word_1_944' title='bbox 1199 1739 1262 1768; x_wconf 87' lang='lat' dir='ltr'>haec</span> <span class='ocrx_word' id='word_1_945' title='bbox 1272 1736 1394 1772; x_wconf 69' lang='lat' dir='ltr'>tardius,</span> <span class='ocrx_word' id='word_1_946' title='bbox 1406 1738 1495 1779; x_wconf 71' lang='lat' dir='ltr'>quarn</span> <span class='ocrx_word' id='word_1_947' title='bbox 1506 1737 1616 1772; x_wconf 82' lang='lat' dir='ltr'>studes,</span> <span class='ocrx_word' id='word_1_948' title='bbox 1627 1737 1903 1772; x_wconf 75' lang='lat' dir='ltr'>absolventur,cum</span> <span class='ocrx_word' id='word_1_949' title='bbox 1913 1748 2013 1768; x_wconf 86' lang='lat' dir='ltr'>rerum</span> <span class='ocrx_word' id='word_1_950' title='bbox 2024 1748 2089 1768; x_wconf 86' lang='lat' dir='ltr'>ma-</span> 
     </span>
     <span class='ocr_line' id='line_1_102' title="bbox 1128 1778 2090 1822; baseline 0 -12"><span class='ocrx_word' id='word_1_951' title='bbox 1128 1780 1291 1822; x_wconf 88' lang='lat' dir='ltr'>gnitudini,</span> <span class='ocrx_word' id='word_1_952' title='bbox 1304 1789 1370 1810; x_wconf 87' lang='lat' dir='ltr'>tum</span> <span class='ocrx_word' id='word_1_953' title='bbox 1381 1778 1489 1810; x_wconf 88' lang='lat' dir='ltr'>nostris</span> <span class='ocrx_word' id='word_1_954' title='bbox 1500 1790 1621 1821; x_wconf 87' lang='lat' dir='ltr'>quoque</span> <span class='ocrx_word' id='word_1_955' title='bbox 1631 1780 1878 1820; x_wconf 86' lang='lat' dir='ltr'>occupationibus</span> <span class='ocrx_word' id='word_1_956' title='bbox 1889 1779 2026 1821; x_wconf 81' lang='lat' dir='ltr'>affignare</span> <span class='ocrx_word' id='word_1_957' title='bbox 2037 1780 2090 1810; x_wconf 84' lang='lat' dir='ltr'>de-</span> 
     </span>
     <span class='ocr_line' id='line_1_103' title="bbox 1128 1822 2090 1863; baseline -0.001 -11"><span class='ocrx_word' id='word_1_958' title='bbox 1128 1822 1228 1852; x_wconf 70' lang='lat' dir='ltr'>bebis.</span> <span class='ocrx_word' id='word_1_959' title='bbox 1246 1825 1466 1852; x_wconf 89' lang='lat' dir='ltr'>Verumtamen</span> <span class='ocrx_word' id='word_1_960' title='bbox 1477 1823 1703 1855; x_wconf 72' lang='lat' dir='ltr'>maturabimus,</span> <span class='ocrx_word' id='word_1_961' title='bbox 1716 1822 1759 1855; x_wconf 71' lang='lat'>&amp;2</span> <span class='ocrx_word' id='word_1_962' title='bbox 1770 1822 1851 1863; x_wconf 89' lang='lat' dir='ltr'>quod</span> <span class='ocrx_word' id='word_1_963' title='bbox 1862 1824 1984 1863; x_wconf 86' lang='lat' dir='ltr'>negotio</span> <span class='ocrx_word' id='word_1_964' title='bbox 1996 1822 2090 1851; x_wconf 88' lang='lat' dir='ltr'>dimi-</span> 
     </span>
     <span class='ocr_line' id='line_1_104' title="bbox 1129 1863 2089 1904; baseline -0.001 -10"><span class='ocrx_word' id='word_1_965' title='bbox 1129 1873 1238 1894; x_wconf 87' lang='lat' dir='ltr'>nutum</span> <span class='ocrx_word' id='word_1_966' title='bbox 1251 1863 1342 1893; x_wconf 85' lang='lat' dir='ltr'>fuerit</span> <span class='ocrx_word' id='word_1_967' title='bbox 1351 1884 1359 1897; x_wconf 91' lang='lat'>,</span> <span class='ocrx_word' id='word_1_968' title='bbox 1382 1864 1605 1904; x_wconf 83' lang='lat' dir='ltr'>exaequabimus</span> <span class='ocrx_word' id='word_1_969' title='bbox 1616 1863 1759 1894; x_wconf 81' lang='lat' dir='ltr'>industria</span> <span class='ocrx_word' id='word_1_970' title='bbox 1771 1875 1776 1893; x_wconf 87' lang='grc'>;</span> <span class='ocrx_word' id='word_1_971' title='bbox 1796 1873 1830 1893; x_wconf 91' lang='lat' dir='ltr'>ut</span> <span class='ocrx_word' id='word_1_972' title='bbox 1847 1874 1901 1904; x_wconf 84' lang='lat' dir='ltr'>pro</span> <span class='ocrx_word' id='word_1_973' title='bbox 1919 1873 1971 1893; x_wconf 90' lang='lat' dir='ltr'>tuo</span> <span class='ocrx_word' id='word_1_974' title='bbox 1989 1865 2021 1893; x_wconf 90' lang='lat' dir='ltr'>in</span> <span class='ocrx_word' id='word_1_975' title='bbox 2032 1873 2089 1893; x_wconf 84' lang='lat' dir='ltr'>nos</span> 
     </span>
     <span class='ocr_line' id='line_1_105' title="bbox 1130 1903 2088 1939; baseline -0.001 -3"><span class='ocrx_word' id='word_1_976' title='bbox 1130 1904 1235 1936; x_wconf 86' lang='lat' dir='ltr'>officio</span> <span class='ocrx_word' id='word_1_977' title='bbox 1246 1926 1254 1939; x_wconf 96' lang='lat'>,</span> <span class='ocrx_word' id='word_1_978' title='bbox 1279 1906 1312 1935; x_wconf 88' lang='lat'>&amp;</span> <span class='ocrx_word' id='word_1_979' title='bbox 1323 1904 1426 1935; x_wconf 82' lang='lat' dir='ltr'>nostro</span> <span class='ocrx_word' id='word_1_980' title='bbox 1437 1907 1469 1934; x_wconf 91' lang='lat' dir='ltr'>in</span> <span class='ocrx_word' id='word_1_981' title='bbox 1481 1913 1508 1935; x_wconf 85' lang='lat' dir='ltr'>te</span> <span class='ocrx_word' id='word_1_982' title='bbox 1519 1904 1618 1936; x_wconf 89' lang='lat' dir='ltr'>studio</span> <span class='ocrx_word' id='word_1_983' title='bbox 1629 1916 1740 1936; x_wconf 68' lang='lat' dir='ltr'>munus</span> <span class='ocrx_word' id='word_1_984' title='bbox 1752 1907 1812 1936; x_wconf 85' lang='lat' dir='ltr'>hoc</span> <span class='ocrx_word' id='word_1_985' title='bbox 1820 1903 2088 1937; x_wconf 61' lang='lat' dir='ltr'>accumulatiffinie</span> 
     </span>
     <span class='ocr_line' id='line_1_106' title="bbox 1127 1947 1524 1988; baseline -0.003 -10"><span class='ocrx_word' id='word_1_986' title='bbox 1127 1957 1185 1978; x_wconf 80' lang='lat' dir='ltr'>tuae</span> <span class='ocrx_word' id='word_1_987' title='bbox 1194 1948 1354 1988; x_wconf 79' lang='lat' dir='ltr'>largiamur</span> <span class='ocrx_word' id='word_1_988' title='bbox 1362 1947 1524 1977; x_wconf 84' lang='lat' dir='ltr'>voluntati.</span> 
     </span>
    </p>
   </div>
   <div class='ocr_carea' id='block_1_18' title="bbox 1857 2007 2090 2052">
    <p class='ocr_par' dir='ltr' id='par_1_26' title="bbox 1857 2007 2090 2052">
     <span class='ocr_line' id='line_1_107' title="bbox 1857 2007 2090 2052; baseline 0 -2"><span class='ocrx_word' id='word_1_989' title='bbox 1857 2007 2090 2052; x_wconf 49' lang='lat' dir='ltr'>RHETQ</span> 
     </span>
    </p>
   </div>
   <div class='ocr_carea' id='block_1_19' title="bbox 1119 2110 2088 2687">
    <p class='ocr_par' dir='ltr' id='par_1_27' title="bbox 1162 2110 2088 2148">
     <span class='ocr_line' id='line_1_108' title="bbox 1162 2110 2088 2148; baseline -0.001 -9"><span class='ocrx_word' id='word_1_990' title='bbox 1162 2113 1189 2140; x_wconf 81' lang='lat'>8.</span> <span class='ocrx_word' id='word_1_991' title='bbox 1209 2116 1278 2139; x_wconf 81' lang='lat' dir='ltr'>Nunc</span> <span class='ocrx_word' id='word_1_992' title='bbox 1287 2124 1329 2148; x_wconf 71' lang='lat' dir='ltr'>quo</span> <span class='ocrx_word' id='word_1_993' title='bbox 1339 2115 1399 2139; x_wconf 74' lang='lat' dir='ltr'>modo</span> <span class='ocrx_word' id='word_1_994' title='bbox 1410 2112 1528 2146; x_wconf 67' lang='lat' dir='ltr'>ca5‚&amp;s.]</span> <span class='ocrx_word' id='word_1_995' title='bbox 1545 2110 1703 2148; x_wconf 68' lang='lat' dir='ltr'>Legendum</span> <span class='ocrx_word' id='word_1_996' title='bbox 1715 2112 1750 2138; x_wconf 82' lang='lat' dir='ltr'>est</span> <span class='ocrx_word' id='word_1_997' title='bbox 1763 2121 1825 2138; x_wconf 78' lang='lat' dir='ltr'>voce</span> <span class='ocrx_word' id='word_1_998' title='bbox 1835 2111 1928 2143; x_wconf 70' lang='lat' dir='ltr'>divisa,</span> <span class='ocrx_word' id='word_1_999' title='bbox 1939 2122 1990 2139; x_wconf 83' lang='lat' dir='ltr'>non</span> <span class='ocrx_word' id='word_1_1000' title='bbox 2004 2114 2088 2139; x_wconf 76' lang='lat' dir='ltr'>unita.</span> 
     </span>
    </p>

    <p class='ocr_par' dir='ltr' id='par_1_28' title="bbox 1123 2147 2088 2211">
     <span class='ocr_line' id='line_1_109' title="bbox 1159 2147 2088 2185; baseline 0.001 -10"><span class='ocrx_word' id='word_1_1001' title='bbox 1159 2157 1189 2184; x_wconf 83' lang='lat'>9.</span> <span class='ocrx_word' id='word_1_1002' title='bbox 1209 2151 1374 2183; x_wconf 64' lang='lat' dir='ltr'>Constitu-‘tione</span> <span class='ocrx_word' id='word_1_1003' title='bbox 1391 2152 1466 2182; x_wconf 68' lang='lat' dir='ltr'>igitur</span> <span class='ocrx_word' id='word_1_1004' title='bbox 1483 2149 1601 2182; x_wconf 55' lang='lat' dir='ltr'>refertas]</span> <span class='ocrx_word' id='word_1_1005' title='bbox 1623 2147 1666 2173; x_wconf 81' lang='lat' dir='ltr'>Sic</span> <span class='ocrx_word' id='word_1_1006' title='bbox 1677 2148 1744 2173; x_wconf 82' lang='lat' dir='ltr'>Pall.</span> <span class='ocrx_word' id='word_1_1007' title='bbox 1756 2147 1789 2174; x_wconf 81' lang='lat' dir='ltr'>fic</span> <span class='ocrx_word' id='word_1_1008' title='bbox 1799 2148 1884 2175; x_wconf 73' lang='lat' dir='ltr'>Bruil.</span> <span class='ocrx_word' id='word_1_1009' title='bbox 1895 2148 1929 2175; x_wconf 76' lang='lat' dir='ltr'>iic</span> <span class='ocrx_word' id='word_1_1010' title='bbox 1938 2150 2088 2185; x_wconf 78' lang='lat' dir='ltr'>antiquitus</span> 
     </span>
     <span class='ocr_line' id='line_1_110' title="bbox 1123 2193 1187 2211; baseline 0.016 -1"><span class='ocrx_word' id='word_1_1011' title='bbox 1123 2193 1187 2211; x_wconf 85' lang='lat' dir='ltr'>cun.</span> 
     </span>
    </p>

    <p class='ocr_par' dir='ltr' id='par_1_29' title="bbox 1122 2218 2087 2329">
     <span class='ocr_line' id='line_1_111' title="bbox 1161 2218 2087 2256; baseline 0 -9"><span class='ocrx_word' id='word_1_1012' title='bbox 1161 2230 1203 2247; x_wconf 83' lang='lat'>10.</span> <span class='ocrx_word' id='word_1_1013' title='bbox 1223 2224 1371 2246; x_wconf 72' lang='lat' dir='ltr'>Pervenem</span> <span class='ocrx_word' id='word_1_1014' title='bbox 1379 2219 1549 2253; x_wconf 63' lang='lat' dir='ltr'>defiffiomm]</span> <span class='ocrx_word' id='word_1_1015' title='bbox 1561 2218 1684 2245; x_wconf 57' lang='lat' dir='ltr'>palisi-es</span> <span class='ocrx_word' id='word_1_1016' title='bbox 1694 2222 1852 2252; x_wconf 40' lang='lat' dir='ltr'>perveniant</span> <span class='ocrx_word' id='word_1_1017' title='bbox 1861 2220 1889 2246; x_wconf 72' lang='lat' dir='ltr'>Sc</span> <span class='ocrx_word' id='word_1_1018' title='bbox 1901 2220 1982 2246; x_wconf 66' lang='lat' dir='ltr'>leffio</span> <span class='ocrx_word' id='word_1_1019' title='bbox 1993 2220 2087 2256; x_wconf 77' lang='lat' dir='ltr'>vulga-</span> 
     </span>
     <span class='ocr_line' id='line_1_112' title="bbox 1122 2254 2087 2292; baseline 0.001 -10"><span class='ocrx_word' id='word_1_1020' title='bbox 1122 2263 1159 2283; x_wconf 79' lang='lat' dir='ltr'>ta.</span> <span class='ocrx_word' id='word_1_1021' title='bbox 1180 2256 1266 2283; x_wconf 85' lang='lat' dir='ltr'>Bruil.</span> <span class='ocrx_word' id='word_1_1022' title='bbox 1278 2258 1304 2282; x_wconf 83' lang='lat'>&amp;</span> <span class='ocrx_word' id='word_1_1023' title='bbox 1317 2257 1375 2283; x_wconf 75' lang='lat' dir='ltr'>Pal.</span> <span class='ocrx_word' id='word_1_1024' title='bbox 1386 2257 1494 2287; x_wconf 84' lang='lat' dir='ltr'>tertius,</span> <span class='ocrx_word' id='word_1_1025' title='bbox 1513 2262 1593 2281; x_wconf 41' lang='grc' dir='ltr'>«ιω-ε.</span> <span class='ocrx_word' id='word_1_1026' title='bbox 1605 2254 1672 2281; x_wconf 78' lang='lat' dir='ltr'>sext.</span> <span class='ocrx_word' id='word_1_1027' title='bbox 1682 2264 1839 2289; x_wconf 65' lang='lat' dir='ltr'>perverterit,-</span> <span class='ocrx_word' id='word_1_1028' title='bbox 1855 2256 1927 2292; x_wconf 73' lang='lat' dir='ltr'>quod</span> <span class='ocrx_word' id='word_1_1029' title='bbox 1938 2256 2087 2284; x_wconf 71' lang='lat' dir='ltr'>Gulielmio</span> 
     </span>
     <span class='ocr_line' id='line_1_113' title="bbox 1122 2290 1776 2329; baseline -0.003 -10"><span class='ocrx_word' id='word_1_1030' title='bbox 1122 2302 1175 2319; x_wconf 82' lang='lat' dir='ltr'>non</span> <span class='ocrx_word' id='word_1_1031' title='bbox 1187 2291 1344 2329; x_wconf 64' lang='lat' dir='ltr'>displicuisse</span> <span class='ocrx_word' id='word_1_1032' title='bbox 1357 2291 1461 2319; x_wconf 81' lang='lat' dir='ltr'>videtur</span> <span class='ocrx_word' id='word_1_1033' title='bbox 1473 2311 1481 2324; x_wconf 86' lang='lat'><em>‚</em></span> <span class='ocrx_word' id='word_1_1034' title='bbox 1492 2292 1500 2318; x_wconf 84' lang='lat' dir='ltr'>i</span> <span class='ocrx_word' id='word_1_1035' title='bbox 1521 2301 1604 2326; x_wconf 84' lang='lat' dir='ltr'>ecque</span> <span class='ocrx_word' id='word_1_1036' title='bbox 1614 2290 1776 2317; x_wconf 78' lang='lat' dir='ltr'>admisimus.</span> 
     </span>
    </p>

    <p class='ocr_par' dir='ltr' id='par_1_30' title="bbox 1122 2327 2085 2434">
     <span class='ocr_line' id='line_1_114' title="bbox 1162 2327 2085 2362; baseline -0.001 -8"><span class='ocrx_word' id='word_1_1037' title='bbox 1162 2337 1172 2354; x_wconf 87' lang='lat'>1</span> <span class='ocrx_word' id='word_1_1038' title='bbox 1180 2337 1189 2355; x_wconf 75' lang='grc' dir='ltr'>ι</span> <span class='ocrx_word' id='word_1_1039' title='bbox 1197 2349 1203 2354; x_wconf 91' lang='grc'><strong>.</strong></span> <span class='ocrx_word' id='word_1_1040' title='bbox 1224 2332 1408 2354; x_wconf 64' lang='grc' dir='ltr'>Πννηαηιεηΐιυη</span> <span class='ocrx_word' id='word_1_1041' title='bbox 1417 2328 1563 2362; x_wconf 60' lang='lat' dir='ltr'>quarendum·</span> <span class='ocrx_word' id='word_1_1042' title='bbox 1574 2329 1608 2353; x_wconf 67' lang='lat' dir='ltr'>tf?</span> <span class='ocrx_word' id='word_1_1043' title='bbox 1616 2338 1621 2351; x_wconf 92' lang='lat'><em>:</em></span> <span class='ocrx_word' id='word_1_1044' title='bbox 1632 2327 1701 2352; x_wconf 61' lang='lat' dir='ltr'>ides?</span> <span class='ocrx_word' id='word_1_1045' title='bbox 1709 2328 1770 2361; x_wconf 72' lang='lat' dir='ltr'>quod</span> <span class='ocrx_word' id='word_1_1046' title='bbox 1778 2330 1887 2359; x_wconf 75' lang='lat' dir='ltr'>continet,</span> <span class='ocrx_word' id='word_1_1047' title='bbox 1898 2328 1965 2362; x_wconf 41' lang='lat'>6550]</span> <span class='ocrx_word' id='word_1_1048' title='bbox 1986 2328 2085 2354; x_wconf 70' lang='lat' dir='ltr'>Meli-is</span> 
     </span>
     <span class='ocr_line' id='line_1_115' title="bbox 1122 2363 2084 2400; baseline 0 -11"><span class='ocrx_word' id='word_1_1049' title='bbox 1122 2363 1179 2390; x_wconf 74' lang='lat' dir='ltr'>Pal.</span> <span class='ocrx_word' id='word_1_1050' title='bbox 1189 2374 1231 2400; x_wconf 88' lang='lat' dir='ltr'>pr.</span> <span class='ocrx_word' id='word_1_1051' title='bbox 1241 2365 1268 2390; x_wconf 89' lang='lat'>&amp;</span> <span class='ocrx_word' id='word_1_1052' title='bbox 1281 2364 1368 2391; x_wconf 86' lang='lat' dir='ltr'>Bruil.</span> <span class='ocrx_word' id='word_1_1053' title='bbox 1392 2365 1455 2390; x_wconf 81' lang='lat' dir='ltr'>item</span> <span class='ocrx_word' id='word_1_1054' title='bbox 1467 2363 1589 2390; x_wconf 73' lang='lat' dir='ltr'>Liiieulis</span> <span class='ocrx_word' id='word_1_1055' title='bbox 1599 2363 1706 2399; x_wconf 80' lang='lat' dir='ltr'>collegii</span> <span class='ocrx_word' id='word_1_1056' title='bbox 1725 2363 1792 2389; x_wconf 79' lang='lat' dir='ltr'>liber</span> <span class='ocrx_word' id='word_1_1057' title='bbox 1805 2383 1813 2395; x_wconf 94' lang='lat'>,</span> <span class='ocrx_word' id='word_1_1058' title='bbox 1827 2367 2005 2398; x_wconf 71' lang='lat' dir='ltr'>firmamentum</span> <span class='ocrx_word' id='word_1_1059' title='bbox 2022 2375 2084 2399; x_wconf 54' lang='lat' dir='ltr'>qua-</span> 
     </span>
     <span class='ocr_line' id='line_1_116' title="bbox 1123 2401 1454 2434; baseline 0.003 -9"><span class='ocrx_word' id='word_1_1060' title='bbox 1123 2401 1218 2426; x_wconf 71' lang='lat' dir='ltr'>rendum</span> <span class='ocrx_word' id='word_1_1061' title='bbox 1228 2403 1262 2426; x_wconf 72' lang='lat' dir='ltr'>eft‘</span> <span class='ocrx_word' id='word_1_1062' title='bbox 1270 2401 1296 2426; x_wconf 71' lang='lat' dir='ltr'>id</span> <span class='ocrx_word' id='word_1_1063' title='bbox 1304 2401 1367 2434; x_wconf 73' lang='lat' dir='ltr'>quod</span> <span class='ocrx_word' id='word_1_1064' title='bbox 1376 2419 1384 2432; x_wconf 91' lang='lat'>‚</span> <span class='ocrx_word' id='word_1_1065' title='bbox 1403 2401 1454 2430; x_wconf 52' lang='lat' dir='ltr'>&amp;aa</span> 
     </span>
    </p>

    <p class='ocr_par' dir='ltr' id='par_1_31' title="bbox 1120 2435 2084 2534">
     <span class='ocr_line' id='line_1_117' title="bbox 1159 2435 2084 2470; baseline -0.001 -8"><span class='ocrx_word' id='word_1_1066' title='bbox 1159 2445 1202 2462; x_wconf 84' lang='lat'>12.</span> <span class='ocrx_word' id='word_1_1067' title='bbox 1221 2436 1266 2462; x_wconf 80' lang='lat' dir='ltr'>Sed</span> <span class='ocrx_word' id='word_1_1068' title='bbox 1272 2446 1317 2462; x_wconf 79' lang='lat' dir='ltr'>non</span> <span class='ocrx_word' id='word_1_1069' title='bbox 1327 2438 1370 2462; x_wconf 77' lang='lat' dir='ltr'>abs</span> <span class='ocrx_word' id='word_1_1070' title='bbox 1380 2444 1402 2461; x_wconf 74' lang='lat' dir='ltr'>te</span> <span class='ocrx_word' id='word_1_1071' title='bbox 1410 2435 1515 2469; x_wconf 62' lang='lat' dir='ltr'>tamem]</span> <span class='ocrx_word' id='word_1_1072' title='bbox 1537 2435 1660 2468; x_wconf 69' lang='lat' dir='ltr'>Sauefi‘d,</span> <span class='ocrx_word' id='word_1_1073' title='bbox 1671 2445 1722 2461; x_wconf 83' lang='lat' dir='ltr'>non</span> <span class='ocrx_word' id='word_1_1074' title='bbox 1735 2435 1818 2460; x_wconf 79' lang='lat' dir='ltr'>exstat</span> <span class='ocrx_word' id='word_1_1075' title='bbox 1829 2435 1855 2461; x_wconf 90' lang='lat' dir='ltr'>in</span> <span class='ocrx_word' id='word_1_1076' title='bbox 1867 2435 1911 2460; x_wconf 82' lang='lat' dir='ltr'>Pal</span> <span class='ocrx_word' id='word_1_1077' title='bbox 1919 2442 2084 2470; x_wconf 83' lang='lat' dir='ltr'>.pr.quarto‚</span> 
     </span>
     <span class='ocr_line' id='line_1_118' title="bbox 1120 2469 2083 2508; baseline -0.003 -10"><span class='ocrx_word' id='word_1_1078' title='bbox 1120 2470 1213 2498; x_wconf 75' lang='lat' dir='ltr'>sexto:</span> <span class='ocrx_word' id='word_1_1079' title='bbox 1236 2471 1341 2508; x_wconf 82' lang='lat' dir='ltr'>ejusque</span> <span class='ocrx_word' id='word_1_1080' title='bbox 1352 2472 1412 2498; x_wconf 78' lang='lat' dir='ltr'>loct&gt;</span> <span class='ocrx_word' id='word_1_1081' title='bbox 1421 2471 1498 2498; x_wconf 79' lang='lat' dir='ltr'>habet</span> <span class='ocrx_word' id='word_1_1082' title='bbox 1508 2479 1572 2498; x_wconf 87' lang='lat' dir='ltr'>tert.</span> <span class='ocrx_word' id='word_1_1083' title='bbox 1583 2472 1670 2507; x_wconf 82' lang='lat' dir='ltr'>quint.</span> <span class='ocrx_word' id='word_1_1084' title='bbox 1681 2473 1713 2497; x_wconf 70' lang='lat' dir='ltr'>Ar</span> <span class='ocrx_word' id='word_1_1085' title='bbox 1723 2481 1767 2497; x_wconf 75' lang='lat' dir='ltr'>non</span> <span class='ocrx_word' id='word_1_1086' title='bbox 1776 2473 1820 2496; x_wconf 81' lang='lat' dir='ltr'>abs</span> <span class='ocrx_word' id='word_1_1087' title='bbox 1831 2478 1852 2495; x_wconf 80' lang='lat' dir='ltr'>te</span> <span class='ocrx_word' id='word_1_1088' title='bbox 1863 2490 1871 2503; x_wconf 83' lang='lat'>‚</span> <span class='ocrx_word' id='word_1_1089' title='bbox 1891 2471 1944 2498; x_wconf 80' lang='lat' dir='ltr'>fine</span> <span class='ocrx_word' id='word_1_1090' title='bbox 1964 2469 2083 2498; x_wconf 60' lang='lat' dir='ltr'>dic‘tione</span> 
     </span>
     <span class='ocr_line' id='line_1_119' title="bbox 1121 2514 1211 2534; baseline 0 -1"><span class='ocrx_word' id='word_1_1091' title='bbox 1121 2514 1211 2534; x_wconf 62' lang='lat' dir='ltr'>tamen.</span> 
     </span>
    </p>

    <p class='ocr_par' dir='ltr' id='par_1_32' title="bbox 1120 2540 2081 2614">
     <span class='ocr_line' id='line_1_120' title="bbox 1162 2540 2081 2577; baseline 0.002 -9"><span class='ocrx_word' id='word_1_1092' title='bbox 1162 2552 1189 2577; x_wconf 74' lang='lat'>13</span> <span class='ocrx_word' id='word_1_1093' title='bbox 1197 2564 1202 2570; x_wconf 87' lang='lat'>.</span> <span class='ocrx_word' id='word_1_1094' title='bbox 1222 2547 1320 2577; x_wconf 74' lang='lat' dir='ltr'>&#39;Propter</span> <span class='ocrx_word' id='word_1_1095' title='bbox 1337 2542 1510 2569; x_wconf 63' lang='lat' dir='ltr'>multirudinem</span> <span class='ocrx_word' id='word_1_1096' title='bbox 1526 2541 1676 2575; x_wconf 64' lang='lat' dir='ltr'>literarum]</span> <span class='ocrx_word' id='word_1_1097' title='bbox 1696 2540 1780 2568; x_wconf 85' lang='lat' dir='ltr'>Voces</span> <span class='ocrx_word' id='word_1_1098' title='bbox 1791 2550 1828 2567; x_wconf 85' lang='lat' dir='ltr'>eae</span> <span class='ocrx_word' id='word_1_1099' title='bbox 1846 2548 1900 2569; x_wconf 82' lang='lat' dir='ltr'>tres</span> <span class='ocrx_word' id='word_1_1100' title='bbox 1921 2541 2046 2570; x_wconf 83' lang='lat' dir='ltr'>videntur</span> <span class='ocrx_word' id='word_1_1101' title='bbox 2065 2544 2081 2570; x_wconf 66' lang='lat' dir='ltr'>it</span> 
     </span>
     <span class='ocr_line' id='line_1_121' title="bbox 1120 2578 1672 2614; baseline -0.004 -10"><span class='ocrx_word' id='word_1_1102' title='bbox 1120 2578 1214 2614; x_wconf 73' lang='lat' dir='ltr'>glossa.</span> <span class='ocrx_word' id='word_1_1103' title='bbox 1234 2587 1289 2605; x_wconf 89' lang='lat' dir='ltr'>erat</span> <span class='ocrx_word' id='word_1_1104' title='bbox 1302 2580 1328 2606; x_wconf 87' lang='lat' dir='ltr'>in</span> <span class='ocrx_word' id='word_1_1105' title='bbox 1340 2580 1396 2606; x_wconf 82' lang='lat' dir='ltr'>Pal.</span> <span class='ocrx_word' id='word_1_1106' title='bbox 1408 2585 1502 2614; x_wconf 78' lang='lat' dir='ltr'>quarto</span> <span class='ocrx_word' id='word_1_1107' title='bbox 1513 2578 1672 2602; x_wconf 76' lang='lat' dir='ltr'>altitudinem.</span> 
     </span>
    </p>

    <p class='ocr_par' dir='ltr' id='par_1_33' title="bbox 1119 2611 2078 2687">
     <span class='ocr_line' id='line_1_122' title="bbox 1160 2611 2078 2649; baseline 0.001 -9"><span class='ocrx_word' id='word_1_1108' title='bbox 1160 2623 1201 2647; x_wconf 81' lang='lat'>14.</span> <span class='ocrx_word' id='word_1_1109' title='bbox 1220 2617 1290 2649; x_wconf 80' lang='lat' dir='ltr'>Sedfi</span> <span class='ocrx_word' id='word_1_1110' title='bbox 1297 2625 1340 2649; x_wconf 78' lang='lat' dir='ltr'>quo</span> <span class='ocrx_word' id='word_1_1111' title='bbox 1349 2617 1392 2641; x_wconf 67' lang='lat' dir='ltr'>hac</span> <span class='ocrx_word' id='word_1_1112' title='bbox 1401 2614 1524 2647; x_wconf 63' lang='lat' dir='ltr'>tardius]</span> <span class='ocrx_word' id='word_1_1113' title='bbox 1545 2613 1587 2638; x_wconf 76' lang='lat' dir='ltr'>Est</span> <span class='ocrx_word' id='word_1_1114' title='bbox 1599 2615 1613 2638; x_wconf 71' lang='lat' dir='ltr'>a</span> <span class='ocrx_word' id='word_1_1115' title='bbox 1623 2611 1755 2649; x_wconf 78' lang='lat' dir='ltr'>plerisque</span> <span class='ocrx_word' id='word_1_1116' title='bbox 1765 2613 1902 2641; x_wconf 74' lang='lat' dir='ltr'>Pali-item</span> <span class='ocrx_word' id='word_1_1117' title='bbox 1911 2612 2019 2642; x_wconf 47' lang='lat' dir='ltr'>Faba&amp;</span> <span class='ocrx_word' id='word_1_1118' title='bbox 2031 2615 2078 2642; x_wconf 81' lang='lat' dir='ltr'>Bt.</span> 
     </span>
     <span class='ocr_line' id='line_1_123' title="bbox 1119 2649 1592 2687; baseline -0.008 -9"><span class='ocrx_word' id='word_1_1119' title='bbox 1119 2650 1177 2678; x_wconf 71' lang='lat' dir='ltr'>aliae</span> <span class='ocrx_word' id='word_1_1120' title='bbox 1186 2651 1248 2678; x_wconf 84' lang='lat' dir='ltr'>edd.</span> <span class='ocrx_word' id='word_1_1121' title='bbox 1257 2652 1327 2686; x_wconf 76' lang='lat' dir='ltr'>Sedst</span> <span class='ocrx_word' id='word_1_1122' title='bbox 1334 2651 1424 2687; x_wconf 71' lang='lat' dir='ltr'>quidem</span> <span class='ocrx_word' id='word_1_1123' title='bbox 1433 2652 1477 2677; x_wconf 72' lang='lat' dir='ltr'>‘oaec</span> <span class='ocrx_word' id='word_1_1124' title='bbox 1486 2649 1592 2675; x_wconf 66' lang='lat' dir='ltr'>tardius.</span> 
     </span>
    </p>
   </div>
  </div>
 </body>
</html>
