2337 3400
149 504 182 527 11

171 2085 183 2109 1
196 2084 214 2108 2
234 2079 388 2112 sumserit,
409 2079 462 2119 qui
474 2079 555 2117 Bajas
566 2077 683 2108 viderit.

198 118 292 179 518·
605 110 1105 160 M‘ruth

195 202 314 242 praediti
325 222 332 235 ‚
344 202 432 232 Titus
444 220 452 232 ‚
469 197 614 239 Gaiusque
625 197 776 238 Coponii:
791 197 842 238 qui
853 205 891 226 ex
902 194 1047 226 omnibus
1062 194 1160 224 maxi-

201 246 252 274 me
264 246 376 274 Dionis
387 250 517 271 mortem
527 239 707 270 doluerunt:
726 240 780 279 qui
799 238 871 269 cuin
889 236 1035 268 dota-rinae
1047 235 1158 268 studio,

201 295 289 326 atque
304 284 495 314 humanitatis
504 302 512 315 ‚
528 291 593 312 tum
606 282 697 311 etiam
708 281 839 320 hospitio
853 281 961 309 Dionis
973 278 1160 308 tenebantur.

204 327 364 357 Habitzibat
381 327 406 354 is
422 323 498 363 apud
512 325 549 354 L.
562 323 726 362 Luccejum
739 343 747 355 ,
769 331 800 352 ut
813 320 947 352 audistis·
969 320 1062 350 fuerat
1071 321 1163 350 eico-

203 371 306 409 gnitus
317 366 516 397 Alexandriae.
540 364 622 405 Qd
640 373 690 394 aut
710 366 778 397 hic,
798 373 849 393 aut
866 363 987 393 summo
1006 362 1162 402 splendore

205 409 345 450 praeditus
357 428 365 441 ,
382 407 470 438 frater
480 408 544 447 ejus
556 427 564 441 ,
585 406 621 437 de
630 408 675 436 M.
687 405 786 436 Coelio
796 404 949 435 existimet
961 425 970 438 ‚
988 414 1026 434 ex
1035 402 1102 444 ipsis
1114 424 1122 436 ,
1143 402 1165 432 fi

204 449 345 491 produk'fr
363 459 451 480 erunt
462 470 470 482 ,
490 448 629 479 audietis.
653 451 730 489 Ergo
744 449 805 477 haec
819 455 1044 480 removeantur,
1067 455 1099 477 ut
1111 445 1166 475 ali-

206 492 328 533 quando
338 512 346 525 ,
359 493 390 522 in
404 491 516 532 quibus
526 491 610 521 causa
619 491 727 520 nititur
737 509 745 522 ‚
764 489 800 519 ad
811 499 843 519 ea
852 490 1018 519 veniamus.
1056 490 1169 518 Anim-

207 534 321 564 adverti
331 533 416 564 enim
427 553 436 566 ,
453 533 571 574 judices
584 553 592 566 ,
613 531 709 562 audiri
722 530 738 561 a
752 531 840 561 vobis
853 541 958 560 meum
968 530 1161 562 familiarem,

210 579 244 607 L.
257 578 448 606 Herennium
460 596 468 608 ,
489 582 662 615 perattente.
686 575 718 603 in
731 583 793 614 quo
805 571 856 603 etsi
869 582 975 613 magna
985 583 1023 602 ex
1032 580 1111 611 parte
1123 573 1170 600 in—

209 621 301 659 genio
312 619 376 655 ejus
387 638 396 651 ‚
415 617 449 647 δε
458 616 579 647 dicendi
588 625 694 657 genere
705 615 836 656 quodam
848 615 1051 645 tenebamini:
1069 622 1172 643 tamen

213 669 448 700 nonnumquam
463 658 584 688 verebar
595 677 604 691 ,
624 667 661 687 ne
675 657 726 687 illa
739 657 885 687 subtiliter
899 657 933 686 ad
946 654 1173 687 criminandum

212 701 336 732 induGta
348 702 445 731 oratio
456 720 465 734 ,
490 704 499 720 ¹
510 699 547 731 ad
559 700 679 730 animos
690 698 801 729 vestros
812 697 918 729 sensim
930 718 938 732 ,
959 708 991 728 ac
1009 698 1115 726 leniter
1127 706 1175 726 ac-

210 743 332 774 cideret.
355 743 434 773 dixit
451 744 536 772 enim
554 742 651 772 multa
667 741 703 771 de
720 741 857 773 luxuria,
880 741 976 769 muita
986 739 1021 769 de
1034 738 1172 772 libidine,

215 786 310 815 multa
319 785 356 815 de
366 785 623 824 vitiisjuventutis
636 803 645 816 ‚
667 783 762 812 multa
776 783 812 812 de
827 782 982 811 moribus:
1009 781 1041 810 ὃς
1053 800 1061 814 ,
1080 782 1133 820 qui
1145 781 1178 808 in

213 828 328 868 reliqua
347 828 409 857 vita
422 827 507 856 mitis
522 824 591 855 eflet
605 845 613 859 ‚
636 825 669 855 δε
687 827 720 854 in
739 825 793 854 hac
811 824 949 853 suavitate
971 823 1177 854 humanitatis,

214 879 271 910 qua
289 878 381 909 prope
396 870 461 908 J'am
479 867 666 898 dele&antur
683 867 824 895 homines
836 885 844 898 ,
865 865 973 894 versari
993 863 1178 904 perjucunde

216 912 322 941 {oleret
336 931 345 943 ,
364 909 424 940 fuit
433 912 465 940 in
475 910 530 940 hac
539 909 622 939 causa
630 907 772 947 pertristis
779 907 904 978 ¹quidam
915 913 1034 945 patruus
1047 926 1055 939 ‚
1077 905 1178 944 censor,

216 951 357 993 magister.
380 952 549 992 obiurgavit
559 953 602 980 M.
614 950 747 980 Ccelium
757 969 765 982 ‚
802 957 850 978 cut
862 950 1020 978 neminem
1032 957 1178 988 umquam

215 1004 331 1035 parens.
354 994 450 1024 multa
467 994 504 1023 de
524 993 764 1024 incontinentia,
786 992 1073 1030 intemperantiaque
1092 987 1180 1019 diffe-

217 1039 290 1067 ruit.
320 1036 401 1075 Qiid
420 1036 569 1076 quaeriti8‚
590 1033 728 1073 judices?
749 1032 941 1073 ignoscebam
961 1032 1050 1062 vobis
1072 1030 1181 1062 attente

217 1078 431 1111 audientibus,
452 1084 605 1117 propterea
618 1073 701 1116 quod
720 1084 840 1116 egomet
858 1083 918 1104 tam
937 1073 1017 1104 triste
1034 1073 1110 1103 illud
1123 1093 1131 1106 ,
1150 1072 1182 1102 δε

219 1130 281 1150 tarn
291 1120 426 1159 asperum
435 1128 530 1159 genus
542 1119 686 1147 orationis
696 1116 864 1147 horrebam.
889 1119 932 1146 Ac
941 1118 1038 1156 prima
1047 1125 1110 1155 pars
1125 1114 1185 1144 fuit

218 1164 270 1191 illa
280 1182 288 1195 ,
299 1171 364 1201 quae
376 1170 425 1190 me
436 1159 542 1190 minus
552 1159 711 1192 movebat,
726 1157 813 1189 fuiffe
823 1168 894 1188 meo
905 1156 1065 1188 necefiario
1079 1155 1182 1186 Bestiae

220 1204 350 1233 Ccelium
362 1201 544 1232 familiarem
555 1212 560 1230 ;
571 1199 685 1231 cenass'e
695 1201 772 1241 apud
782 1210 865 1233 eum,
877 1198 1032 1230 ventitasse
1043 1199 1183 1231 domurn,

220 1243 364 1275 studuifl'e
374 1252 518 1284 praeturae.
540 1245 617 1273 Non
635 1253 685 1272 me
701 1243 764 1273 haec
778 1250 906 1272 movent
919 1261 931 1275 ,
950 1251 1016 1281 quae
1031 1239 1184 1281 perspich

218 1287 291 1317 falsa
300 1287 379 1316 sunt.
403 1287 518 1316 etenim
535 1295 587 1315 eos
605 1285 664 1314 una
680 1283 794 1314 cenasse
813 1283 906 1316 dicit,
926 1286 979 1324 qui
1000 1292 1050 1313 aut
1066 1282 1182 1314 absunt,

220 1337 271 1359 aut
284 1328 394 1369 quibus
407 1326 522 1358 necess'e
540 1326 581 1356 est
598 1326 680 1356 idem
698 1325 803 1356 dicere.
829 1328 937 1365 Neque
952 1323 1024 1354 vero
1038 1323 1117 1353 illud
1134 1333 1184 1352 me

221 1379 398 1400 commovet
409 1389 417 1403 ,
439 1367 522 1410 quod
535 1367 589 1398 sibi
601 1370 633 1399 in
646 1369 774 1408 Lupercis
784 1366 916 1397 sodalem
927 1365 984 1396 effe
996 1366 1129 1396 Coelium
1139 1364 1187 1395 di-

221 1414 278 1442 xit.
310 1414 380 1441 Fera
395 1410 532 1451 quaedam
554 1410 692 1440 sodalitas
714 1429 723 1443 ,
752 1409 784 1439 &
801 1408 889 1449 plane
908 1408 1079 1449 pastoritia,
1100 1416 1186 1448 atque

222 1453 343 1494 agrestis
352 1462 566 1495 germanorum
576 1454 782 1492 Lupercorum
794 1461 799 1479 :
821 1460 952 1492 quorum
962 1452 1057 1481 coitio
1070 1449 1124 1479 illa
1137 1447 1187 1478 fii-

222 1495 332 1525 vestris
343 1515 351 1529 ‚
369 1496 437 1524 ante
452 1493 495 1524 est
506 1493 640 1524 instituta
651 1514 659 1526 ,
683 1492 775 1534 quam
791 1493 961 1523 humanitas
972 1512 980 1526 ,
999 1501 1087 1533 atque
1096 1491 1185 1531 leges.

226 1536 247 1566 fi
256 1537 379 1578 quidem
395 1546 459 1566 non
472 1535 567 1566 modo
579 1537 708 1565 nomina
716 1534 857 1564 deferunt
867 1535 982 1564 interse
995 1534 1107 1564 sodales
1117 1553 1125 1567 ‚
1138 1532 1187 1563 sed

227 1581 318 1609 etiam
330 1586 574 1608 commemorant
589 1577 774 1608 sodalitatem
792 1578 826 1607 in
841 1575 1005 1606 accusando
1015 1595 1023 1609 ,
1047 1584 1079 1605 ut
1088 1585 1126 1605 ne
1137 1594 1146 1608 ‚
1166 1572 1187 1604 fi

226 1623 294 1662 quis
310 1620 341 1650 id
359 1619 438 1650 forte
459 1620 587 1652 nesciat,
608 1621 715 1649 timere
724 1618 867 1648 videatur.
891 1617 948 1648 Sed
959 1619 1021 1647 haec
1031 1619 1181 1647 omittam:

224 1662 264 1692 ad
275 1663 343 1695 illa,
363 1671 429 1702 quae
448 1671 497 1690 me
516 1662 610 1701 magis
629 1669 810 1693 moverunt,
831 1659 1029 1700 respondebo.
1053 1659 1187 1689 Delicia-

228 1714 296 1734 rum
317 1703 486 1743 objurgatio
507 1701 565 1732 fuit
579 1702 684 1742 longa,
705 1701 781 1731 &ea
791 1702 904 1731 lenior:
925 1701 1050 1741 plusque
1060 1700 1191 1740 disputa-

231 1747 324 1776 tionis
335 1745 456 1777 habuit,
469 1743 559 1784 quarn
570 1744 731 1774 atrocitatis
744 1754 749 1771 t
762 1753 824 1783 quo
835 1745 926 1774 etiam
936 1743 1035 1773 audita
1042 1741 1085 1772 est
1094 1750 1191 1772 atten-

231 1787 302 1818 tius.
327 1796 398 1816 nam
413 1785 599 1819 P.Clodius,
619 1787 734 1815 amicus
745 1795 851 1818 meus,
870 1783 941 1815 curn
961 1785 988 1814 se
1003 1782 1188 1828 gravissime,

228 1826 549 1867 vehementiffimeque
561 1825 683 1866 jaSiaret
692 1846 700 1859 ,
725 1826 757 1856 ὃς
767 1828 871 1856 omnia
880 1825 1085 1856 inflammatus
1097 1833 1193 1866 ageret

230 1869 403 1901 tristissimis
413 1869 531 1902 verbis,
551 1878 625 1898 voce
639 1869 791 1898 maxima:
814 1866 928 1898 tametsi
947 1867 1108 1908 probabam
1127 1867 1191 1906 ejus

230 1912 434 1952 eloquentiam
446 1930 454 1944 ,
473 1919 574 1940 tamen
586 1919 650 1939 non
659 1909 916 1950 pertimescebam.
939 1910 1054 1950 aliquot
1063 1909 1148 1938 enim
1160 1910 1193 1937 in

230 1952 321 1984 caufis
333 1963 403 1983 eum
414 1952 549 1983 videram
561 1951 664 1981 frustra
676 1952 856 1991 litigantem.
880 1951 935 1982 tibi
945 1960 1045 1981 autern
1056 1971 1064 1984 ,
1088 1949 1188 1983 Balbe,

230 1994 419 2035 respondebo
428 1992 563 2034 primum
576 1992 707 2034 precario
719 2013 727 2026 ,
747 1993 768 2022 fi
780 1994 851 2024 licct
863 2014 871 2027 .
894 1991 914 2022 fi
927 1992 969 2024 fas
983 1992 1027 2023 est
1039 1991 1162 2022 defendi
1175 1991 1192 2021 a

233 2046 365 2067 meeum
377 2057 386 2071 ,
407 2039 459 2077 qui
473 2036 593 2066 nullum
608 2038 788 2066 convivium
807 2036 958 2069 renuerit,
979 2036 1031 2075 qui
1042 2042 1193 2075 unguenta

728 2077 878 2118 Equidem
894 2078 1010 2107 multos
1028 2076 1061 2106 ὃς
1077 2076 1141 2106 vidi
1158 2077 1191 2105 in

231 2122 285 2151 hac
295 2122 431 2154 civitate,
453 2120 486 2150 ὃς
497 2119 596 2150 audivi
610 2140 618 2152 ,
641 2129 705 2149 non
722 2118 818 2149 modo
835 2120 887 2160 qui
903 2119 1088 2160 primoribus
1102 2117 1192 2147 labris

231 2160 392 2204 gustassent
401 2171 493 2203 genus
503 2162 562 2191 hoc
573 2164 642 2191 vitae
653 2181 661 2195 ,
684 2162 717 2191 δε
727 2168 851 2191 extrema
863 2181 871 2194 ,
892 2170 924 2191 ut
938 2160 1046 2191 dicitur
1055 2181 1064 2193 ,
1084 2159 1191 2200 digitu,

231 2200 409 2250 attigissent,
432 2203 480 2233 sed
496 2205 548 2243 qui
567 2212 660 2233 totam
675 2203 907 2234 adolescentiam
922 2202 1126 2242 voluptatibus
1140 2201 1192 2231 de-

233 2245 361 2279 dissent,
382 2243 528 2275 emersifl‘e
537 2244 696 2285 aliquando
709 2265 717 2279 ,
738 2245 771 2275 &
784 2245 811 2275 se
825 2244 860 2275 ad
875 2244 991 2286 frugem
1008 2244 1118 2274 bonam
1130 2263 1138 2277 ‚
1160 2251 1193 2273 ut

233 2288 363 2321 dicitur,
383 2285 522 2326 recepiss'e'
538 2307 546 2319 ,
565 2287 736 2327 graveisque
755 2288 897 2316 homines
915 2307 923 2319 ‚
947 2295 1034 2327 atque
1053 2284 1195 2315 illustreis

234 2327 332 2359 fuiffe.
363 2331 459 2358 Datur
478 2329 562 2357 enim
582 2327 720 2358 conccss'u
739 2330 882 2357 omniurn
902 2328 972 2357 huic
989 2328 1096 2367 aliquis
1110 2326 1194 2355 ludus

236 2371 333 2403 atari,
358 2370 390 2400 &
407 2370 468 2409 ipsa
487 2378 588 2399 natura
604 2368 762 2409 profundit
776 2368 983 2398 adolescentiae
999 2368 1193 2407 cupiditates:

238 2422 305 2453 quae
316 2411 336 2441 si
347 2414 385 2442 ita
396 2420 560 2451 erumpunt
569 2431 576 2444 ,
595 2420 625 2441 ut
635 2411 750 2441 nullius
761 2412 853 2440 vitam
865 2408 1044 2439 labefaetent
1054 2428 1062 2442 ,
1081 2409 1195 2438 nullius

238 2458 369 2484 domum
381 2461 515 2483 evertant
525 2452 641 2482 :faciles
651 2472 659 2486 ‚
674 2452 886 2482 &tolerabiles
897 2451 998 2480 haberi
1008 2451 1112 2480 solent.
1138 2449 1195 2479 Sed

241 2506 272 2525 tu
287 2497 365 2525 milii
378 2494 518 2525 videbare
530 2504 569 2524 ex
577 2496 737 2524 communi
749 2493 874 2523 'infamia
886 2493 1052 2532 juventutis
1064 2493 1195 2532 aliquam

240 2537 388 2567 invidiam
409 2537 507 2566 Coelio
527 2536 604 2566 velle
625 2535 764 2566 conflare.
792 2538 892 2576 Itaque
910 2544 1004 2565 omne
1020 2533 1095 2563 illud
1111 2532 1196 2562 iilen—

241 2580 319 2608 tium
331 2599 339 2612 ,
358 2578 439 2618 quod
458 2577 500 2608 est
517 2579 647 2607 orationi
667 2577 812 2608 tributum
824 2586 900 2610 vtuae,
922 2576 981 2606 fuit
996 2576 1036 2606 ob
1050 2585 1115 2605 eam
1129 2585 1198 2604 cau-

243 2621 302 2650 iiim
315 2640 322 2653 ,
346 2620 428 2660 quod
447 2630 509 2649 uno
530 2629 580 2649 reo
597 2618 747 2660 proposito
762 2619 797 2649 de
815 2620 983 2649 multorum
995 2619 1078 2647 vitiis
1088 2618 1199 2657 cogita-

242 2662 359 2691 bamus.
384 2662 478 2691 Facile
497 2660 539 2691 est
557 2662 687 2691 accusare
707 2661 868 2691 luxuriem.
894 2660 958 2690 dies
972 2660 1036 2699 jam
1056 2669 1106 2689 me
1125 2656 1199 2688 defi-

243 2706 302 2733 ciet
311 2723 319 2737 ‚
335 2701 353 2732 si
364 2724 371 2736 ,
384 2713 448 2743 qua:
459 2702 518 2732 dici
529 2705 560 2732 in
571 2713 632 2732 eam
646 2704 821 2733 sententiam
832 2700 952 2742 possunt
968 2721 976 2734 ,
987 2710 1080 2731 coner
1091 2710 1201 2740 expro-

245 2753 326 2775 mere
339 2745 388 2775 :dc
399 2745 584 2784 corruptelis,
596 2745 632 2775 de
643 2745 806 2778 adulteriis,
816 2745 852 2774 de
861 2745 1062 2785 protervitate,
1075 2742 1203 2772 desum-

286 2906 294 2922 1
304 2916 309 2922 .
329 2897 382 2923 tAd
390 2900 478 2922 animos
487 2900 584 2930 austros,
594 2898 646 2927 &iz
656 2898 796 2932 accideret]
818 2897 860 2922 Sic
869 2896 962 2923 Ahala:
972 2895 1051 2927 liber,
1062 2895 1095 2922 fic
1105 2897 1206 2922 Grute-

244 2933 278 2963 ri,
294 2931 326 2958 iic
336 2933 362 2957 5.
373 2933 500 2959 νίὁὶογὶε.
521 2933 627 2969 vulgata
640 2933 689 2960 fine
704 2935 736 2959 ad
745 2932 886 2959 exhibebat
898 2952 906 2964 ,
927 2936 1016 2958 am'mos
1025 2933 1112 2965 vcslros
1126 2951 1133 2963 ,
1153 2933 1205 2963 ὡς.

241 2968 386 2996 accenderat.
406 2968 476 3003 quod
488 2969 611 2995 ultimum
623 2976 710 2995 tamen
722 2969 877 3005 respuebant
897 2969 954 2995 Pal.
966 2968 1014 2995 sec.
1027 2975 1091 2994 tert.
1103 2978 1200 3000 nonus,

242 3004 270 3030 in
283 3003 377 3039 quibus
388 3004 421 3028 ad
429 3007 519 3029 animos
529 3007 627 3036 vestros,
637 3006 688 3035 &a
701 3006 830 3031 accederet.

279 3048 306 3065 2.
328 3043 390 3064 Era!
402 3048 473 3064 mcum
483 3040 603 3072 deprecari
613 3044 761 3066 vacationem
771 3041 934 3075 adole-fremit,
944 3043 1087 3074 vem'amquz
1095 3040 1198 3074 pcrerm]
1221 3051 1224 3077 i

1185 111 1733 159 Cicer-<onis

1203 194 1283 227 tibus
1294 214 1302 228 ,
1315 193 1464 225 immensa
1472 195 1568 225 oratio
1578 196 1631 226 est.
1657 204 1690 227 ut
1700 195 1754 226 tibi
1765 203 1850 226 reum
1862 195 2020 226 nerninem
2032 215 2040 230 ‚
2057 194 2165 228 sedvi-

1203 238 1243 267 tia
1253 245 1401 278 proponas
1413 255 1421 268 ,
1445 244 1490 266 res
1511 244 1612 267 tamen
1630 238 1691 279 ipsa
1700 238 1733 269 &
1743 237 1865 278 copiose
1878 258 1886 271 ,
1905 237 1937 268 &
1946 240 2071 278 graviter
2079 248 2165 268 accu-

1206 279 1260 309 sari
1268 276 1374 319 potest.
1386 276 1436 308 sed
1447 275 1551 308 vestrae
1561 277 1710 318 sapientiae
1721 279 1763 310 est
1773 299 1781 313 ‚
1791 278 1906 319 judices
1916 299 1924 312 ‚
1939 289 2003 310 non
2013 279 2120 311 abduci
2130 279 2167 310 ab

1206 330 1257 351 reo
1267 331 1272 349 :
1284 330 1341 350 nec
1353 338 1362 352 ,
1371 328 1448 360 quos
1457 319 1575 349 aculeos
1582 321 1691 352 habeat
1700 323 1837 352 severitas
1847 342 1856 356 ,
1867 321 2052 362 gravitasque
2061 319 2168 355 vestra,

1207 361 1281 393 cum
1290 371 1341 392 eos
1352 360 1499 391 accusator
1509 363 1639 393 erexerit
1648 364 1681 392 in
1691 373 1755 393 rem
1769 383 1778 396 ,
1799 365 1832 392 in
1842 365 1914 393 vitia
1923 382 1932 395 ,
1952 365 1984 393 in
1996 372 2095 393 mores
2105 382 2114 397 ,
2136 364 2171 393 in

1210 413 1354 444 tempora,
1365 404 1502 432 emittere
1512 403 1547 432 in
1557 404 1704 438 bominem,
1717 405 1750 435 &
1758 406 1794 434 in
1803 414 1889 435 reum
1901 415 1907 433 ι
1920 404 1990 434 cum
2004 408 2028 434 is
2038 415 2102 435 non
2114 404 2169 434 suo

1208 447 1336 476 crimine
1346 464 1356 478 ,
1377 444 1425 475 sed
1439 445 1608 475 multorum
1620 448 1698 476 vitio
1712 445 1745 476 sit
1758 448 1790 476 in
1804 446 1955 487 quoddam
1969 446 2076 477 odium
2089 447 2174 485 inju-

1212 488 1289 518 stum
1301 496 1432 517 vocatus.
1456 488 1555 527 Itaque
1566 487 1712 518 severitati
1724 497 1793 522 tuae,
1805 497 1838 518 ut
1848 497 1968 527 oportet
1977 508 1985 521 ,
1997 490 2036 519 ita
2046 488 2171 527 respon-

1212 530 1281 560 dere
1302 539 1367 558 non
1386 527 1482 558 audeo
1494 538 1499 556 z
1520 531 1534 548 ²
1543 537 1603 558 erat
1613 531 1697 559 enim
1709 539 1814 559 meum
1827 529 1974 569 deprecari
1985 531 2174 560 vacationem

1213 571 1430 604 adolescentiae,
1439 572 1619 611 veniamque
1628 580 1728 611 petere
1738 581 1744 599 t
1753 581 1828 604 non,
1839 573 1978 611 inquam,
1987 571 2082 601 audeo
2092 581 2098 600 :
2107 581 2176 611 per-

1215 613 1229 643 f
1232 615 1307 654 ugiis
1317 622 1383 642 non
1392 621 1460 642 utor
1470 614 1562 642 aetatis
1572 623 1577 641 z
1588 610 1721 643 concessa
1729 612 1874 643 omnibus
1881 614 1892 652 j
1897 622 1948 642 ura
1958 612 2096 643 dimitto:
2108 622 2176 643 tan-

1216 665 1284 686 tum
1293 664 1375 695 peto,
1386 664 1428 688 ut,
1441 652 1519 695 slqua
1529 653 1572 685 est
1582 654 1698 685 invidia
1706 655 1884 685 communis
1893 655 1952 684 hoc
1962 663 2098 694 tempore
2107 655 2176 685 aeris

1217 698 1327 731 alieni,
1339 697 1507 737 petulantiae
1517 716 1525 729 ‚
1538 696 1705 726 libidinum
1717 696 1880 729 iuventutis
1893 716 1901 729 ,
1913 705 2004 736 quam
2017 695 2107 726 video
2117 692 2177 726 esse

1221 749 1359 780 magnam
1375 758 1382 771 ,
1407 748 1445 768 ne
1463 739 1533 768 huic
1551 738 1648 769 aliena
1665 747 1780 778 peccata
1791 758 1800 772 ,
1819 748 1856 768 ne
1874 740 1967 768 aetatis
1978 758 1987 771 ‚
2007 748 2039 768 ac
2058 747 2179 779 tempo-

1221 791 1291 810 rum
1312 782 1384 811 vitia
1401 787 1526 809 noceant.
1558 783 1656 820 Atque
1675 790 1730 821 ego
1749 779 1831 810 idern
1855 798 1864 813 ,
1889 782 1941 820 qui
1963 781 2025 810 haec
2046 779 2179 820 postulo,

1220 824 1295 863 quin
1304 822 1484 852 criminibus
1494 841 1503 855 ,
1527 824 1543 849 3
1551 831 1616 863 quae
1625 823 1658 852 in
1676 823 1758 852 hunc
1775 820 1917 852 nondum
1934 823 2053 862 proprie
2072 820 2179 852 confe-

1221 873 1329 894 runtur
1340 884 1348 896 ,
1363 861 1589 904 diligentiffirne
1603 863 1800 903 respondeam
1812 884 1821 897 ‚
1836 873 1900 894 non
1910 864 2024 894 recuso.
2046 866 2181 893 Suntau-

1223 915 1284 936 tem
1297 905 1359 935 duo
1373 907 1519 938 crimina,
1540 907 1623 939 auri,
1643 907 1677 936 &
1692 907 1804 935 veneni
1817 916 1822 934 :
1843 907 1876 935 in
1886 905 1996 946 quibus
2005 915 2080 938 una,
2094 913 2183 946 atque

1221 952 1238 974 4
1249 948 1299 978 ead
1305 957 1353 977 em
1363 947 1490 988 persona
1497 947 1634 977 versatur.
1668 949 1794 977 ,Aurum
1812 948 1948 978 sumtum
1961 947 1977 977 a
1987 947 2111 977 Clodia:
2133 957 2183 976 ve-

1223 1000 1323 1019 nenum
1336 987 1502 1030 quaefitum,
1514 989 1596 1030 quod
1604 989 1718 1019 Clodiae
1728 989 1855 1023 daretur,
1866 988 1984 1019 dicitur.
1998 991 2104 1019 omnia
2114 989 2184 1020 sunt

1223 1032 1280 1062 alia
1290 1051 1298 1064 ,
1317 1041 1381 1061 non
1389 1032 1517 1062 crimina
1527 1051 1536 1064 ‚
1558 1030 1606 1061 sed
1617 1030 1777 1062 maledi&a
1793 1032 1884 1071 jurgii
1901 1030 2061 1071 petulantis
2075 1032 2184 1071 magis.

1224 1073 1315 1114 quarn
1326 1073 1453 1112 publicae
1465 1072 1651 1113 quaestionis.
1675 1072 1814 1107 Adulter,
1824 1072 1995 1112 impudicus
2005 1093 2013 1106 ‚
2027 1072 2184 1113 sequester,

1226 1116 1400 1145 convicium
1412 1113 1463 1146 est,
1476 1124 1541 1144 non
1551 1114 1705 1145 accusatio.
1725 1115 1847 1144 nullum
1857 1113 1900 1144 est
1909 1116 1994 1144 enim
2003 1113 2186 1144 fundamen-

1226 1166 1292 1186 tum
1306 1157 1416 1185 horum
1426 1156 1594 1185 criminum
1605 1176 1613 1189 ‚
1633 1156 1717 1186 nulla
1726 1156 1821 1186 sedes.
1843 1165 1934 1186 voces
1944 1156 2011 1186 sunt
2024 1165 2188 1186 contume-

1225 1198 1307 1228 liosae
1317 1217 1326 1231 ,
1346 1196 1460 1227 temere
1472 1197 1508 1227 ab
1517 1199 1591 1227 irato
1601 1197 1765 1227 accusatore
1775 1216 1784 1230 ,
1803 1197 1889 1227 nullo
1898 1196 2020 1227 auEtore
2031 1217 2039 1230 ,
2059 1195 2185 1227 emiffae,

1228 1242 1349 1270 Horum
1360 1239 1490 1269 duorum
1497 1240 1667 1269 criminum
1680 1238 1771 1269 video
1782 1238 2008 1271 fontem,video
2017 1238 2185 1272 au&orem,

1225 1281 1319 1311 video
1330 1289 1446 1311 certum
1456 1290 1572 1310 nomen
1584 1300 1593 1314 ,
1613 1280 1646 1310 &
1655 1289 1751 1320 caput.
1775 1283 1858 1310 Auro
1870 1290 1945 1320 opus
1958 1279 2017 1311 fuit
2031 1290 2037 1309 z
2057 1278 2159 1310 sumfit
2169 1280 2186 1311 a

1227 1323 1344 1356 Clodia.
1358 1320 1460 1353 sumsit
1468 1322 1528 1363 fine
1541 1321 1724 1358 reste,habuit
1733 1322 1877 1363 quamdiu
1885 1322 1994 1352 voluit.
2012 1323 2186 1352 maximum

1225 1365 1317 1395 video
1328 1363 1445 1406 signum
1455 1364 1611 1404 cujusdam
1627 1365 1749 1405 egregiae
1761 1362 1979 1394 familiaritatis.
2002 1373 2106 1395 necare
2116 1373 2188 1394 ean-

1229 1406 1300 1437 dem
1315 1407 1416 1436 voluit
1426 1426 1434 1440 ,
1452 1404 1588 1447 quaefivit
1605 1416 1761 1437 venenum
1776 1417 1785 1440 3
1803 1406 1977 1436 sollicitavit
1990 1416 2067 1447 quos
2074 1406 2187 1446 potuit3

1228 1451 1340 1489 paravit
1349 1460 1358 1482 3
1368 1449 1472 1478 locum
1483 1447 1642 1478 constituit
1651 1460 1660 1482 3
1677 1448 1785 1478 attulit.
1809 1457 1954 1490 magnum
1965 1448 2063 1479 rursus
2077 1447 2186 1478 odium

1230 1490 1320 1521 video
1337 1500 1408 1520 cum
1418 1488 1626 1520 crudelifl'imo
1636 1489 1762 1520 discidio
1781 1488 1937 1520 exstitiffe.
1959 1492 2021 1520 Res
2031 1489 2074 1521 est
2083 1491 2188 1520 omnis

1230 1534 1263 1562 in
1274 1533 1328 1563 hac
1336 1532 1422 1562 causa
1429 1532 1520 1561 nobis
1530 1551 1538 1565 ,
1548 1531 1664 1571 judices
1674 1551 1683 1565 ‚
1698 1541 1769 1562 curn
1780 1531 1885 1561 Clodia
1899 1551 1908 1565 ,
1926 1532 2054 1561 muliere
2063 1541 2128 1561 non
2139 1531 2189 1561 so-

1232 1573 1299 1604 lum
1314 1573 1413 1604 nobili
1425 1593 1434 1607 ,
1452 1572 1502 1603 sed
1523 1575 1613 1603 etiam
1624 1582 1696 1603 nota
1709 1583 1714 1602 :
1735 1572 1771 1602 de
1780 1582 1837 1613 qua
1850 1583 1905 1612 ego
1915 1574 1994 1602 nihil
2004 1572 2118 1606 dicam,
2132 1570 2189 1602 nifi

1230 1615 1402 1656 depellendi
1420 1615 1559 1645 criminis
1569 1614 1665 1645 causa.
1688 1613 1745 1644 Sed
1757 1614 1901 1655 intelligis
1916 1624 1972 1654 pro
1982 1623 2030 1644 tua
2039 1613 2189 1654 praestanti

1232 1657 1400 1698 prudentia,
1413 1659 1468 1687 Cn.
1479 1658 1603 1687 Domiti
1614 1676 1623 1690 ,
1634 1666 1705 1687 cum
1716 1657 1770 1686 hac
1780 1656 1841 1686 sola
1853 1666 1917 1686 rem
1928 1654 1986 1686 effe
1997 1656 2086 1685 nobis
2097 1666 2102 1685 :
2122 1665 2190 1696 quae

1233 1699 1253 1729 si
1267 1700 1296 1730 se
1306 1709 1412 1729 aurum
1422 1699 1521 1728 Coelio
1541 1695 1746 1728 commodaffe
1765 1707 1828 1727 non
1845 1697 1919 1727 dicit
1928 1718 1937 1731 ,
1957 1696 2142 1727 sivenenum
2153 1696 2190 1727 ab

1233 1742 1292 1771 hoc
1299 1740 1353 1770 sibi
1362 1749 1496 1780 paratum
1508 1738 1564 1769 effe
1575 1749 1639 1769 non
1649 1741 1744 1780 arguit
1756 1749 1762 1767 :
1772 1740 1941 1778 petulanter
1950 1737 2115 1772 facimus,s1
2125 1748 2189 1769 ma-

1232 1780 1444 1813 tremfamilias
1453 1801 1461 1814 ‚
1476 1781 1558 1810 secus
1568 1800 1576 1814 ,
1588 1781 1679 1821 quam
1690 1789 1895 1810 matronarum
1900 1778 2041 1820 sanstitas
2049 1779 2189 1820 postulat,

1233 1826 1443 1854 nominamus.
1467 1821 1509 1852 sin
1520 1842 1529 1856 ,
1542 1821 1595 1852 ista
1606 1822 1734 1852 muliere
1744 1830 1858 1852 remota
1867 1841 1875 1855 ‚
1888 1831 1944 1852 nec
1954 1824 2070 1852 crimen
2080 1821 2191 1857 ullum,

1234 1876 1290 1896 nec
1300 1875 1370 1906 opes
1385 1864 1421 1895 ad
1431 1863 1667 1906 oppugnandum
1678 1863 1816 1894 Coelium
1826 1864 1888 1893 illis
1897 1863 2193 1904 relinquentur‚quid

1234 1907 1278 1938 est
1285 1907 1366 1938 aliud
1380 1927 1388 1940 ‚
1406 1906 1488 1947 quod
1497 1916 1554 1936 nos
1569 1907 1687 1946 patroni
1705 1904 1799 1935 facere
1818 1905 1980 1935 debeamus
1992 1926 2001 1938 ,
2019 1903 2076 1935 nisi
2087 1914 2120 1935 ut
2128 1915 2194 1940 eos,

1234 1952 1288 1991 qui
1297 1948 1479 1979 inseetantur
1490 1969 1498 1982 ,
1513 1948 1712 1988 repellamus?
1729 1946 1810 1987 quod
1829 1946 1954 1988 quidem
1965 1945 2094 1977 facerem
2102 1948 2196 1978 vehe-

1236 1990 1372 2021 mentius
1391 2011 1400 2024 ,
1424 1988 1479 2021 nisi
1497 1989 1715 2020 intercederent
1733 1989 1812 2018 mihi
1830 1990 2000 2019 inimicitiae
2018 1998 2090 2019 cum
2108 1987 2195 2019 istius

1236 2033 1374 2063 mulieris
1385 2034 1451 2062 viro
1463 2043 1467 2061 z
1477 2031 1599 2062 fratrem
1608 2031 1695 2061 volui
1704 2030 1802 2061 dicere
1814 2041 1820 2060 2
1831 2031 1946 2071 semper
1957 2029 2005 2061 hic
2014 2040 2091 2060 erro.
2110 2040 2193 2062 nunc

1235 2085 1320 2117 agam
1330 2074 1464 2108 modice,
1477 2084 1533 2104 nec
1541 2072 1663 2115 longius
1673 2071 1841 2113 progrediar
1850 2093 1858 2106 ,
1871 2072 1961 2114 quam
1972 2082 2021 2103 me
2030 2082 2097 2102 mea
2107 2070 2193 2107 fides,

1237 2119 1271 2148 &
1281 2117 1434 2156 causaipsa
1444 2125 1538 2157 coget.
1562 2125 1660 2156 neque
1669 2118 1753 2145 enim
1765 2113 1918 2144 muliebrem
1930 2124 2074 2155 umquam
2085 2115 2194 2144 inimi-—

1236 2161 1321 2190 citias
1332 2160 1410 2188 mihi
1420 2158 1560 2200 gerendas
1570 2156 1848 2198 putavi‚praescrtim
1857 2167 1927 2187 cum
1938 2166 2073 2197 ca,quam
2083 2165 2193 2186 omnes

1236 2202 1352 2241 semper
1361 2203 1492 2230 amicam
1510 2202 1652 2230 omnium
1664 2197 1766 2239 potius
1778 2217 1786 2232 ,
1803 2199 1892 2239 quarn
1901 2199 2074 2237 cujusquam
2084 2198 2193 2227 inimi-

1237 2253 1302 2274 cam
1312 2251 1501 2282 putaverunt.
1522 2241 1579 2273 Sed
1593 2250 1694 2271 tamen
1702 2250 1740 2270 ex
1755 2241 1815 2278 ipsa
1823 2250 1952 2280 quaeram
1963 2238 2045 2279 prius
2057 2258 2065 2272 ‚
2087 2238 2189 2269 utrum

1239 2295 1290 2315 me
1301 2285 1400 2314 secum
1412 2283 1512 2314 severe
1522 2303 1530 2317 ‚
1547 2284 1580 2313 &
1588 2284 1732 2323 graviter,
1746 2281 1779 2311 &
1787 2281 1881 2321 prisce
1891 2291 1973 2322 agere
1984 2281 2086 2315 malit,
2097 2291 2135 2311 an
2145 2292 2192 2311 re-

1239 2327 1341 2359 misse,
1353 2335 1386 2356 ac
1394 2326 1513 2358 leniter,
1524 2325 1558 2353 δε
1573 2322 1696 2353 urbane.
1717 2321 1737 2351 sl
1749 2322 1803 2353 illo
1813 2321 1929 2352 austero
1938 2332 2034 2355 more,
2043 2332 2075 2353 ac
2084 2322 2191 2353 modo:

1237 2368 1346 2406 aliquis
1356 2367 1435 2395 mihi
1444 2366 1480 2395 ab
1490 2365 1593 2395 inferis
1602 2363 1777 2395 excitandus
1786 2364 1839 2398 est,
1852 2374 1889 2394 ex
1901 2364 2027 2395 barbatis
2042 2365 2115 2398 illis,
2128 2375 2193 2396 non

1240 2409 1293 2438 hac
1304 2407 1494 2448 barbula,qua
1503 2406 1556 2437 ista
1566 2405 1790 2436 dele&atur:sed
1801 2407 1851 2436 illa
1860 2406 2085 2446 horrida‚quam
2095 2408 2127 2436 in
2138 2405 2196 2437 sta-

1239 2451 1298 2480 tuis
1308 2451 1439 2489 antiquis
1450 2469 1458 2482 ,
1470 2447 1739 2489 &inimaginibus
1748 2447 1887 2477 videmus
1898 2450 1965 2489 :qui
1977 2448 2114 2490 objurget
2125 2458 2196 2479 mu-

1241 2492 1347 2521 lierem
1360 2510 1368 2524 ,
1382 2491 1414 2520 &
1424 2500 1478 2530 pro
1489 2500 1538 2519 me
1549 2491 1707 2531 loquatur,
1728 2499 1766 2519 ne
1778 2488 1830 2520 ista
1840 2491 1917 2520 mihi
1927 2489 2004 2520 forte
2016 2490 2193 2521 succenseat.

1242 2532 1366 2564 Exsistat
1382 2534 1474 2574 igitur
1489 2543 1528 2562 ex
1544 2533 1596 2563 hac
1616 2531 1676 2572 ipsa
1685 2530 1802 2561 familia
1818 2532 1944 2572 aliquis:
1958 2542 1990 2562 ac
2003 2530 2196 2571 potissimum

1242 2578 1343 2605 Caecus
1354 2574 1415 2604 ille.
1428 2576 1597 2604 minimum
1607 2575 1691 2603 enim
1703 2572 1840 2603 dolorem
1851 2576 1956 2614 capiet,
1972 2575 2025 2614 qui
2035 2573 2120 2603 istam
2132 2583 2196 2604 non

1242 2615 1362 2645 videbit.
1385 2615 1582 2657 quiprofeEto
1598 2613 1617 2645 fi
1628 2613 1791 2649 exstiterit,
1813 2613 1850 2645 fic
1859 2626 1938 2658 aget,
1959 2616 1990 2646 &
2001 2613 2037 2645 fic
2047 2616 2197 2656 loquetur:

1245 2661 1389 2688 MULIER
1402 2678 1410 2692 ,
1428 2658 1501 2699 quid
1513 2658 1569 2687 tibi
1579 2667 1650 2688 curn
1659 2657 1780 2687 Coelio?
1800 2658 1872 2698 quid
1883 2667 1951 2687 cum
1962 2659 2088 2687 homine
2097 2657 2198 2687 adole-

1246 2701 1402 2730 scentulo?
1425 2699 1498 2740 quid
1508 2709 1578 2730 cum
1598 2699 1699 2729 alieno
1712 2702 1723 2728 ἓ
1743 2709 1796 2729 cur
1812 2708 1862 2729 aut
1881 2708 1939 2729 tam
1953 2699 2109 2738 familiar&
2128 2699 2198 2729 huic

1245 2741 1376 2776 fuisti‚ut
1384 2751 1489 2772 aurum
1499 2741 1709 2772 commodares
1721 2750 1726 2769 2
1737 2750 1786 2772 aut
1795 2749 1856 2771 tam
1864 2742 2035 2775 inimica‚ut
2044 2749 2196 2770 venenum

2064 2782 2199 2811 timeres?

1247 2895 1308 2922 dem
1319 2896 1344 2922 in
1356 2905 1439 2927 nono,
1448 2893 1612 2921 offendiss'em
1623 2893 1720 2919 ibidem
1730 2896 1963 2926 veniamquepetere.

1285 2941 1310 2967 3.
1326 2933 1382 2965 Qae
1390 2936 1415 2957 in
1425 2933 1486 2956 lmnc
1495 2931 1593 2956 nondum
1599 2931 1692 2962 propri&
1701 2930 1876 2962 conferuntur]
1901 2931 1959 2954 Vox
1970 2929 2132 2964 nondumjam
2144 2930 2199 2966 pri-

1246 2977 1319 2994 mum
1330 2967 1431 2994 accedit
1447 2966 1552 2993 auEtori
1565 2985 1573 2997 ,
1591 2974 1624 2991 cx
1638 2965 1692 2991 tal.
1703 2964 1751 2990 sec.
1771 2965 1811 2990 cui
1832 2964 1890 2990 sere
1910 2964 2199 3000 respondentnonus&

1246 3003 1355 3030 Geiubl.
1366 3004 1391 3029 'ui
1403 3003 1510 3039 quibus,
1520 3002 1640 3032 mnndum,
1654 3001 1718 3027 item
1729 3008 1793 3026 tert.
1804 3000 1829 3026 iu
1841 3010 1893 3036 quo
1903 3001 2005 3027 munies.

1279 3047 1307 3072 4.
1328 3040 1520 3072 Eadcmpersbna
1529 3038 1651 3071 mgnum]
1673 3035 1783 3062 Reduxi
1793 3035 1935 3063 lectionem
1945 3037 2066 3063 oninium
2077 3043 2197 3064 veterum

239 3075 339 3101 Nescio
357 3074 420 3110 quid
433 3074 527 3101 sentire
546 3076 653 3102 debeam
672 3076 704 3102 de
718 3076 833 3102 lec⁶tione
846 3076 901 3102 Pal.
920 3077 969 3102 sec.
991 3083 1053 3102 tert.
1068 3077 1151 3101 (ἐι-υτ.
1170 3077 1198 3101 ὃ(
1221 3096 1223 3099 ,
1243 3074 1371 3101 librorum
1383 3074 1516 3101 editorum
1527 3082 1555 3099 ac
1564 3074 1665 3099 calamo
1675 3079 1856 3103 exaratorum,
1867 3073 1913 3099 nili
1924 3071 1994 3108 quod
2005 3074 2083 3099 restet
2093 3073 2119 3099 in
2131 3083 2198 3099 non-

235 3111 298 3138 edd.
319 3119 386 3138 vett.
415 3118 467 3136 erat
485 3121 557 3136 meum
576 3113 602 3136 de
617 3115 814 3144 prom-icarione
831 3113 982 3145 adolescentix
999 3115 1096 3138 veniam
1110 3118 1198 3144 petere.
1220 3113 1221 3139 l

1243 3111 1323 3137 nullis
1335 3118 1467 3145 urguetur5
1488 3109 1558 3137 unde
1567 3116 1658 3136 natum
1670 3107 1848 3136 Erfurdiensis
1858 3116 1981 3142 aigncmr.
2002 3109 2110 3145 vulgata
2121 3127 2129 3141 ,
2139 3118 2199 3133 ver-

228 3155 300 3175 certe
312 3146 417 3175 salivam
430 3147 494 3173 inihi
506 3155 646 3174 moverent
659 3167 666 3181 ,
687 3148 733 3175 nili
744 3149 859 3175 inventis
873 3148 959 3176 verbis
971 3146 1120 3184 litterisqiie
1131 3144 1198 3175 toti'-
1219 3148 1318 3185 Μάτην.

2103 3188 2126 3207 ι.
2137 3181 2196 3213 ‘Koa

2202 870 2243 904 13

2213 2247 2258 2280 14
