2295 3400
143 123 242 166 422
541 104 1045 154 M.Tts1,1,11

143 201 197 232 pro
216 192 426 233 magnitudine
444 190 568 230 periculi
586 188 737 224 obtestor,
756 198 790 221 ut
810 191 895 224 otio,
916 200 949 221 ut
966 191 1050 232 paci,
1071 198 1102 221 ut

142 234 246 267 siluti,
272 243 305 264 ut
323 243 391 263 vitae
410 231 531 264 vestrae,
550 231 582 261 &
594 240 762 262 ceterorum
775 234 890 263 civium
903 252 911 267 ,
930 233 1102 263 consulatis:

145 279 153 294 ¹
167 275 273 305 deinde
287 285 341 315 ego
355 273 445 304 fidem
456 272 594 307 vestram,
607 273 655 303 vel
665 273 830 304 defensoris
842 294 849 307 ,
863 272 1104 304 &amiciofficio

145 316 291 347 addufitus
303 336 311 349 ‚
322 325 376 346 oro
389 334 397 348 ‚
408 324 495 355 atque
506 315 630 345 obsecro
640 335 648 349 ‚
657 315 773 355 judices
786 336 794 348 ,
808 325 840 346 ut
851 326 888 346 ne
899 317 1035 347 ‘nominis
1045 317 1104 349 mi-

147 358 199 388 seri
212 378 219 391 ‚
241 359 273 387 δε
282 356 353 387 cum
364 358 499 397 corporis
511 356 621 386 morbo
632 376 640 389 ,
661 366 725 387 tum
737 359 832 387 animi
843 357 950 388 dolore
959 357 1103 391 confesti,

146 401 181 430 L.
194 402 335 430 Muraenae
346 419 354 431 ,
368 407 517 428 recentem
529 398 762 438 gratulationem
774 409 851 429 nova
864 403 879 419 ²
889 399 1104 431 lamentatione

145 441 285 470 obi-uatis.
296 439 391 470 niodo
403 441 542 470 maximo
553 440 699 470 beneficio
713 450 783 481 pop.
795 443 890 471 Rom.
905 442 1106 481 ornatu3,for-

145 489 262 510 rimatus
273 482 446 515 videbatur,
468 481 550 522 quod
559 483 673 521 primus
685 484 716 512 in
726 481 875 514 familiam
885 493 1014 515 veterem
1029 504 1036 517 ,
1046 485 1105 523 pri-

144 532 212 553 mus
227 526 257 553 in
270 526 471 563 municipium
484 522 934 564 antiquiffimum‚consulatum
946 524 1085 556 attuliss'et
1100 536 1106 554 ;

146 574 228 596 nuuc
239 566 322 595 idem
335 566 466 606 squalore
481 564 614 595 sordidus
625 585 633 599 ‚
643 565 803 596 confet‘tus
814 567 922 597 morbo
933 588 942 601 ‚
954 568 1104 608 lacrymis,

147 617 179 636 ac
195 617 324 637 moerore
340 606 473 646 perditus
490 626 498 640 ,
511 606 606 637 vester
619 607 787 650 estsupplex
799 628 808 643 ,
824 609 941 649 judices
952 629 960 643 ‚
980 609 1106 639 vestram

149 647 239 679 fidem
252 648 413 679 obtestatur
424 668 432 682 ,
456 648 693 679 misericordiam
704 650 846 690 implorat
857 672 866 684 ,
885 650 1010 681 vestiam
1023 660 1109 691 pote—

148 689 252 721 statem
266 711 273 724 ,
287 701 317 720 ac
327 689 434 720 vestras
448 700 519 731 opes
530 691 671 721 intuetur.
696 693 803 722 Nolite
812 711 821 726 ‚
833 702 884 732 per
894 692 965 723 deos
978 694 1108 723 immor-

146 733 232 762 talcis
243 753 250 766 ,
272 732 384 768 iudices
394 752 402 766 ‚
416 733 470 763 hac
479 742 551 762 eum
562 742 591 761 re
602 752 610 765 ‚
625 742 683 773 qua
696 733 723 763 se
733 733 938 764 honestiorem
948 734 1012 765 fore
1023 744 1106 775 puta-

149 776 195 804 vit
205 794 212 807 ‚
230 776 321 805 etiam
333 777 437 805 ceteris
446 773 515 804 ante
525 776 613 814 partis
623 774 827 805 honestatibus
838 795 846 810 ‚
863 785 948 817 atque
960 778 1047 806 omni
1059 776 1106 806 di—

146 818 259 857 gnitate
270 836 278 850 ,
295 814 474 857 fortunaque
484 818 608 856 privare.
633 819 730 856 Atque
740 819 781 847 ita
790 827 843 847 vos
853 819 988 848 Muraena
998 837 1006 851 ‚
1027 817 1105 854 judi-

147 868 196 888 ces
206 877 214 891 ,
227 866 291 888 orat
301 878 310 891 ‚
322 867 410 899 atque
422 857 569 891 obsecrat,
584 856 604 887 fi
614 857 725 897 injuste
737 861 894 888 neminem
905 858 975 889 laesit
986 879 993 892 ‚
1008 857 1027 888 sl
1037 859 1107 888 nul-

147 900 207 929 lius
217 902 313 930 aureis
323 920 332 933 ‚
344 900 572 930 voluntatemve
581 900 722 929 violavit:
734 899 755 929 fi
764 901 901 934 nemini,
913 910 945 930 ut
955 899 1104 930 leviss'ime

147 941 246 972 dicam
259 962 267 974 ‚
287 941 361 971 odio
372 951 427 972 nec
437 940 524 971 domi
535 961 543 973 ,
558 950 613 971 nec
623 941 740 971 militia:
750 941 807 972 fuit
820 951 826 970 τ
845 940 879 972 fit
888 942 963 982 apud
971 951 1026 972 vos
1037 951 1107 971 mo-

147 982 248 1013 destiae
263 983 346 1013 locus
356 1003 364 1016 ,
383 981 416 1013 sit
429 981 563 1013 demissis
574 982 754 1013 hominibus
762 982 933 1025 perfugium
945 1004 952 1017 ‚
974 982 1007 1014 sit
1017 985 1088 1013 auxi
1097 1001 1108 1007 -

144 1025 225 1054 lium
242 1024 359 1066 pudori.
383 1023 624 1054 Misericordiam
635 1024 774 1064 spoliatio
785 1025 954 1056 consulatus
965 1035 1105 1066 magnam

145 1066 255 1096 habere
266 1065 371 1099 debet,
382 1066 505 1105 judices.
529 1065 589 1095 una
598 1067 685 1096 enim
694 1068 862 1106 eripiuntur
871 1077 942 1097 cum
951 1067 1106 1098 consulatu

146 1109 262 1138 omnia.
286 1107 427 1136 invidiam
444 1105 517 1137 vero
536 1108 584 1137 his
602 1109 790 1148 temporibus
809 1108 916 1139 habere
937 1109 1106 1139 consulatus

146 1150 210 1190 ipse
222 1149 337 1179 nullam
350 1147 455 1188 potest.
479 1149 622 1188 objicitur
636 1151 719 1179 enim
733 1151 936 1180 concionibus
950 1151 1106 1181 seditioso—

145 1200 213 1221 rum
222 1211 230 1223 ‚
244 1189 358 1220 insidiis
367 1190 594 1231 conjuratorum
604 1210 612 1224 ‚
625 1191 693 1221 telis
703 1192 838 1222 Catilinae
848 1212 856 1226 ,
868 1192 903 1222 ad
914 1202 1008 1222 omne
1017 1192 1104 1222 deni-

145 1241 204 1273 que
212 1232 380 1272 periculum
393 1252 402 1265 ‚
422 1240 509 1273 atque
524 1231 559 1262 ad
573 1242 700 1263 omnem
716 1234 863 1264 invidiam
877 1233 956 1264 solus
973 1235 1104 1274 opponi-

142 1283 201 1303 tur.
256 1283 322 1304 uate
340 1273 415 1314 quid
432 1273 636 1305 invidendum
647 1277 790 1306 Muraenae
801 1295 810 1309 ‚
831 1284 880 1306 aut
892 1278 1032 1316 cuiquam
1046 1285 1105 1306 no-

146 1314 244 1345 strum
269 1324 292 1346 it
305 1318 337 1346 in
352 1317 409 1346 hoc
419 1317 561 1356 praeclaro
574 1316 730 1346 consulatu
741 1336 749 1351 ,
769 1327 834 1347 non
848 1317 939 1347 video
949 1337 958 1351 ,
975 1317 1103 1357 judices.

144 1365 212 1398 qua:
221 1356 293 1387 verb
303 1357 467 1395 miseranda
477 1358 545 1388 sunt
554 1377 562 1392 ,
571 1367 606 1388 ea
616 1358 649 1388 &
657 1359 736 1388 mihi
745 1368 814 1389 ante
823 1360 929 1389 oculos
940 1359 1101 1392 versantur,

83 1413 125 1445 41
147 1400 182 1429 &
190 1408 246 1429 vos
256 1398 369 1433 videre,
381 1399 415 1429 δε
445 1400 587 1440 erspicere
597 1399 729 1440 potestis.
744 1402 774 1431 Si
785 1400 878 1442 (quod
884 1402 1000 1443 Jupiter
1009 1410 1103 1431 omen

144 1442 267 1480 avertat)
286 1442 366 1471 hunc
385 1409 489 1472 vestris
508 1442 664 1472 sententiis
681 1441 867 1472 afflixeritis:
886 1442 948 1483 quo
968 1442 997 1472 se
1015 1443 1107 1473 miser

144 1490 242 1512 venet
251 1485 260 1512 ?
270 1482 456 1516 domumne?
472 1492 505 1513 ut
515 1492 580 1513 earn
590 1484 744 1524 imaginem
751 1482 904 1514 clarissimi
913 1486 971 1514 viri
981 1505 989 1517 ‚
999 1494 1106 1525 paren-

145 1525 184 1553 tis
198 1524 242 1554 sui
253 1544 260 1558 ‚
282 1534 371 1565 quam
381 1527 480 1564 paucis
491 1522 559 1555 ante
571 1525 677 1556 diebus
691 1526 850 1555 laureatam
865 1527 898 1555 in
917 1526 967 1556 sua
979 1526 1105 1567 gratula-

148 1567 231 1597 tione
241 1567 398 1607 conspexit
409 1587 417 1601 ,
439 1567 566 1597 eandem
576 1566 775 1598 deformatam
786 1568 957 1608 ignominia
967 1587 976 1601 ‚
997 1568 1105 1609 lugen-

526 1678 621 1740 λῶ
705 1681 1204 1743 TULLIUS

1126 100 1672 156 C1cznours

1147 199 1269 233 temque
1286 190 1405 222 videat?
1421 201 1459 222 an
1477 191 1514 223 ad
1527 199 1646 222 matrem
1657 211 1665 226 ‚
1686 199 1753 234 quae
1765 188 1871 222 misera
1885 190 1980 223 modo
1993 191 2102 224 consu·

1148 233 1209 263 lem
1220 233 1348 264 osculata
1358 232 1457 264 filium
1466 234 1553 264 suum
1566 254 1575 268 ,
1591 243 1673 264 nunc
1683 235 1847 268 cruciatur,
1867 233 1901 264 δε
1910 234 2037 264 sollicita
2046 234 2101 268 est,

1147 285 1185 304 ne
1198 274 1329 305 eundem
1344 275 1446 315 paullo
1459 275 1527 316 post
1539 276 1697 316 spoliatum
1713 277 1802 305 omni
1820 275 1965 317 dignitate
1982 276 2102 316 conspi-

1146 318 1205 346 ciat
1221 319 1233 345 ?
1253 317 1309 347 Sed
1323 316 1397 358 quid
1410 327 1466 358 ego
1481 325 1607 347 matrem
1619 337 1628 351 ‚
1647 327 1697 348 aut
1711 316 1838 347 domum
1850 317 1968 357 appello
1979 337 1988 351 ‚
2007 327 2101 358 quem

1148 367 1226 388 nova
1235 368 1324 399 poena
1335 360 1407 399 legis
1417 360 1450 388 Sc
1461 358 1557 389 domo
1567 378 1576 393 ‚
1589 359 1622 389 &
1630 367 1750 399 parente
1760 378 1769 392 ,
1782 358 1815 389 δε
1825 361 1967 389 omnium
1977 359 2100 390 suorum

1148 400 1365 431 consuetudine
1377 420 1386 435 ‚
1396 400 1615 442 conspethque
1625 402 1738 440 privat?
1750 400 1809 430 Ibit
1818 402 1909 440 igitur
1918 403 1950 431 in
1960 399 2101 432 exsilium

1149 442 1257 472 miser?
1274 441 1354 483 quo?
1371 442 1406 472 ad
1417 443 1588 473 Orientisne
1598 443 1702 482 parteis
1714 461 1723 474 ‚
1744 444 1777 471 in
1786 443 1896 482 quibus
1911 452 2006 473 annos
2019 442 2103 472 mul-

1150 493 1194 514 tos
1205 483 1315 525 legatus
1324 483 1384 514 fuit
1396 503 1405 518 ‚
1425 484 1458 515 &
1469 486 1616 515 exercitus
1625 484 1714 513 duxit
1723 503 1732 516 ,
1753 483 1786 512 δε
1794 493 1840 513 res
1851 485 1999 514 maximas
2007 482 2106 525 gessit?

1149 528 1188 555 At
1210 535 1232 555 11
1243 534 1264 554 Α
1274 536 1291 556 Β
1303 535 1349 555 ET
1373 535 1400 555 M
1410 535 1431 555 A
1441 535 1463 555 G
1472 535 1493 555 N
1503 536 1525 556 u
1538 535 1565 555 M
1579 525 1718 555 dolorem
1728 544 1737 558 ‚
1752 524 1833 554 unde
1841 535 1912 555 cum
1924 526 2040 556 lionorc
2050 526 2102 556 de-

1149 565 1266 597 cesseris
1277 587 1285 602 ,
1303 568 1412 598 eodem
1425 577 1496 597 cum
1512 568 1682 607 ignominia
1695 567 1811 596 reverti.
1835 569 1884 596 An
1897 567 1926 597 se
1940 569 1973 597 in
1985 576 2103 598 contra-

1148 610 1222 638 riam
1233 619 1346 649 partem
1357 618 1501 639 terrarum
1510 609 1615 641 abdet,
1634 617 1666 638 ut
1675 608 1773 638 Gallia
1781 608 1975 648 Transalpina
1985 628 1994 642 ‚
2010 618 2104 650 quem

1148 660 1240 691 nuper
1255 651 1374 681 summo
1384 661 1454 681 cum
1468 652 1598 691 imperio
1615 647 1810 679 libentiss'irne
1821 649 1950 684 viderit,
1969 651 2102 681 eundem

1147 691 1299 734 lugentem
1312 713 1320 726 ‚
1343 701 1523 723 moerentem
1536 712 1544 725 ‚
1562 691 1698 722 exsulem
1708 690 1825 723 videat?
1843 693 1878 721 in
1891 701 1923 722 ea
1935 692 2024 732 porro
2033 702 2104 732 pro-

1147 735 1247 765 vincia
1258 755 1266 767 ,
1278 745 1339 775 quo
1349 737 1454 765 animo
1464 737 1669 765 ciMuraenam
1682 731 1817 771 ,fratrem
1827 733 1915 763 suum
1925 753 1934 767 ‚
1949 733 2103 774 adspiciet?

1146 778 1198 816 qui
1213 777 1302 810 huius
1314 776 1420 807 dolor?
1439 778 1492 816 qui
1505 776 1587 805 illius
1602 784 1713 805 moeror
1724 776 1799 804 erit?
1817 784 1883 816 quae
1896 776 2044 817 utriusque
2058 776 2102 806 la-

1150 819 1316 848 mentatio?
1337 826 1447 858 quanta
1462 827 1563 848 autern
1581 817 1764 856 perturbatio
1781 814 1911 847 fortunae
1920 836 1929 850 ,
1947 827 2034 858 atque
2043 818 2103 848 ser—

1150 861 1250 888 monis
1262 879 1270 891 ,
1291 859 1374 899 quod
1385 880 1393 892 ,
1413 860 1522 900 quibus
1532 862 1565 889 in
1579 860 1653 889 locis
1666 860 1766 898 paucis
1781 857 1849 889 ante
1864 859 1969 889 diebus
1984 858 2100 890 fafitum

1148 898 1206 930 effe
1215 900 1374 931 consulem
1385 903 1551 931 Muraenam
1563 921 1571 934 ‚
1589 909 1691 931 nuntii
1700 920 1708 934 ,
1726 900 1889 941 litter-„eque
1899 899 2099 935 celebrassent,

1150 941 1182 972 &3
1193 943 1272 972 unde
1282 943 1412 983 hospites
1424 963 1432 974 ,
1447 952 1533 983 atque
1542 945 1631 972 amici
1641 942 1819 982 gratulatum
1832 944 1965 972 Romam
1975 952 2102 973 concur-

1148 985 1239 1014 rerint
1251 1003 1259 1017 ,
1279 987 1292 1011 3
1303 986 1423 1024 repente
1442 983 1478 1013 εὸ
1492 984 1609 1015 accedat
1621 984 1682 1023 ipse
1696 986 1820 1013 nuntius
1839 984 1897 1014 suae
1913 985 2104 1015 calamitatis?

1148 1027 1222 1067 Qae
1234 1024 1254 1054 si
1265 1027 1366 1056 acerba
1377 1046 1386 1059 ‚
1408 1025 1427 1055 sl
1441 1026 1547 1056 misera
1556 1046 1564 1059 ,
1588 1025 1609 1055 si
1620 1024 1754 1055 lufi'tuosa
1767 1025 1834 1055 sunt
1843 1045 1851 1059 ‚
1867 1024 1889 1054 sl
1898 1025 2076 1056 alienissima
2086 1026 2103 1057 a

1147 1067 1387 1101 mansuetudine,
1399 1068 1431 1098 ὃς
1441 1067 1644 1098 misericordia
1652 1066 1746 1097 vestra
1756 1086 1765 1100 ‚
1777 1067 1787 1106 j
1792 1066 1893 1097 udices
1905 1078 1911 1096 z
1929 1068 2103 1098 conservate

1146 1109 1252 1148 populi
1261 1110 1355 1139 Rom.
1368 1107 1565 1140 beneficium:
1576 1109 1688 1139 reddite
1698 1110 1770 1148 reip.
1782 1109 1937 1139 consulem
1950 1120 1955 1138 2
1967 1109 2032 1140 date
2041 1110 2101 1141 hoc

1149 1149 1237 1190 ipsius
1246 1150 1356 1190 pudori
1368 1171 1376 1184 ,
1395 1150 1460 1181 date
1470 1153 1543 1190 patri
1555 1159 1677 1180 mortuo
1689 1169 1697 1183 ‚
1709 1150 1774 1180 date
1784 1152 1885 1190 generi
1895 1170 1904 1183 ,
1922 1151 1956 1180 δε
1964 1150 2101 1185 famihae,

1147 1192 1213 1222 date
1223 1194 1314 1222 etiam
1324 1194 1462 1222 Lanuvio
1477 1211 1485 1226 ,
1495 1193 1667 1231 municipio
1677 1189 1887 1221 honestiss'imo
1898 1192 1996 1232 :quod
2006 1194 2039 1222 in
2047 1193 2103 1223 hac

1147 1242 1208 1264 tota
1216 1234 1316 1267 causa,
1337 1233 1475 1274 frequens
1486 1253 1495 1267 ‚
1513 1232 1716 1273 moestumque
1726 1231 1851 1263 vidistis.
1875 1235 1971 1263 nolite
1984 1233 2001 1264 a
2013 1233 2101 1264 sacris

1144 1277 1245 1316 patriis
1253 1276 1373 1314 Junonis
1381 1275 1507 1316 Sospita,
1525 1277 1574 1306 cui
1591 1284 1699 1305 omnes
1717 1274 1857 1304 consules
1875 1273 1969 1305 facere
1985 1274 2102 1307 necesse

1145 1316 1188 1348 est
1197 1337 1205 1350 ‚
1218 1317 1420 1350 domesticum
1431 1337 1441 1351 ‚
1452 1317 1485 1347 «Sc
1496 1315 1584 1348 suum
1593 1316 1751 1347 consulem
1760 1315 1951 1356 potissimum
1961 1317 2100 1348 avellere.

1146 1361 1246 1401 Qem
1256 1369 1311 1401 ego
1319 1359 1420 1392 vobis,
1431 1356 1452 1388 fi
1481 1358 1534 1388 uid
1544 1358 1630 1389 habet
1639 1366 1689 1389 aut
1698 1360 1848 1388 momenti
1858 1358 2100 1393 commendatio.

1145 1411 1194 1432 aut
1204 1400 1387 1432 auctoritatis
1395 1410 1454 1431 con
1478 1401 1586 1430 rmatio
1598 1409 1674 1434 mea,
1682 1399 1788 1430 consul
1797 1400 1965 1435 consulem,
1972 1400 2103 1440 judices,

1147 1444 1186 1473 ita
1198 1442 1385 1474 commendo
1397 1462 1405 1476 ‚
1416 1450 1450 1472 ut
1461 1440 1690 1482 cupidissimum
1701 1443 1776 1474 otii,
1789 1440 2036 1472 studiosissimum
2046 1442 2103 1472 bo-

1147 1494 1270 1519 norum,
1282 1486 1462 1516 acerrimum
1471 1492 1575 1514 contra
1583 1483 1776 1516 seditionem,
1785 1482 1984 1514 fortiffimum
1995 1485 2027 1514 in
2039 1483 2104 1513 bel-

1147 1527 1178 1557 lo
1190 1547 1198 1561 ‚
1212 1525 1458 1557 inimiciffimum
1470 1526 1541 1557 huic
1549 1525 1754 1565 conjurationi
1765 1544 1773 1558 ,
1784 1535 1850 1566 quae
1858 1534 1940 1555 nunc
1951 1535 2048 1567 remp.
2058 1525 2088 1558 la

1147 1567 1291 1604 befafflt,
1302 1568 1441 1600 futurum
1451 1566 1508 1599 effe
1516 1569 1692 1609 promittam
1704 1586 1713 1602 ‚
1732 1566 1765 1598 δε
1774 1566 1948 1609 spondeam.

1303 1683 1722 1742 CicERo

1012 1785 1247 1842 PRO

343 1871 447 1956 L.

671 1873 1913 1963 FLACCO.

498 2022 844 2070 ORATIO
913 2024 1769 2090 VICESIMAQUARTA.

111 2155 127 2180 1
151 2140 211 2170 ’'cc-⁴
250 2162 255 2165 ,
276 2154 335 2175 ‘as
374 2142 378 2146 -
394 2132 425 2159 U
437 2138 463 2159 M
486 2130 520 2159 in
534 2130 677 2160 maximis
691 2131 829 2170 periculis
840 2131 928 2171 hujus
939 2131 1021 2162 urbis
1032 2151 1040 2166 ,
1060 2141 1102 2163 at-

218 2156 348 2233 *QZ
395 2180 453 2212 que
464 2172 585 2211 imperii
597 2191 605 2205 ‚
620 2170 790 2212 graviffimo
802 2194 809 2205 ,
820 2181 906 2213 atque
916 2173 1102 2205 acerbiffimo

218 2210 290 2260 Ἐνῆν
310 2248 313 2254 ¹
339 2225 377 2247 ἡ.
395 2212 522 2252 reipubl.
537 2213 623 2246 casu;
643 2213 724 2243 socio
736 2233 744 2247 ,
761 2223 848 2255 atquc
861 2214 994 2255 adjutore
1007 2214 1105 2246 consi—

155 2262 166 2288 ἦ
214 2219 378 2316 &tf-3¹3*
398 2256 521 2288 limum,
532 2255 796 2296 periculorumque
807 2265 959 2289 meorum,
970 2258 1004 2287 L.
1018 2258 1103 2288 Flac—

183 2330 186 2333 ,
237 2274 339 2321 15⁴⁸sp
352 2288 381 2319 st
397 2306 433 2326 co
443 2316 451 2330 ,
463 2296 575 2326 caedem
586 2296 602 2326 a
611 2296 698 2326 vobis
708 2317 716 2330 ‚
727 2296 908 2338 conjugibus
917 2317 925 2331 ,
939 2298 1040 2328 liberis
1050 2309 1103 2329 ve-

169 2346 196 2369 t*
215 2365 218 2369 .
263 2366 274 2371 ,γ
314 2354 335 2369 (¹
357 2343 381 2364 ι’
398 2337 481 2371 stris,
494 2337 660 2368 vastitatem
670 2337 686 2367 a
696 2338 817 2379 templis
827 2359 834 2372 ,
854 2338 985 2368 delubris
996 2359 1005 2372 ‚
1017 2340 1099 2373 urbe,

145 2387 235 2416 Italia
245 2384 435 2425 depellebam
448 2391 454 2409 2
472 2380 621 2420 sperabam
634 2399 642 2413 ,
659 2379 775 2419 judices
788 2401 796 2414 ,
816 2384 825 2400 ¹
838 2380 945 2410 honoris
954 2381 1054 2420 potius
1065 2383 1102 2411 L.

148 2428 245 2459 Flacci
259 2437 309 2457 me
323 2425 491 2466 adjutorem
503 2420 641 2452 futurum
654 2441 662 2455 ‚
678 2431 769 2462 quam
790 2422 978 2452 miseriarum
998 2422 1102 2462 depre-

145 2478 340 2551 {cgffirseffom'
351 2518 422 2540 cum
437 2507 524 2545 hujus
537 2505 703 2544 maneribus
716 2506 833 2546 semper
845 2505 994 2537 detuliffet
1003 2526 1012 2540 ,
1032 2507 1103 2536 huic

149 2553 323 2592 denegaret:
343 2550 415 2580 curn
427 2550 463 2578 L.
476 2548 596 2578 Flaccus
607 2554 727 2576 veterem
737 2549 861 2578 Valeriae
870 2550 967 2590 gentis
981 2550 1013 2578 in
1028 2547 1104 2578 libe-

148 2594 238 2624 mnda
250 2594 338 2633 patria
348 2592 466 2622 laudem
477 2589 570 2630 prope
579 2588 820 2630 quingentesimo
829 2600 909 2620 anno
918 2589 1045 2631 reipubl.
1058 2600 1104 2620 re-

148 2633 279 2666 tuliss'et?
290 2634 345 2665 Sed
358 2632 376 2663 sl
387 2633 464 2663 forte
474 2631 635 2673 aliquando
646 2641 694 2662 aut
703 2631 842 2662 beneficii
854 2633 942 2669 huius
952 2631 1103 2662 οδω-εᾶπ-

148 2686 197 2706 tor
208 2697 216 2710 ‚
234 2677 410 2706 autvirtutis
425 2674 516 2704 hostis
529 2694 536 2707 ‚
550 2683 600 2704 aut
611 2673 705 2704 laudis
718 2674 840 2704 invidus
849 2673 1004 2704 exstitiss'et
1014 2695 1021 2708 ‚
1039 2675 1106 2704 exi·
1121 2684 1122 2694 ¹

150 2718 307 2748 stimabam
321 2719 354 2746 L.
367 2718 470 2747 Flacco
487 2715 693 2746 multitudinis
710 2715 813 2756 potius
830 2717 976 2756 imperit-x
991 2736 999 2750 ,
1019 2716 1105 2746 nullo

149 2769 251 2789 tamen
262 2769 332 2790 cum
343 2759 474 2797 periculo
483 2778 492 2792 ,
515 2759 607 2799 quam
620 2756 899 2798 sapientiffimorum
911 2777 919 2792 ‚
942 2758 975 2788 &
985 2756 1105 2788 leffiffi-

148 2811 277 2832 morum
287 2804 423 2831 virorum
431 2800 583 2841 judicium
594 2798 652 2829 ess'e
661 2799 863 2831 subcundum.
887 2802 1002 2831 etenim
1010 2821 1018 2834 ,
1036 2801 1105 2841 qui-

187 2933 210 2952 ι,
231 2926 317 2951 Dcind:
324 2927 433 2959 egofidcm
441 2928 543 2956 vestram
558 2946 565 2957 ‚
585 2927 756 2959 'ueldefi-nfiiris
768 2946 776 2958 ,
791 2927 859 2961 &c.]
888 2927 975 2952 Locus
991 2924 1101 2952 fractus.

146 2969 206 2987 mm
219 2962 246 2987 S.
257 2960 361 2987 Vitatur.
373 2971 423 2987 non
436 2962 596 2996 liabetfidem.
616 2970 642 2988 at
655 2962 722 2989 Pall.
733 2972 773 2998 pr.
784 2961 832 2988 sec.
844 2961 952 2989 exhibet
964 2962 1013 2997 fide
1022 2964 1047 2987 in
1057 2971 1100 2987 vos

143 2996 264 3030 Μηρώ
277 3006 284 3026 ·‚
299 3006 381 3032 neque
392 2997 469 3023 aliter
479 3005 542 3024 tert.
553 3005 598 3024 aut
607 2997 663 3024 061.
675 2998 719 3025 nili
732 2997 803 3034 quod
813 2998 886 3032 iifide
894 3001 920 3023 in
928 3007 972 3024 vox
982 2998 1028 3031 def.

181 3041 210 3058 π..
230 3034 408 3058 Lammtationc
424 3035 547 3059 obruatur.
563 3035 571 3067 ]
594 3035 720 3070 (Qatuor
739 3034 808 3060 Pall.
826 3035 960 3067 obstruatis.
980 3033 1102 3069 cogitan-

147 3104 172 3123 x.
182 3095 323 3151 Houor-ia
331 3099 407 3129 patim
418 3099 447 3122 L.
458 3098 538 3122 Flac-7*
549 3115 558 3128 ,
575 3097 642 3129 &eq
672 3096 701 3122 ld
711 3097 747 3123 est
765 3096 925 3124 consulatus.
949 3097 1018 3126 male
1030 3098 1100 3127 enim

243 3132 312 3161 istud
322 3139 407 3161 mutat
419 3133 446 3160 in
457 3134 565 3158 honorum
576 3132 732 3166 Lambinus,
743 3134 771 3160 St
782 3141 874 3163 contra
883 3134 975 3162 libros.

313 2466 404 2509 Qod
417 2466 501 2494 enim
516 2461 757 2511 essct-praemium
767 2463 920 2506 dignitatis
930 2484 938 2498 ‚
956 2464 1038 2504 quod
1047 2474 1103 2504 po·
1123 2473 1124 2480 ¹

1121 2698 1123 2712 ι

1120 2728 1122 2747 1

1145 2132 1200 2163 bus
1210 2131 1383 2163 au&oribus
1394 2153 1402 2167 ‚
1422 2132 1456 2163 &
1465 2132 1673 2164 defensoribus
1683 2153 1692 2168 ,
1712 2133 1855 2163 omnium
1866 2139 1933 2163 turn
1944 2133 2018 2164 salus
2029 2132 2099 2165 cffet

1145 2184 1209 2204 non
1221 2176 1337 2205 civium
1351 2175 1450 2205 solum
1461 2195 1470 2209 ‚
1487 2174 1596 2205 verum
1607 2177 1697 2206 etiam
1708 2176 1845 2216 gentium
1856 2173 1975 2205 defensa
1985 2195 1994 2208 ‚
2011 2185 2044 2205 ac
2052 2185 2099 2205 re-

1145 2224 1226 2245 tenta
1236 2235 1244 2249 ,
1265 2218 1424 2246 neminem
1438 2227 1582 2258 umquam
1597 2218 1697 2256 putavi
1711 2225 1763 2256 per
1775 2224 1827 2245 eos
1841 2215 1919 2254 ipsos
1930 2217 2100 2256 periculum

1145 2258 1234 2296 hujus
1243 2256 1393 2292 fortunis,
1413 2267 1499 2299 atque
1511 2256 1630 2287 infidias
1640 2264 1810 2286 creaturum.
1832 2255 1923 2297 Qod
1934 2255 1955 2286 si
1966 2255 2037 2287 esset
2044 2258 2099 2288 ali—

1144 2298 1265 2339 quando
1274 2298 1411 2329 futurum
1423 2319 1432 2332 ,
1446 2308 1479 2329 ut
1488 2299 1594 2339 aliquis
1604 2298 1640 2328 de
1651 2300 1686 2328 L.
1700 2298 1795 2328 Flacci
1805 2299 1940 2337 pernicie
1948 2300 2098 2340 cogitaret:

1143 2349 1310 2380 numquam
1319 2348 1420 2370 tamen
1431 2339 1601 2370 existimavi
1614 2359 1622 2373 ‚
1632 2339 1749 2378 J'udices
1760 2359 1768 2372 ,
1782 2339 1958 2371 D.Laelium
1970 2360 1978 2373 ‚
1990 2342 2098 2380 optimi

1142 2383 1199 2411 viri
1212 2379 1311 2411 filium
1323 2401 1331 2414 ,
1353 2383 1468 2421 optima
1481 2382 1582 2422 ipsum
1598 2382 1647 2421 spe
1661 2381 1819 2421 praeditum
1830 2401 1839 2415 ‚
1858 2381 1986 2412 summae
1998 2382 2098 2422 digni-

1144 2425 1209 2452 tatis
1220 2443 1228 2456 ,
1247 2432 1313 2453 eam
1331 2422 1534 2464 suscepturum
1550 2423 1769 2453 accusationem
1782 2443 1790 2455 ‚
1810 2432 1875 2463 quae
1887 2423 2097 2454 sceleratorum

1140 2466 1256 2496 civium
1266 2464 1368 2504 potius
1380 2465 1453 2495 odio
1463 2485 1471 2499 ‚
1486 2465 1518 2495 &
1528 2464 1641 2499 furori,
1653 2463 1744 2506 quam
1753 2462 1842 2504 ipsius
1852 2466 1977 2499 virtuti,
1989 2468 2003 2484 ²
2011 2474 2098 2506 atque

1143 2505 1284 2536 instituta:
1297 2506 1504 2537 adolescentia:
1518 2508 1707 2539 conveniret.
1730 2507 1855 2537 Etenim
1867 2505 1940 2537 cum
1953 2506 1968 2537 a
1979 2505 2097 2537 clariffi-

1142 2549 1201 2578 mis
1211 2550 1283 2578 viris
1287 2546 1450 2588 justtffimas
1461 2549 1630 2579 inimicitias
1647 2548 1722 2589 saepe
1740 2558 1811 2579 cum
1829 2548 1905 2579 bene
1921 2550 2036 2579 meritis
2053 2549 2099 2579 ci-

1142 2590 1230 2621 vibus
1241 2589 1384 2630 depositas
1394 2590 1451 2621 effe
1461 2589 1599 2621 vidiss'em
1610 2611 1618 2625 ‚
1641 2601 1706 2621 non
1716 2590 1782 2621 sum
1794 2590 1948 2622 arbitratus
1960 2611 1968 2625 ,
1988 2601 2099 2632 quem·

1143 2642 1234 2673 quam
1247 2635 1380 2662 amicum
1395 2633 1520 2674 reipubl.
1534 2632 1726 2674 posteaquam
1741 2635 1775 2663 L.
1786 2633 1881 2663 Flacci
1893 2643 1979 2663 amor
1995 2635 2030 2663 in
2046 2641 2098 2673 pa-

1144 2676 1232 2704 triam
1242 2674 1411 2715 perspecstus
1421 2673 1493 2706 esset
1502 2694 1512 2708 ‚
1528 2684 1621 2706 novas
1631 2675 1700 2706 huic
1710 2676 1887 2705 inimicitias
1896 2695 1904 2709 ‚
1925 2674 2007 2705 nulla
2016 2684 2098 2705 acce-

1143 2725 1192 2757 pta
1201 2718 1321 2756 injuria,
1333 2716 1588 2748 denuntiaturum.
1613 2716 1680 2750 Sed,
1692 2717 1837 2757 quoniam
1848 2737 1856 2749 ,
1870 2717 1995 2754 judices,
2007 2725 2098 2746 MUL-

1120 2760 1121 2770 ¹
1143 2767 1187 2788 TA
1205 2768 1262 2788 Nos
1285 2757 1318 2788 &z
1330 2761 1361 2789 in
1372 2759 1481 2789 nostris
1489 2759 1597 2792 rebus,
1616 2758 1648 2788 &
1661 2759 1695 2788 in
1704 2758 1807 2798 repub.
1816 2757 2008 2789 fefellerunt:
2026 2757 2099 2787 feri-

1144 2810 1213 2830 mus
1227 2810 1260 2831 ea
1272 2819 1281 2835 ,
1301 2811 1368 2842 quae
1387 2802 1457 2832 sunt
1473 2800 1604 2831 ferenda.
1626 2809 1744 2831 tantum
1759 2801 1776 2830 a
1791 2800 1879 2832 vobis
1895 2801 2045 2840 petimus,
2063 2807 2098 2846 ut

1996 2849 2101 2870 omnia

1142 2925 1218 2952 dum.
1238 2936 1296 2953 uam
1308 2927 1335 2952 &
1347 2928 1373 2952 S.
1385 2926 1492 2957 νὶξὶοτ,
1501 2926 1637 2959 observarit.

1123 2968 1125 2991 l
1181 2970 1208 2998 3.
1227 2965 1324 2995 Repente
1334 2972 1356 2988 ω
1365 2962 1472 2993 accedat,
1482 2962 1547 2995 ἀι]
1565 2963 1646 2988 Vetus
1657 2961 1740 2988 editio
1749 2968 1794 2987 aut
1805 2960 1872 2987 Pau.
1883 2966 1962 2995 atque
1973 2958 2098 2986 &Visio-

1144 2998 1180 3024 r'is
1192 3008 1242 3024 nou
1255 2998 1350 3025 hubent
1359 3008 1391 3023 eo.
1411 2997 1582 3032 omnibusque
1601 2997 1723 3023 scribitur
1741 2997 1839 3024 excidet.
1859 2995 2001 3032 legendum
2019 2997 2100 3029 extstet

1144 3043 1203 3060 cum
1214 3034 1351 3060 Gulielmo
1364 3053 1372 3066 ,
1391 3041 1438 3060 aut
1449 3032 1519 3061 aliud
1531 3032 1593 3069 quid
1604 3034 1736 3069 argutius.

1184 3101 1303 3131 memque
1312 3099 1421 3132 injiitutae
1430 3098 1581 3129 adolescentie
1589 3095 1746 3129 conventren]
1760 3096 1824 3121 Hoec
1833 3095 1867 3121 est
1879 3094 1958 3120 leffio
1968 3094 2030 3121 οξὶο
2040 3094 2100 3130 plus

1149 3133 1236 3161 minus
1246 3134 1439 3162 Palatinorum.
1448 3132 1622 3162 Lambiuiaua
1631 3139 1719 3161 tamen
1729 3130 1929 3167 editio‚tnstjaeu10
1937 3130 2097 3191 adole-famae.

1976 3175 1999 3194 ι.
2027 3173 2099 3191 mum
