<?xml version="1.0" encoding="UTF-8"?>
<!DOCTYPE html PUBLIC "-//W3C//DTD XHTML 1.0 Transitional//EN"
    "http://www.w3.org/TR/xhtml1/DTD/xhtml1-transitional.dtd">
<html xmlns="http://www.w3.org/1999/xhtml" xml:lang="en" lang="en">
 <head>
  <title>
</title>
<meta http-equiv="Content-Type" content="text/html;charset=utf-8" />
  <meta name='ocr-system' content='tesseract 3.04.00' />
  <meta name='ocr-capabilities' content='ocr_page ocr_carea ocr_par ocr_line ocrx_word'/>
</head>
<body>
  <div class='ocr_page' id='page_1' title='image "./mtuliiciceroniso00cice/mtuliiciceroniso00cice_1235.png"; bbox 0 0 2360 3400; ppageno 0'>
   <div class='ocr_carea' id='block_1_1' title="bbox 499 84 1136 135">
    <p class='ocr_par' dir='ltr' id='par_1_1' title="bbox 499 84 1136 135">
     <span class='ocr_line' id='line_1_1' title="bbox 499 84 1136 135; baseline 0.003 -2"><span class='ocrx_word' id='word_1_1' title='bbox 499 100 605 133; x_wconf 42' lang='lat' dir='ltr'>na*</span> <span class='ocrx_word' id='word_1_2' title='bbox 664 84 1007 133; x_wconf 74' lang='lat' dir='ltr'>NATURA</span> <span class='ocrx_word' id='word_1_3' title='bbox 1091 88 1136 135; x_wconf 92' lang='lat' dir='ltr'>D</span> 
     </span>
    </p>
   </div>
   <div class='ocr_carea' id='block_1_2' title="bbox 181 166 1562 258">
    <p class='ocr_par' dir='ltr' id='par_1_2' title="bbox 181 166 1562 258">
     <span class='ocr_line' id='line_1_2' title="bbox 181 166 1161 204; baseline 0.001 -4"><span class='ocrx_word' id='word_1_4' title='bbox 181 173 271 204; x_wconf 66' lang='lat' dir='ltr'>feitur</span> <span class='ocrx_word' id='word_1_5' title='bbox 287 171 414 203; x_wconf 71' lang='lat' dir='ltr'>aliorum</span> <span class='ocrx_word' id='word_1_6' title='bbox 434 168 638 200; x_wconf 85' lang='lat' dir='ltr'>animantium</span> <span class='ocrx_word' id='word_1_7' title='bbox 661 177 744 199; x_wconf 86' lang='lat' dir='ltr'>ortus</span> <span class='ocrx_word' id='word_1_8' title='bbox 763 166 943 202; x_wconf 77' lang='lat' dir='ltr'>interrasit,</span> <span class='ocrx_word' id='word_1_9' title='bbox 962 167 1090 200; x_wconf 86' lang='lat' dir='ltr'>aliorum</span> <span class='ocrx_word' id='word_1_10' title='bbox 1104 171 1136 201; x_wconf 86' lang='lat' dir='ltr'>in</span> <span class='ocrx_word' id='word_1_11' title='bbox 1158 174 1161 193; x_wconf 81' lang='lat'><em>¹</em></span> 
     </span>
     <span class='ocr_line' id='line_1_3' title="bbox 193 201 1562 258; baseline 0 -10"><span class='ocrx_word' id='word_1_12' title='bbox 193 201 209 215; x_wconf 38' lang='grc' dir='ltr'>τ’</span> <span class='ocrx_word' id='word_1_13' title='bbox 1156 215 1295 258; x_wconf 60' lang='lat' dir='ltr'>fmundsi</span> <span class='ocrx_word' id='word_1_14' title='bbox 1306 215 1367 248; x_wconf 82' lang='lat' dir='ltr'>effe</span> <span class='ocrx_word' id='word_1_15' title='bbox 1376 227 1562 257; x_wconf 83' lang='lat' dir='ltr'>compotem.</span> 
     </span>
    </p>
   </div>
   <div class='ocr_carea' id='block_1_3' title="bbox 78 209 1157 2725">
    <p class='ocr_par' dir='ltr' id='par_1_3' title="bbox 174 209 1157 423">
     <span class='ocr_line' id='line_1_4' title="bbox 179 209 1132 257; baseline -0.002 -14"><span class='ocrx_word' id='word_1_16' title='bbox 179 225 261 257; x_wconf 74' lang='lat' dir='ltr'>aqua,</span> <span class='ocrx_word' id='word_1_17' title='bbox 273 216 305 245; x_wconf 89' lang='lat' dir='ltr'>in</span> <span class='ocrx_word' id='word_1_18' title='bbox 317 214 382 243; x_wconf 67' lang='lat' dir='ltr'>aere</span> <span class='ocrx_word' id='word_1_19' title='bbox 392 213 522 243; x_wconf 89' lang='lat' dir='ltr'>aliorum</span> <span class='ocrx_word' id='word_1_20' title='bbox 540 220 741 241; x_wconf 75' lang='lat' dir='ltr'>:ABSURDUM</span> <span class='ocrx_word' id='word_1_21' title='bbox 754 220 829 240; x_wconf 66' lang='lat' dir='ltr'>assa</span> <span class='ocrx_word' id='word_1_22' title='bbox 839 209 993 241; x_wconf 82' lang='lat' dir='ltr'>Aristoteli</span> <span class='ocrx_word' id='word_1_23' title='bbox 1003 210 1132 246; x_wconf 83' lang='lat' dir='ltr'>videtur,</span> 
     </span>
     <span class='ocr_line' id='line_1_5' title="bbox 179 250 1157 295; baseline -0.002 -10"><span class='ocrx_word' id='word_1_24' title='bbox 179 260 213 288; x_wconf 70' lang='lat' dir='ltr'>in</span> <span class='ocrx_word' id='word_1_25' title='bbox 235 265 268 286; x_wconf 83' lang='lat' dir='ltr'>ea</span> <span class='ocrx_word' id='word_1_26' title='bbox 281 264 362 294; x_wconf 79' lang='lat' dir='ltr'>parte</span> <span class='ocrx_word' id='word_1_27' title='bbox 376 273 385 288; x_wconf 68' lang='lat'>2</span> <span class='ocrx_word' id='word_1_28' title='bbox 406 264 471 295; x_wconf 90' lang='lat' dir='ltr'>quae</span> <span class='ocrx_word' id='word_1_29' title='bbox 481 251 514 283; x_wconf 88' lang='lat' dir='ltr'>sit</span> <span class='ocrx_word' id='word_1_30' title='bbox 524 253 558 283; x_wconf 89' lang='lat' dir='ltr'>ad</span> <span class='ocrx_word' id='word_1_31' title='bbox 569 252 718 295; x_wconf 82' lang='lat' dir='ltr'>gignenda</span> <span class='ocrx_word' id='word_1_32' title='bbox 732 253 874 283; x_wconf 85' lang='lat' dir='ltr'>animalia</span> <span class='ocrx_word' id='word_1_33' title='bbox 883 250 1026 292; x_wconf 88' lang='lat' dir='ltr'>aptiffima</span> <span class='ocrx_word' id='word_1_34' title='bbox 1038 272 1047 286; x_wconf 89' lang='lat'>‚</span> <span class='ocrx_word' id='word_1_35' title='bbox 1069 258 1135 283; x_wconf 89' lang='lat' dir='ltr'>ani·</span> <span class='ocrx_word' id='word_1_36' title='bbox 1155 265 1157 293; x_wconf 55' lang='grc' dir='ltr'><em>ζ</em></span> 
     </span>
     <span class='ocr_line' id='line_1_6' title="bbox 177 294 1156 338; baseline -0.002 -10"><span class='ocrx_word' id='word_1_37' title='bbox 177 298 237 329; x_wconf 83' lang='lat' dir='ltr'>mal</span> <span class='ocrx_word' id='word_1_38' title='bbox 257 298 341 338; x_wconf 83' lang='lat' dir='ltr'>gigni</span> <span class='ocrx_word' id='word_1_39' title='bbox 359 297 482 326; x_wconf 88' lang='lat' dir='ltr'>nullum</span> <span class='ocrx_word' id='word_1_40' title='bbox 502 304 612 336; x_wconf 86' lang='lat' dir='ltr'>putare.</span> <span class='ocrx_word' id='word_1_41' title='bbox 636 294 734 326; x_wconf 81' lang='lat' dir='ltr'>Sidera</span> <span class='ocrx_word' id='word_1_42' title='bbox 745 303 845 325; x_wconf 88' lang='lat' dir='ltr'>autem</span> <span class='ocrx_word' id='word_1_43' title='bbox 857 295 1132 326; x_wconf 85' lang='lat' dir='ltr'>aethereumlocum</span> <span class='ocrx_word' id='word_1_44' title='bbox 1155 297 1156 302; x_wconf 78' lang='grc'>’</span> 
     </span>
     <span class='ocr_line' id='line_1_7' title="bbox 174 335 1154 380; baseline -0.001 -11"><span class='ocrx_word' id='word_1_45' title='bbox 174 339 335 370; x_wconf 77' lang='lat' dir='ltr'>obtinent:</span> <span class='ocrx_word' id='word_1_46' title='bbox 354 340 407 380; x_wconf 84' lang='lat' dir='ltr'>qui</span> <span class='ocrx_word' id='word_1_47' title='bbox 423 340 569 380; x_wconf 90' lang='lat' dir='ltr'>quoniam</span> <span class='ocrx_word' id='word_1_48' title='bbox 589 335 776 368; x_wconf 80' lang='lat' dir='ltr'>tenuissimus</span> <span class='ocrx_word' id='word_1_49' title='bbox 795 335 857 370; x_wconf 87' lang='lat' dir='ltr'>est,</span> <span class='ocrx_word' id='word_1_50' title='bbox 877 336 1036 376; x_wconf 88' lang='lat' dir='ltr'>&amp;semper</span> <span class='ocrx_word' id='word_1_51' title='bbox 1045 339 1134 378; x_wconf 89' lang='lat' dir='ltr'>agita·</span> <span class='ocrx_word' id='word_1_52' title='bbox 1153 365 1154 368; x_wconf 73' lang='grc'>,</span> 
     </span>
     <span class='ocr_line' id='line_1_8' title="bbox 174 378 1132 423; baseline -0.002 -12"><span class='ocrx_word' id='word_1_53' title='bbox 174 389 235 414; x_wconf 83' lang='lat' dir='ltr'>tur,</span> <span class='ocrx_word' id='word_1_54' title='bbox 249 380 284 411; x_wconf 90' lang='lat'>&amp;</span> <span class='ocrx_word' id='word_1_55' title='bbox 294 382 392 423; x_wconf 83' lang='lat' dir='ltr'>viget:</span> <span class='ocrx_word' id='word_1_56' title='bbox 413 378 527 411; x_wconf 76' lang='lat' dir='ltr'>necesse</span> <span class='ocrx_word' id='word_1_57' title='bbox 537 378 590 412; x_wconf 87' lang='lat' dir='ltr'>est,</span> <span class='ocrx_word' id='word_1_58' title='bbox 602 378 684 421; x_wconf 90' lang='lat' dir='ltr'>quod</span> <span class='ocrx_word' id='word_1_59' title='bbox 695 378 806 409; x_wconf 88' lang='lat' dir='ltr'>animal</span> <span class='ocrx_word' id='word_1_60' title='bbox 817 379 851 408; x_wconf 87' lang='lat' dir='ltr'>in</span> <span class='ocrx_word' id='word_1_61' title='bbox 861 387 897 408; x_wconf 89' lang='lat' dir='ltr'>eo</span> <span class='ocrx_word' id='word_1_62' title='bbox 908 379 1058 420; x_wconf 75' lang='lat' dir='ltr'>gignatur,</span> <span class='ocrx_word' id='word_1_63' title='bbox 1077 383 1086 398; x_wconf 91' lang='lat'><em>¹</em></span> <span class='ocrx_word' id='word_1_64' title='bbox 1102 379 1132 409; x_wconf 89' lang='lat' dir='ltr'>id</span> 
     </span>
    </p>

    <p class='ocr_par' dir='ltr' id='par_1_4' title="bbox 169 418 1152 505">
     <span class='ocr_line' id='line_1_9' title="bbox 171 418 1152 463; baseline -0.002 -10"><span class='ocrx_word' id='word_1_65' title='bbox 171 423 206 453; x_wconf 89' lang='lat'>&amp;</span> <span class='ocrx_word' id='word_1_66' title='bbox 225 422 312 453; x_wconf 89' lang='lat' dir='ltr'>sensu</span> <span class='ocrx_word' id='word_1_67' title='bbox 329 424 493 456; x_wconf 86' lang='lat' dir='ltr'>acerrimo,</span> <span class='ocrx_word' id='word_1_68' title='bbox 513 422 546 452; x_wconf 75' lang='grc' dir='ltr'>δε</span> <span class='ocrx_word' id='word_1_69' title='bbox 566 421 736 451; x_wconf 82' lang='lat' dir='ltr'>mobilitate</span> <span class='ocrx_word' id='word_1_70' title='bbox 755 420 912 450; x_wconf 89' lang='lat' dir='ltr'>celerrima</span> <span class='ocrx_word' id='word_1_71' title='bbox 934 418 1003 450; x_wconf 83' lang='lat' dir='ltr'>effe.</span> <span class='ocrx_word' id='word_1_72' title='bbox 1036 422 1133 460; x_wconf 82' lang='lat' dir='ltr'>Qarc</span> <span class='ocrx_word' id='word_1_73' title='bbox 1150 458 1152 463; x_wconf 34' lang='grc' dir='ltr'>Ι</span> 
     </span>
     <span class='ocr_line' id='line_1_10' title="bbox 169 461 1132 505; baseline -0.003 -10"><span class='ocrx_word' id='word_1_74' title='bbox 169 472 242 495; x_wconf 86' lang='lat' dir='ltr'>cnm</span> <span class='ocrx_word' id='word_1_75' title='bbox 260 466 293 495; x_wconf 89' lang='lat' dir='ltr'>in</span> <span class='ocrx_word' id='word_1_76' title='bbox 312 466 419 495; x_wconf 63' lang='lat' dir='ltr'>aethere</span> <span class='ocrx_word' id='word_1_77' title='bbox 437 463 676 505; x_wconf 78' lang='lat' dir='ltr'>astragignantur</span> <span class='ocrx_word' id='word_1_78' title='bbox 690 482 699 496; x_wconf 81' lang='grc'><strong><em>,</em></strong></span> <span class='ocrx_word' id='word_1_79' title='bbox 718 462 954 493; x_wconf 88' lang='lat' dir='ltr'>consentaneum</span> <span class='ocrx_word' id='word_1_80' title='bbox 965 461 1025 496; x_wconf 87' lang='lat' dir='ltr'>est,</span> <span class='ocrx_word' id='word_1_81' title='bbox 1050 465 1132 493; x_wconf 86' lang='lat' dir='ltr'>iniis</span> 
     </span>
    </p>

    <p class='ocr_par' dir='ltr' id='par_1_5' title="bbox 111 502 1148 880">
     <span class='ocr_line' id='line_1_11' title="bbox 171 502 1130 547; baseline -0.002 -10"><span class='ocrx_word' id='word_1_82' title='bbox 171 506 292 537; x_wconf 89' lang='lat' dir='ltr'>sensum</span> <span class='ocrx_word' id='word_1_83' title='bbox 316 505 408 537; x_wconf 75' lang='lat' dir='ltr'>iness&#39;e</span> <span class='ocrx_word' id='word_1_84' title='bbox 430 527 439 540; x_wconf 86' lang='lat'><em>,</em></span> <span class='ocrx_word' id='word_1_85' title='bbox 462 507 495 536; x_wconf 89' lang='lat'>&amp;</span> <span class='ocrx_word' id='word_1_86' title='bbox 513 506 755 547; x_wconf 84' lang='lat' dir='ltr'>intelligentiam.</span> <span class='ocrx_word' id='word_1_87' title='bbox 787 514 827 545; x_wconf 72' lang='lat' dir='ltr'>ejx</span> <span class='ocrx_word' id='word_1_88' title='bbox 844 513 905 545; x_wconf 90' lang='lat' dir='ltr'>quo</span> <span class='ocrx_word' id='word_1_89' title='bbox 928 502 1073 538; x_wconf 81' lang='lat' dir='ltr'>efficitur,</span> <span class='ocrx_word' id='word_1_90' title='bbox 1100 507 1130 535; x_wconf 89' lang='lat' dir='ltr'>in</span> 
     </span>
     <span class='ocr_line' id='line_1_12' title="bbox 111 545 1129 583; baseline -0.002 -4"><span class='ocrx_word' id='word_1_91' title='bbox 111 550 154 583; x_wconf 80' lang='lat'>16</span> <span class='ocrx_word' id='word_1_92' title='bbox 170 547 296 579; x_wconf 84' lang='lat' dir='ltr'>deorum</span> <span class='ocrx_word' id='word_1_93' title='bbox 316 559 446 579; x_wconf 89' lang='lat' dir='ltr'>nurnero</span> <span class='ocrx_word' id='word_1_94' title='bbox 465 548 539 580; x_wconf 84' lang='lat' dir='ltr'>astra</span> <span class='ocrx_word' id='word_1_95' title='bbox 553 546 611 577; x_wconf 81' lang='lat' dir='ltr'>esse</span> <span class='ocrx_word' id='word_1_96' title='bbox 630 545 776 577; x_wconf 71' lang='lat' dir='ltr'>ducenda.</span> <span class='ocrx_word' id='word_1_97' title='bbox 800 548 922 577; x_wconf 88' lang='lat' dir='ltr'>Etenim</span> <span class='ocrx_word' id='word_1_98' title='bbox 939 546 1010 576; x_wconf 83' lang='lat' dir='ltr'>licet</span> <span class='ocrx_word' id='word_1_99' title='bbox 1029 546 1129 577; x_wconf 87' lang='lat' dir='ltr'>videre</span> 
     </span>
     <span class='ocr_line' id='line_1_13' title="bbox 170 579 1148 650; baseline -0.002 -29"><span class='ocrx_word' id='word_1_100' title='bbox 170 600 356 621; x_wconf 60' lang='lat' dir='ltr'>Actu-xenia</span> <span class='ocrx_word' id='word_1_101' title='bbox 374 600 536 624; x_wconf 70' lang='lat' dir='ltr'>monum,</span> <span class='ocrx_word' id='word_1_102' title='bbox 550 590 583 620; x_wconf 90' lang='lat'>&amp;</span> <span class='ocrx_word' id='word_1_103' title='bbox 593 589 628 620; x_wconf 94' lang='lat' dir='ltr'>ad</span> <span class='ocrx_word' id='word_1_104' title='bbox 640 588 870 629; x_wconf 89' lang='lat' dir='ltr'>intelligendum</span> <span class='ocrx_word' id='word_1_105' title='bbox 881 589 996 629; x_wconf 83' lang='lat' dir='ltr'>aptiora</span> <span class='ocrx_word' id='word_1_106' title='bbox 1005 598 1125 623; x_wconf 87' lang='lat' dir='ltr'>eorum,</span> <span class='ocrx_word' id='word_1_107' title='bbox 1145 579 1148 650; x_wconf 48' lang='lat'>‘¹</span> 
     </span>
     <span class='ocr_line' id='line_1_14' title="bbox 168 628 1147 695; baseline -0.001 -33"><span class='ocrx_word' id='word_1_108' title='bbox 168 634 223 674; x_wconf 87' lang='lat' dir='ltr'>qui</span> <span class='ocrx_word' id='word_1_109' title='bbox 243 641 331 663; x_wconf 86' lang='lat' dir='ltr'>terras</span> <span class='ocrx_word' id='word_1_110' title='bbox 340 633 472 664; x_wconf 87' lang='lat' dir='ltr'>incolant</span> <span class='ocrx_word' id='word_1_111' title='bbox 482 643 548 666; x_wconf 88' lang='lat' dir='ltr'>eas,</span> <span class='ocrx_word' id='word_1_112' title='bbox 568 634 601 661; x_wconf 90' lang='lat' dir='ltr'>in</span> <span class='ocrx_word' id='word_1_113' title='bbox 614 630 783 672; x_wconf 63' lang='lat' dir='ltr'>quibusaer</span> <span class='ocrx_word' id='word_1_114' title='bbox 798 628 950 670; x_wconf 80' lang='lat' dir='ltr'>fitpums,</span> <span class='ocrx_word' id='word_1_115' title='bbox 971 640 1003 661; x_wconf 89' lang='lat' dir='ltr'>ac</span> <span class='ocrx_word' id='word_1_116' title='bbox 1013 634 1126 666; x_wconf 87' lang='lat' dir='ltr'>tenuis,</span> <span class='ocrx_word' id='word_1_117' title='bbox 1144 651 1147 695; x_wconf 52' lang='grc' dir='ltr'><em>ι</em></span> 
     </span>
     <span class='ocr_line' id='line_1_15' title="bbox 167 670 1146 731; baseline -0.004 -26"><span class='ocrx_word' id='word_1_118' title='bbox 167 674 260 715; x_wconf 73' lang='lat' dir='ltr'>quam</span> <span class='ocrx_word' id='word_1_119' title='bbox 284 675 409 705; x_wconf 88' lang='lat' dir='ltr'>illorum</span> <span class='ocrx_word' id='word_1_120' title='bbox 423 694 431 708; x_wconf 90' lang='lat'>‚</span> <span class='ocrx_word' id='word_1_121' title='bbox 452 676 504 715; x_wconf 84' lang='lat' dir='ltr'>qui</span> <span class='ocrx_word' id='word_1_122' title='bbox 524 682 645 704; x_wconf 87' lang='lat' dir='ltr'>utantur</span> <span class='ocrx_word' id='word_1_123' title='bbox 654 670 746 703; x_wconf 79' lang='lat' dir='ltr'>crass‘o</span> <span class='ocrx_word' id='word_1_124' title='bbox 756 673 854 706; x_wconf 81' lang='lat' dir='ltr'>coelo,</span> <span class='ocrx_word' id='word_1_125' title='bbox 876 681 963 713; x_wconf 87' lang='lat' dir='ltr'>atque</span> <span class='ocrx_word' id='word_1_126' title='bbox 972 682 1124 703; x_wconf 86' lang='lat' dir='ltr'>concreto.</span> <span class='ocrx_word' id='word_1_127' title='bbox 1144 697 1146 731; x_wconf 45' lang='grc' dir='ltr'>Ι</span> 
     </span>
     <span class='ocr_line' id='line_1_16' title="bbox 168 713 1145 758; baseline -0.003 -11"><span class='ocrx_word' id='word_1_128' title='bbox 168 717 345 757; x_wconf 74' lang='lat' dir='ltr'>QiinetIam</span> <span class='ocrx_word' id='word_1_129' title='bbox 354 715 412 747; x_wconf 84' lang='lat' dir='ltr'>cibo</span> <span class='ocrx_word' id='word_1_130' title='bbox 425 737 434 750; x_wconf 84' lang='lat'><em>‚</em></span> <span class='ocrx_word' id='word_1_131' title='bbox 447 727 501 758; x_wconf 77' lang='lat' dir='ltr'>quo</span> <span class='ocrx_word' id='word_1_132' title='bbox 511 723 591 746; x_wconf 80' lang='lat' dir='ltr'>utare</span> <span class='ocrx_word' id='word_1_133' title='bbox 603 735 611 749; x_wconf 89' lang='lat'>‚</span> <span class='ocrx_word' id='word_1_134' title='bbox 632 713 753 751; x_wconf 64' lang='lat' dir='ltr'>intereffii</span> <span class='ocrx_word' id='word_1_135' title='bbox 762 714 876 755; x_wconf 83' lang='lat' dir='ltr'>aliquid</span> <span class='ocrx_word' id='word_1_136' title='bbox 884 715 922 744; x_wconf 88' lang='lat' dir='ltr'>ad</span> <span class='ocrx_word' id='word_1_137' title='bbox 929 715 1026 744; x_wconf 69' lang='lat' dir='ltr'>mentis</span> <span class='ocrx_word' id='word_1_138' title='bbox 1034 716 1125 744; x_wconf 82' lang='lat' dir='ltr'><em>aciem</em></span> <span class='ocrx_word' id='word_1_139' title='bbox 1143 740 1145 756; x_wconf 37' lang='grc' dir='ltr'>Ι,</span> 
     </span>
     <span class='ocr_line' id='line_1_17' title="bbox 161 755 1145 800; baseline -0.003 -13"><span class='ocrx_word' id='word_1_140' title='bbox 161 762 278 800; x_wconf 78' lang='lat' dir='ltr'>putant.</span> <span class='ocrx_word' id='word_1_141' title='bbox 302 758 459 789; x_wconf 88' lang='lat' dir='ltr'>Probabile</span> <span class='ocrx_word' id='word_1_142' title='bbox 469 758 512 788; x_wconf 89' lang='lat' dir='ltr'>est</span> <span class='ocrx_word' id='word_1_143' title='bbox 523 760 611 799; x_wconf 87' lang='lat' dir='ltr'>igitur</span> <span class='ocrx_word' id='word_1_144' title='bbox 624 777 632 790; x_wconf 91' lang='lat'><em>‚</em></span> <span class='ocrx_word' id='word_1_145' title='bbox 652 755 838 796; x_wconf 68' lang='lat' dir='ltr'>praestantem</span> <span class='ocrx_word' id='word_1_146' title='bbox 850 757 1081 797; x_wconf 86' lang='lat' dir='ltr'>intelligentiam</span> <span class='ocrx_word' id='word_1_147' title='bbox 1092 759 1125 788; x_wconf 90' lang='lat' dir='ltr'>in</span> <span class='ocrx_word' id='word_1_148' title='bbox 1143 760 1145 784; x_wconf 79' lang='lat' dir='ltr'>l</span> 
     </span>
     <span class='ocr_line' id='line_1_18' title="bbox 166 797 1144 841; baseline 0 -12"><span class='ocrx_word' id='word_1_149' title='bbox 166 798 311 831; x_wconf 86' lang='lat' dir='ltr'>fideribus</span> <span class='ocrx_word' id='word_1_150' title='bbox 331 798 408 834; x_wconf 80' lang='lat' dir='ltr'>effe,</span> <span class='ocrx_word' id='word_1_151' title='bbox 425 810 490 841; x_wconf 83' lang='lat' dir='ltr'>quae</span> <span class='ocrx_word' id='word_1_152' title='bbox 512 800 544 829; x_wconf 89' lang='lat'>&amp;</span> <span class='ocrx_word' id='word_1_153' title='bbox 564 800 722 829; x_wconf 77' lang='lat' dir='ltr'>aetheream</span> <span class='ocrx_word' id='word_1_154' title='bbox 736 797 845 827; x_wconf 89' lang='lat' dir='ltr'>mundi</span> <span class='ocrx_word' id='word_1_155' title='bbox 855 807 968 837; x_wconf 85' lang='lat' dir='ltr'>partem</span> <span class='ocrx_word' id='word_1_156' title='bbox 979 799 1123 833; x_wconf 86' lang='lat' dir='ltr'>incolant,</span> <span class='ocrx_word' id='word_1_157' title='bbox 1142 797 1144 821; x_wconf 87' lang='lat'>¹</span> 
     </span>
     <span class='ocr_line' id='line_1_19' title="bbox 165 839 1123 880; baseline -0.001 -8"><span class='ocrx_word' id='word_1_158' title='bbox 165 841 200 872; x_wconf 85' lang='lat'>&amp;</span> <span class='ocrx_word' id='word_1_159' title='bbox 217 843 362 875; x_wconf 82' lang='lat' dir='ltr'>marinis,</span> <span class='ocrx_word' id='word_1_160' title='bbox 386 842 565 880; x_wconf 76' lang='lat' dir='ltr'>terrenisque</span> <span class='ocrx_word' id='word_1_161' title='bbox 586 839 770 869; x_wconf 87' lang='lat' dir='ltr'>humoribus</span> <span class='ocrx_word' id='word_1_162' title='bbox 794 840 887 879; x_wconf 89' lang='lat' dir='ltr'>longo</span> <span class='ocrx_word' id='word_1_163' title='bbox 899 840 1060 870; x_wconf 86' lang='lat' dir='ltr'>intervallo</span> <span class='ocrx_word' id='word_1_164' title='bbox 1071 851 1123 871; x_wconf 84' lang='lat' dir='ltr'>ex—</span> 
     </span>
    </p>

    <p class='ocr_par' dir='ltr' id='par_1_6' title="bbox 162 879 1142 1005">
     <span class='ocr_line' id='line_1_20' title="bbox 163 879 1142 922; baseline -0.001 -8"><span class='ocrx_word' id='word_1_165' title='bbox 163 885 292 914; x_wconf 88' lang='lat' dir='ltr'>tenuatis</span> <span class='ocrx_word' id='word_1_166' title='bbox 304 902 312 917; x_wconf 85' lang='lat'><strong>,</strong></span> <span class='ocrx_word' id='word_1_167' title='bbox 331 883 455 913; x_wconf 81' lang='lat' dir='ltr'>alantur.</span> <span class='ocrx_word' id='word_1_168' title='bbox 478 881 606 911; x_wconf 82' lang='lat' dir='ltr'>Sensum</span> <span class='ocrx_word' id='word_1_169' title='bbox 617 889 716 910; x_wconf 86' lang='lat' dir='ltr'>autem</span> <span class='ocrx_word' id='word_1_170' title='bbox 728 879 872 910; x_wconf 88' lang='lat' dir='ltr'>astrorum</span> <span class='ocrx_word' id='word_1_171' title='bbox 885 900 894 914; x_wconf 71' lang='lat'><em>2</em></span> <span class='ocrx_word' id='word_1_172' title='bbox 912 890 999 922; x_wconf 89' lang='lat' dir='ltr'>atque</span> <span class='ocrx_word' id='word_1_173' title='bbox 1009 883 1123 913; x_wconf 81' lang='lat' dir='ltr'>intelli·</span> <span class='ocrx_word' id='word_1_174' title='bbox 1141 897 1142 900; x_wconf 44' lang='lat'>¹</span> 
     </span>
     <span class='ocr_line' id='line_1_21' title="bbox 162 921 1142 965; baseline -0.002 -11"><span class='ocrx_word' id='word_1_175' title='bbox 162 926 296 965; x_wconf 83' lang='lat' dir='ltr'>gentiam</span> <span class='ocrx_word' id='word_1_176' title='bbox 320 922 457 953; x_wconf 76' lang='lat' dir='ltr'>maxime</span> <span class='ocrx_word' id='word_1_177' title='bbox 474 922 598 952; x_wconf 78' lang='lat' dir='ltr'>declarat</span> <span class='ocrx_word' id='word_1_178' title='bbox 616 921 690 951; x_wconf 86' lang='lat' dir='ltr'>ordo</span> <span class='ocrx_word' id='word_1_179' title='bbox 700 931 825 955; x_wconf 87' lang='lat' dir='ltr'>eorum,</span> <span class='ocrx_word' id='word_1_180' title='bbox 849 931 936 962; x_wconf 86' lang='lat' dir='ltr'>atque</span> <span class='ocrx_word' id='word_1_181' title='bbox 946 923 1120 954; x_wconf 85' lang='lat' dir='ltr'>constantia.</span> <span class='ocrx_word' id='word_1_182' title='bbox 1141 927 1142 932; x_wconf 62' lang='lat'>¹</span> 
     </span>
     <span class='ocr_line' id='line_1_22' title="bbox 162 963 1122 1005; baseline 0.001 -10"><span class='ocrx_word' id='word_1_183' title='bbox 162 975 273 996; x_wconf 65' lang='lat' dir='ltr'>Nimr„</span> <span class='ocrx_word' id='word_1_184' title='bbox 286 975 343 995; x_wconf 73' lang='lat' dir='ltr'>Esr</span> <span class='ocrx_word' id='word_1_185' title='bbox 356 966 441 995; x_wconf 89' lang='lat' dir='ltr'>enim</span> <span class='ocrx_word' id='word_1_186' title='bbox 455 983 462 998; x_wconf 85' lang='lat'>‚</span> <span class='ocrx_word' id='word_1_187' title='bbox 478 963 558 1005; x_wconf 89' lang='lat' dir='ltr'>quod</span> <span class='ocrx_word' id='word_1_188' title='bbox 572 964 687 994; x_wconf 87' lang='lat' dir='ltr'>ratione</span> <span class='ocrx_word' id='word_1_189' title='bbox 697 982 706 997; x_wconf 89' lang='lat'>,</span> <span class='ocrx_word' id='word_1_190' title='bbox 720 963 752 992; x_wconf 91' lang='lat'>&amp;</span> <span class='ocrx_word' id='word_1_191' title='bbox 763 973 893 993; x_wconf 90' lang='lat' dir='ltr'>numero</span> <span class='ocrx_word' id='word_1_192' title='bbox 904 967 1024 995; x_wconf 87' lang='lat' dir='ltr'>moveri</span> <span class='ocrx_word' id='word_1_193' title='bbox 1034 966 1122 1005; x_wconf 80' lang='lat' dir='ltr'>possit</span> 
     </span>
    </p>

    <p class='ocr_par' dir='ltr' id='par_1_7' title="bbox 153 1004 1140 1342">
     <span class='ocr_line' id='line_1_23' title="bbox 161 1004 1140 1047; baseline 0.001 -10"><span class='ocrx_word' id='word_1_194' title='bbox 161 1005 222 1037; x_wconf 82' lang='lat' dir='ltr'>fine</span> <span class='ocrx_word' id='word_1_195' title='bbox 242 1005 370 1038; x_wconf 89' lang='lat' dir='ltr'>consilio</span> <span class='ocrx_word' id='word_1_196' title='bbox 385 1017 392 1036; x_wconf 79' lang='lat' dir='ltr'><em>z</em></span> <span class='ocrx_word' id='word_1_197' title='bbox 410 1009 514 1047; x_wconf 89' lang='lat' dir='ltr'>inquo</span> <span class='ocrx_word' id='word_1_198' title='bbox 526 1005 603 1036; x_wconf 89' lang='lat' dir='ltr'>nihil</span> <span class='ocrx_word' id='word_1_199' title='bbox 613 1004 656 1036; x_wconf 89' lang='lat' dir='ltr'>est</span> <span class='ocrx_word' id='word_1_200' title='bbox 666 1007 857 1036; x_wconf 85' lang='lat' dir='ltr'>temerarium</span> <span class='ocrx_word' id='word_1_201' title='bbox 869 1025 878 1039; x_wconf 84' lang='lat'>‚</span> <span class='ocrx_word' id='word_1_202' title='bbox 900 1007 979 1036; x_wconf 88' lang='lat' dir='ltr'>nihil</span> <span class='ocrx_word' id='word_1_203' title='bbox 989 1010 1119 1044; x_wconf 86' lang='lat' dir='ltr'>varium,</span> <span class='ocrx_word' id='word_1_204' title='bbox 1139 1043 1140 1047; x_wconf 15' lang='grc' dir='ltr'><strong>Ἰ</strong></span> 
     </span>
     <span class='ocr_line' id='line_1_24' title="bbox 160 1045 1140 1081; baseline 0.001 -2"><span class='ocrx_word' id='word_1_205' title='bbox 160 1049 242 1079; x_wconf 87' lang='lat' dir='ltr'>nihil</span> <span class='ocrx_word' id='word_1_206' title='bbox 259 1048 431 1080; x_wconf 87' lang='lat' dir='ltr'>fortuitum.</span> <span class='ocrx_word' id='word_1_207' title='bbox 455 1048 537 1079; x_wconf 86' lang='lat' dir='ltr'>Ordo</span> <span class='ocrx_word' id='word_1_208' title='bbox 561 1056 662 1078; x_wconf 88' lang='lat' dir='ltr'>autem</span> <span class='ocrx_word' id='word_1_209' title='bbox 681 1045 810 1077; x_wconf 89' lang='lat' dir='ltr'>siderum</span> <span class='ocrx_word' id='word_1_210' title='bbox 823 1067 831 1081; x_wconf 83' lang='lat'>‚</span> <span class='ocrx_word' id='word_1_211' title='bbox 853 1049 928 1079; x_wconf 89' lang='lat' dir='ltr'>&amp;in</span> <span class='ocrx_word' id='word_1_212' title='bbox 938 1052 1120 1080; x_wconf 79' lang='lat' dir='ltr'>omniaeter-</span> <span class='ocrx_word' id='word_1_213' title='bbox 1139 1050 1140 1067; x_wconf 96' lang='lat'>¹</span> 
     </span>
     <span class='ocr_line' id='line_1_25' title="bbox 158 1076 1140 1132; baseline 0.003 -11"><span class='ocrx_word' id='word_1_214' title='bbox 158 1092 254 1122; x_wconf 84' lang='lat' dir='ltr'>nitate</span> <span class='ocrx_word' id='word_1_215' title='bbox 262 1090 445 1125; x_wconf 88' lang='lat' dir='ltr'>constantia,</span> <span class='ocrx_word' id='word_1_216' title='bbox 458 1100 554 1131; x_wconf 87' lang='lat' dir='ltr'>neque</span> <span class='ocrx_word' id='word_1_217' title='bbox 564 1093 701 1120; x_wconf 68' lang='lat' dir='ltr'>naturam</span> <span class='ocrx_word' id='word_1_218' title='bbox 713 1087 857 1130; x_wconf 86' lang='lat' dir='ltr'>significat</span> <span class='ocrx_word' id='word_1_219' title='bbox 869 1101 877 1123; x_wconf 77' lang='lat'>3</span> <span class='ocrx_word' id='word_1_220' title='bbox 888 1089 930 1120; x_wconf 88' lang='lat' dir='ltr'>est</span> <span class='ocrx_word' id='word_1_221' title='bbox 937 1093 1020 1121; x_wconf 88' lang='lat' dir='ltr'>enim</span> <span class='ocrx_word' id='word_1_222' title='bbox 1031 1092 1121 1132; x_wconf 87' lang='lat' dir='ltr'>plena</span> <span class='ocrx_word' id='word_1_223' title='bbox 1139 1076 1140 1108; x_wconf 92' lang='lat'>¹</span> 
     </span>
     <span class='ocr_line' id='line_1_26' title="bbox 158 1131 1140 1176; baseline 0.002 -13"><span class='ocrx_word' id='word_1_224' title='bbox 158 1135 300 1164; x_wconf 88' lang='lat' dir='ltr'>rationis:</span> <span class='ocrx_word' id='word_1_225' title='bbox 322 1143 420 1174; x_wconf 87' lang='lat' dir='ltr'>neque</span> <span class='ocrx_word' id='word_1_226' title='bbox 441 1131 596 1163; x_wconf 89' lang='lat' dir='ltr'>fortunam</span> <span class='ocrx_word' id='word_1_227' title='bbox 609 1151 618 1165; x_wconf 84' lang='lat'><strong>,</strong></span> <span class='ocrx_word' id='word_1_228' title='bbox 639 1141 705 1172; x_wconf 81' lang='lat' dir='ltr'>qua:</span> <span class='ocrx_word' id='word_1_229' title='bbox 723 1132 818 1161; x_wconf 88' lang='lat' dir='ltr'>amica</span> <span class='ocrx_word' id='word_1_230' title='bbox 835 1132 968 1162; x_wconf 87' lang='lat' dir='ltr'>varietati</span> <span class='ocrx_word' id='word_1_231' title='bbox 980 1133 1120 1165; x_wconf 88' lang='lat' dir='ltr'>constan·</span> <span class='ocrx_word' id='word_1_232' title='bbox 1138 1140 1140 1176; x_wconf 54' lang='grc' dir='ltr'>ἐ,</span> 
     </span>
     <span class='ocr_line' id='line_1_27' title="bbox 160 1173 1139 1215; baseline 0.002 -10"><span class='ocrx_word' id='word_1_233' title='bbox 160 1176 236 1206; x_wconf 86' lang='lat' dir='ltr'>tiam</span> <span class='ocrx_word' id='word_1_234' title='bbox 248 1175 369 1215; x_wconf 86' lang='lat' dir='ltr'>respuit.</span> <span class='ocrx_word' id='word_1_235' title='bbox 392 1176 532 1215; x_wconf 84' lang='lat' dir='ltr'>Sequitur</span> <span class='ocrx_word' id='word_1_236' title='bbox 542 1183 612 1215; x_wconf 86' lang='lat' dir='ltr'>ergo</span> <span class='ocrx_word' id='word_1_237' title='bbox 625 1193 634 1206; x_wconf 87' lang='lat'><strong>,</strong></span> <span class='ocrx_word' id='word_1_238' title='bbox 655 1182 688 1203; x_wconf 92' lang='lat' dir='ltr'>ut</span> <span class='ocrx_word' id='word_1_239' title='bbox 698 1173 760 1212; x_wconf 85' lang='lat' dir='ltr'>ipsa</span> <span class='ocrx_word' id='word_1_240' title='bbox 768 1173 818 1203; x_wconf 90' lang='lat' dir='ltr'>sua</span> <span class='ocrx_word' id='word_1_241' title='bbox 828 1173 1009 1213; x_wconf 52' lang='lat' dir='ltr'>spontesssuo</span> <span class='ocrx_word' id='word_1_242' title='bbox 1022 1176 1120 1211; x_wconf 83' lang='lat' dir='ltr'>sensu,</span> <span class='ocrx_word' id='word_1_243' title='bbox 1138 1177 1139 1194; x_wconf 96' lang='lat'>¹</span> 
     </span>
     <span class='ocr_line' id='line_1_28' title="bbox 157 1206 1139 1249; baseline 0.001 -1"><span class='ocrx_word' id='word_1_244' title='bbox 157 1227 192 1248; x_wconf 86' lang='lat' dir='ltr'>ac</span> <span class='ocrx_word' id='word_1_245' title='bbox 208 1217 369 1248; x_wconf 79' lang='lat' dir='ltr'>divinitate</span> <span class='ocrx_word' id='word_1_246' title='bbox 388 1225 577 1247; x_wconf 89' lang='lat' dir='ltr'>moveantur.</span> <span class='ocrx_word' id='word_1_247' title='bbox 602 1217 668 1246; x_wconf 86' lang='lat' dir='ltr'>Nec</span> <span class='ocrx_word' id='word_1_248' title='bbox 685 1214 758 1245; x_wconf 73' lang='lat' dir='ltr'>verb</span> <span class='ocrx_word' id='word_1_249' title='bbox 779 1214 955 1246; x_wconf 82' lang='lat' dir='ltr'>Aristoteles</span> <span class='ocrx_word' id='word_1_250' title='bbox 972 1226 1037 1247; x_wconf 90' lang='lat' dir='ltr'>non</span> <span class='ocrx_word' id='word_1_251' title='bbox 1055 1218 1118 1249; x_wconf 86' lang='lat' dir='ltr'>lau·</span> <span class='ocrx_word' id='word_1_252' title='bbox 1136 1206 1139 1249; x_wconf 80' lang='lat' dir='ltr'>l</span> 
     </span>
     <span class='ocr_line' id='line_1_29' title="bbox 153 1252 1139 1299; baseline 0.002 -10"><span class='ocrx_word' id='word_1_253' title='bbox 153 1258 273 1289; x_wconf 82' lang='lat' dir='ltr'>&#39;dandus</span> <span class='ocrx_word' id='word_1_254' title='bbox 284 1260 317 1289; x_wconf 86' lang='lat' dir='ltr'>in</span> <span class='ocrx_word' id='word_1_255' title='bbox 326 1268 374 1292; x_wconf 89' lang='lat' dir='ltr'>eo,</span> <span class='ocrx_word' id='word_1_256' title='bbox 385 1258 470 1299; x_wconf 69' lang='lat' dir='ltr'>qubd</span> <span class='ocrx_word' id='word_1_257' title='bbox 480 1258 583 1292; x_wconf 80' lang='lat' dir='ltr'>omnia,</span> <span class='ocrx_word' id='word_1_258' title='bbox 593 1267 652 1299; x_wconf 79' lang='lat' dir='ltr'>quae</span> <span class='ocrx_word' id='word_1_259' title='bbox 662 1264 820 1291; x_wconf 79' lang='lat' dir='ltr'>moventur,</span> <span class='ocrx_word' id='word_1_260' title='bbox 830 1266 879 1288; x_wconf 88' lang='lat' dir='ltr'>aut</span> <span class='ocrx_word' id='word_1_261' title='bbox 889 1267 991 1289; x_wconf 87' lang='lat' dir='ltr'>natura</span> <span class='ocrx_word' id='word_1_262' title='bbox 1000 1263 1120 1291; x_wconf 86' lang='lat' dir='ltr'>moveri</span> <span class='ocrx_word' id='word_1_263' title='bbox 1136 1252 1139 1294; x_wconf 79' lang='lat' dir='ltr'>l</span> 
     </span>
     <span class='ocr_line' id='line_1_30' title="bbox 156 1300 1117 1342; baseline 0.001 -11"><span class='ocrx_word' id='word_1_264' title='bbox 156 1301 291 1335; x_wconf 85' lang='lat' dir='ltr'>censuit,</span> <span class='ocrx_word' id='word_1_265' title='bbox 313 1309 361 1331; x_wconf 92' lang='lat' dir='ltr'>aut</span> <span class='ocrx_word' id='word_1_266' title='bbox 379 1304 430 1334; x_wconf 86' lang='lat' dir='ltr'>vi,</span> <span class='ocrx_word' id='word_1_267' title='bbox 451 1309 500 1331; x_wconf 87' lang='lat' dir='ltr'>aut</span> <span class='ocrx_word' id='word_1_268' title='bbox 511 1301 683 1342; x_wconf 79' lang='lat' dir='ltr'>voluntate:</span> <span class='ocrx_word' id='word_1_269' title='bbox 708 1301 826 1329; x_wconf 84' lang='lat' dir='ltr'>moveri</span> <span class='ocrx_word' id='word_1_270' title='bbox 836 1308 935 1330; x_wconf 89' lang='lat' dir='ltr'>autem</span> <span class='ocrx_word' id='word_1_271' title='bbox 947 1300 1062 1336; x_wconf 88' lang='lat' dir='ltr'>solem,</span> <span class='ocrx_word' id='word_1_272' title='bbox 1083 1303 1117 1334; x_wconf 90' lang='lat'>&amp;</span> 
     </span>
    </p>

    <p class='ocr_par' dir='ltr' id='par_1_8' title="bbox 157 1340 1117 1382">
     <span class='ocr_line' id='line_1_31' title="bbox 157 1340 1117 1382; baseline 0.002 -9"><span class='ocrx_word' id='word_1_273' title='bbox 157 1343 261 1373; x_wconf 88' lang='lat' dir='ltr'>lunam</span> <span class='ocrx_word' id='word_1_274' title='bbox 273 1362 282 1377; x_wconf 87' lang='lat'>,</span> <span class='ocrx_word' id='word_1_275' title='bbox 304 1342 338 1373; x_wconf 92' lang='lat'>&amp;</span> <span class='ocrx_word' id='word_1_276' title='bbox 349 1340 439 1373; x_wconf 80' lang='lat' dir='ltr'>sidera</span> <span class='ocrx_word' id='word_1_277' title='bbox 449 1343 554 1372; x_wconf 74' lang='lat' dir='ltr'>omnia</span> <span class='ocrx_word' id='word_1_278' title='bbox 570 1353 576 1371; x_wconf 78' lang='lat'>2</span> <span class='ocrx_word' id='word_1_279' title='bbox 603 1351 668 1382; x_wconf 81' lang='lat' dir='ltr'>quae</span> <span class='ocrx_word' id='word_1_280' title='bbox 680 1350 780 1371; x_wconf 85' lang='lat' dir='ltr'>autem</span> <span class='ocrx_word' id='word_1_281' title='bbox 792 1350 896 1372; x_wconf 88' lang='lat' dir='ltr'>natura</span> <span class='ocrx_word' id='word_1_282' title='bbox 906 1352 1117 1380; x_wconf 87' lang='lat' dir='ltr'>moverentur,</span> 
     </span>
    </p>

    <p class='ocr_par' dir='ltr' id='par_1_9' title="bbox 78 1383 1137 2725">
     <span class='ocr_line' id='line_1_32' title="bbox 154 1383 1136 1425; baseline 0.003 -11"><span class='ocrx_word' id='word_1_283' title='bbox 154 1385 218 1415; x_wconf 84' lang='lat' dir='ltr'>haec</span> <span class='ocrx_word' id='word_1_284' title='bbox 234 1393 284 1416; x_wconf 91' lang='lat' dir='ltr'>aut</span> <span class='ocrx_word' id='word_1_285' title='bbox 302 1384 437 1425; x_wconf 70' lang='lat' dir='ltr'>pondem</span> <span class='ocrx_word' id='word_1_286' title='bbox 455 1384 615 1417; x_wconf 80' lang='lat' dir='ltr'>deorsum,</span> <span class='ocrx_word' id='word_1_287' title='bbox 636 1392 686 1414; x_wconf 90' lang='lat' dir='ltr'>aut</span> <span class='ocrx_word' id='word_1_288' title='bbox 704 1383 822 1413; x_wconf 74' lang='lat' dir='ltr'>levitate</span> <span class='ocrx_word' id='word_1_289' title='bbox 840 1385 872 1414; x_wconf 87' lang='lat' dir='ltr'>in</span> <span class='ocrx_word' id='word_1_290' title='bbox 895 1384 1026 1415; x_wconf 87' lang='lat' dir='ltr'>sublime</span> <span class='ocrx_word' id='word_1_291' title='bbox 1035 1385 1116 1418; x_wconf 83' lang='lat' dir='ltr'>ferri:</span> <span class='ocrx_word' id='word_1_292' title='bbox 1135 1421 1136 1424; x_wconf 14' lang='grc' dir='ltr'><strong>Ἰ</strong></span> 
     </span>
     <span class='ocr_line' id='line_1_33' title="bbox 151 1424 1137 1467; baseline 0.003 -11"><span class='ocrx_word' id='word_1_293' title='bbox 151 1435 285 1467; x_wconf 82' lang='lat' dir='ltr'>quorum</span> <span class='ocrx_word' id='word_1_294' title='bbox 300 1435 440 1456; x_wconf 87' lang='lat' dir='ltr'>neutrum</span> <span class='ocrx_word' id='word_1_295' title='bbox 452 1424 535 1455; x_wconf 77' lang='lat' dir='ltr'>asti-is</span> <span class='ocrx_word' id='word_1_296' title='bbox 544 1426 741 1465; x_wconf 84' lang='lat' dir='ltr'>contingeret,</span> <span class='ocrx_word' id='word_1_297' title='bbox 751 1433 908 1464; x_wconf 82' lang='lat' dir='ltr'>propterea</span> <span class='ocrx_word' id='word_1_298' title='bbox 918 1426 1000 1467; x_wconf 72' lang='lat' dir='ltr'>quod</span> <span class='ocrx_word' id='word_1_299' title='bbox 1011 1437 1116 1459; x_wconf 90' lang='lat' dir='ltr'>eorum</span> <span class='ocrx_word' id='word_1_300' title='bbox 1134 1427 1137 1464; x_wconf 71' lang='lat' dir='ltr'>l</span> 
     </span>
     <span class='ocr_line' id='line_1_34' title="bbox 154 1465 1135 1509; baseline 0.003 -11"><span class='ocrx_word' id='word_1_301' title='bbox 154 1476 258 1498; x_wconf 86' lang='lat' dir='ltr'>motus</span> <span class='ocrx_word' id='word_1_302' title='bbox 277 1469 310 1497; x_wconf 91' lang='lat' dir='ltr'>in</span> <span class='ocrx_word' id='word_1_303' title='bbox 333 1467 440 1497; x_wconf 85' lang='lat' dir='ltr'>orbem</span> <span class='ocrx_word' id='word_1_304' title='bbox 450 1469 625 1507; x_wconf 87' lang='lat' dir='ltr'>circumque</span> <span class='ocrx_word' id='word_1_305' title='bbox 635 1465 768 1495; x_wconf 82' lang='lat' dir='ltr'>ferretur.</span> <span class='ocrx_word' id='word_1_306' title='bbox 791 1468 858 1496; x_wconf 83' lang='lat' dir='ltr'>Nec</span> <span class='ocrx_word' id='word_1_307' title='bbox 869 1467 941 1496; x_wconf 73' lang='lat' dir='ltr'>vero</span> <span class='ocrx_word' id='word_1_308' title='bbox 951 1467 1010 1498; x_wconf 92' lang='lat' dir='ltr'>dici</span> <span class='ocrx_word' id='word_1_309' title='bbox 1019 1470 1117 1509; x_wconf 87' lang='lat' dir='ltr'>potest</span> <span class='ocrx_word' id='word_1_310' title='bbox 1134 1479 1135 1483; x_wconf 58' lang='lat'>¹</span> 
     </span>
     <span class='ocr_line' id='line_1_35' title="bbox 148 1506 1135 1550; baseline 0.002 -11"><span class='ocrx_word' id='word_1_311' title='bbox 148 1510 185 1539; x_wconf 73' lang='lat' dir='ltr'>vi</span> <span class='ocrx_word' id='word_1_312' title='bbox 203 1508 331 1550; x_wconf 90' lang='lat' dir='ltr'>quadam</span> <span class='ocrx_word' id='word_1_313' title='bbox 351 1508 465 1548; x_wconf 87' lang='lat' dir='ltr'>majore</span> <span class='ocrx_word' id='word_1_314' title='bbox 475 1506 541 1537; x_wconf 84' lang='lat' dir='ltr'>fieri</span> <span class='ocrx_word' id='word_1_315' title='bbox 552 1527 561 1542; x_wconf 86' lang='lat'>,</span> <span class='ocrx_word' id='word_1_316' title='bbox 581 1515 724 1537; x_wconf 88' lang='lat' dir='ltr'>utcontra</span> <span class='ocrx_word' id='word_1_317' title='bbox 737 1515 875 1536; x_wconf 79' lang='lat' dir='ltr'>natur-am</span> <span class='ocrx_word' id='word_1_318' title='bbox 887 1507 959 1540; x_wconf 87' lang='lat' dir='ltr'>astra</span> <span class='ocrx_word' id='word_1_319' title='bbox 970 1519 1116 1541; x_wconf 84' lang='lat' dir='ltr'>movean-</span> <span class='ocrx_word' id='word_1_320' title='bbox 1133 1524 1135 1545; x_wconf 76' lang='lat' dir='ltr'>l</span> 
     </span>
     <span class='ocr_line' id='line_1_36' title="bbox 148 1546 1115 1591; baseline 0.002 -10"><span class='ocrx_word' id='word_1_321' title='bbox 148 1554 205 1581; x_wconf 75' lang='lat' dir='ltr'>tur.</span> <span class='ocrx_word' id='word_1_322' title='bbox 229 1559 296 1591; x_wconf 83' lang='lat' dir='ltr'>quae</span> <span class='ocrx_word' id='word_1_323' title='bbox 318 1551 404 1581; x_wconf 85' lang='lat' dir='ltr'>enim</span> <span class='ocrx_word' id='word_1_324' title='bbox 421 1549 518 1591; x_wconf 84' lang='lat' dir='ltr'>potest</span> <span class='ocrx_word' id='word_1_325' title='bbox 537 1546 724 1590; x_wconf 82' lang='lat' dir='ltr'>majoreffe?</span> <span class='ocrx_word' id='word_1_326' title='bbox 746 1547 833 1579; x_wconf 76' lang='lat' dir='ltr'>restat</span> <span class='ocrx_word' id='word_1_327' title='bbox 842 1550 949 1590; x_wconf 87' lang='lat' dir='ltr'>igitur,</span> <span class='ocrx_word' id='word_1_328' title='bbox 969 1560 1115 1583; x_wconf 87' lang='lat' dir='ltr'>utmotus</span> 
     </span>
     <span class='ocr_line' id='line_1_37' title="bbox 146 1590 1133 1632; baseline 0.003 -10"><span class='ocrx_word' id='word_1_329' title='bbox 146 1590 297 1623; x_wconf 80' lang='lat' dir='ltr'>astrorum</span> <span class='ocrx_word' id='word_1_330' title='bbox 315 1590 567 1623; x_wconf 80' lang='lat' dir='ltr'>sit-voluntarius.</span> <span class='ocrx_word' id='word_1_331' title='bbox 590 1600 658 1632; x_wconf 84' lang='lat' dir='ltr'>quae</span> <span class='ocrx_word' id='word_1_332' title='bbox 667 1591 720 1632; x_wconf 86' lang='lat' dir='ltr'>qui</span> <span class='ocrx_word' id='word_1_333' title='bbox 729 1591 847 1624; x_wconf 86' lang='lat' dir='ltr'>videat,</span> <span class='ocrx_word' id='word_1_334' title='bbox 868 1601 932 1622; x_wconf 89' lang='lat' dir='ltr'>non</span> <span class='ocrx_word' id='word_1_335' title='bbox 943 1592 1051 1623; x_wconf 58' lang='lat' dir='ltr'>indocte</span> <span class='ocrx_word' id='word_1_336' title='bbox 1063 1595 1113 1625; x_wconf 89' lang='lat' dir='ltr'>so·</span> <span class='ocrx_word' id='word_1_337' title='bbox 1132 1609 1133 1622; x_wconf 64' lang='lat' dir='ltr'>i</span> 
     </span>
     <span class='ocr_line' id='line_1_38' title="bbox 148 1627 1133 1676; baseline 0.004 -12"><span class='ocrx_word' id='word_1_338' title='bbox 148 1634 216 1664; x_wconf 77' lang='lat' dir='ltr'>lum</span> <span class='ocrx_word' id='word_1_339' title='bbox 231 1653 240 1668; x_wconf 85' lang='lat'>,</span> <span class='ocrx_word' id='word_1_340' title='bbox 258 1633 366 1665; x_wconf 76' lang='lat' dir='ltr'>verum</span> <span class='ocrx_word' id='word_1_341' title='bbox 388 1642 480 1665; x_wconf 88' lang='lat' dir='ltr'>etiam</span> <span class='ocrx_word' id='word_1_342' title='bbox 499 1632 588 1676; x_wconf 62' lang='lat' dir='ltr'>impis</span> <span class='ocrx_word' id='word_1_343' title='bbox 604 1632 711 1666; x_wconf 78' lang='lat' dir='ltr'>faciat,</span> <span class='ocrx_word' id='word_1_344' title='bbox 731 1631 752 1662; x_wconf 86' lang='lat' dir='ltr'>fi</span> <span class='ocrx_word' id='word_1_345' title='bbox 770 1631 844 1663; x_wconf 86' lang='lat' dir='ltr'>deos</span> <span class='ocrx_word' id='word_1_346' title='bbox 853 1632 912 1663; x_wconf 86' lang='lat' dir='ltr'>effe</span> <span class='ocrx_word' id='word_1_347' title='bbox 920 1643 1019 1676; x_wconf 82' lang='lat' dir='ltr'>neget.</span> <span class='ocrx_word' id='word_1_348' title='bbox 1043 1638 1109 1668; x_wconf 92' lang='lat' dir='ltr'>Nec</span> <span class='ocrx_word' id='word_1_349' title='bbox 1131 1627 1133 1643; x_wconf 64' lang='lat'>¹</span> 
     </span>
     <span class='ocr_line' id='line_1_39' title="bbox 147 1674 1111 1718; baseline -0.002 -12"><span class='ocrx_word' id='word_1_350' title='bbox 147 1675 216 1707; x_wconf 77' lang='lat' dir='ltr'>sane</span> <span class='ocrx_word' id='word_1_351' title='bbox 239 1676 374 1707; x_wconf 89' lang='lat' dir='ltr'>multum</span> <span class='ocrx_word' id='word_1_352' title='bbox 386 1675 507 1707; x_wconf 84' lang='lat' dir='ltr'>interest</span> <span class='ocrx_word' id='word_1_353' title='bbox 517 1695 527 1710; x_wconf 90' lang='lat'>‚</span> <span class='ocrx_word' id='word_1_354' title='bbox 544 1674 648 1706; x_wconf 76' lang='lat' dir='ltr'>utrum</span> <span class='ocrx_word' id='word_1_355' title='bbox 661 1674 692 1705; x_wconf 89' lang='lat' dir='ltr'>id</span> <span class='ocrx_word' id='word_1_356' title='bbox 703 1682 811 1716; x_wconf 82' lang='lat' dir='ltr'>neget,</span> <span class='ocrx_word' id='word_1_357' title='bbox 828 1684 866 1705; x_wconf 89' lang='lat' dir='ltr'>an</span> <span class='ocrx_word' id='word_1_358' title='bbox 877 1685 929 1707; x_wconf 89' lang='lat' dir='ltr'>eos</span> <span class='ocrx_word' id='word_1_359' title='bbox 941 1679 1029 1707; x_wconf 89' lang='lat' dir='ltr'>omni</span> <span class='ocrx_word' id='word_1_360' title='bbox 1039 1687 1111 1718; x_wconf 68' lang='lat' dir='ltr'>pro-</span> 
     </span>
     <span class='ocr_line' id='line_1_40' title="bbox 144 1716 1110 1759; baseline 0.001 -11"><span class='ocrx_word' id='word_1_361' title='bbox 144 1719 319 1752; x_wconf 76' lang='lat' dir='ltr'>curatione,</span> <span class='ocrx_word' id='word_1_362' title='bbox 348 1727 437 1759; x_wconf 87' lang='lat' dir='ltr'>atque</span> <span class='ocrx_word' id='word_1_363' title='bbox 460 1716 580 1748; x_wconf 66' lang='lat' dir='ltr'>afflone</span> <span class='ocrx_word' id='word_1_364' title='bbox 602 1718 710 1757; x_wconf 84' lang='lat' dir='ltr'>privet.</span> <span class='ocrx_word' id='word_1_365' title='bbox 734 1724 823 1748; x_wconf 72' lang='lat' dir='ltr'>Mun</span> <span class='ocrx_word' id='word_1_366' title='bbox 839 1726 949 1751; x_wconf 62' lang='lat' dir='ltr'>anm,</span> <span class='ocrx_word' id='word_1_367' title='bbox 970 1720 1110 1759; x_wconf 81' lang='lat' dir='ltr'>quinihil</span> 
     </span>
     <span class='ocr_line' id='line_1_41' title="bbox 144 1756 1110 1801; baseline 0.002 -11"><span class='ocrx_word' id='word_1_368' title='bbox 144 1760 208 1800; x_wconf 81' lang='lat' dir='ltr'>agit</span> <span class='ocrx_word' id='word_1_369' title='bbox 218 1780 227 1793; x_wconf 91' lang='lat'><em>,</em></span> <span class='ocrx_word' id='word_1_370' title='bbox 238 1758 296 1790; x_wconf 71' lang='lat' dir='ltr'>este</span> <span class='ocrx_word' id='word_1_371' title='bbox 306 1762 440 1790; x_wconf 88' lang='lat' dir='ltr'>omnino</span> <span class='ocrx_word' id='word_1_372' title='bbox 450 1769 514 1790; x_wconf 89' lang='lat' dir='ltr'>non</span> <span class='ocrx_word' id='word_1_373' title='bbox 523 1758 653 1790; x_wconf 84' lang='lat' dir='ltr'>videtur.</span> <span class='ocrx_word' id='word_1_374' title='bbox 673 1756 743 1799; x_wconf 65' lang='lat' dir='ltr'>Effe</span> <span class='ocrx_word' id='word_1_375' title='bbox 753 1759 842 1798; x_wconf 84' lang='lat' dir='ltr'>igitur</span> <span class='ocrx_word' id='word_1_376' title='bbox 864 1758 937 1789; x_wconf 80' lang='lat' dir='ltr'>deos</span> <span class='ocrx_word' id='word_1_377' title='bbox 947 1760 986 1790; x_wconf 84' lang='lat' dir='ltr'>ita</span> <span class='ocrx_word' id='word_1_378' title='bbox 998 1762 1110 1801; x_wconf 87' lang='lat' dir='ltr'>perspi-</span> 
     </span>
     <span class='ocr_line' id='line_1_42' title="bbox 146 1799 1108 1842; baseline 0.001 -11"><span class='ocrx_word' id='word_1_379' title='bbox 146 1811 240 1832; x_wconf 89' lang='lat' dir='ltr'>cuum</span> <span class='ocrx_word' id='word_1_380' title='bbox 251 1801 388 1836; x_wconf 88' lang='lat' dir='ltr'>est,ut‚id</span> <span class='ocrx_word' id='word_1_381' title='bbox 419 1803 450 1832; x_wconf 91' lang='lat' dir='ltr'>ui</span> <span class='ocrx_word' id='word_1_382' title='bbox 460 1810 558 1842; x_wconf 87' lang='lat' dir='ltr'>neget,</span> <span class='ocrx_word' id='word_1_383' title='bbox 569 1802 624 1831; x_wconf 89' lang='lat' dir='ltr'>vix</span> <span class='ocrx_word' id='word_1_384' title='bbox 634 1810 704 1830; x_wconf 90' lang='lat' dir='ltr'>eum</span> <span class='ocrx_word' id='word_1_385' title='bbox 716 1799 791 1830; x_wconf 83' lang='lat' dir='ltr'>sanae</span> <span class='ocrx_word' id='word_1_386' title='bbox 801 1802 914 1830; x_wconf 78' lang='lat' dir='ltr'>mentis</span> <span class='ocrx_word' id='word_1_387' title='bbox 923 1800 1108 1834; x_wconf 80' lang='lat' dir='ltr'>existimem.</span> 
     </span>
     <span class='ocr_line' id='line_1_43' title="bbox 86 1840 1105 1885; baseline -0.001 -11"><span class='ocrx_word' id='word_1_388' title='bbox 86 1854 99 1879; x_wconf 79' lang='lat' dir='ltr'>ll</span> <span class='ocrx_word' id='word_1_389' title='bbox 112 1855 127 1876; x_wconf 84' lang='lat'>7</span> <span class='ocrx_word' id='word_1_390' title='bbox 146 1846 161 1863; x_wconf 83' lang='lat'>2</span> <span class='ocrx_word' id='word_1_391' title='bbox 170 1843 283 1878; x_wconf 85' lang='lat' dir='ltr'>Restat,</span> <span class='ocrx_word' id='word_1_392' title='bbox 296 1852 338 1878; x_wconf 85' lang='lat' dir='ltr'>ut,</span> <span class='ocrx_word' id='word_1_393' title='bbox 351 1854 408 1885; x_wconf 92' lang='lat' dir='ltr'>qua</span> <span class='ocrx_word' id='word_1_394' title='bbox 424 1845 446 1874; x_wconf 89' lang='lat' dir='ltr'>is</span> <span class='ocrx_word' id='word_1_395' title='bbox 455 1853 563 1874; x_wconf 87' lang='lat' dir='ltr'>eorum</span> <span class='ocrx_word' id='word_1_396' title='bbox 572 1851 675 1873; x_wconf 89' lang='lat' dir='ltr'>natura</span> <span class='ocrx_word' id='word_1_397' title='bbox 683 1840 717 1872; x_wconf 87' lang='lat' dir='ltr'>sit</span> <span class='ocrx_word' id='word_1_398' title='bbox 729 1861 738 1875; x_wconf 84' lang='lat'><strong>,</strong></span> <span class='ocrx_word' id='word_1_399' title='bbox 747 1840 971 1872; x_wconf 79' lang='lat' dir='ltr'>consideremus</span> <span class='ocrx_word' id='word_1_400' title='bbox 983 1854 988 1872; x_wconf 82' lang='lat' dir='ltr'><strong><em>z</em></strong></span> <span class='ocrx_word' id='word_1_401' title='bbox 1000 1845 1105 1885; x_wconf 90' lang='lat' dir='ltr'>inquo</span> 
     </span>
     <span class='ocr_line' id='line_1_44' title="bbox 111 1878 1105 1926; baseline 0.002 -12"><span class='ocrx_word' id='word_1_402' title='bbox 111 1878 118 1888; x_wconf 64' lang='lat'><em>⁴</em></span> <span class='ocrx_word' id='word_1_403' title='bbox 142 1885 216 1915; x_wconf 54' lang='lat' dir='ltr'>nihil</span> <span class='ocrx_word' id='word_1_404' title='bbox 231 1885 276 1915; x_wconf 64' lang='grc' dir='ltr'>εΗ</span> <span class='ocrx_word' id='word_1_405' title='bbox 292 1885 437 1925; x_wconf 73' lang='lat' dir='ltr'>difficilius</span> <span class='ocrx_word' id='word_1_406' title='bbox 455 1905 464 1920; x_wconf 91' lang='lat'>,</span> <span class='ocrx_word' id='word_1_407' title='bbox 498 1882 587 1926; x_wconf 44' lang='lat' dir='ltr'>quam</span> <span class='ocrx_word' id='word_1_408' title='bbox 605 1886 623 1913; x_wconf 72' lang='lat'>22</span> <span class='ocrx_word' id='word_1_409' title='bbox 642 1883 835 1924; x_wconf 76' lang='lat' dir='ltr'>consuetudine</span> <span class='ocrx_word' id='word_1_410' title='bbox 856 1883 998 1914; x_wconf 84' lang='lat' dir='ltr'>oculorum</span> <span class='ocrx_word' id='word_1_411' title='bbox 1016 1887 1105 1916; x_wconf 76' lang='lat' dir='ltr'>aciem</span> 
     </span>
     <span class='ocr_line' id='line_1_45' title="bbox 137 1922 1099 1968; baseline 0.004 -13"><span class='ocrx_word' id='word_1_412' title='bbox 137 1926 238 1957; x_wconf 74' lang='lat' dir='ltr'>‘mentis</span> <span class='ocrx_word' id='word_1_413' title='bbox 247 1922 389 1957; x_wconf 79' lang='lat' dir='ltr'>abdu&#39;cere.</span> <span class='ocrx_word' id='word_1_414' title='bbox 412 1938 445 1958; x_wconf 89' lang='lat' dir='ltr'>ea</span> <span class='ocrx_word' id='word_1_415' title='bbox 457 1926 618 1958; x_wconf 83' lang='lat' dir='ltr'>difficultas</span> <span class='ocrx_word' id='word_1_416' title='bbox 629 1926 753 1956; x_wconf 84' lang='lat' dir='ltr'>induxit</span> <span class='ocrx_word' id='word_1_417' title='bbox 763 1945 771 1960; x_wconf 86' lang='lat'>‚</span> <span class='ocrx_word' id='word_1_418' title='bbox 785 1925 819 1956; x_wconf 89' lang='lat'>&amp;</span> <span class='ocrx_word' id='word_1_419' title='bbox 826 1925 919 1967; x_wconf 66' lang='lat' dir='ltr'>vulgo</span> <span class='ocrx_word' id='word_1_420' title='bbox 928 1928 1099 1968; x_wconf 82' lang='lat' dir='ltr'>imperitos,</span> 
     </span>
     <span class='ocr_line' id='line_1_46' title="bbox 140 1966 1104 2011; baseline 0.001 -11"><span class='ocrx_word' id='word_1_421' title='bbox 140 1968 176 2000; x_wconf 91' lang='lat'>&amp;</span> <span class='ocrx_word' id='word_1_422' title='bbox 195 1967 318 2000; x_wconf 87' lang='lat' dir='ltr'>fimileis</span> <span class='ocrx_word' id='word_1_423' title='bbox 328 1970 528 2010; x_wconf 85' lang='lat' dir='ltr'>philosophos</span> <span class='ocrx_word' id='word_1_424' title='bbox 537 1969 749 2010; x_wconf 85' lang='lat' dir='ltr'>imperitorum</span> <span class='ocrx_word' id='word_1_425' title='bbox 762 1969 771 2002; x_wconf 78' lang='lat'>3</span> <span class='ocrx_word' id='word_1_426' title='bbox 792 1976 844 2001; x_wconf 84' lang='lat' dir='ltr'>ut,</span> <span class='ocrx_word' id='word_1_427' title='bbox 866 1966 922 1998; x_wconf 80' lang='lat' dir='ltr'>nifi</span> <span class='ocrx_word' id='word_1_428' title='bbox 933 1967 1036 2011; x_wconf 83' lang='lat' dir='ltr'>figuris</span> <span class='ocrx_word' id='word_1_429' title='bbox 1047 1972 1104 2001; x_wconf 87' lang='lat' dir='ltr'>ho-</span> 
     </span>
     <span class='ocr_line' id='line_1_47' title="bbox 140 2009 1122 2052; baseline 0.003 -11"><span class='ocrx_word' id='word_1_430' title='bbox 140 2013 265 2042; x_wconf 86' lang='lat' dir='ltr'>minum</span> <span class='ocrx_word' id='word_1_431' title='bbox 284 2011 475 2045; x_wconf 84' lang='lat' dir='ltr'>constitutis,</span> <span class='ocrx_word' id='word_1_432' title='bbox 498 2011 576 2042; x_wconf 86' lang='lat' dir='ltr'>nihil</span> <span class='ocrx_word' id='word_1_433' title='bbox 598 2009 717 2051; x_wconf 82' lang='lat' dir='ltr'>poss&#39;ent</span> <span class='ocrx_word' id='word_1_434' title='bbox 735 2009 774 2040; x_wconf 83' lang='lat' dir='ltr'>de</span> <span class='ocrx_word' id='word_1_435' title='bbox 796 2009 856 2040; x_wconf 89' lang='lat' dir='ltr'>diis</span> <span class='ocrx_word' id='word_1_436' title='bbox 876 2011 1103 2044; x_wconf 85' lang='lat' dir='ltr'>immortalibus</span> <span class='ocrx_word' id='word_1_437' title='bbox 1120 2045 1122 2052; x_wconf 62' lang='grc'>,</span> 
     </span>
     <span class='ocr_line' id='line_1_48' title="bbox 138 2050 1121 2098; baseline 0.003 -15"><span class='ocrx_word' id='word_1_438' title='bbox 138 2055 279 2094; x_wconf 80' lang='lat' dir='ltr'>cogitare.</span> <span class='ocrx_word' id='word_1_439' title='bbox 310 2054 403 2094; x_wconf 86' lang='lat' dir='ltr'>Cujus</span> <span class='ocrx_word' id='word_1_440' title='bbox 429 2055 586 2094; x_wconf 84' lang='lat' dir='ltr'>opinionis</span> <span class='ocrx_word' id='word_1_441' title='bbox 602 2054 708 2083; x_wconf 89' lang='lat' dir='ltr'>levitas</span> <span class='ocrx_word' id='word_1_442' title='bbox 725 2050 878 2082; x_wconf 79' lang='lat' dir='ltr'>confutata</span> <span class='ocrx_word' id='word_1_443' title='bbox 893 2053 910 2098; x_wconf 65' lang='lat' dir='ltr'>a</span> <span class='ocrx_word' id='word_1_444' title='bbox 931 2055 1019 2085; x_wconf 79' lang='lat' dir='ltr'>Cotta</span> <span class='ocrx_word' id='word_1_445' title='bbox 1037 2064 1102 2086; x_wconf 90' lang='lat' dir='ltr'>non</span> <span class='ocrx_word' id='word_1_446' title='bbox 1120 2053 1121 2060; x_wconf 58' lang='lat'>¹</span> 
     </span>
     <span class='ocr_line' id='line_1_49' title="bbox 137 2092 1103 2128; baseline 0.002 -3"><span class='ocrx_word' id='word_1_447' title='bbox 137 2094 282 2126; x_wconf 79' lang='lat' dir='ltr'>desiderat</span> <span class='ocrx_word' id='word_1_448' title='bbox 290 2097 458 2126; x_wconf 86' lang='lat' dir='ltr'>orationem</span> <span class='ocrx_word' id='word_1_449' title='bbox 471 2105 582 2126; x_wconf 85' lang='lat' dir='ltr'>meam·</span> <span class='ocrx_word' id='word_1_450' title='bbox 603 2094 660 2126; x_wconf 82' lang='lat' dir='ltr'>Sed</span> <span class='ocrx_word' id='word_1_451' title='bbox 669 2093 740 2126; x_wconf 75' lang='lat' dir='ltr'>cum</span> <span class='ocrx_word' id='word_1_452' title='bbox 752 2094 842 2124; x_wconf 89' lang='lat' dir='ltr'>talem</span> <span class='ocrx_word' id='word_1_453' title='bbox 853 2092 911 2124; x_wconf 87' lang='lat' dir='ltr'>esse</span> <span class='ocrx_word' id='word_1_454' title='bbox 921 2094 1013 2126; x_wconf 91' lang='lat' dir='ltr'>deum</span> <span class='ocrx_word' id='word_1_455' title='bbox 1025 2106 1103 2128; x_wconf 88' lang='lat' dir='ltr'>certa</span> 
     </span>
     <span class='ocr_line' id='line_1_50' title="bbox 135 2135 1100 2178; baseline 0.002 -11"><span class='ocrx_word' id='word_1_456' title='bbox 135 2140 267 2167; x_wconf 85' lang='lat' dir='ltr'>notione</span> <span class='ocrx_word' id='word_1_457' title='bbox 285 2139 382 2168; x_wconf 86' lang='lat' dir='ltr'>animi</span> <span class='ocrx_word' id='word_1_458' title='bbox 405 2138 632 2178; x_wconf 82' lang='lat' dir='ltr'>praesentiamus</span> <span class='ocrx_word' id='word_1_459' title='bbox 651 2156 660 2171; x_wconf 87' lang='lat'>‚</span> <span class='ocrx_word' id='word_1_460' title='bbox 688 2135 824 2177; x_wconf 76' lang='lat' dir='ltr'>primum</span> <span class='ocrx_word' id='word_1_461' title='bbox 847 2144 879 2166; x_wconf 92' lang='lat' dir='ltr'>ut</span> <span class='ocrx_word' id='word_1_462' title='bbox 896 2135 930 2167; x_wconf 81' lang='lat' dir='ltr'>fit</span> <span class='ocrx_word' id='word_1_463' title='bbox 948 2139 1100 2173; x_wconf 80' lang='lat' dir='ltr'>animans,</span> 
     </span>
     <span class='ocr_line' id='line_1_51' title="bbox 135 2177 1119 2219; baseline 0.005 -11"><span class='ocrx_word' id='word_1_464' title='bbox 135 2178 246 2210; x_wconf 84' lang='lat' dir='ltr'>deinde</span> <span class='ocrx_word' id='word_1_465' title='bbox 262 2181 338 2210; x_wconf 90' lang='lat' dir='ltr'>utin</span> <span class='ocrx_word' id='word_1_466' title='bbox 349 2181 436 2210; x_wconf 89' lang='lat' dir='ltr'>omni</span> <span class='ocrx_word' id='word_1_467' title='bbox 450 2188 551 2210; x_wconf 86' lang='lat' dir='ltr'>natura</span> <span class='ocrx_word' id='word_1_468' title='bbox 565 2179 644 2210; x_wconf 86' lang='lat' dir='ltr'>nihil</span> <span class='ocrx_word' id='word_1_469' title='bbox 655 2188 692 2208; x_wconf 91' lang='lat' dir='ltr'>eo</span> <span class='ocrx_word' id='word_1_470' title='bbox 703 2178 736 2208; x_wconf 86' lang='lat' dir='ltr'>sit</span> <span class='ocrx_word' id='word_1_471' title='bbox 745 2177 950 2219; x_wconf 73' lang='lat' dir='ltr'>praestantius:</span> <span class='ocrx_word' id='word_1_472' title='bbox 975 2180 1011 2211; x_wconf 92' lang='lat' dir='ltr'>ad</span> <span class='ocrx_word' id='word_1_473' title='bbox 1022 2181 1098 2212; x_wconf 85' lang='lat' dir='ltr'>hanc</span> <span class='ocrx_word' id='word_1_474' title='bbox 1117 2182 1119 2212; x_wconf 63' lang='lat' dir='ltr'>l</span> 
     </span>
     <span class='ocr_line' id='line_1_52' title="bbox 133 2219 1098 2264; baseline 0.002 -14"><span class='ocrx_word' id='word_1_475' title='bbox 133 2219 364 2261; x_wconf 80' lang='lat' dir='ltr'>praesenfionem</span> <span class='ocrx_word' id='word_1_476' title='bbox 375 2241 384 2255; x_wconf 86' lang='lat'>‚</span> <span class='ocrx_word' id='word_1_477' title='bbox 398 2223 620 2262; x_wconf 86' lang='lat' dir='ltr'>notionemque</span> <span class='ocrx_word' id='word_1_478' title='bbox 630 2219 763 2251; x_wconf 84' lang='lat' dir='ltr'>nostram</span> <span class='ocrx_word' id='word_1_479' title='bbox 773 2240 781 2254; x_wconf 89' lang='lat'><em>‚</em></span> <span class='ocrx_word' id='word_1_480' title='bbox 804 2220 884 2250; x_wconf 86' lang='lat' dir='ltr'>nihil</span> <span class='ocrx_word' id='word_1_481' title='bbox 895 2220 985 2252; x_wconf 90' lang='lat' dir='ltr'>video</span> <span class='ocrx_word' id='word_1_482' title='bbox 995 2242 1004 2257; x_wconf 83' lang='lat'><em>,</em></span> <span class='ocrx_word' id='word_1_483' title='bbox 1016 2223 1098 2264; x_wconf 90' lang='lat' dir='ltr'>quod</span> 
     </span>
     <span class='ocr_line' id='line_1_53' title="bbox 131 2261 1096 2304; baseline 0.003 -11"><span class='ocrx_word' id='word_1_484' title='bbox 131 2262 238 2302; x_wconf 75' lang='lat' dir='ltr'>&#39;potius</span> <span class='ocrx_word' id='word_1_485' title='bbox 247 2263 478 2294; x_wconf 88' lang='lat' dir='ltr'>accommodem</span> <span class='ocrx_word' id='word_1_486' title='bbox 490 2283 498 2297; x_wconf 82' lang='lat'>‚</span> <span class='ocrx_word' id='word_1_487' title='bbox 510 2262 601 2304; x_wconf 65' lang='lat' dir='ltr'>quarn</span> <span class='ocrx_word' id='word_1_488' title='bbox 612 2271 644 2293; x_wconf 89' lang='lat' dir='ltr'>ut</span> <span class='ocrx_word' id='word_1_489' title='bbox 654 2261 791 2302; x_wconf 72' lang='lat' dir='ltr'>primum</span> <span class='ocrx_word' id='word_1_490' title='bbox 802 2263 883 2292; x_wconf 86' lang='lat' dir='ltr'>hunc</span> <span class='ocrx_word' id='word_1_491' title='bbox 892 2263 991 2303; x_wconf 87' lang='lat' dir='ltr'>ipsum</span> <span class='ocrx_word' id='word_1_492' title='bbox 1003 2274 1096 2296; x_wconf 91' lang='lat' dir='ltr'>mun-</span> 
     </span>
     <span class='ocr_line' id='line_1_54' title="bbox 133 2303 1096 2345; baseline 0.002 -11"><span class='ocrx_word' id='word_1_493' title='bbox 133 2304 206 2335; x_wconf 91' lang='lat' dir='ltr'>dum</span> <span class='ocrx_word' id='word_1_494' title='bbox 220 2325 228 2338; x_wconf 85' lang='lat'><em>,</em></span> <span class='ocrx_word' id='word_1_495' title='bbox 249 2314 311 2345; x_wconf 86' lang='lat' dir='ltr'>quo</span> <span class='ocrx_word' id='word_1_496' title='bbox 329 2305 409 2335; x_wconf 85' lang='lat' dir='ltr'>nihil</span> <span class='ocrx_word' id='word_1_497' title='bbox 419 2304 483 2335; x_wconf 86' lang='lat' dir='ltr'>fieri</span> <span class='ocrx_word' id='word_1_498' title='bbox 494 2304 695 2335; x_wconf 79' lang='lat' dir='ltr'>excellentius</span> <span class='ocrx_word' id='word_1_499' title='bbox 704 2303 800 2345; x_wconf 90' lang='lat' dir='ltr'>potest</span> <span class='ocrx_word' id='word_1_500' title='bbox 811 2324 820 2338; x_wconf 89' lang='lat'><strong>,</strong></span> <span class='ocrx_word' id='word_1_501' title='bbox 848 2305 1024 2336; x_wconf 74' lang='lat' dir='ltr'>animantem</span> <span class='ocrx_word' id='word_1_502' title='bbox 1037 2306 1096 2345; x_wconf 75' lang='lat' dir='ltr'>effi,</span> 
     </span>
     <span class='ocr_line' id='line_1_55' title="bbox 132 2343 1095 2388; baseline 0.002 -10"><span class='ocrx_word' id='word_1_503' title='bbox 132 2343 169 2378; x_wconf 63' lang='grc' dir='ltr'>ὁ</span> <span class='ocrx_word' id='word_1_504' title='bbox 178 2347 260 2376; x_wconf 83' lang='lat' dir='ltr'>deum</span> <span class='ocrx_word' id='word_1_505' title='bbox 264 2347 414 2386; x_wconf 89' lang='lat' dir='ltr'>judicem.</span> <span class='ocrx_word' id='word_1_506' title='bbox 439 2345 498 2377; x_wconf 85' lang='lat' dir='ltr'>Hic</span> <span class='ocrx_word' id='word_1_507' title='bbox 509 2347 599 2388; x_wconf 78' lang='lat' dir='ltr'>quam</span> <span class='ocrx_word' id='word_1_508' title='bbox 612 2346 694 2377; x_wconf 88' lang='lat' dir='ltr'>volet</span> <span class='ocrx_word' id='word_1_509' title='bbox 705 2349 851 2387; x_wconf 84' lang='lat' dir='ltr'>Epicurus</span> <span class='ocrx_word' id='word_1_510' title='bbox 857 2347 985 2387; x_wconf 86' lang='lat' dir='ltr'>jocetur,</span> <span class='ocrx_word' id='word_1_511' title='bbox 998 2349 1095 2380; x_wconf 89' lang='lat' dir='ltr'>homo</span> 
     </span>
     <span class='ocr_line' id='line_1_56' title="bbox 132 2387 1094 2432; baseline 0.005 -14"><span class='ocrx_word' id='word_1_512' title='bbox 132 2397 198 2418; x_wconf 89' lang='lat' dir='ltr'>non</span> <span class='ocrx_word' id='word_1_513' title='bbox 207 2387 374 2428; x_wconf 86' lang='lat' dir='ltr'>aptiffirnus</span> <span class='ocrx_word' id='word_1_514' title='bbox 388 2388 423 2419; x_wconf 92' lang='lat' dir='ltr'>ad</span> <span class='ocrx_word' id='word_1_515' title='bbox 431 2388 598 2428; x_wconf 82' lang='lat' dir='ltr'>jocandum</span> <span class='ocrx_word' id='word_1_516' title='bbox 609 2407 618 2422; x_wconf 87' lang='lat'><strong>,</strong></span> <span class='ocrx_word' id='word_1_517' title='bbox 641 2391 653 2415; x_wconf 82' lang='lat'><em>3</em></span> <span class='ocrx_word' id='word_1_518' title='bbox 672 2390 863 2430; x_wconf 86' lang='lat' dir='ltr'>minimeque</span> <span class='ocrx_word' id='word_1_519' title='bbox 873 2390 1033 2430; x_wconf 86' lang='lat' dir='ltr'>respiciens</span> <span class='ocrx_word' id='word_1_520' title='bbox 1043 2401 1094 2432; x_wconf 87' lang='lat' dir='ltr'>pa-</span> 
     </span>
     <span class='ocr_line' id='line_1_57' title="bbox 78 2429 1095 2472; baseline 0.004 -12"><span class='ocrx_word' id='word_1_521' title='bbox 78 2452 80 2454; x_wconf 37' lang='grc'>,</span> <span class='ocrx_word' id='word_1_522' title='bbox 124 2430 234 2460; x_wconf 78' lang='lat' dir='ltr'>triam:</span> <span class='ocrx_word' id='word_1_523' title='bbox 256 2430 290 2460; x_wconf 74' lang='grc' dir='ltr'>δε</span> <span class='ocrx_word' id='word_1_524' title='bbox 311 2430 406 2464; x_wconf 91' lang='lat' dir='ltr'>dicat,</span> <span class='ocrx_word' id='word_1_525' title='bbox 429 2430 458 2460; x_wconf 90' lang='lat' dir='ltr'>se</span> <span class='ocrx_word' id='word_1_526' title='bbox 476 2440 541 2461; x_wconf 92' lang='lat' dir='ltr'>non</span> <span class='ocrx_word' id='word_1_527' title='bbox 559 2429 834 2472; x_wconf 80' lang='lat' dir='ltr'>poss&#39;eintelligere‚</span> <span class='ocrx_word' id='word_1_528' title='bbox 856 2431 1095 2472; x_wconf 86' lang='lat' dir='ltr'>qualisfitvolu-</span> 
     </span>
     <span class='ocr_line' id='line_1_58' title="bbox 129 2470 1088 2515; baseline 0.005 -14"><span class='ocrx_word' id='word_1_529' title='bbox 129 2470 201 2501; x_wconf 79' lang='lat' dir='ltr'>bilis</span> <span class='ocrx_word' id='word_1_530' title='bbox 211 2491 219 2506; x_wconf 91' lang='lat'>,</span> <span class='ocrx_word' id='word_1_531' title='bbox 244 2471 277 2502; x_wconf 90' lang='lat'>&amp;</span> <span class='ocrx_word' id='word_1_532' title='bbox 295 2472 446 2503; x_wconf 85' lang='lat' dir='ltr'>rotundus</span> <span class='ocrx_word' id='word_1_533' title='bbox 458 2472 549 2503; x_wconf 86' lang='lat' dir='ltr'>deus:</span> <span class='ocrx_word' id='word_1_534' title='bbox 561 2481 663 2503; x_wconf 88' lang='lat' dir='ltr'>tamen</span> <span class='ocrx_word' id='word_1_535' title='bbox 677 2482 716 2503; x_wconf 82' lang='lat' dir='ltr'>ex</span> <span class='ocrx_word' id='word_1_536' title='bbox 728 2474 788 2503; x_wconf 90' lang='lat' dir='ltr'>hoc</span> <span class='ocrx_word' id='word_1_537' title='bbox 801 2492 811 2507; x_wconf 92' lang='lat'>,</span> <span class='ocrx_word' id='word_1_538' title='bbox 831 2473 914 2514; x_wconf 90' lang='lat' dir='ltr'>quod</span> <span class='ocrx_word' id='word_1_539' title='bbox 924 2475 988 2515; x_wconf 84' lang='lat' dir='ltr'>ipse</span> <span class='ocrx_word' id='word_1_540' title='bbox 996 2477 1088 2507; x_wconf 87' lang='lat' dir='ltr'>etiam</span> 
     </span>
     <span class='ocr_line' id='line_1_59' title="bbox 127 2514 1089 2555; baseline 0.006 -12"><span class='ocrx_word' id='word_1_541' title='bbox 127 2514 234 2553; x_wconf 89' lang='lat' dir='ltr'>probat</span> <span class='ocrx_word' id='word_1_542' title='bbox 250 2523 419 2555; x_wconf 89' lang='lat' dir='ltr'>numquam</span> <span class='ocrx_word' id='word_1_543' title='bbox 442 2524 492 2544; x_wconf 89' lang='lat' dir='ltr'>rne</span> <span class='ocrx_word' id='word_1_544' title='bbox 502 2514 649 2545; x_wconf 87' lang='lat' dir='ltr'>movebit.</span> <span class='ocrx_word' id='word_1_545' title='bbox 672 2515 769 2545; x_wconf 85' lang='lat' dir='ltr'>Placet</span> <span class='ocrx_word' id='word_1_546' title='bbox 778 2516 863 2545; x_wconf 90' lang='lat' dir='ltr'>enim</span> <span class='ocrx_word' id='word_1_547' title='bbox 874 2515 920 2545; x_wconf 91' lang='lat' dir='ltr'>illi</span> <span class='ocrx_word' id='word_1_548' title='bbox 934 2515 992 2548; x_wconf 78' lang='lat' dir='ltr'>effe</span> <span class='ocrx_word' id='word_1_549' title='bbox 1003 2517 1089 2553; x_wconf 69' lang='lat' dir='ltr'>dem,</span> 
     </span>
     <span class='ocr_line' id='line_1_60' title="bbox 126 2553 1091 2601; baseline 0.005 -16"><span class='ocrx_word' id='word_1_550' title='bbox 126 2556 198 2596; x_wconf 85' lang='lat' dir='ltr'>quia</span> <span class='ocrx_word' id='word_1_551' title='bbox 222 2553 339 2586; x_wconf 76' lang='lat' dir='ltr'>necefl‘e</span> <span class='ocrx_word' id='word_1_552' title='bbox 354 2554 388 2586; x_wconf 84' lang='lat' dir='ltr'>fit</span> <span class='ocrx_word' id='word_1_553' title='bbox 405 2555 593 2596; x_wconf 79' lang='lat' dir='ltr'>praestantem</span> <span class='ocrx_word' id='word_1_554' title='bbox 615 2555 673 2587; x_wconf 79' lang='lat' dir='ltr'>effe</span> <span class='ocrx_word' id='word_1_555' title='bbox 691 2557 824 2597; x_wconf 87' lang='lat' dir='ltr'>aliquam</span> <span class='ocrx_word' id='word_1_556' title='bbox 843 2566 978 2589; x_wconf 86' lang='lat' dir='ltr'>naturam</span> <span class='ocrx_word' id='word_1_557' title='bbox 1003 2578 1012 2593; x_wconf 92' lang='lat'>,</span> <span class='ocrx_word' id='word_1_558' title='bbox 1033 2570 1091 2601; x_wconf 90' lang='lat' dir='ltr'>qua</span> 
     </span>
     <span class='ocr_line' id='line_1_61' title="bbox 126 2595 1088 2632; baseline 0.006 -6"><span class='ocrx_word' id='word_1_559' title='bbox 126 2597 206 2626; x_wconf 85' lang='lat' dir='ltr'>nihil</span> <span class='ocrx_word' id='word_1_560' title='bbox 218 2595 250 2627; x_wconf 89' lang='lat' dir='ltr'>fit</span> <span class='ocrx_word' id='word_1_561' title='bbox 261 2598 380 2627; x_wconf 86' lang='lat' dir='ltr'>melius.</span> <span class='ocrx_word' id='word_1_562' title='bbox 401 2598 521 2628; x_wconf 88' lang='lat' dir='ltr'>Mundo</span> <span class='ocrx_word' id='word_1_563' title='bbox 532 2607 632 2629; x_wconf 87' lang='lat' dir='ltr'>autern</span> <span class='ocrx_word' id='word_1_564' title='bbox 642 2598 720 2628; x_wconf 78' lang='lat' dir='ltr'>certe</span> <span class='ocrx_word' id='word_1_565' title='bbox 732 2598 811 2628; x_wconf 85' lang='lat' dir='ltr'>nihil</span> <span class='ocrx_word' id='word_1_566' title='bbox 822 2597 864 2628; x_wconf 78' lang='lat' dir='ltr'>est</span> <span class='ocrx_word' id='word_1_567' title='bbox 875 2600 998 2631; x_wconf 88' lang='lat' dir='ltr'>melius.</span> <span class='ocrx_word' id='word_1_568' title='bbox 1020 2603 1088 2632; x_wconf 91' lang='lat' dir='ltr'>Nec</span> 
     </span>
     <span class='ocr_line' id='line_1_62' title="bbox 124 2637 1086 2681; baseline 0.007 -13"><span class='ocrx_word' id='word_1_569' title='bbox 124 2637 255 2669; x_wconf 86' lang='lat' dir='ltr'>dubium</span> <span class='ocrx_word' id='word_1_570' title='bbox 269 2659 279 2673; x_wconf 93' lang='lat'><em>‚</em></span> <span class='ocrx_word' id='word_1_571' title='bbox 297 2641 371 2680; x_wconf 87' lang='lat' dir='ltr'>quin</span> <span class='ocrx_word' id='word_1_572' title='bbox 386 2658 395 2673; x_wconf 90' lang='lat'>,</span> <span class='ocrx_word' id='word_1_573' title='bbox 415 2640 500 2680; x_wconf 87' lang='lat' dir='ltr'>quod</span> <span class='ocrx_word' id='word_1_574' title='bbox 518 2642 656 2670; x_wconf 86' lang='lat' dir='ltr'>animans</span> <span class='ocrx_word' id='word_1_575' title='bbox 673 2638 707 2670; x_wconf 91' lang='lat' dir='ltr'>sit</span> <span class='ocrx_word' id='word_1_576' title='bbox 718 2640 880 2681; x_wconf 86' lang='lat' dir='ltr'>habeatque</span> <span class='ocrx_word' id='word_1_577' title='bbox 890 2642 1010 2673; x_wconf 88' lang='lat' dir='ltr'>sensum</span> <span class='ocrx_word' id='word_1_578' title='bbox 1022 2663 1031 2675; x_wconf 62' lang='lat'>2</span> <span class='ocrx_word' id='word_1_579' title='bbox 1052 2644 1086 2675; x_wconf 77' lang='grc' dir='ltr'>δε</span> 
     </span>
     <span class='ocr_line' id='line_1_63' title="bbox 122 2680 1086 2725; baseline 0.006 -14"><span class='ocrx_word' id='word_1_580' title='bbox 122 2681 272 2712; x_wconf 80' lang='lat' dir='ltr'>rationem</span> <span class='ocrx_word' id='word_1_581' title='bbox 285 2700 294 2716; x_wconf 87' lang='lat'>‚</span> <span class='ocrx_word' id='word_1_582' title='bbox 306 2681 339 2712; x_wconf 84' lang='lat'>&amp;</span> <span class='ocrx_word' id='word_1_583' title='bbox 351 2690 499 2717; x_wconf 81' lang='lat' dir='ltr'>mentem,</span> <span class='ocrx_word' id='word_1_584' title='bbox 511 2682 541 2713; x_wconf 94' lang='lat' dir='ltr'>id</span> <span class='ocrx_word' id='word_1_585' title='bbox 553 2680 586 2714; x_wconf 82' lang='lat' dir='ltr'>fit</span> <span class='ocrx_word' id='word_1_586' title='bbox 596 2682 717 2717; x_wconf 84' lang='lat' dir='ltr'>melius,</span> <span class='ocrx_word' id='word_1_587' title='bbox 728 2682 820 2724; x_wconf 80' lang='lat' dir='ltr'>quam</span> <span class='ocrx_word' id='word_1_588' title='bbox 826 2682 858 2713; x_wconf 87' lang='lat' dir='ltr'>id</span> <span class='ocrx_word' id='word_1_589' title='bbox 869 2703 879 2719; x_wconf 92' lang='lat'><em>,</em></span> <span class='ocrx_word' id='word_1_590' title='bbox 890 2684 973 2725; x_wconf 87' lang='lat' dir='ltr'>quod</span> <span class='ocrx_word' id='word_1_591' title='bbox 982 2686 1029 2716; x_wconf 87' lang='lat' dir='ltr'>his</span> <span class='ocrx_word' id='word_1_592' title='bbox 1038 2695 1086 2717; x_wconf 88' lang='lat' dir='ltr'>ca-</span> 
     </span>
    </p>
   </div>
   <div class='ocr_carea' id='block_1_4' title="bbox 1147 563 1149 576">
    <p class='ocr_par' dir='ltr' id='par_1_10' title="bbox 1147 563 1149 576">
     <span class='ocr_line' id='line_1_64' title="bbox 1147 563 1149 576; baseline 0 0"><span class='ocrx_word' id='word_1_593' title='bbox 1147 563 1149 576; x_wconf 84' lang='lat' dir='ltr'>l</span> 
     </span>
    </p>
   </div>
   <div class='ocr_carea' id='block_1_5' title="bbox 1108 1920 1128 2649">
    <p class='ocr_par' dir='ltr' id='par_1_11' title="bbox 1108 1920 1128 2649">
     <span class='ocr_line' id='line_1_65' title="bbox 1108 1920 1128 2649; baseline 0 0"><span class='ocrx_word' id='word_1_594' title='bbox 1108 1920 1128 2649; x_wconf 95' lang='lat' dir='ltr'> </span> 
     </span>
    </p>
   </div>
   <div class='ocr_carea' id='block_1_6' title="bbox 1159 95 1827 150">
    <p class='ocr_par' dir='ltr' id='par_1_12' title="bbox 1159 95 1827 150">
     <span class='ocr_line' id='line_1_66' title="bbox 1159 95 1827 150; baseline 0.019 -14"><span class='ocrx_word' id='word_1_595' title='bbox 1159 103 1436 141; x_wconf 70' lang='lat' dir='ltr'>nontin</span> <span class='ocrx_word' id='word_1_596' title='bbox 1516 95 1685 145; x_wconf 61' lang='lat' dir='ltr'>Lis.</span> <span class='ocrx_word' id='word_1_597' title='bbox 1748 98 1827 150; x_wconf 70' lang='lat'>11,</span> 
     </span>
    </p>
   </div>
   <div class='ocr_carea' id='block_1_7' title="bbox 1177 173 1992 220">
    <p class='ocr_par' dir='ltr' id='par_1_13' title="bbox 1177 173 1992 220">
     <span class='ocr_line' id='line_1_67' title="bbox 1177 173 1992 220; baseline 0.022 -18"><span class='ocrx_word' id='word_1_598' title='bbox 1177 180 1249 202; x_wconf 85' lang='lat' dir='ltr'>reat.</span> <span class='ocrx_word' id='word_1_599' title='bbox 1271 175 1315 205; x_wconf 81' lang='lat' dir='ltr'>Ita</span> <span class='ocrx_word' id='word_1_600' title='bbox 1325 173 1474 210; x_wconf 74' lang='lat' dir='ltr'>efficitur,</span> <span class='ocrx_word' id='word_1_601' title='bbox 1493 176 1700 214; x_wconf 77' lang='lat' dir='ltr'>animantem,</span> <span class='ocrx_word' id='word_1_602' title='bbox 1721 180 1844 217; x_wconf 78' lang='lat' dir='ltr'>sensus,</span> <span class='ocrx_word' id='word_1_603' title='bbox 1861 185 1992 220; x_wconf 74' lang='lat' dir='ltr'>mentis,</span> 
     </span>
    </p>
   </div>
   <div class='ocr_carea' id='block_1_8' title="bbox 1145 121 2197 1898">
    <p class='ocr_par' dir='ltr' id='par_1_14' title="bbox 2022 121 2147 173">
     <span class='ocr_line' id='line_1_68' title="bbox 2022 121 2147 173; baseline 0.024 -20"><span class='ocrx_word' id='word_1_604' title='bbox 2022 121 2040 153; x_wconf 67' lang='lat'><strong>1</strong></span> <span class='ocrx_word' id='word_1_605' title='bbox 2057 121 2147 173; x_wconf 61' lang='lat'>127</span> 
     </span>
    </p>

    <p class='ocr_par' dir='ltr' id='par_1_15' title="bbox 2016 189 2143 221">
     <span class='ocr_line' id='line_1_69' title="bbox 2016 189 2143 221; baseline 0.031 -4"><span class='ocrx_word' id='word_1_606' title='bbox 2016 189 2143 221; x_wconf 81' lang='lat' dir='ltr'>rationis</span> 
     </span>
    </p>

    <p class='ocr_par' dir='ltr' id='par_1_16' title="bbox 1604 224 2139 266">
     <span class='ocr_line' id='line_1_70' title="bbox 1604 224 2139 266; baseline 0.024 -16"><span class='ocrx_word' id='word_1_607' title='bbox 1604 230 1638 251; x_wconf 87' lang='lat' dir='ltr'>ua</span> <span class='ocrx_word' id='word_1_608' title='bbox 1650 224 1873 257; x_wconf 72' lang='lat' dir='ltr'>ratione‚DEUM</span> <span class='ocrx_word' id='word_1_609' title='bbox 1882 236 1955 258; x_wconf 66' lang='lat' dir='ltr'>essa</span> <span class='ocrx_word' id='word_1_610' title='bbox 1968 239 2139 266; x_wconf 59' lang='lat' dir='ltr'>murmuria,</span> 
     </span>
    </p>

    <p class='ocr_par' dir='ltr' id='par_1_17' title="bbox 1145 261 2197 1898">
     <span class='ocr_line' id='line_1_71' title="bbox 1592 261 2171 310; baseline 0.024 -19"><span class='ocrx_word' id='word_1_611' title='bbox 1592 272 1610 290; x_wconf 92' lang='lat' dir='ltr'>o</span> <span class='ocrx_word' id='word_1_612' title='bbox 1622 261 1688 302; x_wconf 71' lang='lat' dir='ltr'>post</span> <span class='ocrx_word' id='word_1_613' title='bbox 1698 264 1815 296; x_wconf 78' lang='lat' dir='ltr'>facilius</span> <span class='ocrx_word' id='word_1_614' title='bbox 1825 270 2044 310; x_wconf 79' lang='lat' dir='ltr'>cognoscentur</span> <span class='ocrx_word' id='word_1_615' title='bbox 2053 275 2140 304; x_wconf 84' lang='lat' dir='ltr'>exiis</span> <span class='ocrx_word' id='word_1_616' title='bbox 2160 303 2171 305; x_wconf 25' lang='lat' dir='ltr'>l</span> 
     </span>
     <span class='ocr_line' id='line_1_72' title="bbox 1589 304 2197 351; baseline 0.028 -19"><span class='ocrx_word' id='word_1_617' title='bbox 1589 313 1622 333; x_wconf 87' lang='lat' dir='ltr'>us</span> <span class='ocrx_word' id='word_1_618' title='bbox 1633 304 1733 337; x_wconf 83' lang='lat' dir='ltr'>efficit.</span> <span class='ocrx_word' id='word_1_619' title='bbox 1757 310 1873 341; x_wconf 86' lang='lat' dir='ltr'>Interea</span> <span class='ocrx_word' id='word_1_620' title='bbox 1890 330 1899 345; x_wconf 90' lang='lat'>‚</span> <span class='ocrx_word' id='word_1_621' title='bbox 1921 313 2038 347; x_wconf 76' lang='lat' dir='ltr'>Vellei,</span> <span class='ocrx_word' id='word_1_622' title='bbox 2057 316 2134 351; x_wconf 88' lang='lat' dir='ltr'>noli,</span> <span class='ocrx_word' id='word_1_623' title='bbox 2157 317 2197 348; x_wconf 74' lang='lat'>18</span> 
     </span>
     <span class='ocr_line' id='line_1_73' title="bbox 1169 340 2132 390; baseline 0.02 -22"><span class='ocrx_word' id='word_1_624' title='bbox 1169 340 1290 377; x_wconf 83' lang='lat' dir='ltr'>quaes0,</span> <span class='ocrx_word' id='word_1_625' title='bbox 1312 352 1371 381; x_wconf 80' lang='lat' dir='ltr'>prae</span> <span class='ocrx_word' id='word_1_626' title='bbox 1390 352 1417 372; x_wconf 87' lang='lat' dir='ltr'>te</span> <span class='ocrx_word' id='word_1_627' title='bbox 1438 342 1531 376; x_wconf 85' lang='lat' dir='ltr'>ferre,</span> <span class='ocrx_word' id='word_1_628' title='bbox 1552 354 1609 374; x_wconf 89' lang='lat' dir='ltr'>nos</span> <span class='ocrx_word' id='word_1_629' title='bbox 1625 347 1714 385; x_wconf 79' lang='lat' dir='ltr'>plane</span> <span class='ocrx_word' id='word_1_630' title='bbox 1734 353 1882 390; x_wconf 79' lang='lat' dir='ltr'>experteis</span> <span class='ocrx_word' id='word_1_631' title='bbox 1903 352 1960 384; x_wconf 84' lang='lat' dir='ltr'>effe</span> <span class='ocrx_word' id='word_1_632' title='bbox 1974 355 2132 389; x_wconf 70' lang='lat' dir='ltr'>do&amp;rinae.</span> 
     </span>
     <span class='ocr_line' id='line_1_74' title="bbox 1169 382 2133 437; baseline 0.024 -29"><span class='ocrx_word' id='word_1_633' title='bbox 1169 382 1292 412; x_wconf 83' lang='lat' dir='ltr'>Corium</span> <span class='ocrx_word' id='word_1_634' title='bbox 1314 384 1366 413; x_wconf 87' lang='lat' dir='ltr'>tibi</span> <span class='ocrx_word' id='word_1_635' title='bbox 1378 385 1420 414; x_wconf 87' lang='lat' dir='ltr'>ais</span> <span class='ocrx_word' id='word_1_636' title='bbox 1436 404 1444 418; x_wconf 91' lang='lat'><strong>,</strong></span> <span class='ocrx_word' id='word_1_637' title='bbox 1464 385 1497 415; x_wconf 86' lang='lat'>&amp;</span> <span class='ocrx_word' id='word_1_638' title='bbox 1509 386 1681 425; x_wconf 89' lang='lat' dir='ltr'>cylindrum</span> <span class='ocrx_word' id='word_1_639' title='bbox 1694 409 1702 423; x_wconf 86' lang='lat'>‚</span> <span class='ocrx_word' id='word_1_640' title='bbox 1728 391 1761 421; x_wconf 91' lang='lat'>&amp;</span> <span class='ocrx_word' id='word_1_641' title='bbox 1774 395 1961 432; x_wconf 86' lang='lat' dir='ltr'>pyramidem</span> <span class='ocrx_word' id='word_1_642' title='bbox 1974 398 2133 437; x_wconf 78' lang='lat' dir='ltr'>pulchrio-</span> 
     </span>
     <span class='ocr_line' id='line_1_75' title="bbox 1167 424 2129 473; baseline 0.023 -22"><span class='ocrx_word' id='word_1_643' title='bbox 1167 431 1232 467; x_wconf 80' lang='lat' dir='ltr'>rem</span> <span class='ocrx_word' id='word_1_644' title='bbox 1248 442 1258 456; x_wconf 90' lang='lat'>,</span> <span class='ocrx_word' id='word_1_645' title='bbox 1277 424 1369 464; x_wconf 77' lang='lat' dir='ltr'>quam</span> <span class='ocrx_word' id='word_1_646' title='bbox 1388 426 1531 465; x_wconf 79' lang='lat' dir='ltr'>sphaeram</span> <span class='ocrx_word' id='word_1_647' title='bbox 1545 447 1553 460; x_wconf 85' lang='lat'>‚</span> <span class='ocrx_word' id='word_1_648' title='bbox 1574 429 1680 459; x_wconf 82' lang='lat' dir='ltr'>videri.</span> <span class='ocrx_word' id='word_1_649' title='bbox 1706 434 1836 464; x_wconf 89' lang='lat' dir='ltr'>Novum</span> <span class='ocrx_word' id='word_1_650' title='bbox 1859 438 1949 468; x_wconf 87' lang='lat' dir='ltr'>etiam</span> <span class='ocrx_word' id='word_1_651' title='bbox 1964 440 2129 473; x_wconf 77' lang='lat' dir='ltr'>oculorum</span> 
     </span>
     <span class='ocr_line' id='line_1_76' title="bbox 1162 463 2131 514; baseline 0.023 -21"><span class='ocrx_word' id='word_1_652' title='bbox 1162 463 1316 503; x_wconf 72' lang='lat' dir='ltr'>judicium</span> <span class='ocrx_word' id='word_1_653' title='bbox 1335 466 1459 497; x_wconf 82' lang='lat' dir='ltr'>habetis.</span> <span class='ocrx_word' id='word_1_654' title='bbox 1480 468 1537 499; x_wconf 89' lang='lat' dir='ltr'>Sed</span> <span class='ocrx_word' id='word_1_655' title='bbox 1558 467 1614 500; x_wconf 83' lang='lat' dir='ltr'>fint</span> <span class='ocrx_word' id='word_1_656' title='bbox 1635 471 1687 502; x_wconf 88' lang='lat' dir='ltr'>ista</span> <span class='ocrx_word' id='word_1_657' title='bbox 1708 475 1880 513; x_wconf 87' lang='lat' dir='ltr'>pulchriora</span> <span class='ocrx_word' id='word_1_658' title='bbox 1893 498 1901 512; x_wconf 92' lang='lat'>,</span> <span class='ocrx_word' id='word_1_659' title='bbox 1920 479 2131 514; x_wconf 82' lang='lat' dir='ltr'>duntaxatad-</span> 
     </span>
     <span class='ocr_line' id='line_1_77' title="bbox 1166 504 2128 563; baseline 0.023 -29"><span class='ocrx_word' id='word_1_660' title='bbox 1166 504 1285 545; x_wconf 63' lang='lat' dir='ltr'>specim:</span> <span class='ocrx_word' id='word_1_661' title='bbox 1304 508 1387 548; x_wconf 90' lang='lat' dir='ltr'>quod</span> <span class='ocrx_word' id='word_1_662' title='bbox 1406 510 1485 539; x_wconf 89' lang='lat' dir='ltr'>mihi</span> <span class='ocrx_word' id='word_1_663' title='bbox 1504 519 1604 541; x_wconf 87' lang='lat' dir='ltr'>tamen</span> <span class='ocrx_word' id='word_1_664' title='bbox 1623 514 1723 552; x_wconf 89' lang='lat' dir='ltr'>ipsum</span> <span class='ocrx_word' id='word_1_665' title='bbox 1734 526 1797 548; x_wconf 90' lang='lat' dir='ltr'>non</span> <span class='ocrx_word' id='word_1_666' title='bbox 1808 519 2030 563; x_wconf 74' lang='lat' dir='ltr'>videturtquid</span> <span class='ocrx_word' id='word_1_667' title='bbox 2040 530 2128 556; x_wconf 86' lang='lat' dir='ltr'>enim</span> 
     </span>
     <span class='ocr_line' id='line_1_78' title="bbox 1164 549 2130 604; baseline 0.022 -28"><span class='ocrx_word' id='word_1_668' title='bbox 1164 557 1357 580; x_wconf 78' lang='lat' dir='ltr'>PULCHRIUS</span> <span class='ocrx_word' id='word_1_669' title='bbox 1375 560 1408 580; x_wconf 86' lang='lat' dir='ltr'>ea</span> <span class='ocrx_word' id='word_1_670' title='bbox 1427 549 1519 592; x_wconf 84' lang='lat' dir='ltr'>figura</span> <span class='ocrx_word' id='word_1_671' title='bbox 1532 557 1540 585; x_wconf 79' lang='lat'><em>3</em></span> <span class='ocrx_word' id='word_1_672' title='bbox 1559 563 1624 593; x_wconf 88' lang='lat' dir='ltr'>quae</span> <span class='ocrx_word' id='word_1_673' title='bbox 1636 555 1695 586; x_wconf 90' lang='lat' dir='ltr'>sola</span> <span class='ocrx_word' id='word_1_674' title='bbox 1707 561 1831 589; x_wconf 87' lang='lat' dir='ltr'>omneis</span> <span class='ocrx_word' id='word_1_675' title='bbox 1840 561 1913 592; x_wconf 84' lang='lat' dir='ltr'>alias</span> <span class='ocrx_word' id='word_1_676' title='bbox 1922 561 2030 604; x_wconf 86' lang='lat' dir='ltr'>figuras</span> <span class='ocrx_word' id='word_1_677' title='bbox 2037 576 2107 596; x_wconf 89' lang='lat' dir='ltr'>com</span> <span class='ocrx_word' id='word_1_678' title='bbox 2116 586 2130 591; x_wconf 86' lang='lat'>-</span> 
     </span>
     <span class='ocr_line' id='line_1_79' title="bbox 1163 590 2127 639; baseline 0.021 -20"><span class='ocrx_word' id='word_1_679' title='bbox 1163 590 1252 629; x_wconf 89' lang='lat' dir='ltr'>plexa</span> <span class='ocrx_word' id='word_1_680' title='bbox 1269 593 1408 622; x_wconf 83' lang='lat' dir='ltr'>continet</span> <span class='ocrx_word' id='word_1_681' title='bbox 1422 612 1430 626; x_wconf 85' lang='lat'>‚</span> <span class='ocrx_word' id='word_1_682' title='bbox 1447 603 1573 634; x_wconf 80' lang='lat' dir='ltr'>quaeque</span> <span class='ocrx_word' id='word_1_683' title='bbox 1584 597 1831 638; x_wconf 85' lang='lat' dir='ltr'>nihilasperitatis</span> <span class='ocrx_word' id='word_1_684' title='bbox 1842 604 1947 635; x_wconf 88' lang='lat' dir='ltr'>habere</span> <span class='ocrx_word' id='word_1_685' title='bbox 1959 625 1968 639; x_wconf 93' lang='lat'>,</span> <span class='ocrx_word' id='word_1_686' title='bbox 1990 608 2068 636; x_wconf 89' lang='lat' dir='ltr'>nihil</span> <span class='ocrx_word' id='word_1_687' title='bbox 2079 608 2127 639; x_wconf 81' lang='lat' dir='ltr'>of-</span> 
     </span>
     <span class='ocr_line' id='line_1_80' title="bbox 1167 630 2125 682; baseline 0.021 -22"><span class='ocrx_word' id='word_1_688' title='bbox 1167 630 1310 667; x_wconf 71' lang='lat' dir='ltr'>fensionis</span> <span class='ocrx_word' id='word_1_689' title='bbox 1320 633 1416 673; x_wconf 85' lang='lat' dir='ltr'>potest</span> <span class='ocrx_word' id='word_1_690' title='bbox 1427 654 1435 668; x_wconf 74' lang='lat'><em>2</em></span> <span class='ocrx_word' id='word_1_691' title='bbox 1456 636 1533 669; x_wconf 78' lang='lat' dir='ltr'>nihil</span> <span class='ocrx_word' id='word_1_692' title='bbox 1545 638 1673 668; x_wconf 91' lang='lat' dir='ltr'>incisum</span> <span class='ocrx_word' id='word_1_693' title='bbox 1687 643 1803 682; x_wconf 88' lang='lat' dir='ltr'>angulis</span> <span class='ocrx_word' id='word_1_694' title='bbox 1813 663 1821 678; x_wconf 92' lang='lat'>,</span> <span class='ocrx_word' id='word_1_695' title='bbox 1834 646 1913 676; x_wconf 88' lang='lat' dir='ltr'>nihil</span> <span class='ocrx_word' id='word_1_696' title='bbox 1926 647 2125 681; x_wconf 59' lang='lat' dir='ltr'>anfraetibus,</span> 
     </span>
     <span class='ocr_line' id='line_1_81' title="bbox 1163 673 2128 728; baseline 0.021 -26"><span class='ocrx_word' id='word_1_697' title='bbox 1163 673 1242 703; x_wconf 89' lang='lat' dir='ltr'>nihil</span> <span class='ocrx_word' id='word_1_698' title='bbox 1264 677 1423 710; x_wconf 86' lang='lat' dir='ltr'>eminens,</span> <span class='ocrx_word' id='word_1_699' title='bbox 1446 678 1525 706; x_wconf 82' lang='lat' dir='ltr'>nihil</span> <span class='ocrx_word' id='word_1_700' title='bbox 1544 678 1721 712; x_wconf 85' lang='lat' dir='ltr'>lacunosum</span> <span class='ocrx_word' id='word_1_701' title='bbox 1746 686 1757 712; x_wconf 90' lang='lat'>?</span> <span class='ocrx_word' id='word_1_702' title='bbox 1786 695 1917 728; x_wconf 84' lang='lat' dir='ltr'>cunique</span> <span class='ocrx_word' id='word_1_703' title='bbox 1935 688 2003 720; x_wconf 79' lang='lat' dir='ltr'>duae</span> <span class='ocrx_word' id='word_1_704' title='bbox 2018 689 2128 722; x_wconf 72' lang='lat' dir='ltr'>formae</span> 
     </span>
     <span class='ocr_line' id='line_1_82' title="bbox 1162 715 2131 765; baseline 0.015 -20"><span class='ocrx_word' id='word_1_705' title='bbox 1162 715 1332 755; x_wconf 69' lang='lat' dir='ltr'>pxaestantes</span> <span class='ocrx_word' id='word_1_706' title='bbox 1343 716 1399 747; x_wconf 87' lang='lat' dir='ltr'>fint</span> <span class='ocrx_word' id='word_1_707' title='bbox 1410 738 1417 752; x_wconf 94' lang='lat'>,</span> <span class='ocrx_word' id='word_1_708' title='bbox 1435 728 1473 748; x_wconf 87' lang='lat' dir='ltr'>ex</span> <span class='ocrx_word' id='word_1_709' title='bbox 1483 719 1589 750; x_wconf 89' lang='lat' dir='ltr'>solidis</span> <span class='ocrx_word' id='word_1_710' title='bbox 1600 721 1715 761; x_wconf 68' lang='lat' dir='ltr'>‚globus</span> <span class='ocrx_word' id='word_1_711' title='bbox 1724 735 1734 752; x_wconf 89' lang='grc'>,·</span> <span class='ocrx_word' id='word_1_712' title='bbox 1756 724 1811 763; x_wconf 85' lang='lat' dir='ltr'>(fic</span> <span class='ocrx_word' id='word_1_713' title='bbox 1821 731 1905 759; x_wconf 78' lang='lat' dir='ltr'>emm</span> <span class='ocrx_word' id='word_1_714' title='bbox 1917 734 2020 765; x_wconf 57' lang='grc' dir='ltr'>σφαῑριω</span> <span class='ocrx_word' id='word_1_715' title='bbox 2032 734 2131 763; x_wconf 72' lang='lat' dir='ltr'>inter-</span> 
     </span>
     <span class='ocr_line' id='line_1_83' title="bbox 1160 760 2127 815; baseline 0.021 -29"><span class='ocrx_word' id='word_1_716' title='bbox 1160 760 1266 797; x_wconf 78' lang='lat' dir='ltr'>pretari</span> <span class='ocrx_word' id='word_1_717' title='bbox 1286 760 1401 800; x_wconf 87' lang='lat' dir='ltr'>placet)</span> <span class='ocrx_word' id='word_1_718' title='bbox 1421 770 1459 790; x_wconf 84' lang='lat' dir='ltr'>ex</span> <span class='ocrx_word' id='word_1_719' title='bbox 1480 761 1577 801; x_wconf 84' lang='lat' dir='ltr'>planis</span> <span class='ocrx_word' id='word_1_720' title='bbox 1592 772 1691 794; x_wconf 77' lang='lat' dir='ltr'>antem</span> <span class='ocrx_word' id='word_1_721' title='bbox 1705 785 1714 798; x_wconf 80' lang='lat'>‚</span> <span class='ocrx_word' id='word_1_722' title='bbox 1735 767 1877 804; x_wconf 63' lang='lat' dir='ltr'>circuitu,</span> <span class='ocrx_word' id='word_1_723' title='bbox 1897 781 1947 803; x_wconf 87' lang='lat' dir='ltr'>aut</span> <span class='ocrx_word' id='word_1_724' title='bbox 1966 772 2057 808; x_wconf 56' lang='lat' dir='ltr'>orbis,</span> <span class='ocrx_word' id='word_1_725' title='bbox 2072 776 2127 815; x_wconf 71' lang='lat' dir='ltr'>qui</span> 
     </span>
     <span class='ocr_line' id='line_1_84' title="bbox 1160 802 2124 856; baseline 0.024 -31"><span class='ocrx_word' id='word_1_726' title='bbox 1160 802 1258 832; x_wconf 56' lang='lat' dir='ltr'>namt&amp;</span> <span class='ocrx_word' id='word_1_727' title='bbox 1278 803 1382 832; x_wconf 76' lang='lat' dir='ltr'>Graece</span> <span class='ocrx_word' id='word_1_728' title='bbox 1403 802 1532 836; x_wconf 89' lang='lat' dir='ltr'>dicitur,</span> <span class='ocrx_word' id='word_1_729' title='bbox 1556 805 1602 833; x_wconf 88' lang='lat' dir='ltr'>his</span> <span class='ocrx_word' id='word_1_730' title='bbox 1620 805 1733 837; x_wconf 80' lang='lat' dir='ltr'>duabus</span> <span class='ocrx_word' id='word_1_731' title='bbox 1756 809 1867 841; x_wconf 85' lang='lat' dir='ltr'>formis</span> <span class='ocrx_word' id='word_1_732' title='bbox 1877 816 2027 856; x_wconf 89' lang='lat' dir='ltr'>contingit</span> <span class='ocrx_word' id='word_1_733' title='bbox 2036 816 2124 850; x_wconf 76' lang='lat' dir='ltr'>solis,</span> 
     </span>
     <span class='ocr_line' id='line_1_85' title="bbox 1162 844 2125 899; baseline 0.018 -27"><span class='ocrx_word' id='word_1_734' title='bbox 1162 852 1194 873; x_wconf 92' lang='lat' dir='ltr'>ut</span> <span class='ocrx_word' id='word_1_735' title='bbox 1204 852 1312 873; x_wconf 86' lang='lat' dir='ltr'>omnes</span> <span class='ocrx_word' id='word_1_736' title='bbox 1322 853 1422 874; x_wconf 89' lang='lat' dir='ltr'>earum</span> <span class='ocrx_word' id='word_1_737' title='bbox 1434 854 1529 884; x_wconf 88' lang='lat' dir='ltr'>partes</span> <span class='ocrx_word' id='word_1_738' title='bbox 1541 844 1596 876; x_wconf 87' lang='lat' dir='ltr'>sint</span> <span class='ocrx_word' id='word_1_739' title='bbox 1606 848 1685 880; x_wconf 75' lang='lat' dir='ltr'>inter</span> <span class='ocrx_word' id='word_1_740' title='bbox 1697 850 1724 878; x_wconf 89' lang='lat' dir='ltr'>se</span> <span class='ocrx_word' id='word_1_741' title='bbox 1737 848 1900 884; x_wconf 83' lang='lat' dir='ltr'>simillimae</span> <span class='ocrx_word' id='word_1_742' title='bbox 1913 875 1921 889; x_wconf 90' lang='lat'>‚</span> <span class='ocrx_word' id='word_1_743' title='bbox 1932 857 1947 886; x_wconf 78' lang='lat' dir='ltr'>a</span> <span class='ocrx_word' id='word_1_744' title='bbox 1959 857 2125 899; x_wconf 83' lang='lat' dir='ltr'>medioque</span> 
     </span>
     <span class='ocr_line' id='line_1_86' title="bbox 1161 884 2124 942; baseline 0.017 -29"><span class='ocrx_word' id='word_1_745' title='bbox 1161 893 1275 915; x_wconf 85' lang='lat' dir='ltr'>tantum</span> <span class='ocrx_word' id='word_1_746' title='bbox 1296 884 1367 916; x_wconf 86' lang='lat' dir='ltr'>absit</span> <span class='ocrx_word' id='word_1_747' title='bbox 1386 896 1557 917; x_wconf 81' lang='lat' dir='ltr'>exrremum</span> <span class='ocrx_word' id='word_1_748' title='bbox 1571 908 1579 921; x_wconf 89' lang='lat'>‚</span> <span class='ocrx_word' id='word_1_749' title='bbox 1602 898 1749 929; x_wconf 89' lang='lat' dir='ltr'>quantum</span> <span class='ocrx_word' id='word_1_750' title='bbox 1772 893 1854 924; x_wconf 85' lang='lat' dir='ltr'>idem</span> <span class='ocrx_word' id='word_1_751' title='bbox 1871 896 2027 929; x_wconf 81' lang='lat' dir='ltr'>asummo.</span> <span class='ocrx_word' id='word_1_752' title='bbox 2052 903 2124 942; x_wconf 87' lang='lat' dir='ltr'>Qo</span> 
     </span>
     <span class='ocr_line' id='line_1_87' title="bbox 1158 925 2125 980; baseline 0.018 -24"><span class='ocrx_word' id='word_1_753' title='bbox 1158 927 1237 956; x_wconf 83' lang='lat' dir='ltr'>nihil</span> <span class='ocrx_word' id='word_1_754' title='bbox 1250 925 1313 956; x_wconf 83' lang='lat' dir='ltr'>fieri</span> <span class='ocrx_word' id='word_1_755' title='bbox 1324 927 1421 967; x_wconf 86' lang='lat' dir='ltr'>potest</span> <span class='ocrx_word' id='word_1_756' title='bbox 1432 930 1538 968; x_wconf 82' lang='lat' dir='ltr'>aptius.</span> <span class='ocrx_word' id='word_1_757' title='bbox 1561 930 1617 960; x_wconf 88' lang='lat' dir='ltr'>Sed</span> <span class='ocrx_word' id='word_1_758' title='bbox 1628 929 1721 965; x_wconf 71' lang='lat' dir='ltr'>{ih-aec</span> <span class='ocrx_word' id='word_1_759' title='bbox 1730 936 1910 967; x_wconf 88' lang='lat' dir='ltr'>nonvidetis</span> <span class='ocrx_word' id='word_1_760' title='bbox 1922 958 1929 971; x_wconf 88' lang='lat'>‚</span> <span class='ocrx_word' id='word_1_761' title='bbox 1949 943 2018 980; x_wconf 84' lang='lat' dir='ltr'>quia</span> <span class='ocrx_word' id='word_1_762' title='bbox 2029 951 2125 972; x_wconf 87' lang='lat' dir='ltr'>num-</span> 
     </span>
     <span class='ocr_line' id='line_1_88' title="bbox 1155 969 2124 1024; baseline 0.02 -28"><span class='ocrx_word' id='word_1_763' title='bbox 1155 978 1245 1008; x_wconf 84' lang='lat' dir='ltr'>quam</span> <span class='ocrx_word' id='word_1_764' title='bbox 1265 969 1409 998; x_wconf 58' lang='lat' dir='ltr'>eruditum</span> <span class='ocrx_word' id='word_1_765' title='bbox 1427 972 1507 1000; x_wconf 76' lang='lat' dir='ltr'>illum</span> <span class='ocrx_word' id='word_1_766' title='bbox 1525 972 1669 1012; x_wconf 77' lang='lat' dir='ltr'>pulverem</span> <span class='ocrx_word' id='word_1_767' title='bbox 1680 975 1819 1015; x_wconf 84' lang='lat' dir='ltr'>attigistis</span> <span class='ocrx_word' id='word_1_768' title='bbox 1835 989 1840 1006; x_wconf 80' lang='lat' dir='ltr'>z</span> <span class='ocrx_word' id='word_1_769' title='bbox 1861 988 1916 1010; x_wconf 84' lang='lat' dir='ltr'>nec</span> <span class='ocrx_word' id='word_1_770' title='bbox 1928 982 1984 1011; x_wconf 92' lang='lat' dir='ltr'>hoc</span> <span class='ocrx_word' id='word_1_771' title='bbox 1994 984 2124 1024; x_wconf 80' lang='lat' dir='ltr'>quidem</span> 
     </span>
     <span class='ocr_line' id='line_1_89' title="bbox 1155 1009 2123 1058; baseline 0.012 -19"><span class='ocrx_word' id='word_1_772' title='bbox 1155 1009 1266 1050; x_wconf 84' lang='lat' dir='ltr'>physici</span> <span class='ocrx_word' id='word_1_773' title='bbox 1278 1012 1444 1051; x_wconf 81' lang='lat' dir='ltr'>intelligere</span> <span class='ocrx_word' id='word_1_774' title='bbox 1456 1013 1606 1053; x_wconf 87' lang='lat' dir='ltr'>potuistis,</span> <span class='ocrx_word' id='word_1_775' title='bbox 1618 1016 1695 1046; x_wconf 86' lang='lat' dir='ltr'>hanc</span> <span class='ocrx_word' id='word_1_776' title='bbox 1704 1019 1907 1057; x_wconf 76' lang='lat' dir='ltr'>aequalitatem</span> <span class='ocrx_word' id='word_1_777' title='bbox 1917 1032 2030 1058; x_wconf 85' lang='lat' dir='ltr'>motus,</span> <span class='ocrx_word' id='word_1_778' title='bbox 2043 1035 2123 1056; x_wconf 62' lang='lat' dir='ltr'>con-</span> 
     </span>
     <span class='ocr_line' id='line_1_90' title="bbox 1155 1051 2125 1102; baseline 0.018 -21"><span class='ocrx_word' id='word_1_779' title='bbox 1155 1051 1354 1094; x_wconf 85' lang='lat' dir='ltr'>stantiamque</span> <span class='ocrx_word' id='word_1_780' title='bbox 1364 1054 1509 1084; x_wconf 90' lang='lat' dir='ltr'>ordinum</span> <span class='ocrx_word' id='word_1_781' title='bbox 1523 1057 1553 1085; x_wconf 89' lang='lat' dir='ltr'>in</span> <span class='ocrx_word' id='word_1_782' title='bbox 1564 1056 1618 1086; x_wconf 90' lang='lat' dir='ltr'>alia</span> <span class='ocrx_word' id='word_1_783' title='bbox 1628 1055 1719 1097; x_wconf 81' lang='lat' dir='ltr'>figura</span> <span class='ocrx_word' id='word_1_784' title='bbox 1727 1069 1793 1090; x_wconf 89' lang='lat' dir='ltr'>non</span> <span class='ocrx_word' id='word_1_785' title='bbox 1804 1062 1930 1102; x_wconf 61' lang='lat' dir='ltr'>potuisti}</span> <span class='ocrx_word' id='word_1_786' title='bbox 1941 1065 2125 1098; x_wconf 70' lang='lat' dir='ltr'>servai&#39;i?1ta-</span> 
     </span>
     <span class='ocr_line' id='line_1_91' title="bbox 1154 1094 2114 1142; baseline 0.018 -19"><span class='ocrx_word' id='word_1_787' title='bbox 1154 1104 1211 1135; x_wconf 87' lang='lat' dir='ltr'>que</span> <span class='ocrx_word' id='word_1_788' title='bbox 1220 1096 1298 1124; x_wconf 90' lang='lat' dir='ltr'>nihil</span> <span class='ocrx_word' id='word_1_789' title='bbox 1309 1094 1405 1135; x_wconf 88' lang='lat' dir='ltr'>potest</span> <span class='ocrx_word' id='word_1_790' title='bbox 1416 1094 1472 1126; x_wconf 80' lang='lat' dir='ltr'>ess&#39;e</span> <span class='ocrx_word' id='word_1_791' title='bbox 1484 1096 1744 1140; x_wconf 65' lang='lat' dir='ltr'>indo&amp;ius,quam</span> <span class='ocrx_word' id='word_1_792' title='bbox 1755 1104 1837 1142; x_wconf 89' lang='lat' dir='ltr'>quod</span> <span class='ocrx_word' id='word_1_793' title='bbox 1847 1108 1862 1134; x_wconf 85' lang='lat' dir='ltr'>a</span> <span class='ocrx_word' id='word_1_794' title='bbox 1870 1105 1958 1136; x_wconf 85' lang='lat' dir='ltr'>vobis</span> <span class='ocrx_word' id='word_1_795' title='bbox 1968 1106 2114 1140; x_wconf 78' lang='lat' dir='ltr'>affirmari</span> 
     </span>
     <span class='ocr_line' id='line_1_92' title="bbox 1154 1137 2123 1185; baseline 0.017 -19"><span class='ocrx_word' id='word_1_796' title='bbox 1154 1137 1238 1167; x_wconf 88' lang='lat' dir='ltr'>solet.</span> <span class='ocrx_word' id='word_1_797' title='bbox 1259 1139 1326 1167; x_wconf 90' lang='lat' dir='ltr'>Nec</span> <span class='ocrx_word' id='word_1_798' title='bbox 1335 1139 1418 1168; x_wconf 85' lang='lat' dir='ltr'>enirn</span> <span class='ocrx_word' id='word_1_799' title='bbox 1428 1139 1509 1169; x_wconf 89' lang='lat' dir='ltr'>hunc</span> <span class='ocrx_word' id='word_1_800' title='bbox 1520 1140 1618 1179; x_wconf 88' lang='lat' dir='ltr'>ipsum</span> <span class='ocrx_word' id='word_1_801' title='bbox 1631 1142 1784 1173; x_wconf 89' lang='lat' dir='ltr'>mundum</span> <span class='ocrx_word' id='word_1_802' title='bbox 1795 1154 1849 1185; x_wconf 88' lang='lat' dir='ltr'>pro</span> <span class='ocrx_word' id='word_1_803' title='bbox 1859 1156 1940 1178; x_wconf 89' lang='lat' dir='ltr'>certo</span> <span class='ocrx_word' id='word_1_804' title='bbox 1951 1150 2123 1182; x_wconf 80' lang='lat' dir='ltr'>rotundum</span> 
     </span>
     <span class='ocr_line' id='line_1_93' title="bbox 1155 1176 2120 1228; baseline 0.017 -20"><span class='ocrx_word' id='word_1_805' title='bbox 1155 1176 1213 1208; x_wconf 87' lang='lat' dir='ltr'>effe</span> <span class='ocrx_word' id='word_1_806' title='bbox 1232 1178 1343 1209; x_wconf 88' lang='lat' dir='ltr'>dicitis.</span> <span class='ocrx_word' id='word_1_807' title='bbox 1367 1189 1438 1210; x_wconf 88' lang='lat' dir='ltr'>nam</span> <span class='ocrx_word' id='word_1_808' title='bbox 1460 1179 1543 1221; x_wconf 83' lang='lat' dir='ltr'>poffc</span> <span class='ocrx_word' id='word_1_809' title='bbox 1553 1180 1638 1216; x_wconf 86' lang='lat' dir='ltr'>fieri,</span> <span class='ocrx_word' id='word_1_810' title='bbox 1659 1192 1691 1214; x_wconf 90' lang='lat' dir='ltr'>ut</span> <span class='ocrx_word' id='word_1_811' title='bbox 1701 1182 1735 1214; x_wconf 84' lang='lat' dir='ltr'>sit</span> <span class='ocrx_word' id='word_1_812' title='bbox 1745 1186 1801 1216; x_wconf 88' lang='lat' dir='ltr'>alia</span> <span class='ocrx_word' id='word_1_813' title='bbox 1811 1185 1921 1228; x_wconf 83' lang='lat' dir='ltr'>figura:</span> <span class='ocrx_word' id='word_1_814' title='bbox 1943 1192 2120 1224; x_wconf 87' lang='lat' dir='ltr'>innumera-</span> 
     </span>
     <span class='ocr_line' id='line_1_94' title="bbox 1152 1220 2119 1272; baseline 0.017 -23"><span class='ocrx_word' id='word_1_815' title='bbox 1152 1220 1299 1261; x_wconf 84' lang='lat' dir='ltr'>bileisque</span> <span class='ocrx_word' id='word_1_816' title='bbox 1310 1221 1444 1252; x_wconf 87' lang='lat' dir='ltr'>mundos</span> <span class='ocrx_word' id='word_1_817' title='bbox 1456 1242 1464 1256; x_wconf 89' lang='lat'><em>,</em></span> <span class='ocrx_word' id='word_1_818' title='bbox 1484 1223 1560 1254; x_wconf 90' lang='lat' dir='ltr'>alios</span> <span class='ocrx_word' id='word_1_819' title='bbox 1570 1224 1697 1255; x_wconf 84' lang='lat' dir='ltr'>aliarum</span> <span class='ocrx_word' id='word_1_820' title='bbox 1708 1225 1767 1257; x_wconf 79' lang='lat' dir='ltr'>effe</span> <span class='ocrx_word' id='word_1_821' title='bbox 1775 1227 1954 1262; x_wconf 85' lang='lat' dir='ltr'>formarum.</span> <span class='ocrx_word' id='word_1_822' title='bbox 1977 1235 2051 1272; x_wconf 73' lang='lat' dir='ltr'>Qae</span> <span class='ocrx_word' id='word_1_823' title='bbox 2064 1253 2073 1267; x_wconf 86' lang='lat'>‚</span> <span class='ocrx_word' id='word_1_824' title='bbox 2094 1233 2119 1265; x_wconf 79' lang='lat' dir='ltr'>fr</span> 
     </span>
     <span class='ocr_line' id='line_1_95' title="bbox 1153 1262 2118 1308; baseline 0.017 -17"><span class='ocrx_word' id='word_1_825' title='bbox 1153 1262 1200 1292; x_wconf 87' lang='lat' dir='ltr'>bis</span> <span class='ocrx_word' id='word_1_826' title='bbox 1210 1262 1279 1293; x_wconf 89' lang='lat' dir='ltr'>bina</span> <span class='ocrx_word' id='word_1_827' title='bbox 1289 1272 1364 1304; x_wconf 91' lang='lat' dir='ltr'>quot</span> <span class='ocrx_word' id='word_1_828' title='bbox 1373 1262 1478 1299; x_wconf 83' lang='lat' dir='ltr'>effent,</span> <span class='ocrx_word' id='word_1_829' title='bbox 1490 1264 1639 1297; x_wconf 82' lang='lat' dir='ltr'>didiciss&#39;et</span> <span class='ocrx_word' id='word_1_830' title='bbox 1649 1269 1813 1308; x_wconf 80' lang='lat' dir='ltr'>Epicurus,</span> <span class='ocrx_word' id='word_1_831' title='bbox 1822 1272 1983 1307; x_wconf 72' lang='lat' dir='ltr'>certemon</span> <span class='ocrx_word' id='word_1_832' title='bbox 1995 1275 2118 1307; x_wconf 83' lang='lat' dir='ltr'>diceret.</span> 
     </span>
     <span class='ocr_line' id='line_1_96' title="bbox 1153 1303 2119 1357; baseline 0.014 -24"><span class='ocrx_word' id='word_1_833' title='bbox 1153 1303 1210 1335; x_wconf 90' lang='lat' dir='ltr'>Sed</span> <span class='ocrx_word' id='word_1_834' title='bbox 1220 1303 1292 1334; x_wconf 88' lang='lat' dir='ltr'>dum</span> <span class='ocrx_word' id='word_1_835' title='bbox 1305 1305 1415 1345; x_wconf 84' lang='lat' dir='ltr'>palato,</span> <span class='ocrx_word' id='word_1_836' title='bbox 1424 1307 1498 1347; x_wconf 84' lang='lat' dir='ltr'>quid</span> <span class='ocrx_word' id='word_1_837' title='bbox 1513 1306 1546 1338; x_wconf 86' lang='lat' dir='ltr'>sit</span> <span class='ocrx_word' id='word_1_838' title='bbox 1559 1310 1712 1348; x_wconf 87' lang='lat' dir='ltr'>optimum</span> <span class='ocrx_word' id='word_1_839' title='bbox 1723 1330 1735 1344; x_wconf 84' lang='lat'>‚</span> <span class='ocrx_word' id='word_1_840' title='bbox 1749 1311 1866 1351; x_wconf 87' lang='lat' dir='ltr'>judicat</span> <span class='ocrx_word' id='word_1_841' title='bbox 1876 1334 1885 1348; x_wconf 89' lang='lat'><strong>,</strong></span> <span class='ocrx_word' id='word_1_842' title='bbox 1898 1316 1959 1344; x_wconf 76' lang='lat' dir='ltr'>coeli</span> <span class='ocrx_word' id='word_1_843' title='bbox 1967 1317 2119 1357; x_wconf 71' lang='lat' dir='ltr'>palatum,</span> 
     </span>
     <span class='ocr_line' id='line_1_97' title="bbox 1154 1347 2187 1400; baseline 0.017 -24"><span class='ocrx_word' id='word_1_844' title='bbox 1154 1347 1162 1383; x_wconf 97' lang='lat'>(</span> <span class='ocrx_word' id='word_1_845' title='bbox 1176 1355 1209 1377; x_wconf 90' lang='lat' dir='ltr'>ut</span> <span class='ocrx_word' id='word_1_846' title='bbox 1218 1347 1258 1377; x_wconf 88' lang='lat' dir='ltr'>ait</span> <span class='ocrx_word' id='word_1_847' title='bbox 1268 1349 1384 1377; x_wconf 88' lang='lat' dir='ltr'>Ennius</span> <span class='ocrx_word' id='word_1_848' title='bbox 1396 1348 1406 1388; x_wconf 96' lang='lat'><em>)</em></span> <span class='ocrx_word' id='word_1_849' title='bbox 1420 1358 1484 1379; x_wconf 88' lang='lat' dir='ltr'>non</span> <span class='ocrx_word' id='word_1_850' title='bbox 1495 1349 1636 1389; x_wconf 83' lang='lat' dir='ltr'>suspexit.</span> <span class='ocrx_word' id='word_1_851' title='bbox 1660 1353 1742 1383; x_wconf 86' lang='lat' dir='ltr'>Nam</span> <span class='ocrx_word' id='word_1_852' title='bbox 1759 1372 1767 1387; x_wconf 85' lang='lat'>‚</span> <span class='ocrx_word' id='word_1_853' title='bbox 1792 1354 1863 1385; x_wconf 64' lang='lat' dir='ltr'>ct‘im</span> <span class='ocrx_word' id='word_1_854' title='bbox 1874 1356 1934 1387; x_wconf 89' lang='lat' dir='ltr'>duo</span> <span class='ocrx_word' id='word_1_855' title='bbox 1945 1356 2116 1400; x_wconf 84' lang='lat' dir='ltr'>sintgenera</span> <span class='ocrx_word' id='word_1_856' title='bbox 2138 1359 2187 1394; x_wconf 66' lang='lat'>¹9³</span> 
     </span>
     <span class='ocr_line' id='line_1_98' title="bbox 1149 1386 2117 1434; baseline 0.017 -17"><span class='ocrx_word' id='word_1_857' title='bbox 1149 1386 1278 1419; x_wconf 87' lang='lat' dir='ltr'>siderum</span> <span class='ocrx_word' id='word_1_858' title='bbox 1294 1399 1300 1418; x_wconf 87' lang='lat'>:</span> <span class='ocrx_word' id='word_1_859' title='bbox 1321 1399 1452 1430; x_wconf 90' lang='lat' dir='ltr'>quorum</span> <span class='ocrx_word' id='word_1_860' title='bbox 1471 1391 1598 1422; x_wconf 82' lang='lat' dir='ltr'>alterum</span> <span class='ocrx_word' id='word_1_861' title='bbox 1625 1392 1726 1432; x_wconf 87' lang='lat' dir='ltr'>spatiis</span> <span class='ocrx_word' id='word_1_862' title='bbox 1747 1396 1989 1429; x_wconf 75' lang='lat' dir='ltr'>immutabilibus</span> <span class='ocrx_word' id='word_1_863' title='bbox 2000 1401 2036 1431; x_wconf 91' lang='lat' dir='ltr'>ab</span> <span class='ocrx_word' id='word_1_864' title='bbox 2047 1411 2117 1434; x_wconf 82' lang='lat' dir='ltr'>ortu</span> 
     </span>
     <span class='ocr_line' id='line_1_99' title="bbox 1147 1429 2118 1478; baseline 0.015 -19"><span class='ocrx_word' id='word_1_865' title='bbox 1147 1429 1188 1460; x_wconf 88' lang='lat' dir='ltr'>.ad</span> <span class='ocrx_word' id='word_1_866' title='bbox 1198 1431 1335 1461; x_wconf 88' lang='lat' dir='ltr'>occasum</span> <span class='ocrx_word' id='word_1_867' title='bbox 1347 1441 1525 1463; x_wconf 88' lang='lat' dir='ltr'>commeans</span> <span class='ocrx_word' id='word_1_868' title='bbox 1535 1452 1544 1467; x_wconf 92' lang='lat'>‚</span> <span class='ocrx_word' id='word_1_869' title='bbox 1564 1434 1685 1465; x_wconf 87' lang='lat' dir='ltr'>nullum</span> <span class='ocrx_word' id='word_1_870' title='bbox 1697 1445 1843 1478; x_wconf 84' lang='lat' dir='ltr'>umquam</span> <span class='ocrx_word' id='word_1_871' title='bbox 1853 1440 1955 1470; x_wconf 90' lang='lat' dir='ltr'>cursus</span> <span class='ocrx_word' id='word_1_872' title='bbox 1969 1441 2013 1472; x_wconf 90' lang='lat' dir='ltr'>sui</span> <span class='ocrx_word' id='word_1_873' title='bbox 2024 1443 2118 1474; x_wconf 86' lang='lat' dir='ltr'>vesti-</span> 
     </span>
     <span class='ocr_line' id='line_1_100' title="bbox 1151 1471 2116 1516; baseline 0.017 -16"><span class='ocrx_word' id='word_1_874' title='bbox 1151 1473 1236 1512; x_wconf 90' lang='lat' dir='ltr'>gium</span> <span class='ocrx_word' id='word_1_875' title='bbox 1248 1471 1392 1503; x_wconf 59' lang='lat' dir='ltr'>inflectat:</span> <span class='ocrx_word' id='word_1_876' title='bbox 1403 1474 1530 1504; x_wconf 86' lang='lat' dir='ltr'>alterum</span> <span class='ocrx_word' id='word_1_877' title='bbox 1541 1483 1640 1506; x_wconf 89' lang='lat' dir='ltr'>autem</span> <span class='ocrx_word' id='word_1_878' title='bbox 1651 1480 1811 1509; x_wconf 84' lang='lat' dir='ltr'>continuas</span> <span class='ocrx_word' id='word_1_879' title='bbox 1819 1481 2033 1513; x_wconf 81' lang='lat' dir='ltr'>conversiones</span> <span class='ocrx_word' id='word_1_880' title='bbox 2042 1484 2116 1516; x_wconf 85' lang='lat' dir='ltr'>duas</span> 
     </span>
     <span class='ocr_line' id='line_1_101' title="bbox 1150 1513 2118 1563; baseline 0.014 -21"><span class='ocrx_word' id='word_1_881' title='bbox 1150 1513 1258 1543; x_wconf 89' lang='lat' dir='ltr'>iisdem</span> <span class='ocrx_word' id='word_1_882' title='bbox 1271 1514 1581 1558; x_wconf 58' lang='lat' dir='ltr'>spatiisffiurfibusque</span> <span class='ocrx_word' id='word_1_883' title='bbox 1589 1517 1731 1549; x_wconf 57' lang='lat' dir='ltr'>conffliat</span> <span class='ocrx_word' id='word_1_884' title='bbox 1742 1530 1796 1551; x_wconf 88' lang='lat' dir='ltr'>:ex</span> <span class='ocrx_word' id='word_1_885' title='bbox 1805 1530 1927 1563; x_wconf 88' lang='lat' dir='ltr'>utraque</span> <span class='ocrx_word' id='word_1_886' title='bbox 1937 1533 1968 1553; x_wconf 90' lang='lat' dir='ltr'>re</span> <span class='ocrx_word' id='word_1_887' title='bbox 1979 1524 2011 1555; x_wconf 90' lang='lat'>&amp;</span> <span class='ocrx_word' id='word_1_888' title='bbox 2021 1535 2118 1557; x_wconf 88' lang='lat' dir='ltr'>mun-</span> 
     </span>
     <span class='ocr_line' id='line_1_102' title="bbox 1150 1553 2114 1605; baseline 0.016 -22"><span class='ocrx_word' id='word_1_889' title='bbox 1150 1553 1182 1583; x_wconf 89' lang='lat' dir='ltr'>di</span> <span class='ocrx_word' id='word_1_890' title='bbox 1204 1555 1378 1587; x_wconf 87' lang='lat' dir='ltr'>volubilitas</span> <span class='ocrx_word' id='word_1_891' title='bbox 1389 1576 1399 1590; x_wconf 85' lang='lat'>‚</span> <span class='ocrx_word' id='word_1_892' title='bbox 1418 1566 1484 1597; x_wconf 88' lang='lat' dir='ltr'>quae</span> <span class='ocrx_word' id='word_1_893' title='bbox 1501 1557 1558 1588; x_wconf 87' lang='lat' dir='ltr'>nifi</span> <span class='ocrx_word' id='word_1_894' title='bbox 1571 1559 1603 1588; x_wconf 92' lang='lat' dir='ltr'>in</span> <span class='ocrx_word' id='word_1_895' title='bbox 1614 1559 1736 1600; x_wconf 74' lang='lat' dir='ltr'>globosa</span> <span class='ocrx_word' id='word_1_896' title='bbox 1750 1560 1851 1593; x_wconf 84' lang='lat' dir='ltr'>forma</span> <span class='ocrx_word' id='word_1_897' title='bbox 1862 1562 1921 1594; x_wconf 81' lang='lat' dir='ltr'>effe</span> <span class='ocrx_word' id='word_1_898' title='bbox 1931 1574 1996 1595; x_wconf 88' lang='lat' dir='ltr'>non</span> <span class='ocrx_word' id='word_1_899' title='bbox 2006 1565 2114 1605; x_wconf 72' lang='lat' dir='ltr'>postet,</span> 
     </span>
     <span class='ocr_line' id='line_1_103' title="bbox 1150 1595 2116 1650; baseline 0.017 -26"><span class='ocrx_word' id='word_1_900' title='bbox 1150 1595 1183 1625; x_wconf 90' lang='lat'>&amp;</span> <span class='ocrx_word' id='word_1_901' title='bbox 1202 1595 1354 1626; x_wconf 88' lang='lat' dir='ltr'>stellarum</span> <span class='ocrx_word' id='word_1_902' title='bbox 1377 1599 1501 1628; x_wconf 83' lang='lat' dir='ltr'>rotundi</span> <span class='ocrx_word' id='word_1_903' title='bbox 1521 1599 1654 1630; x_wconf 86' lang='lat' dir='ltr'>ambitus</span> <span class='ocrx_word' id='word_1_904' title='bbox 1672 1603 1915 1642; x_wconf 81' lang='lat' dir='ltr'>cognoscuntur:</span> <span class='ocrx_word' id='word_1_905' title='bbox 1939 1608 2116 1650; x_wconf 85' lang='lat' dir='ltr'>primusque</span> 
     </span>
     <span class='ocr_line' id='line_1_104' title="bbox 1150 1638 2111 1684; baseline 0.015 -17"><span class='ocrx_word' id='word_1_906' title='bbox 1150 1646 1225 1672; x_wconf 72' lang='lat' dir='ltr'>son,</span> <span class='ocrx_word' id='word_1_907' title='bbox 1243 1639 1296 1679; x_wconf 84' lang='lat' dir='ltr'>qui</span> <span class='ocrx_word' id='word_1_908' title='bbox 1306 1638 1453 1670; x_wconf 89' lang='lat' dir='ltr'>astrorum</span> <span class='ocrx_word' id='word_1_909' title='bbox 1464 1640 1582 1671; x_wconf 83' lang='lat' dir='ltr'>obtinet</span> <span class='ocrx_word' id='word_1_910' title='bbox 1593 1643 1794 1683; x_wconf 76' lang='lat' dir='ltr'>principatum</span> <span class='ocrx_word' id='word_1_911' title='bbox 1807 1664 1816 1679; x_wconf 88' lang='lat'>‚</span> <span class='ocrx_word' id='word_1_912' title='bbox 1839 1647 1877 1677; x_wconf 81' lang='lat' dir='ltr'>ita</span> <span class='ocrx_word' id='word_1_913' title='bbox 1887 1657 2050 1684; x_wconf 82' lang='lat' dir='ltr'>movetur,</span> <span class='ocrx_word' id='word_1_914' title='bbox 2077 1660 2111 1683; x_wconf 85' lang='lat' dir='ltr'>ut</span> 
     </span>
     <span class='ocr_line' id='line_1_105' title="bbox 1147 1678 2112 1727; baseline 0.015 -18"><span class='ocrx_word' id='word_1_915' title='bbox 1147 1678 1219 1719; x_wconf 78' lang='lat' dir='ltr'>cum</span> <span class='ocrx_word' id='word_1_916' title='bbox 1238 1689 1327 1711; x_wconf 87' lang='lat' dir='ltr'>terras</span> <span class='ocrx_word' id='word_1_917' title='bbox 1345 1682 1422 1723; x_wconf 84' lang='lat' dir='ltr'>larga</span> <span class='ocrx_word' id='word_1_918' title='bbox 1442 1682 1508 1713; x_wconf 88' lang='lat' dir='ltr'>luce</span> <span class='ocrx_word' id='word_1_919' title='bbox 1532 1684 1735 1724; x_wconf 81' lang='lat' dir='ltr'>compleverit</span> <span class='ocrx_word' id='word_1_920' title='bbox 1752 1706 1764 1720; x_wconf 76' lang='lat'>‚</span> <span class='ocrx_word' id='word_1_921' title='bbox 1794 1688 1912 1719; x_wconf 83' lang='lat' dir='ltr'>easdem</span> <span class='ocrx_word' id='word_1_922' title='bbox 1934 1690 2032 1721; x_wconf 73' lang='lat' dir='ltr'>modo</span> <span class='ocrx_word' id='word_1_923' title='bbox 2054 1693 2112 1727; x_wconf 81' lang='lat' dir='ltr'>his,</span> 
     </span>
     <span class='ocr_line' id='line_1_106' title="bbox 1147 1720 2114 1767; baseline 0.014 -16"><span class='ocrx_word' id='word_1_924' title='bbox 1147 1720 1244 1752; x_wconf 61' lang='lat' dir='ltr'>mode·</span> <span class='ocrx_word' id='word_1_925' title='bbox 1263 1722 1325 1752; x_wconf 88' lang='lat' dir='ltr'>illis</span> <span class='ocrx_word' id='word_1_926' title='bbox 1343 1732 1381 1753; x_wconf 84' lang='lat' dir='ltr'>ex</span> <span class='ocrx_word' id='word_1_927' title='bbox 1399 1724 1531 1764; x_wconf 84' lang='lat' dir='ltr'>partibus</span> <span class='ocrx_word' id='word_1_928' title='bbox 1542 1735 1655 1766; x_wconf 82' lang='lat' dir='ltr'>opacet.</span> <span class='ocrx_word' id='word_1_929' title='bbox 1677 1727 1738 1767; x_wconf 90' lang='lat' dir='ltr'>ipsa</span> <span class='ocrx_word' id='word_1_930' title='bbox 1752 1730 1836 1759; x_wconf 88' lang='lat' dir='ltr'>enim</span> <span class='ocrx_word' id='word_1_931' title='bbox 1847 1740 1971 1762; x_wconf 66' lang='lat' dir='ltr'>UMBRA</span> <span class='ocrx_word' id='word_1_932' title='bbox 1987 1742 2114 1766; x_wconf 62' lang='lat' dir='ltr'>Tamna:</span> 
     </span>
     <span class='ocr_line' id='line_1_107' title="bbox 1146 1762 2113 1815; baseline 0.016 -23"><span class='ocrx_word' id='word_1_933' title='bbox 1146 1763 1202 1793; x_wconf 89' lang='lat' dir='ltr'>soli</span> <span class='ocrx_word' id='word_1_934' title='bbox 1213 1762 1362 1798; x_wconf 82' lang='lat' dir='ltr'>officiens,</span> <span class='ocrx_word' id='word_1_935' title='bbox 1374 1765 1499 1796; x_wconf 66' lang='lat' dir='ltr'>noEtem</span> <span class='ocrx_word' id='word_1_936' title='bbox 1511 1765 1604 1798; x_wconf 76' lang='lat' dir='ltr'>efficit</span> <span class='ocrx_word' id='word_1_937' title='bbox 1618 1778 1624 1797; x_wconf 91' lang='lat'>:</span> <span class='ocrx_word' id='word_1_938' title='bbox 1648 1767 1873 1801; x_wconf 68' lang='lat' dir='ltr'>no&amp;urnorum</span> <span class='ocrx_word' id='word_1_939' title='bbox 1884 1782 1984 1804; x_wconf 82' lang='lat' dir='ltr'>autem</span> <span class='ocrx_word' id='word_1_940' title='bbox 1997 1774 2113 1815; x_wconf 85' lang='lat' dir='ltr'>spacio-</span> 
     </span>
     <span class='ocr_line' id='line_1_108' title="bbox 1145 1805 2111 1859; baseline 0.016 -25"><span class='ocrx_word' id='word_1_941' title='bbox 1145 1814 1213 1835; x_wconf 78' lang='lat' dir='ltr'>rum</span> <span class='ocrx_word' id='word_1_942' title='bbox 1234 1805 1337 1836; x_wconf 85' lang='lat' dir='ltr'>eadem</span> <span class='ocrx_word' id='word_1_943' title='bbox 1348 1805 1390 1836; x_wconf 86' lang='lat' dir='ltr'>est</span> <span class='ocrx_word' id='word_1_944' title='bbox 1400 1807 1584 1848; x_wconf 65' lang='lat' dir='ltr'>aequabilitas</span> <span class='ocrx_word' id='word_1_945' title='bbox 1593 1828 1602 1843; x_wconf 91' lang='lat'>‚</span> <span class='ocrx_word' id='word_1_946' title='bbox 1626 1819 1692 1850; x_wconf 86' lang='lat' dir='ltr'>quae</span> <span class='ocrx_word' id='word_1_947' title='bbox 1702 1810 1881 1843; x_wconf 88' lang='lat' dir='ltr'>diurnorum</span> <span class='ocrx_word' id='word_1_948' title='bbox 1896 1823 1901 1842; x_wconf 88' lang='lat'>:</span> <span class='ocrx_word' id='word_1_949' title='bbox 1913 1815 2111 1859; x_wconf 85' lang='lat' dir='ltr'>ejusdemque</span> 
     </span>
     <span class='ocr_line' id='line_1_109' title="bbox 1145 1846 2111 1898; baseline 0.016 -23"><span class='ocrx_word' id='word_1_950' title='bbox 1145 1846 1217 1876; x_wconf 89' lang='lat' dir='ltr'>solis</span> <span class='ocrx_word' id='word_1_951' title='bbox 1239 1855 1305 1877; x_wconf 90' lang='lat' dir='ltr'>tum</span> <span class='ocrx_word' id='word_1_952' title='bbox 1326 1847 1454 1879; x_wconf 85' lang='lat' dir='ltr'>acceffus</span> <span class='ocrx_word' id='word_1_953' title='bbox 1470 1849 1604 1884; x_wconf 88' lang='lat' dir='ltr'>modici,</span> <span class='ocrx_word' id='word_1_954' title='bbox 1625 1859 1692 1885; x_wconf 85' lang='lat' dir='ltr'>tum</span> <span class='ocrx_word' id='word_1_955' title='bbox 1701 1852 1849 1888; x_wconf 81' lang='lat' dir='ltr'>recefl&#39;us,</span> <span class='ocrx_word' id='word_1_956' title='bbox 1871 1855 2056 1898; x_wconf 87' lang='lat' dir='ltr'>&amp;frigoris,</span> <span class='ocrx_word' id='word_1_957' title='bbox 2075 1860 2111 1891; x_wconf 70' lang='lat' dir='ltr'>&amp;c</span> 
     </span>
    </p>
   </div>
   <div class='ocr_carea' id='block_1_9' title="bbox 1172 257 1588 342">
    <p class='ocr_par' dir='ltr' id='par_1_18' title="bbox 1172 257 1588 342">
     <span class='ocr_line' id='line_1_110' title="bbox 1172 257 1588 300; baseline 0.014 -16"><span class='ocrx_word' id='word_1_958' title='bbox 1172 257 1435 291; x_wconf 87' lang='lat' dir='ltr'>concluditur.Scd</span> <span class='ocrx_word' id='word_1_959' title='bbox 1448 260 1508 290; x_wconf 84' lang='lat' dir='ltr'>haec</span> <span class='ocrx_word' id='word_1_960' title='bbox 1520 262 1588 300; x_wconf 90' lang='lat' dir='ltr'>paul</span> 
     </span>
     <span class='ocr_line' id='line_1_111' title="bbox 1172 296 1585 342; baseline 0.015 -16"><span class='ocrx_word' id='word_1_961' title='bbox 1172 296 1263 328; x_wconf 81' lang='lat' dir='ltr'>rebus</span> <span class='ocrx_word' id='word_1_962' title='bbox 1288 298 1358 340; x_wconf 86' lang='lat' dir='ltr'>ipfis</span> <span class='ocrx_word' id='word_1_963' title='bbox 1379 320 1389 335; x_wconf 87' lang='lat'>‚</span> <span class='ocrx_word' id='word_1_964' title='bbox 1408 311 1480 342; x_wconf 88' lang='lat' dir='ltr'>quas</span> <span class='ocrx_word' id='word_1_965' title='bbox 1490 303 1585 332; x_wconf 85' lang='lat' dir='ltr'>mund</span> 
     </span>
    </p>
   </div>
   <div class='ocr_carea' id='block_1_10' title="bbox 1125 1888 2111 1932">
    <p class='ocr_par' dir='ltr' id='par_1_19' title="bbox 1125 1888 2111 1932">
     <span class='ocr_line' id='line_1_112' title="bbox 1125 1888 2111 1932; baseline 0.015 -15"><span class='ocrx_word' id='word_1_966' title='bbox 1125 1902 1126 1910; x_wconf 36' lang='grc' dir='ltr'><strong>κ</strong></span> <span class='ocrx_word' id='word_1_967' title='bbox 1142 1888 1251 1918; x_wconf 86' lang='lat' dir='ltr'>caloris</span> <span class='ocrx_word' id='word_1_968' title='bbox 1270 1889 1398 1920; x_wconf 89' lang='lat' dir='ltr'>modum</span> <span class='ocrx_word' id='word_1_969' title='bbox 1420 1899 1586 1931; x_wconf 83' lang='lat' dir='ltr'>temperant</span> <span class='ocrx_word' id='word_1_970' title='bbox 1600 1903 1605 1921; x_wconf 89' lang='lat'>:</span> <span class='ocrx_word' id='word_1_971' title='bbox 1621 1894 1763 1924; x_wconf 79' lang='lat' dir='ltr'>circuitus</span> <span class='ocrx_word' id='word_1_972' title='bbox 1775 1897 1862 1926; x_wconf 87' lang='lat' dir='ltr'>enim</span> <span class='ocrx_word' id='word_1_973' title='bbox 1872 1897 1943 1929; x_wconf 88' lang='lat' dir='ltr'>solis</span> <span class='ocrx_word' id='word_1_974' title='bbox 1955 1900 2111 1932; x_wconf 70' lang='lat' dir='ltr'>‘corbium</span> 
     </span>
    </p>
   </div>
   <div class='ocr_carea' id='block_1_11' title="bbox 1126 1928 2156 2644">
    <p class='ocr_par' dir='ltr' id='par_1_20' title="bbox 1126 1928 2156 2644">
     <span class='ocr_line' id='line_1_113' title="bbox 1143 1928 2107 1980; baseline 0.015 -20"><span class='ocrx_word' id='word_1_975' title='bbox 1143 1940 1174 1960; x_wconf 89' lang='lat' dir='ltr'>v.</span> <span class='ocrx_word' id='word_1_976' title='bbox 1195 1928 1362 1961; x_wconf 56' lang='lat' dir='ltr'>defectibus</span> <span class='ocrx_word' id='word_1_977' title='bbox 1385 1932 1418 1963; x_wconf 90' lang='lat'>&amp;</span> <span class='ocrx_word' id='word_1_978' title='bbox 1438 1942 1490 1963; x_wconf 71' lang='lat' dir='ltr'>Lx.</span> <span class='ocrx_word' id='word_1_979' title='bbox 1504 1933 1537 1964; x_wconf 78' lang='grc' dir='ltr'>δε</span> <span class='ocrx_word' id='word_1_980' title='bbox 1548 1944 1624 1964; x_wconf 85' lang='lat' dir='ltr'>ccc.</span> <span class='ocrx_word' id='word_1_981' title='bbox 1641 1945 1742 1976; x_wconf 82' lang='lat' dir='ltr'>quarta</span> <span class='ocrx_word' id='word_1_982' title='bbox 1753 1936 1817 1968; x_wconf 78' lang='lat' dir='ltr'>fere</span> <span class='ocrx_word' id='word_1_983' title='bbox 1830 1938 1891 1969; x_wconf 85' lang='lat' dir='ltr'>diei</span> <span class='ocrx_word' id='word_1_984' title='bbox 1902 1949 1982 1980; x_wconf 88' lang='lat' dir='ltr'>parte</span> <span class='ocrx_word' id='word_1_985' title='bbox 1995 1942 2107 1978; x_wconf 84' lang='lat' dir='ltr'>addita,</span> 
     </span>
     <span class='ocr_line' id='line_1_114' title="bbox 1139 1971 2105 2016; baseline 0.016 -15"><span class='ocrx_word' id='word_1_986' title='bbox 1139 1971 1370 2003; x_wconf 65' lang='lat' dir='ltr'>conversionem</span> <span class='ocrx_word' id='word_1_987' title='bbox 1388 1973 1558 2006; x_wconf 85' lang='lat' dir='ltr'>conficiunt</span> <span class='ocrx_word' id='word_1_988' title='bbox 1576 1986 1707 2008; x_wconf 84' lang='lat' dir='ltr'>annuam</span> <span class='ocrx_word' id='word_1_989' title='bbox 1731 1989 1737 2008; x_wconf 72' lang='grc' dir='ltr'><em>ι</em></span> <span class='ocrx_word' id='word_1_990' title='bbox 1755 1978 1916 2011; x_wconf 59' lang='lat' dir='ltr'>inflet-,tens</span> <span class='ocrx_word' id='word_1_991' title='bbox 1938 1992 2038 2014; x_wconf 88' lang='lat' dir='ltr'>autem</span> <span class='ocrx_word' id='word_1_992' title='bbox 2061 1985 2105 2016; x_wconf 89' lang='lat' dir='ltr'>sol</span> 
     </span>
     <span class='ocr_line' id='line_1_115' title="bbox 1137 2014 2109 2061; baseline 0.013 -18"><span class='ocrx_word' id='word_1_993' title='bbox 1137 2014 1260 2044; x_wconf 86' lang='lat' dir='ltr'>cursum</span> <span class='ocrx_word' id='word_1_994' title='bbox 1281 2023 1344 2046; x_wconf 89' lang='lat' dir='ltr'>tum</span> <span class='ocrx_word' id='word_1_995' title='bbox 1355 2016 1389 2046; x_wconf 88' lang='lat' dir='ltr'>ad</span> <span class='ocrx_word' id='word_1_996' title='bbox 1405 2017 1634 2057; x_wconf 80' lang='lat' dir='ltr'>septemtriones</span> <span class='ocrx_word' id='word_1_997' title='bbox 1645 2039 1655 2053; x_wconf 83' lang='lat'>‚</span> <span class='ocrx_word' id='word_1_998' title='bbox 1674 2027 1741 2050; x_wconf 90' lang='lat' dir='ltr'>tum</span> <span class='ocrx_word' id='word_1_999' title='bbox 1752 2021 1787 2052; x_wconf 92' lang='lat' dir='ltr'>ad</span> <span class='ocrx_word' id='word_1_1000' title='bbox 1799 2023 1960 2055; x_wconf 86' lang='lat' dir='ltr'>meridiem</span> <span class='ocrx_word' id='word_1_1001' title='bbox 1973 2045 1982 2060; x_wconf 83' lang='lat'><strong>,</strong></span> <span class='ocrx_word' id='word_1_1002' title='bbox 1992 2025 2109 2061; x_wconf 65' lang='lat' dir='ltr'>astares,-</span> 
     </span>
     <span class='ocr_line' id='line_1_116' title="bbox 1139 2056 2102 2106; baseline 0.017 -22"><span class='ocrx_word' id='word_1_1003' title='bbox 1139 2056 1174 2089; x_wconf 66' lang='grc' dir='ltr'>ό·</span> <span class='ocrx_word' id='word_1_1004' title='bbox 1194 2056 1293 2086; x_wconf 77' lang='lat' dir='ltr'>hiemes</span> <span class='ocrx_word' id='word_1_1005' title='bbox 1312 2057 1413 2097; x_wconf 79' lang='lat' dir='ltr'>efficit,</span> <span class='ocrx_word' id='word_1_1006' title='bbox 1440 2059 1473 2090; x_wconf 73' lang='grc' dir='ltr'>δε</span> <span class='ocrx_word' id='word_1_1007' title='bbox 1493 2069 1525 2091; x_wconf 82' lang='lat' dir='ltr'>ea</span> <span class='ocrx_word' id='word_1_1008' title='bbox 1544 2060 1606 2091; x_wconf 91' lang='lat' dir='ltr'>duo</span> <span class='ocrx_word' id='word_1_1009' title='bbox 1627 2069 1764 2103; x_wconf 84' lang='lat' dir='ltr'>tempora</span> <span class='ocrx_word' id='word_1_1010' title='bbox 1785 2083 1794 2097; x_wconf 91' lang='lat'>,</span> <span class='ocrx_word' id='word_1_1011' title='bbox 1822 2074 1953 2106; x_wconf 86' lang='lat' dir='ltr'>quorum</span> <span class='ocrx_word' id='word_1_1012' title='bbox 1973 2068 2102 2100; x_wconf 77' lang='lat' dir='ltr'>alterum</span> 
     </span>
     <span class='ocr_line' id='line_1_117' title="bbox 1138 2099 2102 2142; baseline 0.016 -15"><span class='ocrx_word' id='word_1_1013' title='bbox 1138 2099 1234 2128; x_wconf 80' lang='lat' dir='ltr'>hiemi</span> <span class='ocrx_word' id='word_1_1014' title='bbox 1259 2099 1419 2131; x_wconf 88' lang='lat' dir='ltr'>senescenti</span> <span class='ocrx_word' id='word_1_1015' title='bbox 1437 2101 1618 2141; x_wconf 65' lang='lat' dir='ltr'>adjunetum</span> <span class='ocrx_word' id='word_1_1016' title='bbox 1638 2102 1698 2138; x_wconf 88' lang='lat' dir='ltr'>est,</span> <span class='ocrx_word' id='word_1_1017' title='bbox 1718 2105 1847 2136; x_wconf 86' lang='lat' dir='ltr'>alterum</span> <span class='ocrx_word' id='word_1_1018' title='bbox 1867 2106 1968 2139; x_wconf 83' lang='lat' dir='ltr'>aestati.</span> <span class='ocrx_word' id='word_1_1019' title='bbox 1992 2112 2036 2141; x_wconf 90' lang='lat' dir='ltr'>Ita</span> <span class='ocrx_word' id='word_1_1020' title='bbox 2061 2121 2102 2142; x_wconf 73' lang='lat' dir='ltr'>ex</span> 
     </span>
     <span class='ocr_line' id='line_1_118' title="bbox 1136 2145 2101 2192; baseline 0.015 -22"><span class='ocrx_word' id='word_1_1021' title='bbox 1136 2149 1275 2181; x_wconf 85' lang='lat' dir='ltr'>quattuor</span> <span class='ocrx_word' id='word_1_1022' title='bbox 1297 2150 1471 2182; x_wconf 87' lang='lat' dir='ltr'>temporum</span> <span class='ocrx_word' id='word_1_1023' title='bbox 1492 2145 1712 2176; x_wconf 87' lang='lat' dir='ltr'>mutationibus</span> <span class='ocrx_word' id='word_1_1024' title='bbox 1731 2149 1875 2179; x_wconf 86' lang='lat' dir='ltr'>omniurn</span> <span class='ocrx_word' id='word_1_1025' title='bbox 1895 2170 1904 2184; x_wconf 91' lang='lat'><em>,</em></span> <span class='ocrx_word' id='word_1_1026' title='bbox 1937 2161 2003 2192; x_wconf 81' lang='lat' dir='ltr'>qua:</span> <span class='ocrx_word' id='word_1_1027' title='bbox 2022 2161 2101 2184; x_wconf 79' lang='lat' dir='ltr'>terr-a</span> 
     </span>
     <span class='ocr_line' id='line_1_119' title="bbox 1135 2184 2097 2230; baseline 0.015 -19"><span class='ocrx_word' id='word_1_1028' title='bbox 1135 2184 1272 2224; x_wconf 87' lang='lat' dir='ltr'>marique</span> <span class='ocrx_word' id='word_1_1029' title='bbox 1283 2185 1449 2224; x_wconf 88' lang='lat' dir='ltr'>gignuntur</span> <span class='ocrx_word' id='word_1_1030' title='bbox 1459 2206 1467 2219; x_wconf 93' lang='lat'>‚</span> <span class='ocrx_word' id='word_1_1031' title='bbox 1488 2187 1576 2217; x_wconf 90' lang='lat' dir='ltr'>initia</span> <span class='ocrx_word' id='word_1_1032' title='bbox 1586 2206 1594 2220; x_wconf 83' lang='lat'>‚</span> <span class='ocrx_word' id='word_1_1033' title='bbox 1606 2187 1760 2230; x_wconf 81' lang='lat' dir='ltr'>causaeque</span> <span class='ocrx_word' id='word_1_1034' title='bbox 1770 2189 1922 2222; x_wconf 85' lang='lat' dir='ltr'>dicuntur.</span> <span class='ocrx_word' id='word_1_1035' title='bbox 1948 2194 2012 2230; x_wconf 78' lang='lat' dir='ltr'>Iam</span> <span class='ocrx_word' id='word_1_1036' title='bbox 2022 2194 2097 2225; x_wconf 86' lang='lat' dir='ltr'>solis</span> 
     </span>
     <span class='ocr_line' id='line_1_120' title="bbox 1135 2226 2104 2276; baseline 0.013 -22"><span class='ocrx_word' id='word_1_1037' title='bbox 1135 2234 1252 2255; x_wconf 89' lang='lat' dir='ltr'>annuos</span> <span class='ocrx_word' id='word_1_1038' title='bbox 1270 2226 1372 2256; x_wconf 84' lang='lat' dir='ltr'>cursus</span> <span class='ocrx_word' id='word_1_1039' title='bbox 1392 2227 1492 2267; x_wconf 85' lang='lat' dir='ltr'>spatiis</span> <span class='ocrx_word' id='word_1_1040' title='bbox 1502 2227 1664 2259; x_wconf 83' lang='lat' dir='ltr'>menstruis</span> <span class='ocrx_word' id='word_1_1041' title='bbox 1675 2233 1989 2275; x_wconf 72' lang='lat' dir='ltr'>LUNAconsequitur:</span> <span class='ocrx_word' id='word_1_1042' title='bbox 2013 2237 2104 2276; x_wconf 78' lang='lat' dir='ltr'>cujus·</span> 
     </span>
     <span class='ocr_line' id='line_1_121' title="bbox 1135 2265 2102 2312; baseline 0.012 -16"><span class='ocrx_word' id='word_1_1043' title='bbox 1135 2274 1183 2297; x_wconf 89' lang='lat' dir='ltr'>ten</span> <span class='ocrx_word' id='word_1_1044' title='bbox 1190 2265 1344 2298; x_wconf 80' lang='lat' dir='ltr'>uiffimum</span> <span class='ocrx_word' id='word_1_1045' title='bbox 1364 2269 1470 2300; x_wconf 87' lang='lat' dir='ltr'>lumen</span> <span class='ocrx_word' id='word_1_1046' title='bbox 1493 2269 1564 2301; x_wconf 88' lang='lat' dir='ltr'>facit</span> <span class='ocrx_word' id='word_1_1047' title='bbox 1576 2273 1737 2312; x_wconf 86' lang='lat' dir='ltr'>proximus</span> <span class='ocrx_word' id='word_1_1048' title='bbox 1747 2272 1875 2304; x_wconf 76' lang='lat' dir='ltr'>accessiis</span> <span class='ocrx_word' id='word_1_1049' title='bbox 1885 2275 1920 2306; x_wconf 91' lang='lat' dir='ltr'>ad</span> <span class='ocrx_word' id='word_1_1050' title='bbox 1931 2276 2039 2310; x_wconf 87' lang='lat' dir='ltr'>solem,</span> <span class='ocrx_word' id='word_1_1051' title='bbox 2052 2277 2102 2308; x_wconf 86' lang='lat' dir='ltr'>di-</span> 
     </span>
     <span class='ocr_line' id='line_1_122' title="bbox 1133 2307 2098 2360; baseline 0.013 -22"><span class='ocrx_word' id='word_1_1052' title='bbox 1133 2307 1245 2348; x_wconf 83' lang='lat' dir='ltr'>gressus</span> <span class='ocrx_word' id='word_1_1053' title='bbox 1264 2318 1366 2341; x_wconf 84' lang='lat' dir='ltr'>autern</span> <span class='ocrx_word' id='word_1_1054' title='bbox 1384 2310 1574 2354; x_wconf 81' lang='lat' dir='ltr'>longiffimus</span> <span class='ocrx_word' id='word_1_1055' title='bbox 1593 2314 1719 2355; x_wconf 85' lang='lat' dir='ltr'>quisque</span> <span class='ocrx_word' id='word_1_1056' title='bbox 1735 2314 1953 2355; x_wconf 86' lang='lat' dir='ltr'>pleniffimum.</span> <span class='ocrx_word' id='word_1_1057' title='bbox 1988 2321 2098 2360; x_wconf 79' lang='lat' dir='ltr'>Neque</span> 
     </span>
     <span class='ocr_line' id='line_1_123' title="bbox 1134 2350 2099 2394; baseline 0.012 -14"><span class='ocrx_word' id='word_1_1058' title='bbox 1134 2350 1234 2381; x_wconf 80' lang='lat' dir='ltr'>solum</span> <span class='ocrx_word' id='word_1_1059' title='bbox 1245 2352 1310 2392; x_wconf 84' lang='lat' dir='ltr'>ejus</span> <span class='ocrx_word' id='word_1_1060' title='bbox 1321 2352 1431 2393; x_wconf 82' lang='lat' dir='ltr'>species</span> <span class='ocrx_word' id='word_1_1061' title='bbox 1444 2374 1452 2388; x_wconf 92' lang='lat'>‚</span> <span class='ocrx_word' id='word_1_1062' title='bbox 1461 2364 1492 2385; x_wconf 89' lang='lat' dir='ltr'>ac</span> <span class='ocrx_word' id='word_1_1063' title='bbox 1503 2354 1601 2386; x_wconf 85' lang='lat' dir='ltr'>forma</span> <span class='ocrx_word' id='word_1_1064' title='bbox 1614 2365 1745 2387; x_wconf 90' lang='lat' dir='ltr'>mutatur</span> <span class='ocrx_word' id='word_1_1065' title='bbox 1759 2365 1823 2388; x_wconf 84' lang='lat' dir='ltr'>tum</span> <span class='ocrx_word' id='word_1_1066' title='bbox 1835 2359 1995 2390; x_wconf 87' lang='lat' dir='ltr'>crescendo</span> <span class='ocrx_word' id='word_1_1067' title='bbox 2007 2380 2016 2394; x_wconf 89' lang='lat'>‚</span> <span class='ocrx_word' id='word_1_1068' title='bbox 2028 2369 2099 2393; x_wconf 77' lang='lat' dir='ltr'>tum</span> 
     </span>
     <span class='ocr_line' id='line_1_124' title="bbox 1133 2392 2098 2442; baseline 0.012 -20"><span class='ocrx_word' id='word_1_1069' title='bbox 1133 2392 1300 2424; x_wconf 70' lang='lat' dir='ltr'>defeetibus</span> <span class='ocrx_word' id='word_1_1070' title='bbox 1310 2396 1343 2425; x_wconf 89' lang='lat' dir='ltr'>in</span> <span class='ocrx_word' id='word_1_1071' title='bbox 1356 2397 1445 2426; x_wconf 83' lang='lat' dir='ltr'>initia</span> <span class='ocrx_word' id='word_1_1072' title='bbox 1455 2397 1646 2431; x_wconf 82' lang='lat' dir='ltr'>recurrendo,</span> <span class='ocrx_word' id='word_1_1073' title='bbox 1659 2398 1708 2428; x_wconf 89' lang='lat' dir='ltr'>sed</span> <span class='ocrx_word' id='word_1_1074' title='bbox 1719 2401 1808 2429; x_wconf 84' lang='lat' dir='ltr'>etiam</span> <span class='ocrx_word' id='word_1_1075' title='bbox 1821 2402 1914 2442; x_wconf 87' lang='lat' dir='ltr'>regio,</span> <span class='ocrx_word' id='word_1_1076' title='bbox 1928 2403 1942 2427; x_wconf 89' lang='lat'><em>5</em></span> <span class='ocrx_word' id='word_1_1077' title='bbox 1951 2411 2016 2442; x_wconf 83' lang='lat' dir='ltr'>quae</span> <span class='ocrx_word' id='word_1_1078' title='bbox 2026 2411 2098 2433; x_wconf 74' lang='lat' dir='ltr'>tum</span> 
     </span>
     <span class='ocr_line' id='line_1_125' title="bbox 1132 2434 2095 2483; baseline 0.011 -18"><span class='ocrx_word' id='word_1_1079' title='bbox 1132 2434 1176 2466; x_wconf 87' lang='lat' dir='ltr'>est</span> <span class='ocrx_word' id='word_1_1080' title='bbox 1185 2436 1366 2476; x_wconf 88' lang='lat' dir='ltr'>aquilonalis</span> <span class='ocrx_word' id='word_1_1081' title='bbox 1380 2458 1391 2471; x_wconf 89' lang='lat'>,</span> <span class='ocrx_word' id='word_1_1082' title='bbox 1403 2446 1466 2468; x_wconf 90' lang='lat' dir='ltr'>tum</span> <span class='ocrx_word' id='word_1_1083' title='bbox 1478 2438 1620 2470; x_wconf 85' lang='lat' dir='ltr'>australis.</span> <span class='ocrx_word' id='word_1_1084' title='bbox 1644 2442 1680 2470; x_wconf 94' lang='lat' dir='ltr'>In</span> <span class='ocrx_word' id='word_1_1085' title='bbox 1691 2441 1771 2472; x_wconf 80' lang='lat' dir='ltr'>lunae</span> <span class='ocrx_word' id='word_1_1086' title='bbox 1779 2451 1900 2483; x_wconf 88' lang='lat' dir='ltr'>quoque</span> <span class='ocrx_word' id='word_1_1087' title='bbox 1909 2444 1996 2474; x_wconf 88' lang='lat' dir='ltr'>cursu</span> <span class='ocrx_word' id='word_1_1088' title='bbox 2007 2443 2049 2475; x_wconf 88' lang='lat' dir='ltr'>est</span> <span class='ocrx_word' id='word_1_1089' title='bbox 2060 2445 2095 2476; x_wconf 85' lang='lat'>&amp;</span> 
     </span>
     <span class='ocr_line' id='line_1_126' title="bbox 1131 2477 2096 2525; baseline 0.011 -18"><span class='ocrx_word' id='word_1_1090' title='bbox 1131 2477 1245 2508; x_wconf 86' lang='lat' dir='ltr'>brumae</span> <span class='ocrx_word' id='word_1_1091' title='bbox 1260 2479 1447 2519; x_wconf 83' lang='lat' dir='ltr'>quaedam,&amp;</span> <span class='ocrx_word' id='word_1_1092' title='bbox 1463 2480 1581 2512; x_wconf 87' lang='lat' dir='ltr'>solstitii</span> <span class='ocrx_word' id='word_1_1093' title='bbox 1595 2480 1928 2525; x_wconf 74' lang='lat' dir='ltr'>similitud03multaque</span> <span class='ocrx_word' id='word_1_1094' title='bbox 1941 2485 1978 2515; x_wconf 92' lang='lat' dir='ltr'>ab</span> <span class='ocrx_word' id='word_1_1095' title='bbox 1989 2495 2096 2518; x_wconf 84' lang='lat' dir='ltr'>cama-</span> 
     </span>
     <span class='ocr_line' id='line_1_127' title="bbox 1129 2519 2093 2568; baseline 0.009 -18"><span class='ocrx_word' id='word_1_1096' title='bbox 1129 2528 1205 2550; x_wconf 87' lang='lat' dir='ltr'>nant</span> <span class='ocrx_word' id='word_1_1097' title='bbox 1215 2539 1226 2553; x_wconf 89' lang='lat'>‚</span> <span class='ocrx_word' id='word_1_1098' title='bbox 1246 2520 1279 2551; x_wconf 76' lang='grc' dir='ltr'>δε</span> <span class='ocrx_word' id='word_1_1099' title='bbox 1289 2519 1387 2552; x_wconf 83' lang='lat' dir='ltr'>fluunt</span> <span class='ocrx_word' id='word_1_1100' title='bbox 1400 2542 1408 2556; x_wconf 94' lang='lat'>,</span> <span class='ocrx_word' id='word_1_1101' title='bbox 1427 2523 1537 2564; x_wconf 84' lang='lat' dir='ltr'>quibus</span> <span class='ocrx_word' id='word_1_1102' title='bbox 1550 2523 1756 2554; x_wconf 84' lang='lat' dir='ltr'>&amp;animantes</span> <span class='ocrx_word' id='word_1_1103' title='bbox 1767 2525 1882 2556; x_wconf 85' lang='lat' dir='ltr'>alantur</span> <span class='ocrx_word' id='word_1_1104' title='bbox 1892 2546 1901 2560; x_wconf 93' lang='lat'>,</span> <span class='ocrx_word' id='word_1_1105' title='bbox 1921 2528 2093 2568; x_wconf 86' lang='lat' dir='ltr'>augescant·</span> 
     </span>
     <span class='ocr_line' id='line_1_128' title="bbox 1126 2561 2091 2612; baseline 0.01 -21"><span class='ocrx_word' id='word_1_1106' title='bbox 1126 2571 1186 2602; x_wconf 85' lang='lat' dir='ltr'>que</span> <span class='ocrx_word' id='word_1_1107' title='bbox 1209 2573 1214 2591; x_wconf 91' lang='lat'>:</span> <span class='ocrx_word' id='word_1_1108' title='bbox 1232 2561 1266 2592; x_wconf 91' lang='lat'>&amp;</span> <span class='ocrx_word' id='word_1_1109' title='bbox 1285 2562 1446 2603; x_wconf 86' lang='lat' dir='ltr'>pubescant</span> <span class='ocrx_word' id='word_1_1110' title='bbox 1468 2584 1476 2599; x_wconf 92' lang='lat'>‚</span> <span class='ocrx_word' id='word_1_1111' title='bbox 1509 2567 1770 2607; x_wconf 86' lang='lat' dir='ltr'>maturitatemque</span> <span class='ocrx_word' id='word_1_1112' title='bbox 1790 2565 1975 2608; x_wconf 81' lang='lat' dir='ltr'>assequantur</span> <span class='ocrx_word' id='word_1_1113' title='bbox 1994 2589 2003 2604; x_wconf 86' lang='lat'>‚</span> <span class='ocrx_word' id='word_1_1114' title='bbox 2022 2580 2091 2612; x_wconf 83' lang='lat' dir='ltr'>quae</span> 
     </span>
     <span class='ocr_line' id='line_1_129' title="bbox 1126 2605 2156 2644; baseline 0.012 -11"><span class='ocrx_word' id='word_1_1115' title='bbox 1126 2605 1267 2635; x_wconf 87' lang='lat' dir='ltr'>oriuntur</span> <span class='ocrx_word' id='word_1_1116' title='bbox 1277 2605 1293 2635; x_wconf 80' lang='grc' dir='ltr'>ὲ</span> <span class='ocrx_word' id='word_1_1117' title='bbox 1305 2614 1388 2636; x_wconf 86' lang='lat' dir='ltr'>terra.</span> <span class='ocrx_word' id='word_1_1118' title='bbox 1413 2607 1550 2637; x_wconf 72' lang='lat' dir='ltr'>Maxime</span> <span class='ocrx_word' id='word_1_1119' title='bbox 1563 2606 1633 2637; x_wconf 71' lang='lat' dir='ltr'>vero</span> <span class='ocrx_word' id='word_1_1120' title='bbox 1646 2607 1714 2637; x_wconf 90' lang='lat' dir='ltr'>sunt</span> <span class='ocrx_word' id='word_1_1121' title='bbox 1723 2608 1914 2640; x_wconf 85' lang='lat' dir='ltr'>admirabiles</span> <span class='ocrx_word' id='word_1_1122' title='bbox 1927 2620 2031 2642; x_wconf 87' lang='lat' dir='ltr'>motus</span> <span class='ocrx_word' id='word_1_1123' title='bbox 2041 2623 2088 2644; x_wconf 87' lang='lat' dir='ltr'>ea—</span> <span class='ocrx_word' id='word_1_1124' title='bbox 2108 2615 2156 2644; x_wconf 68' lang='grc' dir='ltr'>ΖΟ</span> 
     </span>
    </p>
   </div>
   <div class='ocr_carea' id='block_1_12' title="bbox 1123 2646 2086 2690">
    <p class='ocr_par' dir='ltr' id='par_1_21' title="bbox 1123 2646 2086 2690">
     <span class='ocr_line' id='line_1_130' title="bbox 1123 2646 2086 2690; baseline 0.011 -15"><span class='ocrx_word' id='word_1_1125' title='bbox 1123 2654 1191 2676; x_wconf 88' lang='lat' dir='ltr'>rum</span> <span class='ocrx_word' id='word_1_1126' title='bbox 1200 2648 1335 2687; x_wconf 87' lang='lat' dir='ltr'>quinque</span> <span class='ocrx_word' id='word_1_1127' title='bbox 1345 2646 1497 2679; x_wconf 88' lang='lat' dir='ltr'>stellarum</span> <span class='ocrx_word' id='word_1_1128' title='bbox 1512 2668 1520 2682; x_wconf 91' lang='lat'>‚</span> <span class='ocrx_word' id='word_1_1129' title='bbox 1539 2658 1604 2690; x_wconf 76' lang='lat' dir='ltr'>quae</span> <span class='ocrx_word' id='word_1_1130' title='bbox 1613 2648 1690 2679; x_wconf 74' lang='lat' dir='ltr'>falso</span> <span class='ocrx_word' id='word_1_1131' title='bbox 1701 2659 1845 2681; x_wconf 87' lang='lat' dir='ltr'>vocantur</span> <span class='ocrx_word' id='word_1_1132' title='bbox 1854 2661 1995 2683; x_wconf 84' lang='lat' dir='ltr'>errantes.</span> <span class='ocrx_word' id='word_1_1133' title='bbox 2006 2655 2086 2686; x_wconf 91' lang='lat' dir='ltr'>nihil</span> 
     </span>
    </p>
   </div>
   <div class='ocr_carea' id='block_1_13' title="bbox 1123 2690 2092 2736">
    <p class='ocr_par' dir='ltr' id='par_1_22' title="bbox 1123 2690 2092 2736">
     <span class='ocr_line' id='line_1_131' title="bbox 1123 2690 2092 2736; baseline 0.009 -18"><span class='ocrx_word' id='word_1_1134' title='bbox 1123 2697 1209 2719; x_wconf 87' lang='lat' dir='ltr'>enim</span> <span class='ocrx_word' id='word_1_1135' title='bbox 1228 2697 1302 2720; x_wconf 88' lang='lat' dir='ltr'>errat</span> <span class='ocrx_word' id='word_1_1136' title='bbox 1314 2708 1323 2724; x_wconf 71' lang='lat'><em>2</em></span> <span class='ocrx_word' id='word_1_1137' title='bbox 1342 2690 1424 2731; x_wconf 80' lang='lat' dir='ltr'>quod</span> <span class='ocrx_word' id='word_1_1138' title='bbox 1433 2691 1467 2721; x_wconf 90' lang='lat' dir='ltr'>in</span> <span class='ocrx_word' id='word_1_1139' title='bbox 1477 2700 1567 2721; x_wconf 86' lang='lat' dir='ltr'>omni</span> <span class='ocrx_word' id='word_1_1140' title='bbox 1577 2699 1738 2723; x_wconf 83' lang='lat' dir='ltr'>aeternitate</span> <span class='ocrx_word' id='word_1_1141' title='bbox 1749 2693 1901 2725; x_wconf 62' lang='lat' dir='ltr'>conservat</span> <span class='ocrx_word' id='word_1_1142' title='bbox 1910 2694 2092 2736; x_wconf 73' lang='lat' dir='ltr'>progressus,</span> 
     </span>
    </p>
   </div>
   <div class='ocr_carea' id='block_1_14' title="bbox 115 2823 1100 3191">
    <p class='ocr_par' dir='ltr' id='par_1_23' title="bbox 118 2823 1078 2933">
     <span class='ocr_line' id='line_1_132' title="bbox 158 2823 1076 2859; baseline 0.005 -10"><span class='ocrx_word' id='word_1_1143' title='bbox 158 2831 183 2849; x_wconf 78' lang='lat' dir='ltr'>x.</span> <span class='ocrx_word' id='word_1_1144' title='bbox 201 2823 268 2855; x_wconf 71' lang='lat' dir='ltr'>Id&amp;</span> <span class='ocrx_word' id='word_1_1145' title='bbox 279 2825 351 2859; x_wconf 74' lang='lat' dir='ltr'>ftnsu</span> <span class='ocrx_word' id='word_1_1146' title='bbox 371 2826 484 2851; x_wconf 76' lang='lat' dir='ltr'>acerrimo</span> <span class='ocrx_word' id='word_1_1147' title='bbox 495 2843 503 2856; x_wconf 87' lang='lat'>‚</span> <span class='ocrx_word' id='word_1_1148' title='bbox 521 2824 589 2859; x_wconf 51' lang='lat' dir='ltr'>drzu]</span> <span class='ocrx_word' id='word_1_1149' title='bbox 610 2824 721 2851; x_wconf 83' lang='lat' dir='ltr'>Secutus</span> <span class='ocrx_word' id='word_1_1150' title='bbox 732 2823 788 2851; x_wconf 90' lang='lat' dir='ltr'>sum</span> <span class='ocrx_word' id='word_1_1151' title='bbox 800 2823 994 2853; x_wconf 66' lang='lat' dir='ltr'>Vistorianam.</span> <span class='ocrx_word' id='word_1_1152' title='bbox 1016 2835 1076 2854; x_wconf 85' lang='lat' dir='ltr'>nam</span> 
     </span>
     <span class='ocr_line' id='line_1_133' title="bbox 119 2858 1077 2896; baseline 0.004 -11"><span class='ocrx_word' id='word_1_1153' title='bbox 119 2858 238 2893; x_wconf 63' lang='lat' dir='ltr'>vulgata,</span> <span class='ocrx_word' id='word_1_1154' title='bbox 246 2860 306 2886; x_wconf 79' lang='lat' dir='ltr'>idem</span> <span class='ocrx_word' id='word_1_1155' title='bbox 315 2860 485 2896; x_wconf 70' lang='lat' dir='ltr'>quoquefinfie.</span> <span class='ocrx_word' id='word_1_1156' title='bbox 505 2861 521 2886; x_wconf 72' lang='lat' dir='ltr'>:i</span> <span class='ocrx_word' id='word_1_1157' title='bbox 532 2869 584 2896; x_wconf 88' lang='lat' dir='ltr'>quo</span> <span class='ocrx_word' id='word_1_1158' title='bbox 594 2859 752 2887; x_wconf 69' lang='lat' dir='ltr'>dissentiunt</span> <span class='ocrx_word' id='word_1_1159' title='bbox 762 2861 853 2888; x_wconf 80' lang='lat' dir='ltr'>nostri.</span> <span class='ocrx_word' id='word_1_1160' title='bbox 866 2870 925 2888; x_wconf 83' lang='lat' dir='ltr'>nam</span> <span class='ocrx_word' id='word_1_1161' title='bbox 938 2863 968 2888; x_wconf 84' lang='grc' dir='ltr'>Ρ.</span> <span class='ocrx_word' id='word_1_1162' title='bbox 979 2863 1007 2888; x_wconf 90' lang='lat'>&amp;</span> <span class='ocrx_word' id='word_1_1163' title='bbox 1019 2863 1077 2890; x_wconf 87' lang='lat' dir='ltr'>Pal.</span> 
     </span>
     <span class='ocr_line' id='line_1_134' title="bbox 118 2893 1078 2933; baseline 0.008 -14"><span class='ocrx_word' id='word_1_1164' title='bbox 118 2893 169 2920; x_wconf 83' lang='lat' dir='ltr'>sec.</span> <span class='ocrx_word' id='word_1_1165' title='bbox 180 2904 233 2921; x_wconf 85' lang='lat' dir='ltr'>nori</span> <span class='ocrx_word' id='word_1_1166' title='bbox 243 2896 390 2932; x_wconf 84' lang='lat' dir='ltr'>agnoscunt</span> <span class='ocrx_word' id='word_1_1167' title='bbox 399 2905 497 2932; x_wconf 67' lang='lat' dir='ltr'>quoqne.</span> <span class='ocrx_word' id='word_1_1168' title='bbox 511 2903 576 2924; x_wconf 83' lang='lat' dir='ltr'>tert.</span> <span class='ocrx_word' id='word_1_1169' title='bbox 587 2896 710 2930; x_wconf 78' lang='lat' dir='ltr'>habebat,</span> <span class='ocrx_word' id='word_1_1170' title='bbox 720 2897 824 2933; x_wconf 71' lang='lat' dir='ltr'>idemque</span> <span class='ocrx_word' id='word_1_1171' title='bbox 826 2898 911 2933; x_wconf 70' lang='lat' dir='ltr'>finffi,</span> <span class='ocrx_word' id='word_1_1172' title='bbox 919 2898 971 2929; x_wconf 64' lang='lat' dir='ltr'>(lje.</span> <span class='ocrx_word' id='word_1_1173' title='bbox 983 2901 1078 2927; x_wconf 82' lang='lat' dir='ltr'>verum</span> 
     </span>
    </p>

    <p class='ocr_par' dir='ltr' id='par_1_24' title="bbox 115 2930 1100 3191">
     <span class='ocr_line' id='line_1_135' title="bbox 140 2930 375 2963; baseline 0.013 -7"><span class='ocrx_word' id='word_1_1174' title='bbox 140 2939 162 2956; x_wconf 88' lang='lat' dir='ltr'>r.</span> <span class='ocrx_word' id='word_1_1175' title='bbox 172 2930 200 2956; x_wconf 74' lang='lat' dir='ltr'>id</span> <span class='ocrx_word' id='word_1_1176' title='bbox 207 2932 251 2963; x_wconf 69' lang='lat' dir='ltr'>eff,</span> <span class='ocrx_word' id='word_1_1177' title='bbox 272 2942 299 2958; x_wconf 79' lang='lat' dir='ltr'>en</span> <span class='ocrx_word' id='word_1_1178' title='bbox 309 2942 325 2958; x_wconf 87' lang='lat' dir='ltr'>u</span> <span class='ocrx_word' id='word_1_1179' title='bbox 335 2941 375 2959; x_wconf 74' lang='lat' dir='ltr'>ae.</span> 
     </span>
     <span class='ocr_line' id='line_1_136' title="bbox 120 2933 1079 3006; baseline 0.009 -15"><span class='ocrx_word' id='word_1_1180' title='bbox 120 2939 138 2965; x_wconf 66' lang='lat' dir='ltr'>P</span> <span class='ocrx_word' id='word_1_1181' title='bbox 154 2974 184 2992; x_wconf 80' lang='lat'>2..</span> <span class='ocrx_word' id='word_1_1182' title='bbox 206 2933 334 3000; x_wconf 46' lang='lat' dir='ltr'>Restitsut</span> <span class='ocrx_word' id='word_1_1183' title='bbox 342 2968 420 3003; x_wconf 61' lang='lat' dir='ltr'>quasis</span> <span class='ocrx_word' id='word_1_1184' title='bbox 431 2978 507 2995; x_wconf 77' lang='lat' dir='ltr'>torum</span> <span class='ocrx_word' id='word_1_1185' title='bbox 517 2976 621 3002; x_wconf 79' lang='lat' dir='ltr'>natura,</span> <span class='ocrx_word' id='word_1_1186' title='bbox 631 2968 796 3006; x_wconf 68' lang='lat' dir='ltr'>&amp;c.]JaSlat</span> <span class='ocrx_word' id='word_1_1187' title='bbox 807 2969 831 2997; x_wconf 84' lang='lat' dir='ltr'>se</span> <span class='ocrx_word' id='word_1_1188' title='bbox 841 2969 898 2996; x_wconf 86' lang='lat' dir='ltr'>heic</span> <span class='ocrx_word' id='word_1_1189' title='bbox 909 2970 985 2997; x_wconf 77' lang='lat' dir='ltr'>valde</span> <span class='ocrx_word' id='word_1_1190' title='bbox 997 2972 1079 3000; x_wconf 84' lang='lat' dir='ltr'>Lam-</span> 
     </span>
     <span class='ocr_line' id='line_1_137' title="bbox 117 3002 1078 3044; baseline 0.006 -15"><span class='ocrx_word' id='word_1_1191' title='bbox 117 3002 194 3029; x_wconf 80' lang='lat' dir='ltr'>binus</span> <span class='ocrx_word' id='word_1_1192' title='bbox 224 3011 314 3040; x_wconf 87' lang='lat' dir='ltr'>ropter</span> <span class='ocrx_word' id='word_1_1193' title='bbox 324 3003 452 3032; x_wconf 85' lang='lat' dir='ltr'>sublatam</span> <span class='ocrx_word' id='word_1_1194' title='bbox 464 3014 554 3032; x_wconf 86' lang='lat' dir='ltr'>vocem</span> <span class='ocrx_word' id='word_1_1195' title='bbox 563 3007 626 3032; x_wconf 69' lang='lat' dir='ltr'>sant</span> <span class='ocrx_word' id='word_1_1196' title='bbox 634 3017 641 3032; x_wconf 89' lang='grc'>.·</span> <span class='ocrx_word' id='word_1_1197' title='bbox 650 3015 709 3033; x_wconf 88' lang='lat' dir='ltr'>cum</span> <span class='ocrx_word' id='word_1_1198' title='bbox 721 3014 807 3033; x_wconf 84' lang='lat' dir='ltr'>tamen</span> <span class='ocrx_word' id='word_1_1199' title='bbox 819 3007 847 3032; x_wconf 76' lang='grc' dir='ltr'>δε</span> <span class='ocrx_word' id='word_1_1200' title='bbox 859 3006 995 3034; x_wconf 54' lang='lat' dir='ltr'>Victorius</span> <span class='ocrx_word' id='word_1_1201' title='bbox 1006 3009 1078 3044; x_wconf 86' lang='lat' dir='ltr'>prius</span> 
     </span>
     <span class='ocr_line' id='line_1_138' title="bbox 117 3011 1080 3078; baseline 0.008 -14"><span class='ocrx_word' id='word_1_1202' title='bbox 117 3011 233 3072; x_wconf 57' lang='lat' dir='ltr'>ejecissgt</span> <span class='ocrx_word' id='word_1_1203' title='bbox 248 3059 256 3072; x_wconf 96' lang='lat'>‚</span> <span class='ocrx_word' id='word_1_1204' title='bbox 274 3040 351 3075; x_wconf 85' lang='lat' dir='ltr'>eique</span> <span class='ocrx_word' id='word_1_1205' title='bbox 361 3039 486 3067; x_wconf 75' lang='lat' dir='ltr'>assensum</span> <span class='ocrx_word' id='word_1_1206' title='bbox 497 3041 666 3078; x_wconf 82' lang='lat' dir='ltr'>praebuiss&#39;ent</span> <span class='ocrx_word' id='word_1_1207' title='bbox 684 3043 713 3068; x_wconf 67' lang='grc' dir='ltr'>δε</span> <span class='ocrx_word' id='word_1_1208' title='bbox 724 3042 858 3070; x_wconf 84' lang='lat' dir='ltr'>sturmius</span> <span class='ocrx_word' id='word_1_1209' title='bbox 870 3043 899 3069; x_wconf 72' lang='grc' dir='ltr'>δε</span> <span class='ocrx_word' id='word_1_1210' title='bbox 909 3045 1080 3073; x_wconf 75' lang='lat' dir='ltr'>Camerarius</span> 
     </span>
     <span class='ocr_line' id='line_1_139' title="bbox 115 3074 797 3114; baseline 0.007 -13"><span class='ocrx_word' id='word_1_1211' title='bbox 115 3074 147 3101; x_wconf 56' lang='grc' dir='ltr'>ἃ</span> <span class='ocrx_word' id='word_1_1212' title='bbox 159 3075 223 3101; x_wconf 72' lang='lat' dir='ltr'>vero</span> <span class='ocrx_word' id='word_1_1213' title='bbox 234 3085 286 3102; x_wconf 88' lang='lat' dir='ltr'>uon</span> <span class='ocrx_word' id='word_1_1214' title='bbox 299 3075 394 3103; x_wconf 80' lang='lat' dir='ltr'>liabent</span> <span class='ocrx_word' id='word_1_1215' title='bbox 403 3086 461 3103; x_wconf 80' lang='lat' dir='ltr'>eam</span> <span class='ocrx_word' id='word_1_1216' title='bbox 473 3077 531 3104; x_wconf 85' lang='lat' dir='ltr'>Pal.</span> <span class='ocrx_word' id='word_1_1217' title='bbox 542 3087 584 3114; x_wconf 83' lang='lat' dir='ltr'>pr.</span> <span class='ocrx_word' id='word_1_1218' title='bbox 594 3085 641 3106; x_wconf 86' lang='lat' dir='ltr'>aut</span> <span class='ocrx_word' id='word_1_1219' title='bbox 649 3078 699 3105; x_wconf 82' lang='lat' dir='ltr'>sec.</span> <span class='ocrx_word' id='word_1_1220' title='bbox 710 3087 756 3106; x_wconf 90' lang='lat' dir='ltr'>aut</span> <span class='ocrx_word' id='word_1_1221' title='bbox 767 3079 797 3105; x_wconf 85' lang='lat' dir='ltr'>P.</span> 
     </span>
     <span class='ocr_line' id='line_1_140' title="bbox 174 3114 1078 3152; baseline 0.007 -15"><span class='ocrx_word' id='word_1_1222' title='bbox 174 3130 181 3137; x_wconf 89' lang='lat'>.</span> <span class='ocrx_word' id='word_1_1223' title='bbox 199 3114 345 3147; x_wconf 64' lang='lat' dir='ltr'>Mnimeqzte</span> <span class='ocrx_word' id='word_1_1224' title='bbox 363 3114 488 3146; x_wconf 82' lang='lat' dir='ltr'>respiciens</span> <span class='ocrx_word' id='word_1_1225' title='bbox 510 3115 653 3149; x_wconf 58' lang='lat' dir='ltr'>pariam]</span> <span class='ocrx_word' id='word_1_1226' title='bbox 683 3115 845 3142; x_wconf 84' lang='lat' dir='ltr'>Gulielmius</span> <span class='ocrx_word' id='word_1_1227' title='bbox 865 3116 932 3152; x_wconf 81' lang='lat' dir='ltr'>legit</span> <span class='ocrx_word' id='word_1_1228' title='bbox 956 3118 1078 3151; x_wconf 60' lang='lat' dir='ltr'>resipiens,</span> 
     </span>
     <span class='ocr_line' id='line_1_141' title="bbox 177 3148 1100 3191; baseline 0.011 -16"><span class='ocrx_word' id='word_1_1229' title='bbox 177 3155 227 3184; x_wconf 72' lang='lat' dir='ltr'>que</span> <span class='ocrx_word' id='word_1_1230' title='bbox 244 3148 363 3179; x_wconf 76' lang='lat' dir='ltr'>alludere</span> <span class='ocrx_word' id='word_1_1231' title='bbox 381 3148 415 3178; x_wconf 72' lang='lat' dir='ltr'>ad</span> <span class='ocrx_word' id='word_1_1232' title='bbox 425 3148 660 3188; x_wconf 77' lang='lat' dir='ltr'>melGargettium</span> <span class='ocrx_word' id='word_1_1233' title='bbox 673 3170 685 3187; x_wconf 76' lang='lat'>‚</span> <span class='ocrx_word' id='word_1_1234' title='bbox 699 3161 754 3183; x_wconf 79' lang='lat' dir='ltr'>non</span> <span class='ocrx_word' id='word_1_1235' title='bbox 772 3151 882 3183; x_wconf 64' lang='lat' dir='ltr'>adialea</span> <span class='ocrx_word' id='word_1_1236' title='bbox 893 3152 1002 3184; x_wconf 71' lang='lat' dir='ltr'>Atticos</span> <span class='ocrx_word' id='word_1_1237' title='bbox 1018 3172 1027 3190; x_wconf 90' lang='lat'><em>,</em></span> <span class='ocrx_word' id='word_1_1238' title='bbox 1049 3161 1080 3185; x_wconf 79' lang='lat' dir='ltr'>ut</span> <span class='ocrx_word' id='word_1_1239' title='bbox 1099 3183 1100 3191; x_wconf 65' lang='grc'>,</span> 
     </span>
    </p>
   </div>
   <div class='ocr_carea' id='block_1_15' title="bbox 1094 2664 1108 3177">
    <p class='ocr_par' dir='ltr' id='par_1_25' title="bbox 1094 2664 1108 3177">
     <span class='ocr_line' id='line_1_142' title="bbox 1094 2664 1108 3177; baseline 0 0"><span class='ocrx_word' id='word_1_1240' title='bbox 1094 2664 1108 3177; x_wconf 95' lang='lat' dir='ltr'> </span> 
     </span>
    </p>
   </div>
   <div class='ocr_carea' id='block_1_16' title="bbox 116 3110 174 3175">
    <p class='ocr_par' dir='ltr' id='par_1_26' title="bbox 116 3110 174 3175">
     <span class='ocr_line' id='line_1_143' title="bbox 116 3110 174 3175; baseline 0.017 -1"><span class='ocrx_word' id='word_1_1241' title='bbox 116 3110 174 3175; x_wconf 51' lang='lat' dir='ltr'>‘wit</span> 
     </span>
    </p>
   </div>
   <div class='ocr_carea' id='block_1_17' title="bbox 1119 2936 1659 2972">
    <p class='ocr_par' dir='ltr' id='par_1_27' title="bbox 1119 2936 1659 2972">
     <span class='ocr_line' id='line_1_144' title="bbox 1119 2936 1659 2972; baseline 0.002 -8"><span class='ocrx_word' id='word_1_1242' title='bbox 1119 2936 1282 2965; x_wconf 79' lang='lat' dir='ltr'>interserunt</span> <span class='ocrx_word' id='word_1_1243' title='bbox 1292 2939 1382 2964; x_wconf 82' lang='lat' dir='ltr'>orbium</span> <span class='ocrx_word' id='word_1_1244' title='bbox 1397 2947 1424 2964; x_wconf 90' lang='lat' dir='ltr'>v.</span> <span class='ocrx_word' id='word_1_1245' title='bbox 1436 2939 1561 2972; x_wconf 68' lang='lat' dir='ltr'>defefflbus</span> <span class='ocrx_word' id='word_1_1246' title='bbox 1570 2939 1599 2969; x_wconf 62' lang='grc' dir='ltr'>ὼ·</span> <span class='ocrx_word' id='word_1_1247' title='bbox 1609 2947 1659 2966; x_wconf 73' lang='grc' dir='ltr'>ωε.</span> 
     </span>
    </p>
   </div>
   <div class='ocr_carea' id='block_1_18' title="bbox 1118 2828 1483 2857">
    <p class='ocr_par' dir='ltr' id='par_1_28' title="bbox 1118 2828 1483 2857">
     <span class='ocr_line' id='line_1_145' title="bbox 1118 2828 1483 2857; baseline 0.003 -2"><span class='ocrx_word' id='word_1_1248' title='bbox 1118 2828 1264 2856; x_wconf 67' lang='lat' dir='ltr'>‘aestimabat</span> <span class='ocrx_word' id='word_1_1249' title='bbox 1275 2829 1359 2856; x_wconf 83' lang='lat' dir='ltr'>Mich.</span> <span class='ocrx_word' id='word_1_1250' title='bbox 1373 2830 1483 2857; x_wconf 85' lang='lat' dir='ltr'>Brutus.</span> 
     </span>
    </p>
   </div>
   <div class='ocr_carea' id='block_1_19' title="bbox 1120 2865 2087 3121">
    <p class='ocr_par' dir='ltr' id='par_1_29' title="bbox 1120 2865 2087 3038">
     <span class='ocr_line' id='line_1_146' title="bbox 1155 2865 2086 2903; baseline 0.008 -13"><span class='ocrx_word' id='word_1_1251' title='bbox 1155 2872 1183 2898; x_wconf 90' lang='lat'>4.</span> <span class='ocrx_word' id='word_1_1252' title='bbox 1204 2867 1300 2891; x_wconf 81' lang='lat' dir='ltr'>Orbium</span> <span class='ocrx_word' id='word_1_1253' title='bbox 1327 2875 1343 2892; x_wconf 89' lang='lat' dir='ltr'>v</span> <span class='ocrx_word' id='word_1_1254' title='bbox 1364 2865 1393 2896; x_wconf 66' lang='grc' dir='ltr'>ἐγ</span> <span class='ocrx_word' id='word_1_1255' title='bbox 1412 2875 1452 2893; x_wconf 74' lang='grc' dir='ltr'>ω(</span> <span class='ocrx_word' id='word_1_1256' title='bbox 1471 2867 1571 2899; x_wconf 15' lang='lat' dir='ltr'>&lt;ly-*ccc</span> <span class='ocrx_word' id='word_1_1257' title='bbox 1581 2866 1647 2900; x_wconf 49' lang='grc' dir='ltr'>εἴη]</span> <span class='ocrx_word' id='word_1_1258' title='bbox 1668 2866 1711 2893; x_wconf 83' lang='lat' dir='ltr'>Ita</span> <span class='ocrx_word' id='word_1_1259' title='bbox 1730 2865 1838 2903; x_wconf 84' lang='lat' dir='ltr'>quidem</span> <span class='ocrx_word' id='word_1_1260' title='bbox 1858 2867 2022 2902; x_wconf 79' lang='lat' dir='ltr'>Lambinus,</span> <span class='ocrx_word' id='word_1_1261' title='bbox 2036 2878 2086 2897; x_wconf 77' lang='lat' dir='ltr'>ne·-</span> 
     </span>
     <span class='ocr_line' id='line_1_147' title="bbox 1120 2901 2085 2942; baseline 0.006 -15"><span class='ocrx_word' id='word_1_1262' title='bbox 1120 2909 1172 2937; x_wconf 85' lang='lat' dir='ltr'>quc</span> <span class='ocrx_word' id='word_1_1263' title='bbox 1190 2901 1245 2929; x_wconf 84' lang='lat' dir='ltr'>abit</span> <span class='ocrx_word' id='word_1_1264' title='bbox 1263 2902 1320 2928; x_wconf 84' lang='lat' dir='ltr'>Pal.</span> <span class='ocrx_word' id='word_1_1265' title='bbox 1342 2909 1406 2928; x_wconf 89' lang='lat' dir='ltr'>tert.</span> <span class='ocrx_word' id='word_1_1266' title='bbox 1427 2902 1469 2928; x_wconf 82' lang='lat' dir='ltr'>ied</span> <span class='ocrx_word' id='word_1_1267' title='bbox 1490 2911 1530 2937; x_wconf 88' lang='lat' dir='ltr'>pr.</span> <span class='ocrx_word' id='word_1_1268' title='bbox 1543 2910 1630 2929; x_wconf 80' lang='lat' dir='ltr'>tamen</span> <span class='ocrx_word' id='word_1_1269' title='bbox 1641 2911 1670 2929; x_wconf 86' lang='lat' dir='ltr'>ac</span> <span class='ocrx_word' id='word_1_1270' title='bbox 1679 2902 1729 2929; x_wconf 87' lang='lat' dir='ltr'>sec.</span> <span class='ocrx_word' id='word_1_1271' title='bbox 1741 2903 1959 2941; x_wconf 80' lang='lat' dir='ltr'>vetustatelonge</span> <span class='ocrx_word' id='word_1_1272' title='bbox 1969 2906 2085 2942; x_wconf 79' lang='lat' dir='ltr'>priores,</span> 
     </span>
     <span class='ocr_line' id='line_1_148' title="bbox 1679 2938 2087 2976; baseline 0.015 -11"><span class='ocrx_word' id='word_1_1273' title='bbox 1679 2938 1750 2976; x_wconf 87' lang='lat' dir='ltr'>quod</span> <span class='ocrx_word' id='word_1_1274' title='bbox 1761 2940 1789 2966; x_wconf 75' lang='grc' dir='ltr'>δε</span> <span class='ocrx_word' id='word_1_1275' title='bbox 1806 2941 1832 2967; x_wconf 90' lang='lat' dir='ltr'>in</span> <span class='ocrx_word' id='word_1_1276' title='bbox 1845 2940 1904 2968; x_wconf 77' lang='lat' dir='ltr'>aliis</span> <span class='ocrx_word' id='word_1_1277' title='bbox 1923 2940 1985 2969; x_wconf 87' lang='lat' dir='ltr'>edd.</span> <span class='ocrx_word' id='word_1_1278' title='bbox 1996 2943 2087 2975; x_wconf 77' lang='lat' dir='ltr'>omni-</span> 
     </span>
     <span class='ocr_line' id='line_1_149' title="bbox 1120 2973 2086 3010; baseline 0.007 -10"><span class='ocrx_word' id='word_1_1279' title='bbox 1120 2973 1167 3001; x_wconf 81' lang='lat' dir='ltr'>bus</span> <span class='ocrx_word' id='word_1_1280' title='bbox 1181 2983 1189 3005; x_wconf 68' lang='lat'>5</span> <span class='ocrx_word' id='word_1_1281' title='bbox 1211 2974 1257 3001; x_wconf 78' lang='lat' dir='ltr'>nisi</span> <span class='ocrx_word' id='word_1_1282' title='bbox 1269 2974 1340 3010; x_wconf 83' lang='lat' dir='ltr'>quod</span> <span class='ocrx_word' id='word_1_1283' title='bbox 1352 2974 1412 3001; x_wconf 86' lang='lat' dir='ltr'>loco</span> <span class='ocrx_word' id='word_1_1284' title='bbox 1420 2975 1546 3010; x_wconf 65' lang='lat' dir='ltr'>dessflihus</span> <span class='ocrx_word' id='word_1_1285' title='bbox 1557 2994 1566 3008; x_wconf 90' lang='lat'>,</span> <span class='ocrx_word' id='word_1_1286' title='bbox 1585 2974 1749 3004; x_wconf 84' lang='lat' dir='ltr'>substituerit</span> <span class='ocrx_word' id='word_1_1287' title='bbox 1766 2976 1847 3004; x_wconf 73' lang='lat' dir='ltr'>diebus</span> <span class='ocrx_word' id='word_1_1288' title='bbox 1865 2986 1900 3005; x_wconf 79' lang='lat' dir='ltr'>eit</span> <span class='ocrx_word' id='word_1_1289' title='bbox 1912 2979 2001 3006; x_wconf 76' lang='lat' dir='ltr'>veteri·</span> <span class='ocrx_word' id='word_1_1290' title='bbox 2014 2978 2086 3008; x_wconf 78' lang='lat' dir='ltr'>libro</span> 
     </span>
     <span class='ocr_line' id='line_1_150' title="bbox 1120 3010 1991 3038; baseline 0.003 0"><span class='ocrx_word' id='word_1_1291' title='bbox 1120 3011 1151 3038; x_wconf 88' lang='lat' dir='ltr'>P.</span> <span class='ocrx_word' id='word_1_1292' title='bbox 1166 3010 1314 3037; x_wconf 78' lang='lat' dir='ltr'>Manutius.</span> <span class='ocrx_word' id='word_1_1293' title='bbox 1989 3020 1991 3022; x_wconf 81' lang='grc'><em>“</em></span> 
     </span>
    </p>

    <p class='ocr_par' dir='ltr' id='par_1_30' title="bbox 1120 3047 2087 3121">
     <span class='ocr_line' id='line_1_151' title="bbox 1159 3047 2087 3082; baseline 0.005 -9"><span class='ocrx_word' id='word_1_1294' title='bbox 1159 3055 1185 3080; x_wconf 91' lang='lat'>5.</span> <span class='ocrx_word' id='word_1_1295' title='bbox 1205 3047 1260 3078; x_wconf 58' lang='lat' dir='ltr'>91ae</span> <span class='ocrx_word' id='word_1_1296' title='bbox 1269 3054 1318 3072; x_wconf 83' lang='lat' dir='ltr'>ium</span> <span class='ocrx_word' id='word_1_1297' title='bbox 1329 3048 1363 3072; x_wconf 65' lang='lat' dir='ltr'>cfr*</span> <span class='ocrx_word' id='word_1_1298' title='bbox 1371 3047 1518 3080; x_wconf 71' lang='lat' dir='ltr'>aequilonarie</span> <span class='ocrx_word' id='word_1_1299' title='bbox 1527 3055 1577 3074; x_wconf 82' lang='lat' dir='ltr'>mm</span> <span class='ocrx_word' id='word_1_1300' title='bbox 1589 3048 1713 3082; x_wconf 74' lang='lat' dir='ltr'>australis.</span> <span class='ocrx_word' id='word_1_1301' title='bbox 1735 3049 1837 3077; x_wconf 81' lang='lat' dir='ltr'>Omnes</span> <span class='ocrx_word' id='word_1_1302' title='bbox 1848 3049 1907 3076; x_wconf 83' lang='lat' dir='ltr'>heic</span> <span class='ocrx_word' id='word_1_1303' title='bbox 1917 3056 2017 3078; x_wconf 70' lang='lat' dir='ltr'>tacent.</span> <span class='ocrx_word' id='word_1_1304' title='bbox 2038 3059 2087 3078; x_wconf 82' lang='lat' dir='ltr'>ve-</span> 
     </span>
     <span class='ocr_line' id='line_1_152' title="bbox 1120 3082 2087 3121; baseline 0.005 -13"><span class='ocrx_word' id='word_1_1305' title='bbox 1120 3083 1181 3108; x_wconf 81' lang='lat' dir='ltr'>rum</span> <span class='ocrx_word' id='word_1_1306' title='bbox 1194 3082 1262 3109; x_wconf 79' lang='lat' dir='ltr'>Pau.</span> <span class='ocrx_word' id='word_1_1307' title='bbox 1274 3082 1385 3109; x_wconf 85' lang='lat' dir='ltr'>nimium</span> <span class='ocrx_word' id='word_1_1308' title='bbox 1399 3083 1526 3111; x_wconf 81' lang='lat' dir='ltr'>vocaliter</span> <span class='ocrx_word' id='word_1_1309' title='bbox 1537 3084 1653 3112; x_wconf 87' lang='lat' dir='ltr'>clamant</span> <span class='ocrx_word' id='word_1_1310' title='bbox 1672 3084 1766 3112; x_wconf 87' lang='lat' dir='ltr'>habete</span> <span class='ocrx_word' id='word_1_1311' title='bbox 1776 3085 1801 3113; x_wconf 87' lang='lat' dir='ltr'>se</span> <span class='ocrx_word' id='word_1_1312' title='bbox 1813 3105 1822 3118; x_wconf 91' lang='lat'>‚</span> <span class='ocrx_word' id='word_1_1313' title='bbox 1840 3087 1964 3121; x_wconf 60' lang='lat' dir='ltr'>aquilona</span> <span class='ocrx_word' id='word_1_1314' title='bbox 1982 3093 2025 3113; x_wconf 74' lang='lat' dir='ltr'>aut</span> <span class='ocrx_word' id='word_1_1315' title='bbox 2036 3096 2087 3113; x_wconf 83' lang='lat' dir='ltr'>au-</span> 
     </span>
    </p>
   </div>
   <div class='ocr_carea' id='block_1_20' title="bbox 1112 3118 2085 3160">
    <p class='ocr_par' dir='ltr' id='par_1_31' title="bbox 1112 3118 2085 3160">
     <span class='ocr_line' id='line_1_153' title="bbox 1112 3118 2085 3160; baseline 0.008 -18"><span class='ocrx_word' id='word_1_1316' title='bbox 1112 3118 1207 3151; x_wconf 67' lang='lat' dir='ltr'>straliae.</span> <span class='ocrx_word' id='word_1_1317' title='bbox 1228 3127 1286 3154; x_wconf 78' lang='lat' dir='ltr'>quoe</span> <span class='ocrx_word' id='word_1_1318' title='bbox 1305 3119 1448 3150; x_wconf 75' lang='lat' dir='ltr'>concordia</span> <span class='ocrx_word' id='word_1_1319' title='bbox 1464 3119 1591 3159; x_wconf 61' lang='lat' dir='ltr'>profesto</span> <span class='ocrx_word' id='word_1_1320' title='bbox 1614 3121 1756 3153; x_wconf 75' lang='lat' dir='ltr'>temeraria</span> <span class='ocrx_word' id='word_1_1321' title='bbox 1774 3132 1827 3152; x_wconf 85' lang='lat' dir='ltr'>tion</span> <span class='ocrx_word' id='word_1_1322' title='bbox 1837 3123 1886 3153; x_wconf 79' lang='lat' dir='ltr'>est.</span> <span class='ocrx_word' id='word_1_1323' title='bbox 1905 3123 2042 3160; x_wconf 70' lang='lat' dir='ltr'>inquirant</span> <span class='ocrx_word' id='word_1_1324' title='bbox 2052 3123 2085 3150; x_wconf 72' lang='lat' dir='ltr'>in:</span> 
     </span>
    </p>
   </div>
   <div class='ocr_carea' id='block_1_21' title="bbox 1119 3154 2087 3223">
    <p class='ocr_par' dir='ltr' id='par_1_32' title="bbox 1119 3154 2087 3223">
     <span class='ocr_line' id='line_1_154' title="bbox 1119 3154 1342 3186; baseline 0.013 -3"><span class='ocrx_word' id='word_1_1325' title='bbox 1119 3163 1176 3185; x_wconf 80' lang='lat' dir='ltr'>eam</span> <span class='ocrx_word' id='word_1_1326' title='bbox 1194 3154 1342 3186; x_wconf 69' lang='lat' dir='ltr'>otiosiores.</span> 
     </span>
     <span class='ocr_line' id='line_1_155' title="bbox 1954 3194 2087 3223; baseline 0 -2"><span class='ocrx_word' id='word_1_1327' title='bbox 1954 3202 1978 3223; x_wconf 81' lang='lat'>1.</span> <span class='ocrx_word' id='word_1_1328' title='bbox 1989 3194 2018 3221; x_wconf 75' lang='lat' dir='ltr'>Vc:</span> <span class='ocrx_word' id='word_1_1329' title='bbox 2046 3202 2087 3221; x_wconf 64' lang='lat' dir='ltr'>m—</span> 
     </span>
    </p>
   </div>
  </div>
 </body>
</html>
