2297 3389
653 127 922 172 OnArro
980 116 1102 172 pizo
1159 126 1216 173 A.
1249 126 1547 175 CAEciniu

82 172 131 191 *Q

121 210 196 252 quid
205 210 274 243 inde
285 206 399 241 haurias
409 209 418 242 ,'
428 214 537 248 purum
549 225 557 241 ‚
569 205 780 247 liquidumque
791 214 819 236 te
830 206 944 236 haurire
955 205 1072 236 sentias.

122 256 220 295 Qare
229 260 418 293 permagnam
430 251 515 279 initis
524 248 540 278 a
551 249 642 279 nobis
652 249 773 289 gratiam
789 268 798 280 ,
827 251 837 266 ¹
849 247 921 277 curn
935 256 1004 276 eum
1019 257 1070 276 au—

121 294 236 324 &orem
248 293 351 324 nostrae
363 289 542 321 defenfionis
553 289 609 320 esse
619 289 735 320 dicitis:
756 288 836 319 Illud
848 297 947 318 autem
963 291 1069 320 miror,

119 345 235 366 curvos
244 334 357 375 aliquid
366 341 470 363 contra
480 341 529 361 me
538 332 646 361 sentire
656 331 760 361 dicatis
770 350 778 363 ‚
803 328 874 359 cum
885 338 956 358 eum
967 327 1072 358 aueto-

117 386 183 407 rem
194 386 247 407 vos
255 386 310 416 pro
322 384 371 404 me
390 373 542 413 appelletis
553 385 562 407 ·,
584 372 720 403 nostruin
745 372 924 413 nominetis.
949 379 1071 399 verum-

117 426 218 448 tamen
235 416 308 458 quid
323 418 364 446 ait
375 414 429 445 iste
448 414 550 444 noster
567 413 691 445 autitor?
707 418 721 433 ²
733 412 886 443 Omnibus
895 432 904 445 ‚
922 410 1070 452 quidquid

49 471 72 496 2
77 464 94 497 8
117 459 213 489 verbis
222 457 322 488 ac'turn
335 476 342 491 ,
362 457 651 497 pronuntiatumque
668 454 702 486 fit
712 475 720 489 ‚
746 459 758 482 3
769 454 923 484 convenit.
956 455 1019 492 Ego
1032 461 1070 481 cx

114 499 173 530 isto
180 509 287 541 genere
296 499 503 529 consultorum
515 508 579 528 non
588 498 770 529 nominem,
789 505 819 526 ut
830 496 958 535 opinor,
977 493 1068 524 istum

111 541 212 581 ipsum
223 561 231 575 ‚
246 545 333 581 4quo
343 549 399 570 nos
408 539 529 569 austore
540 550 604 570 rem
615 539 703 570 istam
714 549 808 580 agere,
820 537 852 567 &
861 534 1067 582 defensionem

110 582 202 612 causae
211 582 392 612 constituere
400 591 455 611 vos
466 581 576 611 dicitis.
591 582 642 622 qui
653 580 724 611 cum
735 579 822 610 istam
833 579 1067 620 disputationem

110 633 234 653 mecum
252 622 398 665 ingressus
416 621 486 653 css'et
495 644 503 657 ‚
525 633 588 653 non
597 621 679 663 posse
688 622 805 662 probari
815 629 998 661 quemquam
1008 617 1066 647 elle

110 664 274 703 dejecffum,
287 664 342 695 nisi
353 675 391 694 ex
401 675 437 694 eo
448 665 516 695 loco
528 685 536 698 ‚
548 666 581 694 in
590 674 651 705 quo
660 662 778 693 fuiffet:
798 672 862 692 rem
875 681 883 695 ‚
905 661 936 690 δε
948 661 1066 706 sentcnss

110 707 185 736 tiam
196 706 348 736 interditffi
360 717 481 736 mecum
498 706 592 736 facere
602 705 761 736 fatebatur:
780 703 873 733 verbo
884 712 933 732 me
944 700 1066 749 excludi

110 747 244 777 dicebat:
263 748 278 778 a
289 748 382 778 verbo
390 757 488 778 autem
498 746 579 788 pofl'e
589 746 688 777 recedi
699 756 762 776 non
771 745 968 775 arbitrabatur.
992 752 1064 772 cum

108 790 258 829 exemplis
277 799 374 820 uterer
389 790 512 823 multis,
536 793 549 817 5
559 790 649 818 etiam
659 789 710 817 illa
719 790 839 817 materia
850 786 1012 826 aequitatis>
1030 782 1065 812 ab
1088 825 1090 830 .

108 829 190 860 verbo
201 831 235 863 <sy-
245 830 398 871 abscripto,
410 831 549 869 plurimis
560 831 631 870 saepe
641 831 673 859 in
684 830 780 862 rebus,
792 829 851 868 jus,
865 829 896 857 &c
907 829 995 871 requi,
1008 826 1064 855 bo-

107 873 202 914 nique
212 874 360 903 rationem
369 871 426 902 ess‘e
437 871 600 908 seiunCtim
612 883 618 900 :
639 872 812 911 semperque
821 869 851 899 id
863 867 985 899 valuiflc
993 868 1061 907 plu-

106 915 168 944 rim
175 914 237 948 um,
248 915 328 955 quod
338 915 373 943 in
383 914 410 943 se
420 913 603 944 annositatis
616 911 769 946 habuisset,
782 911 983 952 aequitatisque
994 908 1061 949 plu-

106 956 224 986 rimum
238 967 243 984 :
263 956 431 986 consolatus
445 954 488 985 est
497 965 546 984 me
560 976 568 988 ‚
589 955 622 985 ὃς
635 954 782 987 ostendit,
803 955 836 982 in
852 954 904 982 liae
914 951 1064 995 ipiiicausa

106 995 254 1027 nihileffe
265 1017 274 1030 ‚
293 995 375 1038 quod
389 996 564 1027 laborarem.
587 1006 660 1026 nam
670 996 757 1026 verba
768 995 829 1035 ipsa
842 992 1008 1034 sponsionis
1018 998 1062 1022 ia-

107 1048 174 1069 cere
184 1048 305 1068 mecum
316 1059 324 1072 ‚
337 1037 357 1067 si
367 1039 478 1068 vellem
487 1038 645 1079 diligenter
655 1037 815 1068 attendere.
840 1039 982 1075 Qonam
994 1054 1001 1067 2
1015 1035 1062 1063 in-

107 1090 197 1120 quam
209 1100 222 1113 ,
238 1079 353 1110 modo?
372 1082 450 1121 Qia
457 1080 535 1110 certe
547 1100 557 1113 ,
571 1081 671 1120 inquit
681 1101 688 1112 ,
701 1078 834 1117 dejectus
843 1078 885 1107 cst
894 1078 1009 1106 Caecina
1019 1077 1061 1109 vi,

105 1122 288 1151 hominibus
307 1124 428 1152 armatis
437 1141 446 1155 ‚
465 1122 567 1162 aliquo
586 1131 624 1151 ex
643 1122 711 1151 loco
725 1132 737 1150 ;>
753 1119 774 1149 si
793 1129 857 1150 non
876 1129 914 1149 ex
932 1128 968 1148 eo
980 1118 1059 1163 loco,

106 1173 198 1203 quem
217 1165 252 1192 in
269 1163 372 1193 locum
385 1165 489 1194 venire
500 1164 616 1197 volum
637 1172 665 1193 at
674 1173 712 1193 ex
722 1173 758 1192 eo
769 1161 846 1192 certe
857 1183 864 1194 ‚
885 1159 1061 1205 uiideprugit.

106 1204 189 1244 Qid
202 1207 290 1234 tum?
308 1214 432 1244 praetor,
445 1207 546 1245 inquit
556 1225 564 1238 ‚
578 1205 753 1237 interdixit,
770 1213 800 1233 ut
811 1224 819 1237 ‚
836 1203 916 1233 unde
929 1200 1062 1246 dejectus

106 1244 196 1279 esset,
216 1245 254 1276 eb
272 1246 474 1277 restitueretur
485 1267 493 1279 ‚
512 1247 569 1276 hoc
580 1245 622 1277 cst
632 1266 640 1279 ‚
658 1249 842 1286 quicumque
854 1245 970 1274 islocus
981 1241 1061 1275 estet,

105 1287 189 1318 unde
199 1287 333 1326 dejedffis
344 1287 423 1318 effet.
442 1288 583 1318 AEbutius
593 1297 704 1321 autem,
715 1289 768 1328 qui
777 1287 893 1319 fatetur,
905 1286 1007 1324 aliquo
1021 1293 1059 1313 ex

105 1328 176 1359 loco
195 1328 348 1369 dejeeium
367 1328 424 1359 effe
440 1331 607 1362 Caecinam,
629 1331 653 1358 is
665 1349 674 1362 ‚
693 1339 754 1370 quo
765 1328 859 1358 modo
870 1328 897 1357 se
906 1323 1062 1356 restituisse

104 1370 197 1403 dixit,
209 1370 322 1400 necess‘e
330 1370 373 1401 est
384 1371 461 1400 male
470 1370 574 1401 fecerit
583 1370 785 1410 sponsionem.
812 1369 892 1411 Qd
904 1367 956 1402 est,
971 1368 1038 1397 Piso
1052 1369 1062 1395 ?

103 1412 201 1452 placet
209 1412 264 1441 tibi
273 1412 509 1453 pugnarcvcrbis
521 1416 532 1441 ?
550 1413 647 1452 placet
655 1412 772 1442 causam
785 1412 857 1447 iuris
867 1431 874 1444 ‚
896 1411 928 1440 &
937 1411 1061 1449 aequita-

103 1455 144 1484 tis
154 1472 162 1486 ,
184 1453 216 1482 &
227 1463 291 1483 non
300 1453 408 1484 nostrae
415 1452 600 1494 pofl'effionis
611 1474 620 1487 ‚
642 1454 691 1484 sed
701 1454 833 1483 omnino
843 1450 1058 1492 poss'ess'ionum

104 1496 260 1527 omnium,
271 1494 451 1525 constituere
460 1497 493 1525 i'n
503 1496 616 1526 verbo?
633 1499 709 1537 Ego,
719 1494 802 1536 quod
813 1495 889 1524 mihi
899 1493 1058 1525 videretur,

102 1535 185 1577 quod
194 1535 210 1566 a
219 1537 384 1576 majoribus
391 1536 569 1571 faffitatum,
584 1538 667 1579 quod
676 1539 787 1567 horum
796 1535 983 1568 auctoritate,
992 1536 1059 1575 qui-

103 1578 160 1609 bus
167 1578 365 1618 judicandum
377 1578 429 1612 est,
440 1578 661 1620 dignuin-effer:
683 1578 800 1609 ostendi
812 1599 820 1611 ‚
835 1578 865 1608 id
878 1587 982 1607 verum
994 1597 1003 1609 ‚
1027 1575 1057 1605 id

102 1630 236 1660 aequum,
248 1619 278 1649 id
289 1621 362 1650 utile
373 1621 517 1651 omnibus
528 1620 598 1654 effe,
609 1621 742 1661 specstari,
753 1631 808 1660 quo
820 1619 927 1660 cwifii'io
938 1639 945 1652 ,
959 1619 992 1648 <Sc
1001 1627 1059 1658 qua

103 1662 260 1695 sententia,
272 1671 350 1696 non,
359 1663 466 1703 quibus
475 1663 608 1704 quidque
618 1663 716 1693 verbis
726 1661 798 1692 ess‘et
809 1661 920 1692 aestum.
944 1664 995 1691 Tu
1006 1670 1056 1689 me

101 1702 275 1733 adverbum
286 1707 396 1734 vocas?
413 1705 557 1738 nonant&
574 1706 666 1735 venio
677 1725 685 1738 ‚
705 1703 796 1745 quam
813 1703 956 1733 recusaro.
979 1712 1057 1743 nego

101 1753 242 1784 oponere
254 1765 263 1778 ,
274 1755 351 1787 nego
361 1746 492 1776 obtineri
503 1745 585 1786 poss'e
597 1767 605 1781 ‚
627 1756 704 1788 nego
714 1747 807 1776 ullam
817 1755 882 1775 rem
897 1743 954 1774 esse
965 1764 973 1778 ‚
993 1753 1058 1784 quae

99 1795 153 1816 aut
165 1787 381 1825 comprehendi
390 1788 457 1818 satis
468 1808 478 1821 ,
490 1791 643 1819 autcavei·i
654 1809 662 1822 ‚
682 1797 733 1818 aut
742 1789 839 1827 excipi
849 1784 954 1826 possit,
975 1784 996 1814 fi
1009 1794 1058 1815 aut

102 1829 252 1867 praeterito
261 1828 362 1869 aliquo
373 1829 477 1863 verbo,
487 1839 536 1860 aut
545 1830 686 1871 ambigue
696 1828 801 1869 posito,
813 1829 970 1860 sententia,
983 1827 1015 1857 &
1026 1838 1056 1857 re

101 1872 232 1909 cognita,
244 1879 309 1899 non
317 1870 358 1903 id,
367 1870 447 1911 quod
458 1872 645 1913 intelligitus,
658 1871 758 1904 sediti,
771 1869 850 1911 quod
863 1870 972 1900 dicitur
981 1888 989 1902 ,
1005 1879 1056 1899 va—

31 1916 58 1950 '2
60 1925 84 1959 9
104 1909 188 1940 lebit.
222 1913 375 1949 Qoniam
385 1913 450 1941 satis
460 1913 591 1943 recusavi
604 1924 608 1942 :
622 1915 713 1942 venio
721 1914 783 1952 jam
794 1911 856 1952 quo
867 1921 963 1941 vocas.
974 1921 1056 1951 qute-

100 1962 137 1983 ro
148 1952 183 1981 ab
193 1960 232 1985 te,
244 1951 338 1982 simne
344 1953 474 1992 dejeEms
483 1974 492 1987 ‚
508 1964 571 1983 non
582 1954 617 1984 de
628 1955 805 1984 Fulciniano
815 1952 912 1982 fundo
926 1963 931 1980 :
948 1951 1056 1992 (neque

101 1994 186 2024 enim
197 2002 318 2033 praetor,
335 1992 355 2023 si
369 2004 406 2023 ex
415 2005 451 2024 eo
461 1994 557 2024 fundo
568 1994 659 2034 efferri
671 1994 804 2031 deiectus
814 2014 823 2027 ‚
834 1996 874 2023 ita
883 2004 933 2023 me
942 1992 1056 2022 restitui

97 2033 198 2076 juffit:
218 2034 267 2064 sed
279 2033 317 2065 eo
326 2055 334 2068 ‚
355 2036 433 2066 unde
443 2035 576 2075 dejeSffis
587 2035 690 2074 efferii)
704 2037 768 2066 sum
779 2046 816 2065 ex
825 2037 970 2075 proximo
979 2036 1055 2064 vici-

100 2078 134 2107 ni
147 2075 244 2106 fundo
256 2076 388 2115 dejeems
399 2097 407 2111 ,
427 2078 483 2118 qua
493 2078 612 2108 adibam
627 2078 662 2108 ad
673 2077 763 2108 istum
774 2076 904 2107 fundum
918 2087 922 2104 :
942 2076 1007 2106 sum
1018 2076 1055 2106 de

101 2119 168 2148 via:
190 2118 254 2147 sum
268 2118 345 2148 certe
354 2119 492 2149 alicunde
507 2139 516 2153 ,
536 2118 594 2149 sive
605 2119 641 2149 de
651 2123 764 2160 privato
777 2139 784 2151 ‚
807 2117 864 2148 sive
875 2118 911 2147 de
921 2117 1053 2157 publico.

99 2157 140 2189 cb
158 2158 272 2189 restitui
287 2160 353 2189 sum
368 2159 472 2199 jussus.
495 2160 651 2191 restituisse
671 2170 697 2191 te
708 2160 821 2190 dixisti.
845 2157 946 2200 ⁶nego
956 2169 1004 2189 me
1014 2169 1054 2189 ex

99 2200 220 2231 decreto
235 2202 369 2240 praetoris
387 2201 556 2232 restitutum
575 2201 643 2232 effe.
669 2202 750 2242 Qid
769 2201 804 2231 ad
822 2202 885 2231 haec
901 2202 1050 2230 dicimus?

97 2251 150 2272 aut
160 2250 224 2275 tuo,
234 2242 491 2283 quemadmodum
502 2244 619 2278 dicitur,
629 2243 729 2284 gladio
741 2254 746 2272 :
766 2252 815 2272 aut
824 2242 934 2276 nostro,
947 2241 1050 2271 defen-

99 2281 143 2313 fio
154 2282 400 2318 tuacohficiatur‚
419 2284 532 2315 necesse
542 2284 593 2315 est.
623 2287 654 2315 Si
663 2285 698 2315 ad
709 2283 861 2314 interdicti
872 2285 1050 2314 sententiam

97 2324 237 2367 confugis
247 2345 256 2358 ,
273 2325 306 2355 &
315 2345 324 2359 ‚
344 2326 381 2355 de
392 2336 452 2366 quo
462 2325 559 2356 fundo
569 2326 668 2357 :ictum
680 2325 712 2356 sit
722 2336 786 2356 tum
800 2347 807 2359 ‚
827 2324 899 2356 cum
911 2325 1051 2355 AEbutius

94 2366 248 2397 :restituere
252 2367 264 2406 j
269 2367 422 2402 ubebatur,
433 2367 465 2397 id
476 2368 670 2409 quaerendum
680 2366 736 2398 effe
747 2368 822 2398 dicis
833 2388 840 2401 ,
853 2377 950 2408 neque
960 2368 1052 2407 aequi-

94 2416 187 2438 tatem
197 2411 239 2438 rei
249 2428 265 2441 ‚,
280 2407 358 2437 verbi
367 2410 464 2450 laqueo
474 2412 538 2449 capi
547 2419 632 2450 putas
642 2420 790 2449 oportere:
812 2411 844 2438 in
852 2412 929 2438 meis
937 2408 1048 2442 castris,

92 2448 290 2491 praefidiisque
308 2451 439 2481 versaris.
463 2461 529 2481 mea
540 2471 549 2485 ,
571 2462 637 2481 mea
647 2451 750 2481 cstista
763 2449 913 2481 defensio:
928 2461 983 2491 ego
994 2451 1052 2480 hoc

93 2490 260 2521 vociferor:
276 2501 332 2532 ego
342 2494 462 2522 omneis
473 2493 626 2526 homines,
637 2493 768 2533 deosque
779 2492 868 2522 testor
877 2511 884 2525 ‚
901 2492 971 2522 curn
986 2502 1050 2522 nia-

88 2531 173 2572 jores
183 2535 247 2562 vim
258 2542 398 2564 armatam
409 2534 574 2574 nullajuris
584 2533 757 2564 defensione
768 2536 907 2567 texerint,
923 2544 986 2563 non
997 2543 1050 2563 vc-

91 2572 215 2615 stigium
224 2575 303 2614 ejus,
322 2577 373 2614 qui
384 2574 518 2614 dejectus
530 2575 581 2606 sit:
602 2576 650 2606 sed
660 2575 773 2606 fac'tum
785 2576 865 2604 illius
880 2596 888 2608 ,
909 2575 1050 2615 quidese-

89 2618 182 2648 terit,
205 2617 238 2645 in
250 2615 396 2652 judicium
408 2619 510 2647 venire
525 2628 530 2646 :
548 2617 700 2655 dejeeium
711 2615 768 2647 effe
780 2637 788 2650 ‚
812 2619 862 2657 qui
873 2616 989 2657 fugatus
1001 2615 1048 2646 sit:
1069 2647 1071 2653 .

88 2658 155 2686 vim
166 2655 223 2687 ess'e
231 2656 341 2689 factam
352 2677 362 2692 ,
372 2660 421 2689 cui
429 2659 599 2699 periculum
606 2661 715 2690 mortis
725 2657 760 2689 fit
769 2657 929 2699 injeEluim.
952 2657 1047 2688 Istum

124 2823 148 2841 1.
167 2815 225 2841 &tm
234 2825 285 2841 eum
295 2817 411 2842 auli‘urem
419 2818 497 2850 nissrae
505 2817 643 2851 defensionis,
654 2818 720 2852 ἀι]
733 2818 797 2844 Νοη
807 2816 858 2843 abii
872 2818 886 2844 ἐι
897 2816 1002 2853 scripta,
1014 2817 1041 2843 Sc

84 2848 151 2876 olim
160 2850 300 2886 impreffis.
531 2884 533 2887 v

120 2894 149 2912 2.
168 2888 279 2912 Omnibur
288 2888 405 2921 quidquid
411 2888 492 2914 verbis
502 2889 606 2922 affirm]
622 2889 666 2914 Pal
673 2909 678 2914 .
689 2889 736 2914 ille
746 2887 883 2920 secundus,
893 2889 1005 2923 quidque.

119 2929 148 2954 3.
167 2924 290 2948 Con-unit.
309 2926 354 2956 Ego
372 2933 401 2949 ex
416 2926 455 2956 isto
469 2934 551 2957 genere
570 2926 775 2958 confidtorumnon
784 2925 921 2958 nominem]
944 2924 1041 2950 Lectio

83 2956 152 2983 miri:
169 2956 289 2984 distorta.
310 2958 376 2985 nihil
397 2967 484 2985 tamen
506 2960 645 2987 medentur
664 2961 766 2992 nostri,
794 2961 840 2986 nili
863 2959 933 2996 quod
954 2960 1040 2986 I‘alat.

83 2991 189 3019 secund.
208 3003 252 3019 non
269 2998 380 3019 neminem
398 2997 465 3026 istum
481 2996 555 3027 ipfiaem
573 3003 600 3020 ut
617 2999 704 3028 opiner.
733 2997 764 3022 P.
777 2997 914 3022 Manutius
933 2995 1018 3023 edidit
1030 3015 1037 3028 ‚

80 3031 180 3086 40πῖσωὶ
189 3037 223 3062 ego
241 3036 272 3056 ex
282 3032 325 3067 >isto
338 3039 418 3063 genere
429 3032 580 3064 consultorum
598 3042 642 3058 non
660 3035 781 3058 neminem.
806 3031 892 3059 nescio
901 3041 932 3059 an
945 3032 1040 3059 melius

83 3071 119 3088 vu
131 3070 204 3098 gatoz

117 3105 145 3130 4.
164 3100 214 3131 Qo
223 3109 264 3124 nos
274 3102 389 3126 auamm
398 3103 450 3132 (ξττ.
469 3104 601 3134 constituere
612 3113 655 3129 vos
664 3104 766 3138 dicitis]
787 3104 829 3130 Ita
839 3102 923 3132 editio
933 3104 1017 3140 prima
1029 3123 1038 3137 ‚

83 3133 112 3160 Bt
121 3132 294 3169 adstipulatur
305 3135 362 3166 Pal.
375 3136 427 3166 sec.
446 3147 506 3168 iiam
518 3147 559 3175 pr.
569 3148 611 3175 quo
621 3149 677 3175 vos,
692 3146 722 3168 ut
732 3139 853 3175 vulgata.

1097 206 1102 234 ἴ
1116 207 1218 238 locum
1227 207 1307 250 fugis
1321 228 1329 243 ,
1350 208 1590 242 &remi-midas?
1607 208 1642 241 δε
1652 218 1700 240 me
1709 217 1748 244 ex
1758 208 1834 244 hoc,
1853 214 1887 240 ut
1904 209 1944 241 ita
1960 209 2070 244 dicam,

1114 258 1207 291 campo
1225 252 1364 291 ‘equitatu
1376 251 1411 281 ad
1422 250 1489 282 istas
1499 252 1663 282 verborum
1673 251 1820 292 angustias
1831 271 1839 284 ‚
1861 251 1894 280 &
1905 251 1940 281 ad
1951 253 2072 282 omneis

1114 291 1264 321 literarum
1274 293 1399 334 angulos
1410 296 1549 323 revocas?
1568 295 1601 323 in
1613 295 1649 323 iis
1658 292 1725 333 ipsis
1735 292 1931 323 intercludere
1941 291 2069 325 insidiis,

1112 341 1184 371 quas
1195 334 1272 362 mihi
1281 336 1395 363 conaris
1407 344 1566 374 opponere.
1591 337 1655 364 Non
1669 335 1770 374 dejeci,
1788 334 1838 373 sed
1849 335 1922 372 ejeci.
1946 337 2070 364 Peracu-

1113 381 1178 402 tum
1198 374 1255 403 hoc
1273 375 1328 404 tibi
1347 375 1471 405 videtur.
1494 378 1544 406 liic
1561 375 1603 406 est
1621 387 1728 406 mucro
1746 374 1928 406 defensionis
1943 384 2009 406 tuae.
2034 377 2068 405 in

1113 423 1183 456 eum
1193 415 1291 453 ipsum
1303 417 1385 446 causa
1395 427 1442 446 tua
1454 419 1603 451 incurrat,
1622 416 1735 448 necesse
1751 417 1802 447 est.
1835 420 1900 459 Ego
1907 418 1998 447 enim
2011 416 2069 447 tibi

1112 459 1219 487 rerem,
1232 454 1253 484 si
1262 466 1325 485 non
1336 458 1402 487 sum
1413 468 1449 487 ex
1458 469 1494 487 co
1505 459 1573 488 loco
1588 459 1732 497 dejectus,
1748 458 1808 500 quo
1817 459 1986 498 prohibitus
1998 459 2066 490 sum.

1111 495 1263 525 accedere:
1286 507 1315 527 at
1332 508 1369 526 ex
1389 501 1501 528 cosam
1513 500 1645 540 dejectus
1657 521 1664 533 ,
1683 500 1744 541 quo
1755 499 1854 531 acccisi
1868 521 1876 534 ,
1897 500 1976 530 uncle
1989 499 2065 539 fugi.

1110 539 1139 566 Si
1148 546 1255 576 praetor
1264 547 1327 567 non
1335 538 1473 569 distinxit
1483 541 1585 571 locum
1597 562 1604 574 ,
1621 541 1681 582 quo
1693 552 1742 571 me
1752 541 1865 572 restitui
1878 542 2009 576 iuberet,
2031 542 2065 572 δε

1110 578 1223 608 restitui
1231 578 1328 618 juffit:
1350 590 1414 609 non
1424 581 1489 610 sum
1499 592 1537 611 ex
1546 582 1663 612 decreto
1674 581 1836 613 restitutus.
1855 584 1969 617 Velini,
1981 593 2067 613 recu-

1110 629 1266 659 peratores,
1278 622 1336 650 hoc
1348 630 1456 655 toturn,
1469 621 1488 651 fi
1500 624 1586 652 vobis
1595 625 1752 657 versutius,
1762 625 1851 664 quam
1863 635 1929 655 mea
1936 625 2063 656 consue-

1109 661 1182 691 tudo
1191 661 1438 692 defendendifert
1449 683 1456 696 ‚
1478 663 1646 698 videbitur,
1665 664 1700 695 sic
1712 666 1902 696 existimetis:
1926 665 2068 706 primum⁴

1108 703 1221 736 alium,
1244 713 1307 733 non
1321 714 1388 736 me,
1407 704 1599 746 excogitasse:
1621 706 1728 736 deinde
1750 708 1839 745 liujus
1856 710 1980 738 rationis
2000 717 2064 738 non

1109 744 1204 774 modo
1224 755 1289 774 non
1307 747 1498 775 inventorem
1510 766 1518 779 ‚
1539 746 1586 776 sed
1606 757 1644 776 ne
1660 748 1848 786 probatorem
1865 749 1987 790 quidem
2007 747 2066 778 effe

1088 808 1090 820 ,
1110 796 1158 815 me
1171 797 1176 814 :
1194 786 1285 827 idque
1297 797 1344 817 me
1356 797 1420 817 non
1431 787 1466 817 ad
1479 798 1578 817 meam
1589 787 1795 818 defensionem
1807 789 1950 824 attulisti»,
1968 790 2016 820 sed
2028 791 2066 820 il·

1088 833 1089 836 ’
1107 829 1207 857 lorum
1219 827 1540 859 defensioniretuliss‘e:
1562 840 1612 859 mc
1631 828 1711 869 poss‘e
1725 840 1779 870 pro
1799 834 1942 871 meojure
1951 831 2063 864 dicere.

1075 875 1077 878 ’
1107 874 1120 896 7
1131 879 1228 909 neque
1238 871 1270 899 in
1281 870 1374 899 haere
1386 891 1394 903 ‚
1407 881 1496 910 quam
1507 881 1561 911 ego
1572 872 1683 911 proculi
1695 892 1703 903 ,
1716 875 1809 912 quaeri
1821 883 1956 912 oportere
1967 893 1974 905 ‚
1994 875 2064 913 qui-

1107 911 1161 940 bus
1181 911 1279 941 verbis
1297 921 1404 950 praetor
1419 912 1596 945 interdixit,
1617 912 1664 942 sed
1684 913 1720 943 de
1742 924 1803 954 quo
1817 914 1885 944 loco
1901 913 1933 944 sit
1945 914 2059 948 actum,

1107 951 1178 982 cum
1199 953 1374 983 interdixit:
1398 963 1494 994 neque
1505 965 1536 984 in
1546 956 1577 983 vi
1587 964 1768 985 armatorum
1781 955 1902 994 spectari
1913 966 2062 995 oportere,

1108 996 1137 1023 in
1149 1004 1212 1034 quo
1224 994 1290 1023 loco
1301 993 1419 1024 sitfaEta
1436 1006 1500 1036 Vise,
1521 994 1628 1026 verum
1641 996 1713 1037 sitne
1727 996 1828 1036 fasta:
1848 1006 1874 1027 te
1886 997 1958 1026 vero
1970 997 2057 1027 nulio

1108 1036 1201 1065 modo
1220 1035 1300 1076 poss‘e
1319 1036 1478 1066 defendere
1489 1057 1497 1070 ,
1518 1039 1552 1067 in
1566 1048 1624 1078 qua
1640 1048 1670 1067 re
1681 1048 1712 1068 tu
1723 1039 1798 1068 velis
1809 1059 1817 1072 ,
1839 1039 1928 1068 verba
1940 1038 2060 1078 speon-1·

1104 1120 1175 1160 quid
1189 1120 1266 1148 mihi
1274 1119 1468 1159 respondetur
1478 1121 1512 1150 ad
1523 1121 1610 1154 illud,
1623 1121 1704 1162 quod
1715 1130 1796 1151 antea
1805 1122 1950 1154 dixi‚non
1961 1120 2059 1151 solum

1106 1173 1146 1193 re,
1159 1161 1189 1191 Sc
1202 1161 1346 1191 sententia
1357 1181 1364 1193 ‚
1382 1161 1431 1191 sed
1443 1162 1540 1192 verbis
1551 1173 1669 1203 quoque
1679 1164 1736 1192 hoc
1747 1163 1942 1194 interdictum
1953 1165 1993 1192 ita
2005 1162 2062 1192 effe

1103 1201 1317 1243 compositum,
1334 1211 1365 1232 ut
1376 1204 1455 1232 nihil
1467 1205 1720 1234 commutandum
1730 1205 1900 1234 videretur?
1923 1205 2062 1235 Attendi—

1107 1254 1134 1274 te
1145 1244 1303 1285 diligenter
1313 1264 1321 1277 ,
1332 1245 1430 1285 quaeso
1441 1265 1448 1278 ‚
1465 1255 1690 1285 recuperatores.
1724 1246 1776 1276 Est
1785 1249 1867 1276 enim
1878 1246 1966 1277 vestri
1976 1248 2063 1288 inge-

1104 1289 1160 1319 nii,
1172 1296 1235 1316 non
1247 1296 1356 1319 meam,
1369 1286 1417 1316 sed
1429 1289 1579 1327 majorum
1588 1288 1780 1328 prudentiam
1790 1289 1976 1328 cognoscere.
1993 1298 2059 1318 nori

1105 1329 1188 1358 enim
1199 1328 1264 1358 sum
1275 1328 1305 1357 id
1315 1327 1460 1361 diEturus,
1476 1329 1557 1369 quod
1566 1340 1622 1370 ego
1632 1331 1804 1359 invenerim
1817 1350 1825 1363 ‚
1839 1330 1887 1360 scd
1898 1330 1979 1370 quod
1991 1331 2064 1360 illos

1103 1380 1167 1400 non
1176 1368 1294 1409 fugerit.
1319 1368 1398 1399 Ci‘iin
1410 1370 1445 1400 de
1456 1381 1486 1400 vi
1495 1371 1683 1401 interdicitur
1692 1390 1700 1404 ‚
1721 1371 1782 1401 duo
1792 1382 1899 1411 genera
1906 1382 1958 1401 cau
1964 1372 2059 1401 sirum

1103 1410 1395 1452 ess'eintelligebant‚
1414 1411 1449 1441 ad
1468 1422 1533 1452 quae
1552 1412 1748 1442 interdictum
1758 1415 1931 1453 pertineret:
1948 1423 2058 1446 unum,

1102 1452 1122 1482 si
1133 1454 1233 1493 quiex
1245 1463 1282 1482 eo
1292 1453 1361 1482 loco
1372 1473 1380 1485 ‚
1392 1455 1426 1483 in
1437 1463 1497 1493 quo
1508 1453 1595 1483 effer:
1616 1454 1740 1484 alterum
1753 1475 1761 1488 ‚
1774 1453 1795 1484 si
1805 1455 1840 1485 ab
1850 1465 1889 1484 eo
1897 1455 1966 1485 loco
1976 1474 1984 1488 ,
1997 1454 2061 1495 qub

1102 1496 1228 1527 veniret,
1241 1496 1271 1524 vi
1283 1494 1415 1534 dejeetus
1425 1494 1510 1524 ell'ct:
1529 1496 1562 1525 δε
1573 1497 1683 1525 horum
1694 1505 1865 1537 utrumque,
1878 1507 1975 1537 neque
1984 1506 2059 1536 prae-

1102 1546 1178 1566 terea
1187 1536 1350 1576 quidquam
1363 1556 1370 1569 ‚
1382 1536 1478 1576 potest
1487 1537 1617 1567 accidere
1627 1557 1635 1570 ‚
1648 1547 1876 1577 recuperatores.
1899 1539 1929 1568 id
1939 1538 2024 1571 adeo,
2036 1536 2058 1568 si

1101 1579 1195 1618 placet
1205 1597 1213 1610 ‚
1233 1577 1424 1608 considerate.
1454 1580 1539 1618 Siqui
1554 1589 1654 1609 meam
1668 1578 1816 1620 familiam
1833 1579 1870 1610 de
1880 1590 1950 1610 meo
1958 1579 2058 1611 fundo

1101 1620 1260 1660 dejecerit,
1272 1630 1311 1649 ex
1321 1630 1357 1649 eo
1370 1630 1420 1649 ine
1430 1620 1498 1649 loco
1508 1619 1658 1660 dejecerit.
1683 1620 1755 1661 siqui
1765 1622 1841 1650 mihi
1852 1621 1958 1661 praesto
1967 1621 2063 1652 fueriti

1100 1672 1171 1692 cum
1189 1663 1308 1691 armatis
1325 1661 1504 1691 hominibus
1526 1671 1606 1692 extra
1618 1672 1721 1692 rii-eum
1731 1662 1863 1692 fundum
1879 1683 1888 1696 ,
1908 1664 1999 1693 &me
2010 1666 2059 1693 iri—-

1100 1705 1188 1734 troire
1197 1703 1400 1743 prohibuerit:
1419 1713 1485 1733 non
1495 1714 1533 1733 cx
1544 1714 1579 1733 eo
1591 1725 1600 1736 ‚
1611 1704 1659 1734 scd
1670 1704 1706 1734 ab
1721 1715 1757 1734 eo
1769 1705 1837 1735 loco
1847 1715 1896 1735 me
1907 1705 2060 1744 dejecerit.

1100 1746 1146 1776 Ad
1157 1746 1219 1775 haec
1229 1745 1291 1775 duo
1299 1755 1406 1786 genera
1416 1755 1517 1775 rerum
1531 1765 1539 1778 ,
1559 1755 1656 1775 unum
1668 1747 1792 1776 verbum
1805 1766 1813 1779 ‚
1837 1746 1917 1787 quod
1927 1748 1993 1777 satis
2005 1747 2058 1777 de-

1098 1788 1218 1818 clararet
1226 1788 1360 1827 utrasque
1368 1796 1426 1820 res,
1440 1788 1638 1817 invenerunt:
1659 1796 1691 1817 ut
1702 1808 1710 1821 ‚
1725 1786 1783 1817 sive
1796 1798 1834 1818 ex
1841 1788 1938 1818 fundo
1950 1809 1958 1822 ‚
1970 1787 2029 1818 five
2040 1788 2060 1819 ὲ

1097 1828 1195 1859 fundo
1205 1828 1338 1866 dejestus
1347 1827 1438 1858 efl‘em
1448 1848 1456 1862 ,
1478 1838 1541 1869 uno
1552 1849 1561 1862 ‚
1583 1838 1669 1870 atque
1680 1829 1789 1859 eodem
1799 1829 1960 1860 interdi8m
1971 1830 2057 1860 resti·

1098 1880 1215 1903 tuerer,
1234 1873 1333 1900 Urina:
1355 1880 1409 1900 TU.
1441 1872 1510 1900 Hoc
1525 1870 1649 1901 verbum
1664 1891 1672 1903 ‚
1697 1873 1794 1900 UNDE
1804 1891 1812 1904 ‚
1833 1880 1994 1912 Utrumque
2004 1872 2058 1902 de-

1096 1913 1201 1942 clarat:
1222 1911 1255 1941 &
1273 1921 1311 1941 ex
1329 1922 1390 1952 quo
1411 1912 1480 1941 loco
1491 1932 1500 1945 ‚
1521 1912 1552 1941 &
1561 1912 1576 1942 :⁸1
1591 1922 1652 1951 quo
1662 1912 1743 1942 loco.
1770 1912 1861 1942 Unde
1870 1913 2002 1952 dejeclus
2013 1911 2062 1944 est*

1098 1955 1195 1983 Cinna
1206 1955 1263 1983 ?ex
1279 1953 1362 1982 urbe.
1392 1953 1481 1983 Unde
1491 1953 1623 1991 dejecisti
1640 1956 1650 1982 ?
1665 1953 1703 1983 ab
1720 1953 1800 1983 urbe.
1831 1954 1922 1984 Unde
1944 1955 2054 1992 dejeeii

1098 1995 1178 2025 Galli
1190 2001 1200 2026 ?
1218 1993 1234 2024 ἐι
1255 1993 1416 2033 Capitolio.
1450 1994 1541 2024 Unde
1560 1996 1612 2035 qui
1629 2005 1700 2025 cum
1712 1996 1845 2025 Graccho
1854 1995 1997 2025 fuerunt?
2015 2006 2056 2026 ex

1097 2036 1256 2076 Capitolio.
1280 2035 1397 2065 Videtis
1407 2037 1507 2076 igitur,
1519 2037 1576 2066 hoc
1587 2046 1649 2066 uno
1658 2037 1751 2066 verbo
1762 2035 1916 2078 fignificari
1926 2047 1970 2067 res
1982 2037 2054 2068 duas

1093 2119 1176 2159 jubet
1189 2130 1194 2148 :
1215 2127 1257 2152 ut,
1269 2117 1289 2148 fi
1301 2119 1380 2148 Galli
1389 2119 1404 2149 a
1413 2118 1580 2158 majoribus
1592 2119 1701 2150 nostris
1710 2119 1904 2159 postularent,
1915 2128 1948 2150 ut
1958 2120 1995 2150 eb
2005 2131 2054 2150 re-

1096 2160 1304 2194 stituerentur,
1324 2160 1405 2190 unde
1423 2160 1532 2200 deit'ffi
1547 2159 1640 2191 effent
1650 2181 1658 2194 ,
1678 2161 1709 2190 &
1724 2162 1822 2202 aliqua
1830 2163 1932 2204 vispioc
1941 2160 2056 2202 assequi

1093 2201 1227 2243 possent:
1247 2212 1322 2235 non,
1334 2204 1453 2241 opinor,
1468 2204 1559 2232 eosin
1571 2203 1821 2244 cuniculuiii,qua
1830 2201 1949 2245 aggreffi
1958 2213 2050 2238 erant,

1096 2244 1143 2274 sed
1154 2246 1186 2274 in
1196 2243 1382 2283 Capitolium
1392 2242 1505 2273 restitui
1515 2254 1673 2284 oporteret.
1697 2246 1756 2274 hoc
1767 2246 1850 2275 enim
1861 2245 2052 2285 intelligitur.

1095 2288 1193 2315 UNDE
1215 2296 1259 2315 τυ
1278 2294 1448 2323 DEJECISTI
1462 2305 1470 2319 ‚
1495 2283 1553 2315 sive
1564 2295 1601 2315 ex
1610 2296 1671 2326 quo
1683 2286 1752 2316 loco
1763 2306 1772 2320 ,
1798 2286 1857 2316 five
1870 2285 1957 2327 aquo
1969 2288 2050 2317 loco.

1095 2337 1135 2357 Eo
1153 2336 1348 2358 RESTITUAs.
1373 2327 1429 2356 hoc
1442 2328 1502 2365 jam
1513 2325 1638 2367 fimplex
1649 2327 1690 2358 est
1701 2348 1709 2361 ,
1730 2329 1764 2357 in
1775 2338 1843 2358 eum
1855 2329 1956 2358 locum
1967 2328 2053 2358 resti-

1094 2378 1171 2399 tuas:
1185 2368 1243 2398 sive
1256 2373 1293 2398 ex
1304 2369 1440 2398 hocloco
1451 2368 1718 2408 dejecisti‚restitue
1728 2371 1762 2400 in
1772 2371 1852 2400 hunc
1863 2370 1976 2399 locum:
1992 2369 2052 2400 sive

1093 2410 1128 2440 ab
1138 2411 1275 2440 hocloco
1286 2430 1293 2443 ‚
1306 2409 1426 2440 restitue
1437 2413 1469 2440 in
1481 2420 1550 2440 cum
1560 2411 1664 2441 locum
1676 2431 1684 2445 ‚
1699 2421 1763 2441 non
1774 2422 1810 2441 ex
1820 2421 1892 2452 quo,
1905 2411 1952 2441 sed
1963 2411 1978 2440 a
1987 2422 2052 2451 quo

1093 2451 1225 2489 &nefitus
1245 2450 1298 2481 est.
1329 2455 1371 2482 Ut
1380 2472 1388 2485 ‚
1404 2450 1477 2492 liqui
1487 2460 1523 2481 ex
1533 2452 1604 2486 alto,
1617 2452 1689 2482 cum
1700 2453 1734 2482 ad
1745 2455 1867 2492 patriam
1879 2450 2049 2487 accessifl'ct,

1091 2493 1263 2533 tempestate
1278 2492 1376 2523 subito
1388 2492 1514 2529 rejeaus
1532 2489 1546 2512 8
1557 2503 1688 2533 optaret,
1711 2503 1758 2527 ut,
1777 2493 1848 2524 cum
1859 2492 1927 2523 ess'et
1937 2492 1952 2523 a
1963 2497 2056 2534 patria

1092 2534 1236 2574 dejestus,
1251 2534 1287 2564 eo
1297 2534 1514 2564 restitueretur:
1534 2536 1601 2567 hoc,
1613 2545 1722 2574 opinor
1737 2555 1745 2568 ,
1758 2545 1870 2574 opniret
1881 2555 1888 2568 ,
1902 2545 1935 2565 ur
1944 2555 1953 2569 ‚
1964 2536 1979 2566 ’ὲ
1990 2547 2053 2577 quo

1094 2577 1162 2606 loco
1185 2577 1324 2616 depulsus
1339 2573 1409 2606 esset
1419 2595 1427 2608 ‚
1447 2577 1480 2604 in
1491 2585 1562 2605 eum
1572 2576 1600 2606 sc
1611 2576 1732 2606 fortuna
1741 2576 1922 2610 restitueret,
1941 2580 2050 2608 nonin

1093 2618 1186 2648 salum
1196 2639 1204 2652 ,
1226 2618 1316 2648 sedin
1328 2617 1420 2657 ipsam
1433 2617 1537 2646 urbem
1550 2636 1558 2649 ,
1579 2627 1668 2657 quam
1680 2618 1796 2657 petebat
1809 2629 1814 2647 1
1837 2617 1885 2651 sic,
1900 2622 2051 2659 quoniam·

1092 2660 1156 2689 vim
1174 2659 1321 2690 verborum
1343 2657 1501 2689 necessarie>
1521 2657 1724 2689 fimilitudine.
1733 2669 1834 2690 renim
1855 2670 2048 2701 aucupamur,

1727 2704 1768 2715 Χ
1969 2706 1977 2721 ¹
1991 2705 2047 2741 Qpi

1126 2827 1151 2851 5.
1171 2821 1252 2844 Etiam
1263 2820 1302 2844 illa
1313 2820 1414 2844 materia
1423 2817 1565 2851 aequitmis]
1582 2817 1659 2843 Nihil
1671 2817 1776 2845 variant
1784 2817 1857 2844 librii
1867 2822 1942 2845 acute
1954 2819 2046 2848 Hoto-

1063 2816 1066 2882 l
1087 2863 1190 2885 manus,
1202 2857 1272 2880 etiam
1282 2857 1322 2880 illa
1333 2864 1365 2879 mc
1375 2861 1453 2878 tuerer
1461 2856 1577 2887 aquitan.

1121 2890 1149 2915 6.
1169 2894 1237 2924 Ἱζςςο
1255 2900 1289 2915 me
1306 2900 1335 2915 ex
1353 2891 1439 2914 decreto
1456 2890 1584 2923 putoris]
1605 2890 1647 2915 Sic
1658 2889 1726 2916 Pali.
1737 2890 1765 2916 &
1779 2898 1851 2916 retus
1863 2889 1946 2916 editio
1958 2910 1966 2922 ,
1977 2891 2045 2917 item.

1061 2939 1064 2953 i
1085 2924 1238 2952 ViFtoriann
1252 2945 1259 2957 ,
1280 2934 1333 2951 tani
1354 2925 1497 2960 heicquam
1509 2934 1571 2951 moi:
1584 2925 1653 2952 infra
1665 2945 1672 2956 ‚
1693 2926 1752 2952 loco
1770 2927 1872 2962 vulgati
1890 2928 1977 2953 cdtflo:
1994 2936 2055 2963 prov

1062 2956 1063 2968 ¹
1085 2970 1138 2997 quo
1150 2961 1294 2987 Lambinus
1309 2959 1421 2996 reposuit
1431 2961 1554 2986 [nardino
1565 2980 1572 2991 ‚
1586 2960 1644 2987 stitis
1656 2961 1776 2988 licenter.

1118 3005 1147 3029 7.
1169 3001 1257 3031 ‘Reque
1267 3000 1293 3022 in
1303 2999 1345 3021 hac
1357 3006 1391 3027 re,
1402 2997 1468 3029 [lfa]
1482 2997 1548 3022 Pall.
1562 2996 1671 3023 Erfurd.
1683 2997 1767 3025 editio
1779 2999 1888 3029 vetusta,
1900 3007 1967 3024 neve.

1119 3032 1146 3058 δ’.
1167 3037 1263 3065 Optare!
1274 3051 1282 3062 ,
1294 3040 1319 3057 ut
1332 3032 1381 3056 1:th
1391 3032 1440 3064 effi!
1451 3031 1558 3064 {ipatria
1570 3034 1669 3066 dejeflm
1680 3053 1687 3065 ‚
1699 3035 1722 3059 cb
1734 3034 1917 3068 restitum-cium]
1932 3033 2042 3060 Lambiss-

1083 3110 1118 3128 ret
1130 3122 1137 3133 ,
1148 3111 1174 3128 m
1186 3113 1236 3128 cum
1246 3104 1298 3135 cffit
1310 3122 1316 3134 ‚
1328 3112 1378 3133 eye.
1399 3110 1524 3138 tanquam
1537 3103 1552 3129 fi
1564 3105 1704 3134 ciceronis
1715 3115 1745 3134 ca
1753 3104 1854 3139 effciit',
1875 3114 1932 3134 cum
1944 3113 2040 3141 prove·

1057 3126 1061 3165 l
1083 3139 1170 3168 nerim
1180 3138 1214 3167 de
1226 3137 1321 3169 timidi.
1331 3138 1484 3176 conjefiturii
1495 3140 1655 3169 Hotomaui.

1502 3176 1525 3204 V
1537 3185 1550 3201 v
1572 3184 1586 3213 3
1963 3175 2050 3209 ¹·Q1'-

1105 1087 1257 1117 oportere:
1280 1079 1311 1107 in
1326 1088 1383 1117 qua
1394 1089 1423 1108 re
1434 1080 1525 1112 nom,
1535 1089 1601 1109 non
1612 1089 1757 1119 oportere.
1787 1083 2003 1110 Verumtamen
2013 1090 2061 1110 ec·
2087 1088 2097 1095 ⁶

1097 2078 1129 2107 &
1142 2088 1178 2107 ex
1188 2087 1249 2118 quo
1260 2097 1268 2111 ,
1282 2075 1315 2106 δε
1325 2077 1339 2107 ὲ
1349 2087 1411 2118 quo
1424 2078 1502 2107 loco.
1526 2077 1604 2108 Cum
1616 2087 1715 2107 autem
1725 2077 1761 2107 eb
1773 2078 1885 2108 restitui
1894 2078 1979 2118 jubet
1989 2100 1997 2112 ,
2013 2081 2063 2109 ita*

1083 3077 1130 3094 nus
1143 3068 1286 3103 publicavit
1299 3086 1306 3098 ,
1318 3074 1407 3100 optaret
1417 3074 1443 3092 ut
1453 3068 1512 3093 unde
1522 3069 1571 3100 esst-t
1581 3070 1681 3102 dejei‘rur
1693 3089 1701 3100 ‚
1720 3071 1742 3095 ὠ
1754 3072 1888 3099 restituetur
1900 3082 1906 3096 :
1924 3071 1962 3095 hoc
1973 3077 2041 3101 opra-
2075 3085 2078 3087 Α
