2302 3353
69 927 75 935 ι

80 2667 98 2697 ¹
127 2658 179 2693 ‘ee

131 2703 140 2715 ,
186 2695 192 2706 t

134 2729 146 2740 «κ

626 127 701 163 uz
744 112 1166 164 PAR-mmmm
1210 120 1581 170 Onna-ontis.

128 196 196 230 satis
206 193 301 227 muita
318 203 325 225 :
346 192 485 234 deinceps
501 191 538 224 de
547 193 632 224 eausa
640 194 780 234 pauciora
787 193 914 226 dicenda
921 196 998 229 sunt.
1018 198 1085 228 1³12·-

129 248 220 280 raque
237 239 322 268 enim
337 236 406 266 sunt
421 237 449 265 ei
468 245 540 265 curn
561 234 713 275 propofito
723 237 911 267 communia.
934 239 1007 268 Tria
1016 239 1084 269 sunt

128 282 328 322 igiturgenera
336 277 488 307 causarum
500 287 506 306 ι
525 276 636 316 judicii
645 297 654 311 ‚
670 276 896 307 deliberationis
905 298 915 312 ,
938 278 1084 309 laudatio—

127 324 188 352 nis.
211 323 344 360 Qarum
355 316 428 349 fines
438 316 490 358 ipfi
499 318 648 348 declarant
658 339 666 352 ‚
678 318 786 359 quibus
796 318 942 350 utendum
955 320 1030 350 locis
1038 320 1082 351 fit.

133 365 213 394 Nam
216 360 323 401 judicii
324 358 392 399 fim's
402 358 444 390 est
449 361 498 400 jus
511 370 516 389 :
529 370 567 390 ex
576 370 637 401 quo
647 362 739 390 etiarn
749 370 874 392 nomen.
895 362 976 403 Juris
984 370 1085 392 autern

129 412 223 445 partes
243 411 310 432 tum
332 399 472 441 expofitae
491 421 500 435 ‚
523 399 596 432 cum
617 403 773 442 aequitatis.
795 400 980 432 Deliberandi
1000 401 1083 437 finis,

129 445 256 477 utilitas:
275 443 322 483 cuj
328 453 361 473 us
371 445 416 475 hae
425 452 521 483 partes
530 463 539 477 ,
574 453 618 474 uae
628 442 725 474 modo
735 442 874 484 exposit-a:
885 463 895 478 ,
915 454 1017 475 rerum
1026 454 1083 475 ex-

127 485 333 528 petendarum.
356 485 547 514 Laudationis
577 487 625 515 nis
637 505 646 520 ,
666 485 806 516 honestas
821 496 826 514 :
846 485 881 516 de
891 496 947 527 qua
955 487 1031 517 item
1040 485 1085 517 est

127 526 195 562 ante
205 526 332 557 dietum.
354 526 412 557 Sed
425 524 556 557 definita:
565 526 746 568 quaestiones
755 527 772 557 a
780 527 840 557 suis
849 538 975 570 quaeque
991 528 1080 562 locis,

127 567 207 610 quasi
215 570 352 609 propriis,
362 567 560 598 instituuntur
569 589 578 602 ,
589 571 622 599 in
632 570 849 600 accusationem
858 568 1084 600 defensionem-

127 621 185 653 que
194 612 317 651 partitae.
342 613 380 640 In
391 609 501 655 quibus
511 609 655 641 exsistunt
669 612 734 641 haec
751 621 857 652 genera
867 630 876 645 ‚
895 620 928 642 ut
936 612 1084 642 accusator

127 653 284 694 personam
293 661 392 693 arguat
400 651 472 682 tacti
490 663 496 681 ;
516 651 655 683 defensor
664 652 776 693 aliquid
787 662 919 693 opponat
928 652 964 683 de
977 653 1081 687 tribus,

127 703 178 726 aut
186 703 251 724 non
259 692 318 723 ess'e
327 692 440 724 netum
453 704 458 723 z
478 703 528 724 aut
537 713 546 727 ,
558 693 578 723 fi
589 693 623 724 sit
631 693 747 724 fastum
758 714 767 727 ,
777 693 858 724 aliud
868 696 933 733 ejus
942 693 1014 725 faeti
1025 705 1083 725 no-

127 746 201 768 rnen
210 734 267 766 efl'e
278 745 284 764 :
295 744 344 766 aut
349 736 360 776 j
365 746 416 766 ure
423 734 481 766 effe
487 734 611 766 ἰεᾶὶιιω.
633 738 736 776 Itaque
745 744 795 766 aut
804 735 931 775 infitialis
939 756 948 770 ‚
960 746 1008 766 aut
1017 747 1082 766 con-

120 776 265 818 J'cessuralis
272 779 369 821 pr'gna
376 777 553 818 appelletur:
568 776 717 816 definitiva
728 796 736 811 ,
746 777 833 808 altera
844 788 849 807 z
862 780 946 808 tertia
955 797 964 811 ,
976 788 1083 819 quam-

65 823 85 850 2
89 824 109 858 5
126 821 173 850 vis
183 818 349 850 molestum
358 828 475 849 nomen
492 820 552 848 hoc
561 817 612 853 fit,
629 819 801 858 juridicialis
809 828 942 850 vocetur·
967 823 1083 851 Harum

126 861 278 892 causarum
287 862 405 901 propria
413 869 587 901 argumenta
603 870 641 890 ex
662 862 699 890 iis
719 861 816 891 sumta
826 861 920 896 locis,
943 872 1019 902 quos
1029 871 1083 892 ex-

126 903 283 944 posuimus
291 922 300 936 ,
321 904 352 931 in
362 903 514 942 praeceptis
522 904 660 932 oratoriis
669 903 815 942 explicata
825 904 904 933 sunt.
926 903 1082 934 Refutatio

125 953 226 975 autem
235 944 436 977 accusationis,
448 945 480 973 in
491 954 548 984 qua
557 943 598 974 est
607 943 741 984 depulsio
751 946 968 986 criminis,quae
979 945 1080 976 Graece

126 986 218 1022 ςτὶσ-ις
237 988 364 1022 dicitur,
389 987 496 1018 Latine
512 988 677 1028 appelletur
685 986 780 1025 status
797 1000 809 1017 .-
831 991 864 1020 in
874 999 934 1030 quo
943 988 1081 1030 primum

124 1029 232 1064 insistit
248 1028 327 1071 quasi
342 1029 379 1060 ad
396 1029 622 1070 repugnandum
642 1029 794 1071 congrefla
811 1029 955 1061 defenfio.
984 1034 1082 1073 Atque

123 1074 215 1104 etiam
226 1073 257 1102 in
268 1071 545 1105 deliberationibus,
557 1072 590 1102 &
603 1072 824 1103 laudationibus
832 1073 927 1103 iidem
938 1072 1083 1104 exsistunt

125 1113 224 1145 status.
247 1116 327 1144 Nam
347 1113 380 1144 &
390 1122 535 1153 negantur
544 1114 618 1154 saepe
629 1124 662 1144 ea
671 1112 769 1144 futura
779 1134 787 1148 ‚
808 1125 874 1155 quae
891 1115 928 1145 ab
937 1116 1082 1156 aliquoin

123 1156 268 1187 sententia
278 1155 358 1185 dieta
365 1156 435 1186 sunt
443 1154 508 1185 fore
527 1175 536 1189 ,
559 1154 581 1185 fi
590 1164 640 1185 aut
648 1157 781 1186 omnino
801 1155 865 1187 fieri
874 1167 938 1187 non
946 1156 1079 1198 poliunt,

124 1206 174 1229 aut
191 1196 252 1227 fine
270 1198 388 1227 summa
402 1195 576 1227 difficultate
586 1207 650 1226 non
668 1196 787 1237 poffint.
806 1201 839 1229 in
849 1208 906 1240 qua
919 1209 1081 1240 argumen-

123 1241 237 1271 tatione
255 1238 344 1269 status
362 1238 430 1278 conj
435 1237 572 1278 ediuralis
590 1237 710 1269 exsistit.
734 1242 773 1269 At
783 1259 791 1275 ,
817 1239 889 1271 cum
906 1240 1022 1282 aliquid
1042 1241 1081 1271 de

123 1282 249 1312 utilitate
258 1301 266 1315 ‚
279 1279 430 1310 honestate
440 1300 448 1313 ‚
461 1281 596 1320 aequitate
606 1300 615 1315 ‚
634 1278 782 1311 disseritur
792 1302 800 1315 ,
824 1281 920 1323 deque
931 1284 970 1313 iis
979 1283 1078 1316 rebus,

123 1333 190 1365 quae
199 1324 236 1353 iis
255 1323 322 1353 sunt
331 1323 484 1352 contraria:
500 1332 505 1350 ;
527 1324 684 1352 incurrunt
693 1321 783 1353 status
792 1332 842 1354 aut
847 1324 858 1362 j
863 1326 922 1354 uris
932 1344 941 1358 ‚
964 1333 1014 1355 aut
1022 1335 1080 1355 no-

124 1366 220 1397 minis
239 1375 245 1394 :
267 1363 347 1404 quod
365 1363 448 1393 idem
465 1365 617 1405 contingit
630 1365 663 1393 in
674 1363 908 1395 laudationibus.
931 1368 1013 1396 Nam
1030 1374 1081 1397 aut

125 1408 223 1447 negari
253 1404 340 1439 otest,
351 1404 382 1434 id
391 1403 506 1435 fabrum
517 1403 575 1435 effe
586 1425 595 1439 ,
605 1404 687 1446 quod
698 1405 833 1437 laudetur
844 1416 910 1438 :aut
919 1418 982 1438 non
992 1418 1020 1438 eo
1031 1419 1080 1438 no-

125 1450 199 1478 mine
208 1415 399 1478 afficiendum
409 1466 418 1479 ‚
430 1456 491 1487 quo
501 1446 633 1477 laudator
642 1445 773 1478 affecerit
783 1459 789 1478 τ
811 1458 862 1479 aut
871 1451 1004 1480 omnino
1014 1460 1078 1480 non

125 1488 183 1521 effe
194 1487 340 1519 laudabile
350 1509 360 1522 ,
378 1487 461 1529 quod
471 1498 535 1518 non
543 1488 624 1519 reete
634 1508 643 1522 ‚
666 1499 731 1519 non
735 1500 745 1530 J
751 1500 802 1521 ure
811 1490 926 1521 fastum
934 1490 976 1522 sit.
1000 1494 1079 1534 Qi-

124 1531 181 1565 bus
199 1530 343 1561 omnibus
360 1530 519 1572 generibus
534 1531 603 1560 usus
622 1529 664 1561 est
673 1532 768 1561 nimis
785 1532 978 1574 impudenter
987 1535 1079 1564 Caesar

124 1582 228 1606 contra
243 1575 388 1603 Catonem
399 1582 516 1602 meum.
537 1572 595 1603 Sed
609 1582 677 1614 quae
685 1583 724 1603 ex
733 1572 806 1605 statu
817 1577 972 1605 contentio
982 1574 1078 1606 effici-

125 1627 189 1652 tur,
201 1627 267 1648 eam
278 1617 374 1647 Graeci
385 1617 548 1655 nfflvepevov
556 1626 675 1647 vocant·
686 1619 764 1649 mihi
773 1620 868 1660 placet
876 1621 919 1655 id,
930 1622 1077 1662 quoniam

123 1660 248 1702 quidem
257 1658 293 1689 ad
303 1667 330 1688 te
340 1658 437 1689 scribo
446 1679 456 1693 ‚
481 1662 491 1678 ¹
503 1659 602 1701 quade
611 1669 638 1688 re
647 1660 746 1699 agitur
755 1682 764 1694 ,
775 1665 886 1692 vocari.
896 1663 1015 1704 Qibus
1025 1672 1078 1693 au-

126 1711 188 1735 tem
199 1703 258 1732 hoc
268 1720 276 1734 ‚
291 1710 349 1741 qua
358 1699 395 1730 de
405 1711 436 1731 re
444 1703 538 1743 agitur
547 1721 557 1734 ‚
575 1702 748 1733 continetur
758 1723 767 1738 ‚
785 1714 827 1734 eae
838 1705 1011 1734 continentia
1020 1714 1077 1735 vo-

124 1752 229 1774 centur
239 1763 249 1777 ‚
257 1740 335 1783 quasi
344 1740 534 1775 firmamenta
543 1741 724 1773 defensionis
735 1746 862 1786 3quibus
871 1746 992 1777 sublatis
1002 1766 1010 1780 ‚
1022 1746 1075 1776 de-

122 1783 218 1816 fensio
227 1784 310 1814 nulla
319 1782 361 1814 fit.
382 1784 439 1815 Sed
451 1805 459 1818 ,
475 1787 620 1826 quoniam
629 1784 688 1825 lege
696 1783 813 1817 firmius
824 1789 858 1818 in
866 1787 1075 1819 controversiis

121 1825 316 1868 disceptandis
327 1824 384 1857 effe
394 1827 474 1857 nihil
483 1826 572 1858 debet
579 1847 589 1862 ,
600 1826 696 1858 danda
704 1828 747 1860 est
756 1839 844 1871 opera
853 1850 863 1863 ‚
874 1839 908 1861 ut
916 1830 1013 1872 legem
1022 1830 1074 1861 ad-

439 1938 1031 2005 RL'TULL11

1035 2067 1081 2113 D

495 2307 1039 2397 DIAL

347 2596 578 2625 Crczno
621 2595 854 2626 Finitis.

383 2654 413 2682 T
425 2661 448 2681 υ
457 2661 478 2680 n
488 2659 508 2679 r.
519 2660 538 2680 o
548 2669 557 2684 ,
581 2651 626 2679 mi
635 2657 734 2690 pater,
757 2647 867 2679 Latine
885 2658 925 2680 ex
940 2655 971 2679 te
983 2649 1085 2680 audire

220 2695 226 2704 ‘
249 2696 250 2699 ’
300 2707 348 2731 »N
383 2702 417 2723 ea
429 2713 436 2726 ‚
456 2702 521 2733 quae
540 2693 618 2721 mihi
635 2701 666 2721 tu
680 2691 717 2722 de
727 2692 840 2721 ratione
849 2690 971 2721 dicendi
981 2691 1086 2722 Graece

269 2745 272 2754 ¹
300 2744 311 2759 5
320 2729 352 2769 ἶ]
388 2732 532 2765 tradidisti
543 2745 551 2767 3
562 2732 582 2763 fi
591 2731 686 2763 modo
698 2732 754 2762 tibi
764 2731 807 2762 est
816 2734 915 2762 otium
927 2753 936 2766 ‚
951 2732 983 2763 &
994 2731 1014 2762 fi
1025 2735 1080 2763 vis.

307 2787 349 2819 el
389 2777 518 2806 Clczno
535 2784 654 2805 PATER.
678 2777 727 2804 An
737 2773 779 2805 est
788 2793 798 2808 ,
811 2775 856 2804 mi
866 2775 971 2805 Cicero
982 2795 990 2808 ,
1001 2775 1082 2815 quod

329 2847 357 2856 N„
388 2828 403 2848 e
425 2827 444 2847 o
463 2817 589 2851 malim,
610 2815 702 2858 quam
721 2825 749 2846 te
767 2815 860 2857 quarn
877 2814 1082 2846 doE'tiffimum

311 2857 322 2866 '
330 2857 357 2886 ⁴³5v
391 2828 470 2889 else?
489 2860 594 2889 Otium
605 2867 706 2888 autem
715 2856 851 2898 primurn
863 2858 1018 2888 summum
1029 2857 1082 2892 est,

388 2903 535 2942 quoniam
553 2899 715 2940 aliquando
733 2902 837 2930 Roma
848 2899 980 2930 exeundi
997 2909 1082 2940 pote-

119 2939 174 2972 stas
192 2942 257 2974 data
270 2942 312 2974 est
326 2954 338 2972 :v
351 2942 462 2973 deinde
474 2942 527 2973 ista
536 2940 690 2978 ruastudia
698 2941 745 2971 vel
757 2943 902 2972 maximis
911 2943 1083 2982 occupatio-

117 2983 208 3014 nibus
229 2987 304 3014 meis
324 2983 505 3015 anteferrem
526 2984 665 3014 libenter.
707 2985 789 3014 c.F.
811 2983 904 3013 Visne
923 2985 1029 3024 igitur,
1050 2991 1083 3012 ut

119 3031 152 3054 tu
170 3034 220 3056 me
240 3026 345 3058 Graece
363 3026 441 3057 soles
457 3025 568 3057 ordine
584 3027 786 3067 interrogare,
806 3023 844 3056 fic
852 3034 908 3066 ego
917 3034 946 3055 te
954 3023 1083 3056 viciffim

161 3143 171 3162 ι
178 3154 184 3162 .
202 3136 257 3170 Qu
266 3136 292 3163 de
301 3145 325 3169 re
333 3140 414 3171 agitur
423 3156 433 3172 ,
441 3139 553 3176 warh]
564 3139 688 3176 Explicat
698 3138 764 3168 istud
774 3139 910 3176 eleganter
921 3140 950 3168 ὅ(
959 3138 1094 3176 perspicue
1106 3158 1116 3174 ,
1126 3146 1156 3167 ut
1166 3138 1266 3175 semper
1276 3139 1378 3173 omnia,
1388 3140 1482 3169 Petrus
1493 3140 1578 3170 Faber
1587 3141 1634 3167 lib.
1647 3151 1658 3169 r
1665 3162 1672 3168 .
1682 3143 1805 3171 Semestr.
1816 3152 1890 3179 caps.
1899 3152 1905 3169 ι
1913 3161 1920 3171 .

1999 142 2017 171 1
2026 141 2088 189 77

1122 199 1266 238 jutricem
1274 219 1285 234 ‚
1309 200 1344 232 δε
1353 202 1458 235 testem
1468 203 1675 236 adhibeamus.
1695 206 1734 236 In
1742 213 1798 247 qua
1809 208 1841 236 're
1850 206 1901 237 alii
1910 205 1991 248 quafi
2000 207 2093 238 status

1129 239 1276 287 exsistunt
1280 245 1366 277 novi,
1375 247 1429 285 qui
1438 247 1622 286 appellantur
1630 248 1983 289 tegitimaedz'szeptationes.
2004 252 2088 280 Tum

1130 290 1213 327 enirn
1224 282 1394 331 detenditur
1404 297 1469 317 non
1478 288 1509 319 id
1520 289 1616 331 legem
1626 289 1723 321 dicere
1730 309 1739 324 ,
1755 290 1837 338 quod
1846 290 2026 321 adversarius
2035 301 2088 321 ve·

1129 321 1165 351 lit
1175 341 1183 355 ,
1207 323 1255 353 sed
1265 325 1346 356 aliud
1367 337 1372 355 :
1395 328 1429 358 Id
1439 338 1541 360 autem
1552 332 1719 372 contingit,
1744 342 1817 363 cum
1835 333 1977 373 scriptum
1987 332 2085 363 ambi-

1130 373 1225 402 guum
1235 365 1288 411 est,
1300 376 1333 396 ut
1342 367 1406 399 duae
1417 369 1589 403 differentes
1598 373 1750 404 sententiae
1759 375 1853 414 accipi
1863 373 1973 414 poffint
1983 385 1989 403 z
2000 377 2085 405 Tum

1131 414 1296 444 opponitur
1305 408 1412 448 scripto
1422 412 1560 444 voluntas
1579 415 1726 455 scriptoris
1737 435 1746 449 ‚
1771 425 1805 446 ut
1812 425 1957 457 quaetatur
1969 415 2090 446 verbane

1132 446 1199 484 plus
1210 465 1219 479 ‚
1241 457 1278 476 an
1295 449 1440 483 sententia
1449 454 1546 485 valere
1563 455 1667 487 debeat
1687 468 1693 487 :
1715 460 1800 489 Tum
1812 458 1871 499 legi
1882 458 1932 488 lex
1941 460 2090 490 contraria

1131 485 1258 533 affertur.
1281 491 1325 520 Ita
1335 491 1402 522 sunt
1418 495 1474 538 tria
1483 506 1606 535 genera,
1632 508 1699 539 quae
1714 499 1944 530 controversiam
1954 501 2088 531 inomni

1132 528 1239 568 scripto
1248 528 1344 577 facere
1353 532 1489 571 possunr,
1511 538 1688 580 ambiguum
1698 559 1707 573 ,
1727 540 1920 582 discrepantia
1936 543 2035 582 scripti
2052 542 2087 572 δε

1130 570 1296 618 voluntatis
1307 591 1318 619 ‚—
1336 574 1369 603 &
1384 575 1486 620 scripta
1503 582 1657 611 contraria.
1685 583 1752 622 Jam
1763 584 1822 613 hoc
1828 585 2020 623 perspicuum
2030 582 2086 618 est,

1131 621 1197 642 non
1207 622 1301 659 tnagis
1311 624 1344 661 in
1354 615 1479 662 legibus,
1489 620 1579 659 quam
1588 623 1620 651 in
1630 621 1812 654 testamentis
1821 644 1830 658 ‚
1842 627 1874 656 in
1885 625 2088 665 stipulationi-

1132 653 1187 683 bus
1198 673 1207 687 ,
1227 664 1260 684 m
1269 655 1393 696 reliquis
1404 658 1492 689 rebus
1503 680 1511 692 ,
1525 671 1589 701 quae
1598 673 1636 692 ex
1646 664 1752 704 scripto
1762 676 1775 695 a
1820 675 1889 697 ntur
1899 688 1907 700 ‚
1919 666 2001 707 poss'e
2011 677 2087 698 con·-

1129 694 1285 743 troversias
1301 697 1418 729 easdem
1428 699 1573 731 exsistere·
1597 706 1716 735 Horum
1728 676 1915 738 ti·ag;ti011es
1930 711 1962 739 in
1973 709 2038 739 aliis
2049 709 2088 738 li<

1130 736 1190 766 bris
1206 739 1402 778 explicantur.
1426 751 1482 771 nec
1491 742 1591 774 solum
1609 754 1753 785 perpetua:
1762 748 1894 779 actiones
1905 771 1912 784 ,
1938 751 1986 781 sed
1995 753 2088 782 etiam

1129 787 1225 826 partes
1243 782 1388 812 orationis
1406 783 1513 814 iisdem
1534 785 1608 815 locis
1623 787 1800 826 adjuvantur
1812 811 1819 822 ,
1832 794 1938 829 partim
1950 794 2087 832 propriis,

1128 829 1237 860 partim
1248 824 1467 855 communibus
1479 835 1484 854 :
1496 835 1528 855 ut
1538 828 1569 856 in
1577 829 1728 869 principiis,
1741 831 1849 870 quibus
1861 842 1893 862 ut
1902 833 2088 866 benivolum

1129 861 1244 909 dociles
1253 882 1262 897 ‚
1286 873 1320 894 ut
1333 867 1438 896 attenti
1455 865 1511 897 sint
1520 887 1529 901 ,
1552 871 1604 909 qui
1613 870 1733 901 audiant
1744 891 1752 904 ,
1762 871 1953 905 efficiendum
1966 875 2008 905 est
2017 885 2086 914 pro-

1129 913 1202 943 prus
1211 903 1298 935 locis·
1322 908 1460 949 Itemque
1468 911 1639 940 narrationes
1649 931 1658 945 ‚
1679 921 1711 943 ut
1722 913 1756 942 ad
1768 913 1834 944 suos
1845 913 1930 945 fineis
1940 915 2084 955 ipe&ent.

1130 944 1161 975 id
1171 944 1231 980 est,
1242 956 1276 977 ut
1283 946 1379 987 planae
1389 948 1444 980 fint
1454 970 1462 984 ,
1474 960 1507 981 ut
1517 950 1619 982 breves
1627 973 1636 986 ‚
1648 962 1681 983 ut
1689 954 1846 985 evidentes
1855 976 1863 989 ,
1875 965 1907 987 ut
1916 957 2083 992 credibiles,

1129 995 1162 1017 ut
1179 987 1339 1035 moderata:
1349 1010 1358 1023 ‚
1381 1000 1414 1021 ut
1429 1002 1500 1022 curn
1518 992 1671 1034 dignitate.
1688 1005 1754 1036 quae
1771 1006 1955 1038 quamquam
1974 1001 2006 1029 in
2026 1008 2086 1030 tota

1129 1037 1265 1060 oratione
1284 1029 1341 1061 efle
1351 1031 1462 1064 debent
1472 1054 1481 1068 ‚
1506 1037 1599 1077 magis
1610 1045 1710 1067 tamen
1730 1039 1799 1068 sunt
1806 1042 1924 1079 propria
1937 1040 2085 1070 narrandi.

1128 1073 1203 1112 Qae
1213 1081 1312 1118 autern
1326 1075 1517 1116 consequitur
1526 1080 1725 1108 narrationem
1731 1079 1819 1117 fides,
1843 1091 1876 1111 ea
1883 1082 2088 1121 persuadendo

1127 1122 1274 1160 quomarn
1284 1113 1413 1145 efficitur
1429 1137 1437 1150 ,
1463 1120 1515 1158 qui
1525 1119 1560 1149 ad
1570 1120 1807 1159 persuadendum
1817 1123 1877 1152 loci
1889 1125 2025 1153 maxime
2036 1134 2086 1153 va-

1128 1154 1219 1188 leant,
1230 1155 1348 1200 dspium
1358 1156 1401 1188 est
1409 1160 1442 1188 in
1452 1162 1488 1189 iis
1501 1180 1509 1193 ‚
1520 1161 1552 1190 in
1563 1162 1671 1201 quibus
1684 1162 1720 1192 de
1729 1166 1817 1194 omni
1826 1166 1940 1195 ratione
1950 1166 2084 1195 dicendi.

1128 1197 1269 1243 Peroratio
1279 1207 1379 1229 autem
1390 1200 1423 1230 &
1432 1200 1489 1231 alia
1498 1204 1635 1242 quaedam
1645 1204 1732 1234 habet
1739 1225 1747 1238 ,
1768 1205 1801 1235 ἐξ
1809 1206 1944 1236 maxime
1954 1206 2087 1247 amplifi«

1125 1247 1276 1268 cationem
1297 1250 1303 1269 :
1325 1242 1373 1280 cuj
1379 1252 1411 1271 us
1421 1241 1577 1274 effefiusis
1587 1244 1675 1275 debet
1683 1244 1741 1276 effe
1753 1267 1761 1280 ,
1780 1250 2087 1288 utautperturbentur

1126 1281 1234 1314 animi,
1245 1290 1296 1312 aut
1306 1284 1551 1324 tranquillentur:
1566 1286 1610 1320 δε,
1621 1286 1642 1316 fi
1652 1290 1692 1318 ita
1699 1288 1758 1326 jam
1771 1288 1869 1319 afficti
1879 1290 1946 1320 unte
1957 1291 2024 1320 sunt
2032 1310 2040 1324 ‚
2051 1297 2100 1321 utx

1126 1331 1229 1368 augeat
1236 1332 1344 1353 eorum
1354 1334 1456 1355 motus
1466 1346 1475 1360 ,
1487 1337 1537 1357 aut
1546 1328 1625 1358 sedet
1634 1332 1738 1360 oratio.
1760 1332 1842 1360 Huic
1850 1333 1968 1371 generi,
1980 1334 2013 1362 in
2023 1342 2085 1373 quo

1126 1362 1159 1392 δε
1169 1364 1421 1400 misericordia,&
1430 1369 1628 1404 iracundia&
1639 1371 1757 1405 odium,
1768 1374 1801 1402 <Sc
1811 1373 1972 1406 invium&
1983 1383 2086 1404 cetera:

1125 1406 1222 1452 anitni
1231 1404 1405 1438 affectiones
1412 1411 1775 1453 permrbmrunpraecepm
1784 1414 2085 1454 iuppeditanturnliis

1124 1446 1266 1481 inlibris,
1277 1459 1354 1489 quos
1363 1454 1474 1490 poteris
1485 1462 1607 1484 mecum
1616 1455 1721 1495 legere,
1733 1455 1805 1485 cum
1817 1456 1911 1486 voles.
1935 1457 1981 1487 Ad
1993 1457 2022 1486 id
2032 1467 2083 1486 au·

1125 1496 1199 1523 tem,
1211 1491 1293 1530 quod
1303 1499 1330 1521 te
1339 1494 1417 1522 velle
1427 1494 1571 1525 senseram
1582 1515 1590 1528 ,
1603 1497 1754 1527 cumulate
1765 1497 1946 1528 satisfaCtum
1962 1497 2021 1528 effe
2031 1498 2083 1528 de-

1124 1529 1174 1560 bet
1182 1533 1332 1563 voluntati
1343 1541 1408 1565 tuae.
1424 1537 1515 1570 Nam,
1528 1547 1565 1566 ne
1575 1541 1756 1577 praeterirern
1768 1539 1891 1580 aliquid,
1902 1540 1984 1581 quod
1994 1540 2028 1570 ad
2039 1550 2084 1570 ar—

1119 1582 1301 1612 gumentum
1311 1576 1342 1604 in
1352 1579 1440 1607 omni
1455 1580 1568 1608 ratione
1578 1581 1788 1619 reperiendum
1798 1583 1959 1620 pertineret
1969 1603 1978 1615 .
1997 1582 2082 1622 plum

1121 1613 1212 1653 quam
1221 1614 1238 1660 ξι
1247 1624 1275 1646 te
1284 1615 1442 1661 desiderata
1448 1629 1532 1650 erant
1541 1640 1550 1654 ‚
1570 1621 1636 1651 sum
1649 1622 1828 1662 complexus
1840 1643 1848 1656 ‚
1869 1621 1986 1664 fecique
1995 1623 2078 1665 quod

1120 1655 1196 1695 saepe
1208 1655 1332 1688 leber-aies
1342 1660 1492 1689 venditaret
1503 1662 1599 1692 solent
1610 1683 1619 1696 ,
1641 1672 1674 1693 ut
1684 1684 1692 1696 ‚
1712 1662 1786 1693 cum
1798 1663 1874 1695 aedes
1885 1685 1894 1697 ‚
1912 1665 2083 1695 fundumve

1118 1697 1311 1731 vendiderint
1319 1720 1329 1735 ,
1343 1704 1418 1732 rutis
1426 1702 1506 1733 caefis
1516 1706 1639 1744 receptis
1650 1725 1660 1738 ‚
1679 1705 1846 1736 concedant
1857 1715 1957 1737 tamen
1965 1706 2080 1748 aliquid

1118 1742 1248 1775 emtori,
1270 1743 1352 1783 quod
1362 1745 1490 1775 ornandi
1501 1746 1584 1776 causa
1591 1748 1656 1786 apte
1668 1767 1677 1781 ‚
1700 1747 1733 1777 3:
1742 1748 1812 1778 loco
1821 1746 1951 1788 positum
1963 1747 2020 1778 esse
2031 1750 2077 1779 vi-

1118 1780 1229 1812 deatur.
1252 1782 1290 1814 sic
1300 1784 1355 1815 tibi
1365 1795 1422 1815 nos
1432 1786 1467 1817 ad
1476 1787 1508 1817 id
1520 1808 1528 1819 ‚
1548 1788 1630 1828 quod
1640 1787 1718 1829 quafi
1729 1792 1881 1830 mancipio
1891 1789 1958 1820 dase
1969 1790 2075 1821 debui-

1124 1832 1203 1858 mus,
1214 1834 1393 1858 ornamenta
1403 1828 1540 1869 quaedam
1550 1830 1706 1861 voluimus
1713 1841 1778 1861 non
1787 1831 1886 1863 debita
1892 1831 2026 1864 acedere.

1114 1937 1726 2011 CrcERoNrs

1147 2068 1187 2113 E

123 2176 1098 2248 ‘PAIQT1†PIC)N13
1224 2178 2070 2267 OizAssrc)R11u

1121 2306 1212 2395 O
1296 2311 1383 2397 G
1462 2312 1702 2399 [18.

262 2493 268 2499 '
316 2479 491 2533 Cicero
498 2475 679 2549 filius,
703 2474 767 2536 ὠ
790 2478 970 2531 Cicero
983 2489 1167 2550 pater,
1192 2477 1448 2552 loquentes
1472 2479 1886 2536 introducuntur.

1122 2607 1234 2637 eisdem
1246 2606 1283 2637 de
1291 2607 1378 2637 rebus
1386 2606 1493 2637 Latine
1504 2609 1706 2651 interrogem?
1736 2613 1768 2641 C.
1778 2614 1808 2643 P.
1829 2612 1904 2644 Sane
1913 2633 1922 2647 ,
1941 2611 1961 2643 fi
1971 2613 2076 2654 placet.

1123 2647 1162 2679 fic
1173 2651 1256 2679 enim
1267 2650 1300 2679 &
1309 2659 1364 2690 ego
1375 2658 1402 2679 te
1410 2649 1588 2680 meminiss'e
1598 2652 1777 2694 intelligam,
1791 2664 1855 2695 quae
1865 2655 2000 2696 accepisti
2014 2667 2019 2685 ι
2042 2657 2076 2687 &

1123 2699 1153 2721 tu
1166 2690 1272 2721 ordine
1282 2692 1382 2720 audies
1393 2701 1470 2731 ‚quae
1480 2693 1614 2732 requiris.
1638 2695 1672 2722 C.
1684 2696 1715 2724 F.
1727 2697 1810 2736 Qot
1820 2698 1852 2726 in
1861 2699 1966 2736 parteis
1976 2696 2077 2728 distri-

1123 2731 1240 2762 buenda
1250 2731 1292 2761 est
1302 2733 1404 2762 omnis
1413 2732 1549 2763 doctrina
1557 2733 1699 2764 dicendi?
1718 2739 1788 2767 GP.
1799 2740 1835 2767 In
1844 2740 1924 2768 treis·
1940 2741 2009 2769 CF.
2021 2741 2079 2769 Ce-

1124 2772 1164 2804 do
1174 2776 1266 2815 quas?
1296 2776 1327 2804 C.
1337 2776 1367 2804 P.
1388 2773 1528 2804 Primum
1538 2776 1571 2805 in
1580 2776 1674 2815 ipsam
1684 2778 1748 2807 vim
1760 2781 1900 2814 oratoris,
1921 2779 2030 2810 deinde
2041 2782 2075 2810 in

1123 2818 1292 2845 orationem
1302 2835 1311 2849 ‚
1331 2824 1395 2845 tum
1407 2817 1439 2845 in
1449 2815 1655 2856 quaestionem.
1679 2821 1713 2849 C.
1725 2822 1758 2849 F.
1775 2822 1810 2850 In
1821 2831 1881 2861 quo
1891 2820 1933 2851 est
1943 2821 2004 2862 ipsa
2013 2823 2054 2850 vis
2064 2825 2077 2851 ἔ

1125 2859 1159 2887 C.
1172 2860 1203 2888 P.
1213 2859 1248 2887 In
1259 2857 1345 2887 rebus
1356 2877 1364 2890 ‚
1377 2857 1410 2887 &
1421 2858 1528 2887 verbis.
1551 2858 1607 2889 Sed
1618 2859 1704 2890 &res
1715 2880 1723 2894 ‚
1735 2861 1768 2891 δε
1777 2863 1864 2892 verba
1876 2883 1884 2895 ‚
1896 2863 2078 2894 invenienda

1124 2900 1191 2930 sunt
1201 2919 1209 2932 ‚
1230 2899 1262 2929 &
1272 2898 1457 2929 collocanda.
1488 2901 1608 2940 Proprie
1618 2910 1717 2931 autern
1728 2903 1856 2933 inrebus
1866 2907 2002 2934 iuvenire
2014 2925 2023 2938 ‚
2042 2907 2076 2936 in

1122 2941 1221 2970 verbis
1230 2941 1331 2980 eloqui
1342 2940 1463 2971 dicitur.
1486 2941 1639 2972 collocare
1648 2953 1746 2974 autem
1756 2964 1765 2978 ,
1785 2944 1836 2975 etsi
1845 2945 1889 2975 est
1899 2956 2076 2980 commune,

1123 2990 1224 3012 tamen
1234 2982 1269 3012 ad
1278 2981 1497 3012 inveniendum
1509 2981 1640 3013 refertur.
1672 2988 1742 3015 Vox
1753 3005 1762 3019 ,
1772 2995 1873 3016 motus
1883 3007 1890 3020 ‚
1903 2988 2002 3018 vultus
2012 3007 2021 3021 ,
2034 2997 2076 3018 at·

1123 3033 1179 3065 que
1201 3026 1302 3054 omnis
1319 3022 1397 3053 :ictio
1414 3043 1423 3058 ‚
1450 3024 1592 3066 eloquendi
1607 3036 1692 3057 comes
1711 3026 1754 3056 eft'
1772 3048 1782 3062 ,
1801 3038 1959 3071 earumque
1976 3039 2076 3059 rerum

1932 3079 2075 3100 omnium

1600 3177 1628 3206 Z
1983 3187 2007 3204 ι.
2018 3178 2074 3204 ῒίπτ

2108 571 2155 612 26
