2302 3353
478 198 582 264 Ἀῶ
667 191 1074 262 TULLII

2053 130 2119 183 35

1159 200 1798 274 Cicsskouiffi

156 333 2107 468 RHETORICORUM‚

886 505 919 559 s
969 506 1014 559 E
1064 503 1127 557 U
1236 506 1290 561 D
1342 507 1388 561 E

213 624 1112 716 INVENTIONE
1197 628 2047 730 RHETORICA,

609 782 1088 853 I,IB.RI

1236 785 1601 867 D·U(Q

458 921 639 1028 Q
682 915 976 1026 reliqui
1014 915 1196 1001 sunt
1228 950 1332 1003 cx
1369 946 1792 1034 quattuor.

717 1095 1024 1140 LIBER
1113 1096 1534 1148 PRIMUS.

357 1242 362 1243 ⁷
408 1209 475 1238 ΛΞΡ
487 1217 525 1242 Ε,
549 1206 583 1238 &
601 1205 735 1237 multum
754 1206 813 1236 hoc
832 1216 952 1237 mecum
965 1207 1102 1248 cogitavi,

324 1243 372 1290 ,ἶ
407 1250 521 1280 bonine
531 1270 539 1283 ‚
559 1259 597 1279 an
618 1250 689 1279 mali
698 1248 766 1288 plus
775 1249 904 1278 attulerit
913 1248 1101 1282 hominibus,

297 1268 441 1323 ²13¹&
460 1291 630 1321 civitatibus
647 1292 732 1330 copia
743 1289 881 1322 dicendi,
903 1300 935 1320 ac
947 1291 1102 1320 summum

316 1325 383 1379 Ἑμ,
407 1333 586 1373 eloquentia:
596 1331 740 1362 studium.
765 1341 833 1361 nam
855 1330 926 1361 cum
947 1332 980 1361 &
994 1331 1100 1363 nostrae

266 1386 273 1397 ⁴
283 1385 293 1395 Ι
320 1401 323 1402 ⁷
345 1375 375 1412 ’ξ’
405 1375 576 1414 reipublicae
586 1373 765 1403 detrimenta
774 1371 939 1406 considero,
958 1373 991 1403 δε
1002 1376 1101 1403 maxi-

351 1408 378 1416 ⁸
406 1426 523 1446 marum
533 1418 690 1446 civitatum
699 1423 812 1445 veteres
821 1416 925 1445 animo
944 1415 1099 1444 calamita-

340 1433 369 1473 ὃ
403 1465 442 1487 tes
452 1458 564 1500 colligo
577 1478 586 1491 ,
599 1466 663 1487 non
674 1458 837 1487 minimam
847 1456 936 1486 video
945 1467 998 1497 per
1006 1457 1099 1487 diser-

134 1496 261 1531 tiffimos
271 1501 412 1531 homines
423 1499 575 1530 inveEtam
586 1509 700 1540 partem
711 1498 994 1529 incommodorum.
1025 1497 1097 1529 cum

133 1549 234 1571 autem
244 1553 290 1573 res
301 1543 337 1573 ab
346 1541 447 1573 nostra
458 1544 615 1575 memoria,
628 1549 748 1581 propter
755 1539 942 1574 vetustatem,
955 1549 1095 1574 remotas,

134 1591 174 1613 ex
183 1583 334 1614 literarum
346 1585 558 1615 monumentis
567 1592 698 1624 repetere
709 1581 836 1612 instituo
850 1593 855 1611 z
875 1582 985 1613 multas
995 1582 1095 1613 urbeis

133 1623 306 1656 constitutas
316 1646 325 1660 ‚
345 1627 477 1666 plurima
486 1625 563 1656 bella
572 1624 711 1655 restin6hi
720 1644 729 1658 ,
742 1621 921 1654 firmiffimas
932 1624 1093 1658 societates,

131 1665 323 1698 san&iffimas
333 1669 478 1698 amicitias
490 1667 639 1708 intelligo.
651 1665 722 1697 cum
733 1668 829 1696 animi
838 1668 964 1700 ratione,
975 1674 1041 1696 tum
1051 1665 1095 1696 fa·
1106 1694 1111 1697 .

130 1708 220 1738 cilius
229 1708 385 1750 eloquentia
395 1712 630 1749 comparatas.Ac
640 1719 690 1738 me
699 1707 823 1749 quidem
835 1707 888 1737 diu
899 1710 1091 1749 cogitantem,

129 1750 206 1779 ratio
223 1751 284 1790 ipsa
300 1754 334 1781 in
352 1752 427 1782 hanc
436 1749 626 1792 potiffimum
637 1751 815 1780 sententiam
826 1749 908 1779 ducit
918 1770 926 1783 ,
947 1758 980 1779 ut
989 1749 1093 1780 existi-

129 1799 213 1820 mem
224 1811 233 1825 ,
257 1795 476 1823 SAPOENTIAM
495 1791 555 1823 fine
569 1793 741 1833 eloquentia
750 1798 856 1832 parum
871 1790 1005 1831 prodeffe
1015 1793 1093 1822 civi-

104 1846 106 1849 ·
129 1831 456 1875 tatibus,eloquentiam
466 1833 539 1865 vero
549 1833 609 1864 fine
621 1835 761 1874 sapientia
770 1831 904 1863 nimium
917 1832 1005 1863 obess'
1004 1844 1019 1863 e
1027 1833 1092 1873 ple-

128 1882 268 1915 rumque,
280 1875 413 1915 prodesse
424 1886 591 1917 nunquam.
616 1879 713 1915 Qare
724 1873 812 1916 siquis
823 1895 833 1908 ‚
845 1873 957 1905 omiffis
967 1873 1089 1905 restiffi-

130 1917 190 1944 mis
200 1935 208 1948 ,
229 1924 313 1957 atque
324 1916 537 1947 honestissimis
549 1917 652 1948 studiis
664 1920 787 1947 rationis
805 1917 837 1946 δε
847 1915 940 1947 officii
951 1937 959 1950 ,
980 1917 1091 1946 consu-

130 1957 188 1985 mit
206 1966 332 1987 omnem
352 1968 473 1998 operam
492 1960 525 1988 in
543 1960 754 1989 exercitatione
775 1957 896 1988 dicendi
908 1978 916 1991 ‚
938 1960 963 1988 is
974 1959 1090 1988 inutilis

84 1996 87 1998 ’
131 1995 195 2030 fibi,
206 2000 391 2037 perniciosus
400 2001 499 2039 patriae
510 2001 584 2029 civis
594 1999 705 2029 dicitur
717 2010 722 2028 :
733 2001 785 2040 qui
795 1997 867 2028 verb
877 2001 917 2029 ita
928 2000 986 2029 sese
997 2008 1090 2030 armat

128 2038 310 2079 eloquentia,
322 2050 355 2070 ut
365 2050 429 2070 non
439 2051 608 2082 oppugnare
619 2040 782 2070 commoda
790 2042 900 2080 patriae‚
917 2040 965 2070 sed
975 2050 1030 2080 pro
1041 2041 1088 2070 his

127 2089 256 2121 pugnare
275 2079 361 2120 poffit
369 2102 378 2115 ,
402 2084 427 2111 is
448 2084 525 2111 mihi
545 2084 591 2112 vir
602 2082 634 2111 &
645 2082 704 2111 suis
727 2082 760 2111 &
778 2081 905 2121 publicis
923 2081 1088 2111 rationibus

128 2120 298 2152 utiliffimus
310 2143 318 2156 ‚
333 2132 418 2164 atque
428 2122 624 2154 amiciffimus
634 2125 710 2153 civis
721 2122 785 2153 fore
795 2122 924 2152 videtur.
949 2125 992 2153 Ac
1002 2121 1023 2152 fi
1032 2133 1088 2152 vo-

126 2162 227 2192 lumus
238 2165 328 2203 hujus
338 2168 394 2198 rei,
415 2175 479 2206 quae
490 2174 612 2195 vocatur
620 2165 791 2205 eloquentia
800 2184 807 2197 ,
830 2162 888 2194 sive
898 2163 1006 2197 studii,
1029 2162 1087 2194 five

125 2213 194 2235 artis
204 2225 213 2239 ,
234 2204 291 2235 five
302 2208 521 2237 exercitationis
532 2207 577 2246 cuj
582 2206 685 2237 usdam
702 2226 710 2240 ‚
734 2204 791 2236 sive
803 2205 950 2236 facultatis
961 2205 976 2235 a
986 2214 1088 2236 natura

124 2245 265 2287 profefihe
285 2247 465 2279 considerare
483 2250 686 2289 principium:
707 2250 891 2288 reperiemus
901 2247 930 2277 id
942 2257 979 2277 ex
989 2248 1086 2277 hone*

126 2286 255 2318 stiffimis
264 2287 353 2319 causis
362 2299 466 2320 natum
479 2310 487 2324 ‚
508 2299 592 2332 atque
603 2293 726 2330 optimis
735 2289 899 2320 rationibus
909 2288 1081 2335 profestum.
1105 2317 1107 2328 ‚

88 2332 109 2356 2
127 2331 207 2360 Nam
226 2329 283 2360 fuit
293 2331 445 2371 quoddam
457 2340 575 2372 tempus
588 2352 595 2366 ‚
619 2341 690 2361 cum
702 2333 735 2361 in
743 2333 818 2372 agris
829 2332 970 2361 'nomines
980 2329 1083 2370 passim

126 2374 136 2391 ¹
150 2371 309 2402 bestiarum
330 2373 425 2403 modo
444 2374 622 2416 vagabantur
633 2393 641 2407 ‚
664 2374 697 2404 &
716 2372 768 2403 fibi
787 2371 870 2402 νίὲὶυ
881 2372 980 2402 ferino
990 2374 1082 2402 vitam

123 2411 341 2455 propagabant3
358 2425 414 2445 nec
433 2419 547 2446 ratione
566 2417 662 2445 animi
678 2414 842 2456 quidquam
854 2436 862 2448 ,
885 2414 933 2445 sed
943 2414 1082 2456 pleraque

122 2455 236 2485 viribus
245 2458 376 2496 corporis
387 2456 644 2488 administrabant.
668 2456 807 2487 nondum
826 2456 937 2486 divinat
958 2456 1081 2498 religio-

123 2498 170 2526 nis
181 2517 190 2530 ,
214 2507 277 2527 non
288 2499 412 2528 humani
423 2498 517 2529 officii
529 2501 603 2530 ratio
613 2499 766 2530 colebatur
778 2509 783 2527 z
803 2509 897 2528 nemo
907 2499 1024 2538 nuptias
1034 2499 1081 2527 vi-

121 2536 201 2569 derat
209 2540 356 2579 legitimas
368 2550 373 2569 :
396 2551 460 2571 non
482 2549 575 2571 certos
595 2541 743 2582 quispiam
765 2540 932 2581 inspexerat
949 2539 1073 2569 liberos:

121 2579 185 2610 non
191 2580 240 2620 jus
251 2581 393 2622 aequabile
403 2583 474 2623 quid
486 2583 621 2613 utilitatis
633 2583 762 2616 haberet,
774 2591 933 2622 acceperat.
957 2584 999 2612 Ita
1009 2591 1080 2621 pro-

120 2630 183 2661 pter
192 2632 332 2656 errorem,
351 2626 365 2642 2
377 2633 463 2664 atque
475 2625 676 2658 inscientiam,
688 2634 762 2654 caeca
771 2633 803 2654 ac
813 2626 967 2654 temeraria
978 2623 1080 2653 domi-

119 2665 216 2697 natrix
234 2665 329 2694 animi
350 2666 494 2705 cupiditas
505 2687 513 2700 ,
536 2666 571 2696 ad
591 2667 618 2696 se
629 2666 809 2706 explendam
821 2665 935 2695 viribus
945 2667 1078 2704 corporis

119 2705 309 2740 abutebatur,
320 2706 574 2746 perniciofiffimis
580 2706 760 2747 fittellitibus.
784 2710 853 2749 Qo
864 2715 1000 2749 tempore
1010 2710 1077 2748 qui-

119 2745 187 2776 dam
203 2749 215 2773 3
227 2757 350 2788 magnus
362 2748 504 2780 videlicet
513 2752 569 2788 ΨΥ,
582 2750 614 2779 &
626 2750 750 2789 sapiens,
762 2751 920 2790 cognovit,
939 2760 1003 2790 quae
1014 2759 1077 2779 rna-
1097 2773 1099 2784 ,

120 2789 190 2817 teria
201 2787 282 2821 esset,
312 2790 344 2819 &
363 2798 470 2830 quanta
486 2791 521 2821 ad
537 2793 684 2821 maximas
695 2801 740 2821 res
751 2794 956 2831 opportunitas
968 2794 1000 2822 in
1010 2792 1077 2820 ani-

118 2830 177 2858 mis
186 2828 257 2861 effet
267 2832 442 2866 hominurn,
455 2831 544 2874 siquis
552 2843 618 2863 earn
628 2832 723 2874 posset
732 2833 848 2868 elicere,
859 2833 891 2864 &
900 2835 1078 2875 praecipien-

249 2984 317 3001 more.
338 2976 409 3011 quod
420 2977 477 3012 quis
489 2987 541 3004 non
554 2977 627 3005 videt
637 2980 902 3013 interpretamentum
914 2980 1023 3007 alterius
1035 2982 1045 3007 ?

285 3019 313 3036 2.
333 3015 424 3046 eAtque
442 3014 615 3048 inscientiam]
636 3017 677 3041 lta
695 3023 800 3050 quoquc
813 3016 881 3042 Pau.
892 3015 972 3043 iidem
986 3037 994 3050 ,
1013 3018 1079 3043 item

250 3047 348 3073 Greve.
360 3049 386 3074 Sc
402 3048 479 3075 Fabi.
491 3049 591 3084 legitur
605 3050 705 3086 passim,
715 3052 843 3084 iustitiam.

159 3085 173 3112 3
181 3098 186 3104 .
205 3084 311 3113 Magnus
319 3084 427 3109 videlicet
435 3087 477 3110 'vir
485 3086 514 3116 ὼν
528 3086 651 3120 skipa-ns]
674 3085 802 3113 Enclitica
812 3097 863 3114 non
876 3088 910 3114 est
922 3088 948 3114 in
960 3088 1016 3114 Pal.
1028 3087 1078 3114 sec.

123 2945 146 2963 ι,
163 2941 369 3059 BEstiarnm
387 2942 474 2975 niodo]
495 2942 538 2967 Sic
549 2942 606 2968 Pal.
617 2941 666 2968 sec.
680 2951 709 2968 ac
719 2949 783 2969 tert.
804 2943 867 2970 item
880 2945 945 2970 Gre.
959 2945 1080 2980 vulgati,
1100 2969 1101 2972 ,

123 3114 192 3149 (ι’-ὶῡὸ
203 3123 278 3151 noto,
289 3125 317 3144 ut
324 3118 445 3154 juniores
456 3121 502 3157 qui
512 3120 608 3150 deinde
619 3121 712 3151 Tullio
721 3123 863 3153 auxiliares
876 3123 934 3151 saint
943 3123 1078 3153 admoturi
1094 3146 1098 3158 ,
1119 3124 1151 3151 fic
1163 3124 1303 3152 Terentius
1314 3135 1321 3153 ε
1345 3126 1482 3160 confidnmcr
1493 3128 1653 3161 rissasstulm.

1148 1207 1188 1238 do
1208 1209 1369 1239 meliorem
1383 1210 1505 1241 reddere
1518 1221 1523 1240 :
1546 1212 1598 1253 qui
1608 1211 1753 1253 dispersos
1765 1213 1907 1244 homines
1917 1213 1950 1244 in
1959 1214 2034 1256 agris
2045 1234 2053 1248 ‚
2073 1214 2107 1246 δε

1147 1251 1180 1279 in
1199 1250 1284 1281 ted-Itis
1304 1249 1482 1283 silvestribus
1493 1253 1609 1284 abditos
1619 1274 1627 1287 ,
1648 1257 1763 1285 ratione
1773 1255 1901 1296 quadam
1912 1257 2061 1296 compulit
2071 1267 2104 1286 u⁷

1146 1301 1222 1321 num
1242 1295 1275 1322 in
1294 1293 1396 1323 locum
1409 1315 1417 1328 ‚
1440 1294 1473 1324 &
1481 1298 1673 1337 congregavit
1682 1317 1690 1330 ‚
1711 1297 1744 1327 &
1754 1307 1804 1326 eos
1814 1299 1848 1327 in
1860 1307 2106 1339 unamquamque

1144 1343 1207 1363 rem
1221 1334 1377 1369 inducens,
1391 1336 1497 1366 utilem
1509 1357 1517 1370 ‚
1533 1346 1620 1378 atque
1632 1337 1791 1368 honestam
1803 1359 1811 1372 ,
1823 1337 1925 1378 primo
1934 1348 2053 1379 propter
2061 1342 2105 1368 tn-

1138 1374 1288 1413 filcariam
1299 1377 1515 1412 reclamantem
1529 1378 1637 1411 deinde
1647 1389 1767 1420 propter
1775 1382 1912 1409 rationem
1923 1401 1930 1415 ,
1943 1390 2028 1422 atque
2039 1391 2106 1412 ora-⁷

1142 1419 1260 1447 tionem
1271 1417 1428 1449 studiosius
1438 1419 1602 1451 audienteis
1613 1441 1623 1454 ‚
1641 1431 1680 1451 ex
1690 1421 1759 1451 feris
1770 1422 1803 1452 ὃς
1813 1422 2000 1453 immanibus
2012 1443 2020 1456 ‚
2043 1424 2105 1452 mi-

1141 1460 1197 1488 teis
1215 1459 1346 1490 reddidit
1365 1462 1398 1491 δε
1417 1462 1601 1492 mansuetos.
1633 1465 1677 1493 Ac
1689 1464 1767 1493 mihi
1779 1464 1903 1505 quidem
1913 1464 2032 1495 videtur
2042 1466 2101 1494 hoc

1140 1510 1195 1538 nec
1205 1504 1299 1535 tacita,
1319 1511 1374 1532 nec
1384 1505 1471 1544 inops
1484 1503 1605 1534 dicendi
1617 1505 1758 1545 sapientia
1767 1503 1907 1545 perficere
1917 1504 2055 1547 potuifl‘e.
2068 1514 2101 1537 ut

1139 1542 1281 1573 homines
1290 1543 1306 1574 a
1315 1545 1531 1575 consuetudine
1542 1545 1642 1576 subito
1653 1556 1854 1581 converteret,
1879 1548 1912 1578 &
1923 1548 1957 1578 ad
1969 1548 2101 1578 diversas:

1138 1586 1206 1614 vitae
1217 1587 1346 1616 rationes
1358 1586 1531 1617 traduceret.
1554 1588 1618 1629 Age
1628 1587 1701 1619 verb
1712 1609 1721 1622 ,
1733 1588 1856 1619 urbibus
1867 1588 2035 1620 constitutis
2045 1609 2053 1623 ,
2067 1598 2101 1621 ut,

1139 1624 1231 1656 fidem
1242 1627 1340 1657 colere
1349 1647 1358 1661 ,
1372 1628 1404 1658 &
1415 1629 1421 1665 j
1426 1628 1557 1659 ustitiam
1566 1632 1693 1661 retinere
1704 1630 1851 1661 discerent
1860 1651 1869 1664 ,
1882 1631 1915 1661 δε
1924 1632 1990 1662 aliis
1998 1630 2101 1672 parere

1136 1668 1187 1698 sua
1196 1669 1350 1699 voluntate
1368 1670 1594 1702 consuescerent
1602 1691 1611 1705 ‚
1631 1682 1664 1702 ac
1682 1682 1745 1702 non
1765 1671 1861 1703 modo
1881 1673 1995 1703 labores
2013 1674 2098 1703 exci-

1136 1710 1275 1749 piendos,
1288 1714 1462 1742 communis
1473 1713 1632 1743 commodi
1643 1714 1790 1748 causa,sed
1801 1716 1891 1745 etiam
1901 1716 1996 1745 vitam
2006 1716 2097 1745 amit-

1135 1752 1257 1782 tendam
1269 1753 1491 1784 existimarent:
1524 1753 1555 1784 ui
1567 1754 1688 1785 tandem
1700 1754 1764 1786 fieri
1772 1758 1882 1796 potuit.
1891 1755 1946 1786 nisi
1954 1757 2100 1787 homines

1135 1803 1167 1823 ea
1177 1814 1185 1827 ,
1197 1804 1262 1835 quae
1273 1797 1387 1825 ratione
1398 1797 1502 1826 inveni
1528 1795 1581 1827 'ent
1591 1817 1599 1831 ‚
1619 1798 1792 1839 eloquentia
1801 1798 1971 1838 persuadere
1982 1799 2097 1838 potuis-

1135 1835 1219 1866 sent?
1240 1836 1381 1867 Profeetb
1392 1847 1499 1872 nemo,
1524 1837 1580 1868 nifi
1589 1841 1671 1880 gravi
1682 1860 1690 1872 ‚
1710 1850 1743 1869 ac
1754 1839 1833 1870 suavi
1844 1849 2018 1870 commotus
2030 1850 2095 1871 ora-

1134 1879 1218 1907 tione
1229 1897 1237 1911 ,
1258 1877 1330 1909 cum
1340 1879 1453 1909 viribus
1462 1880 1633 1920 plurimum
1642 1878 1739 1921 posset
1748 1901 1756 1914 ‚
1779 1881 1816 1911 ad
1823 1882 1871 1921 jus
1885 1880 2026 1912 voluisset
2035 1880 2101 1912 fine

1133 1920 1165 1948 vi
1175 1919 1351 1950 descendere
1363 1931 1369 1949 z
1389 1930 1422 1950 ut
1431 1923 1509 1951 inter
1516 1932 1592 1962 quos
1601 1921 1696 1962 poffet
1705 1923 1861 1956 excellcre,
1874 1933 1946 1953 cum
1957 1925 1993 1953 iis
2004 1924 2033 1953 se
2042 1933 2095 1963 pa·

1133 1968 1242 1990 teretur
1249 1964 1357 2002 aequari
1369 1982 1376 1994 ,
1391 1963 1424 1992 &
1435 1963 1484 1993 sua
1493 1965 1648 1994 voluntate
1657 1963 1673 1994 ὲ
1680 1963 1894 2003 jucundissima
1902 1965 2095 1996 consuetudi-

1132 2011 1169 2030 ne
1179 2002 1347 2035 recederet,
1367 2006 1460 2044 4quae
1477 2004 1639 2043 praesertim
1656 2005 1719 2044 jam
1740 2013 1849 2035 naturae
1864 2008 1929 2035 vim
1942 2006 2095 2037 obtineret

1131 2050 1250 2082 propter
1267 2043 1452 2074 vetustatem.
1486 2048 1529 2074 Ac
1538 2044 1638 2085 primo
1649 2046 1773 2087 quidem
1783 2045 1821 2076 sic
1832 2047 1865 2076 Sc
1875 2055 1939 2077 nata
1947 2067 1956 2081 ‚
1978 2047 2012 2078 &
2021 2057 2091 2087 pro-

1130 2082 1221 2124 greffa
1232 2085 1350 2125 longius
1360 2086 1531 2126 eloquentia
1539 2086 1657 2117 videtur
1669 2098 1674 2115 z
1694 2088 1728 2118 δε
1746 2090 1819 2118 item
1838 2087 1939 2128 postea
1947 2091 2092 2120 maximi:

1108 2127 1110 2135 '
1133 2127 1165 2153 in
1176 2125 1262 2154 rebus
1272 2129 1350 2165 pacis
1362 2147 1370 2160 ‚
1392 2127 1424 2157 ὃς
1436 2128 1587 2158 bellicum
1599 2129 1725 2159 summis
1735 2130 1901 2160 hominum
1913 2130 2092 2161 utilitatibus

1130 2164 1187 2195 effe
1207 2168 1327 2197 versata.
1359 2168 1518 2209 Postquam
1529 2169 1601 2200 vero
1612 2171 1814 2201 commoditas
1824 2172 1959 2213 quaedam
1972 2193 1979 2205 .
2003 2182 2092 2213 prava

1128 2208 1245 2236 virtum
1255 2209 1413 2243 imitatrix,
1434 2210 1494 2241 sine
1506 2213 1620 2242 ratione
1631 2211 1742 2246 officii,
1755 2213 1875 2244 dicendi
1885 2216 2003 2254 copiam
2014 2224 2091 2244 con-

1128 2249 1224 2279 secuta
1235 2249 1277 2280 est
1289 2261 1294 2279 z
1314 2260 1379 2281 tum
1390 2254 1515 2293 ingenio
1525 2252 1597 2283 freta
1606 2255 1721 2284 malitia
1731 2275 1739 2288 ‚
1753 2264 1919 2295 pervertere
1929 2256 2040 2289 urbeis,
2054 2256 2089 2286 δι’

1126 2293 1200 2320 vitas
1220 2292 1385 2323 hominum
1397 2293 1568 2325 labefaistare
1579 2294 1714 2326 assuevit.
1758 2299 1856 2338 Atque
1868 2298 1956 2337 hujus
1966 2307 2086 2338 quoque
2109 2307 2123 2339 3

1127 2332 1287 2363 exordium
1299 2335 1383 2368 mali,
1395 2338 1540 2376 quoniam
1550 2339 1735 2377 principium
1745 2337 1819 2368 boni
1830 2338 1978 2373 diximus,
1989 2340 2088 2379 expli-

1125 2384 1240 2404 cemus.
1274 2375 1539 2408 Verifirnillimum
1559 2380 1637 2408 mihi
1653 2379 1770 2409 videtur
1781 2400 1788 2412 ,
1809 2380 1939 2420 quodam
1950 2389 2087 2420 tempore

1125 2425 1221 2456 neque
1231 2418 1264 2446 in
1274 2418 1403 2457 publicis
1413 2420 1499 2449 rebus
1512 2420 1639 2459 infantem
1648 2421 1681 2451 &
1691 2419 1874 2461 infipienteis
1884 2423 2026 2452 homines
2037 2423 2086 2453 so-

1123 2458 1193 2487 litos
1204 2457 1261 2488 effe
1273 2460 1376 2490 versari
1388 2481 1395 2493 ‚
1421 2471 1477 2491 nec
1487 2461 1559 2491 vero
1570 2462 1603 2492 ad
1615 2465 1739 2502 privatas
1750 2463 1846 2493 causas
1858 2473 1983 2505 magnos
1993 2474 2024 2494 ac
2036 2463 2084 2494 di-

1122 2499 1213 2529 sertos
1223 2501 1364 2531 homines
1376 2503 1512 2532 accedere
1523 2523 1530 2536 ,
1554 2503 1602 2533 sed
1613 2503 1683 2534 cum
1696 2503 1710 2533 a
1721 2504 1847 2534 summis
1857 2507 1929 2535 viris
1941 2507 2085 2537 maximae

1119 2550 1163 2570 res
1181 2541 1458 2574 administrarentur
1467 2565 1475 2578 ‚
1495 2545 1620 2575 arbitror
1638 2546 1712 2576 alios
1732 2544 1820 2580 fuiss‘e
1839 2556 1902 2577 non
1924 2547 2084 2577 incallidos

1122 2583 1264 2613 homines
1277 2605 1284 2618 ,
1306 2587 1358 2626 qui
1377 2586 1412 2616 ad
1433 2596 1532 2626 parvas
1546 2584 1758 2616 controverfias
1768 2589 1952 2627 privatorum
1963 2589 2084 2619 accede-

1120 2633 1194 2655 rent.
1219 2627 1329 2666 quibus
1351 2629 1382 2657 in
1402 2626 1608 2658 controversiis
1618 2627 1689 2658 cum
1702 2628 1774 2668 saepe
1784 2628 1799 2658 a
1811 2630 1970 2660 mendacio
1981 2640 2084 2661 contra

1121 2676 1229 2696 verum
1248 2669 1391 2698 homines
1410 2669 1481 2699 stare
1500 2670 1728 2700 consuescerent
1739 2691 1746 2704 ‚
1771 2680 1914 2702 DICENDI
1935 2671 2082 2703 affiduitas

1119 2708 1193 2738 aluit
1201 2709 1363 2743 audaciam,
1382 2720 1415 2741 ut
1426 2710 1586 2741 necessario
1596 2712 1759 2752 superiores
1774 2713 1820 2742 illi
1831 2714 2082 2754 propterinjurias

1120 2752 1234 2780 civium
1249 2754 1261 2777 5
1274 2750 1401 2782 resistere
1412 2752 1570 2782 audacibus
1581 2773 1589 2787 ‚
1612 2753 1645 2783 &
1664 2755 1803 2793 opitulari
1824 2756 1880 2784 suis
1892 2756 2016 2797 quisque
2026 2766 2081 2785 ne-

1120 2790 1248 2822 cessariis
1258 2803 1441 2833 cogerentur.
1462 2797 1562 2834 Itaque
1574 2794 1645 2824 cum
1657 2797 1688 2824 in
1701 2796 1830 2826 dicendo
1843 2797 1916 2837 saepe
1927 2807 1986 2837 par,
2000 2807 2079 2827 non-

1120 2843 1276 2875 nunquam
1287 2838 1377 2866 etiam
1389 2836 1520 2876 superior
1532 2837 1611 2867 visus
1622 2835 1692 2867 efl'et
1702 2840 1725 2867 is
1737 2859 1746 2872 ,
1765 2841 1837 2880 qui,
1859 2837 1969 2869 omiss‘o
1980 2839 2079 2869 studio

1962 2882 2077 2922 sapien-

1119 2944 1259 2980 aliquando
1272 2954 1374 2977 uicinus,
1386 2945 1526 2972 attendant
1537 2946 1609 2973 libris
1622 2947 1671 2974 suis
1685 2948 1828 2979 ieteribus,
1841 2948 1968 2984 numquid
1980 2950 2006 2975 ὃ(
2019 2947 2076 2975 heic

1120 2983 1233 3008 varient.

1154 3025 1182 3049 4.
1202 3018 1257 3048 ,9741ae
1264 3017 1444 3050 presi-:risnjam
1454 3026 1546 3044 namra:
1555 3020 1685 3053 -rim‚&c.]
1701 3020 1758 3045 Pal.
1771 3018 1819 3046 sec.
1830 3021 1960 3053 'Pmserfim
1969 3021 2077 3054 cumjam

1118 3060 1220 3082 natur-r,
1231 3054 1281 3082 else.
1304 3053 1446 3080 Lambinus
1457 3053 1558 3081 divinat
1568 3063 1659 3080 natm-e
1667 3059 1741 3081 vitem
1751 3055 1904 3082 infeliciter.

1158 3098 1182 3121 ς,
1203 3089 1305 3121 R2J'5sscre
1323 3090 1480 3124 audac-ihm]
1500 3092 1584 3117 Cre-c.
1604 3093 1699 3124 restare.
1727 3091 1796 3128 quod
1807 3092 1905 3130 placuit
1917 3091 2074 3119 (dunelmie,

1653 3170 1670 3190 ι
2012 3170 2035 3188 1.
2047 3163 2076 3186 L‘:
