<?xml version="1.0" encoding="UTF-8"?>
<!DOCTYPE html PUBLIC "-//W3C//DTD XHTML 1.0 Transitional//EN"
    "http://www.w3.org/TR/xhtml1/DTD/xhtml1-transitional.dtd">
<html xmlns="http://www.w3.org/1999/xhtml" xml:lang="en" lang="en">
 <head>
  <title>
</title>
<meta http-equiv="Content-Type" content="text/html;charset=utf-8" />
  <meta name='ocr-system' content='tesseract 3.04.00' />
  <meta name='ocr-capabilities' content='ocr_page ocr_carea ocr_par ocr_line ocrx_word'/>
</head>
<body>
  <div class='ocr_page' id='page_1' title='image "./mtuliiciceroniso00cice/mtuliiciceroniso00cice_0694.png"; bbox 0 0 2337 3400; ppageno 0'>
   <div class='ocr_carea' id='block_1_1' title="bbox 723 121 1090 167">
    <p class='ocr_par' dir='ltr' id='par_1_1' title="bbox 723 121 1090 167">
     <span class='ocr_line' id='line_1_1' title="bbox 723 121 1090 167; baseline -0.008 0"><span class='ocrx_word' id='word_1_1' title='bbox 723 121 1090 167; x_wconf 77' lang='lat' dir='ltr'>TULL11</span> 
     </span>
    </p>
   </div>
   <div class='ocr_carea' id='block_1_2' title="bbox 177 125 650 192">
    <p class='ocr_par' dir='ltr' id='par_1_2' title="bbox 177 125 650 192">
     <span class='ocr_line' id='line_1_2' title="bbox 177 125 650 192; baseline -0.013 -19"><span class='ocrx_word' id='word_1_2' title='bbox 177 133 275 192; x_wconf 78' lang='lat'>6¹4</span> <span class='ocrx_word' id='word_1_3' title='bbox 583 125 650 171; x_wconf 89' lang='lat' dir='ltr'>M.</span> 
     </span>
    </p>
   </div>
   <div class='ocr_carea' id='block_1_3' title="bbox 1168 120 1719 168">
    <p class='ocr_par' dir='ltr' id='par_1_3' title="bbox 1168 120 1719 168">
     <span class='ocr_line' id='line_1_3' title="bbox 1168 120 1719 168; baseline 0.009 -4"><span class='ocrx_word' id='word_1_4' title='bbox 1168 120 1719 168; x_wconf 75' lang='lat' dir='ltr'>ClcERONIS</span> 
     </span>
    </p>
   </div>
   <div class='ocr_carea' id='block_1_4' title="bbox 178 202 2144 251">
    <p class='ocr_par' dir='ltr' id='par_1_4' title="bbox 178 202 2144 251">
     <span class='ocr_line' id='line_1_4' title="bbox 178 202 2144 251; baseline -0.006 -8"><span class='ocrx_word' id='word_1_5' title='bbox 178 213 318 245; x_wconf 76' lang='lat' dir='ltr'>fieillimo</span> <span class='ocrx_word' id='word_1_6' title='bbox 336 209 407 250; x_wconf 81' lang='lat' dir='ltr'>reip.</span> <span class='ocrx_word' id='word_1_7' title='bbox 427 215 562 247; x_wconf 86' lang='lat' dir='ltr'>tempore</span> <span class='ocrx_word' id='word_1_8' title='bbox 581 205 736 246; x_wconf 85' lang='lat' dir='ltr'>provincia</span> <span class='ocrx_word' id='word_1_9' title='bbox 748 204 927 235; x_wconf 87' lang='lat' dir='ltr'>Macedonia</span> <span class='ocrx_word' id='word_1_10' title='bbox 938 224 947 238; x_wconf 93' lang='lat'>,</span> <span class='ocrx_word' id='word_1_11' title='bbox 968 204 1137 251; x_wconf 80' lang='lat' dir='ltr'>Illyricum,</span> <span class='ocrx_word' id='word_1_12' title='bbox 1183 202 1394 246; x_wconf 84' lang='lat' dir='ltr'>possit,utatur‚</span> <span class='ocrx_word' id='word_1_13' title='bbox 1406 204 1503 245; x_wconf 81' lang='lat' dir='ltr'>exigat</span> <span class='ocrx_word' id='word_1_14' title='bbox 1515 215 1520 234; x_wconf 89' lang='lat'><strong>:</strong></span> <span class='ocrx_word' id='word_1_15' title='bbox 1530 205 1729 247; x_wconf 85' lang='lat' dir='ltr'>pecuniasque</span> <span class='ocrx_word' id='word_1_16' title='bbox 1739 204 1754 236; x_wconf 69' lang='lat' dir='ltr'>a</span> <span class='ocrx_word' id='word_1_17' title='bbox 1764 203 1874 247; x_wconf 78' lang='lat' dir='ltr'>quibus</span> <span class='ocrx_word' id='word_1_18' title='bbox 1887 202 2070 238; x_wconf 54' lang='lat' dir='ltr'>videaturad</span> <span class='ocrx_word' id='word_1_19' title='bbox 2078 211 2144 241; x_wconf 80' lang='lat' dir='ltr'>rem</span> 
     </span>
    </p>
   </div>
   <div class='ocr_carea' id='block_1_5' title="bbox 178 245 1147 581">
    <p class='ocr_par' dir='ltr' id='par_1_5' title="bbox 178 245 1147 581">
     <span class='ocr_line' id='line_1_5' title="bbox 178 245 1140 289; baseline -0.011 -3"><span class='ocrx_word' id='word_1_20' title='bbox 178 255 285 286; x_wconf 55' lang='lat' dir='ltr'>cuncti</span> <span class='ocrx_word' id='word_1_21' title='bbox 295 256 408 283; x_wconf 64' lang='lat' dir='ltr'>Graecia</span> <span class='ocrx_word' id='word_1_22' title='bbox 419 271 426 283; x_wconf 91' lang='lat'>,</span> <span class='ocrx_word' id='word_1_23' title='bbox 447 250 582 289; x_wconf 82' lang='lat' dir='ltr'>legiones</span> <span class='ocrx_word' id='word_1_24' title='bbox 593 268 601 281; x_wconf 90' lang='lat'>,</span> <span class='ocrx_word' id='word_1_25' title='bbox 618 248 764 277; x_wconf 76' lang='lat' dir='ltr'>exercitus</span> <span class='ocrx_word' id='word_1_26' title='bbox 774 266 782 280; x_wconf 89' lang='lat'>,</span> <span class='ocrx_word' id='word_1_27' title='bbox 798 248 947 287; x_wconf 76' lang='lat' dir='ltr'>equitatus</span> <span class='ocrx_word' id='word_1_28' title='bbox 960 266 968 280; x_wconf 91' lang='lat'>,</span> <span class='ocrx_word' id='word_1_29' title='bbox 989 256 1022 275; x_wconf 82' lang='lat' dir='ltr'>in</span> <span class='ocrx_word' id='word_1_30' title='bbox 1030 245 1140 276; x_wconf 84' lang='lat' dir='ltr'>consu-</span> 
     </span>
     <span class='ocr_line' id='line_1_6' title="bbox 182 287 1142 332; baseline -0.008 -6"><span class='ocrx_word' id='word_1_31' title='bbox 182 299 245 326; x_wconf 87' lang='lat' dir='ltr'>lum</span> <span class='ocrx_word' id='word_1_32' title='bbox 257 316 264 328; x_wconf 91' lang='lat'>‚</span> <span class='ocrx_word' id='word_1_33' title='bbox 279 296 393 325; x_wconf 74' lang='lat' dir='ltr'>senatus</span> <span class='ocrx_word' id='word_1_34' title='bbox 404 312 411 325; x_wconf 83' lang='lat'>,</span> <span class='ocrx_word' id='word_1_35' title='bbox 423 291 588 332; x_wconf 79' lang='lat' dir='ltr'>populique</span> <span class='ocrx_word' id='word_1_36' title='bbox 599 291 693 320; x_wconf 85' lang='lat' dir='ltr'>Rom.</span> <span class='ocrx_word' id='word_1_37' title='bbox 704 287 847 328; x_wconf 87' lang='lat' dir='ltr'>potestate</span> <span class='ocrx_word' id='word_1_38' title='bbox 859 287 929 318; x_wconf 86' lang='lat' dir='ltr'>sint:</span> <span class='ocrx_word' id='word_1_39' title='bbox 942 287 973 318; x_wconf 92' lang='lat' dir='ltr'>id</span> <span class='ocrx_word' id='word_1_40' title='bbox 984 288 1142 328; x_wconf 83' lang='lat' dir='ltr'>Q-Caepio-</span> 
     </span>
     <span class='ocr_line' id='line_1_7' title="bbox 182 330 1144 373; baseline -0.009 -5"><span class='ocrx_word' id='word_1_41' title='bbox 182 347 254 368; x_wconf 86' lang='lat' dir='ltr'>nem</span> <span class='ocrx_word' id='word_1_42' title='bbox 266 339 391 366; x_wconf 84' lang='lat' dir='ltr'>Brutum</span> <span class='ocrx_word' id='word_1_43' title='bbox 404 353 412 367; x_wconf 87' lang='lat'><strong>‚</strong></span> <span class='ocrx_word' id='word_1_44' title='bbox 434 332 547 373; x_wconf 90' lang='lat' dir='ltr'>procos.</span> <span class='ocrx_word' id='word_1_45' title='bbox 561 332 636 361; x_wconf 91' lang='lat' dir='ltr'>bene</span> <span class='ocrx_word' id='word_1_46' title='bbox 648 331 681 361; x_wconf 75' lang='grc' dir='ltr'>δε</span> <span class='ocrx_word' id='word_1_47' title='bbox 695 331 711 360; x_wconf 78' lang='grc' dir='ltr'><strong><em>ὲ</em></strong></span> <span class='ocrx_word' id='word_1_48' title='bbox 722 340 783 370; x_wconf 88' lang='lat' dir='ltr'>rep.</span> <span class='ocrx_word' id='word_1_49' title='bbox 798 330 831 360; x_wconf 90' lang='lat'>&amp;</span> <span class='ocrx_word' id='word_1_50' title='bbox 843 330 892 360; x_wconf 88' lang='lat' dir='ltr'>sua</span> <span class='ocrx_word' id='word_1_51' title='bbox 903 350 912 364; x_wconf 88' lang='lat'>‚</span> <span class='ocrx_word' id='word_1_52' title='bbox 932 331 1144 370; x_wconf 89' lang='lat' dir='ltr'>majorumque</span> 
     </span>
     <span class='ocr_line' id='line_1_8' title="bbox 182 370 1147 417; baseline -0.009 -8"><span class='ocrx_word' id='word_1_53' title='bbox 182 380 306 409; x_wconf 88' lang='lat' dir='ltr'>suorum</span> <span class='ocrx_word' id='word_1_54' title='bbox 316 376 460 417; x_wconf 80' lang='lat' dir='ltr'>dignitate</span> <span class='ocrx_word' id='word_1_55' title='bbox 470 394 478 408; x_wconf 90' lang='lat'><em>‚</em></span> <span class='ocrx_word' id='word_1_56' title='bbox 494 372 771 412; x_wconf 82' lang='lat' dir='ltr'>consuetudineque</span> <span class='ocrx_word' id='word_1_57' title='bbox 782 374 856 412; x_wconf 88' lang='lat' dir='ltr'>reip.</span> <span class='ocrx_word' id='word_1_58' title='bbox 870 372 946 402; x_wconf 89' lang='lat' dir='ltr'>bene</span> <span class='ocrx_word' id='word_1_59' title='bbox 955 371 1092 412; x_wconf 84' lang='lat' dir='ltr'>gerendae</span> <span class='ocrx_word' id='word_1_60' title='bbox 1102 370 1147 401; x_wconf 81' lang='lat' dir='ltr'>fe-</span> 
     </span>
     <span class='ocr_line' id='line_1_9' title="bbox 181 411 1145 458; baseline -0.006 -9"><span class='ocrx_word' id='word_1_61' title='bbox 181 418 251 451; x_wconf 76' lang='lat' dir='ltr'>ciss&#39;e</span> <span class='ocrx_word' id='word_1_62' title='bbox 263 439 270 453; x_wconf 92' lang='lat'>,</span> <span class='ocrx_word' id='word_1_63' title='bbox 292 427 417 458; x_wconf 85' lang='lat' dir='ltr'>eamque</span> <span class='ocrx_word' id='word_1_64' title='bbox 432 426 495 447; x_wconf 89' lang='lat' dir='ltr'>rem</span> <span class='ocrx_word' id='word_1_65' title='bbox 512 416 623 446; x_wconf 86' lang='lat' dir='ltr'>senatui</span> <span class='ocrx_word' id='word_1_66' title='bbox 636 435 643 447; x_wconf 85' lang='lat'>.</span> <span class='ocrx_word' id='word_1_67' title='bbox 662 414 838 455; x_wconf 85' lang='lat' dir='ltr'>populoque</span> <span class='ocrx_word' id='word_1_68' title='bbox 848 416 941 444; x_wconf 86' lang='lat' dir='ltr'>Rom.</span> <span class='ocrx_word' id='word_1_69' title='bbox 952 422 1064 454; x_wconf 83' lang='lat' dir='ltr'>gratam</span> <span class='ocrx_word' id='word_1_70' title='bbox 1076 411 1145 446; x_wconf 81' lang='lat' dir='ltr'>effe,</span> 
     </span>
     <span class='ocr_line' id='line_1_10' title="bbox 184 456 1146 499; baseline -0.008 -7"><span class='ocrx_word' id='word_1_71' title='bbox 184 463 217 493; x_wconf 76' lang='grc' dir='ltr'>δε</span> <span class='ocrx_word' id='word_1_72' title='bbox 228 460 308 491; x_wconf 80' lang='lat' dir='ltr'>fore:</span> <span class='ocrx_word' id='word_1_73' title='bbox 333 469 436 499; x_wconf 83' lang='lat' dir='ltr'>utique</span> <span class='ocrx_word' id='word_1_74' title='bbox 447 461 484 496; x_wconf 91' lang='lat' dir='ltr'>Q.</span> <span class='ocrx_word' id='word_1_75' title='bbox 495 459 597 497; x_wconf 75' lang='lat' dir='ltr'>Caepio</span> <span class='ocrx_word' id='word_1_76' title='bbox 608 459 715 486; x_wconf 87' lang='lat' dir='ltr'>Brutus</span> <span class='ocrx_word' id='word_1_77' title='bbox 726 476 734 489; x_wconf 88' lang='lat'>‚</span> <span class='ocrx_word' id='word_1_78' title='bbox 753 456 867 496; x_wconf 86' lang='lat' dir='ltr'>procos.</span> <span class='ocrx_word' id='word_1_79' title='bbox 878 458 1069 495; x_wconf 86' lang='lat' dir='ltr'>provinciam</span> <span class='ocrx_word' id='word_1_80' title='bbox 1080 457 1146 485; x_wconf 89' lang='lat' dir='ltr'>Ma-</span> 
     </span>
     <span class='ocr_line' id='line_1_11' title="bbox 182 497 1145 540; baseline -0.006 -7"><span class='ocrx_word' id='word_1_81' title='bbox 182 503 341 535; x_wconf 83' lang='lat' dir='ltr'>cedoniam</span> <span class='ocrx_word' id='word_1_82' title='bbox 351 521 359 534; x_wconf 90' lang='lat'><em>‚</em></span> <span class='ocrx_word' id='word_1_83' title='bbox 376 501 534 540; x_wconf 87' lang='lat' dir='ltr'>Illyricum</span> <span class='ocrx_word' id='word_1_84' title='bbox 546 519 554 532; x_wconf 86' lang='lat'>,</span> <span class='ocrx_word' id='word_1_85' title='bbox 570 507 723 538; x_wconf 88' lang='lat' dir='ltr'>totamque</span> <span class='ocrx_word' id='word_1_86' title='bbox 736 500 883 528; x_wconf 84' lang='lat' dir='ltr'>Graeciam</span> <span class='ocrx_word' id='word_1_87' title='bbox 894 507 1007 528; x_wconf 88' lang='lat' dir='ltr'>tueatur</span> <span class='ocrx_word' id='word_1_88' title='bbox 1018 517 1026 531; x_wconf 94' lang='lat'><em>‚</em></span> <span class='ocrx_word' id='word_1_89' title='bbox 1041 497 1145 527; x_wconf 78' lang='lat' dir='ltr'>defen-</span> 
     </span>
     <span class='ocr_line' id='line_1_12' title="bbox 184 540 1145 581; baseline -0.006 -6"><span class='ocrx_word' id='word_1_90' title='bbox 184 544 233 575; x_wconf 77' lang='lat' dir='ltr'>dat</span> <span class='ocrx_word' id='word_1_91' title='bbox 244 565 251 578; x_wconf 91' lang='lat'><em>‚</em></span> <span class='ocrx_word' id='word_1_92' title='bbox 263 542 409 575; x_wconf 85' lang='lat' dir='ltr'>custodiat</span> <span class='ocrx_word' id='word_1_93' title='bbox 419 563 427 576; x_wconf 91' lang='lat'>,</span> <span class='ocrx_word' id='word_1_94' title='bbox 440 541 688 581; x_wconf 80' lang='lat' dir='ltr'>incolumemque</span> <span class='ocrx_word' id='word_1_95' title='bbox 699 540 872 570; x_wconf 88' lang='lat' dir='ltr'>conservet:</span> <span class='ocrx_word' id='word_1_96' title='bbox 887 542 976 581; x_wconf 90' lang='lat' dir='ltr'>eique</span> <span class='ocrx_word' id='word_1_97' title='bbox 985 540 1145 572; x_wconf 87' lang='lat' dir='ltr'>exercitui,</span> 
     </span>
    </p>
   </div>
   <div class='ocr_carea' id='block_1_6' title="bbox 1187 246 2150 581">
    <p class='ocr_par' dir='ltr' id='par_1_6' title="bbox 1187 246 2150 581">
     <span class='ocr_line' id='line_1_13' title="bbox 1187 246 2145 288; baseline -0.002 -12"><span class='ocrx_word' id='word_1_98' title='bbox 1187 246 1351 277; x_wconf 88' lang='lat' dir='ltr'>militarem</span> <span class='ocrx_word' id='word_1_99' title='bbox 1361 254 1480 275; x_wconf 79' lang='lat' dir='ltr'>mutuas</span> <span class='ocrx_word' id='word_1_100' title='bbox 1490 246 1597 282; x_wconf 70' lang='lat' dir='ltr'>sumat,</span> <span class='ocrx_word' id='word_1_101' title='bbox 1606 246 1796 279; x_wconf 83' lang='lat' dir='ltr'>frumentum</span> <span class='ocrx_word' id='word_1_102' title='bbox 1806 250 1932 288; x_wconf 87' lang='lat' dir='ltr'>imperet</span> <span class='ocrx_word' id='word_1_103' title='bbox 1943 257 1949 276; x_wconf 79' lang='lat'>2</span> <span class='ocrx_word' id='word_1_104' title='bbox 1963 255 2145 287; x_wconf 86' lang='lat' dir='ltr'>operamque</span> 
     </span>
     <span class='ocr_line' id='line_1_14' title="bbox 1187 286 2145 329; baseline -0.002 -11"><span class='ocrx_word' id='word_1_105' title='bbox 1187 288 1237 318; x_wconf 90' lang='lat' dir='ltr'>det</span> <span class='ocrx_word' id='word_1_106' title='bbox 1248 308 1256 321; x_wconf 88' lang='lat'>,</span> <span class='ocrx_word' id='word_1_107' title='bbox 1268 296 1299 318; x_wconf 93' lang='lat' dir='ltr'>ut</span> <span class='ocrx_word' id='word_1_108' title='bbox 1308 297 1379 318; x_wconf 89' lang='lat' dir='ltr'>cum</span> <span class='ocrx_word' id='word_1_109' title='bbox 1391 286 1449 317; x_wconf 84' lang='lat' dir='ltr'>suis</span> <span class='ocrx_word' id='word_1_110' title='bbox 1458 289 1555 328; x_wconf 87' lang='lat' dir='ltr'>copiis</span> <span class='ocrx_word' id='word_1_111' title='bbox 1563 288 1655 329; x_wconf 68' lang='lat' dir='ltr'>quam</span> <span class='ocrx_word' id='word_1_112' title='bbox 1665 289 1806 329; x_wconf 73' lang='lat' dir='ltr'>proxime</span> <span class='ocrx_word' id='word_1_113' title='bbox 1816 291 1933 320; x_wconf 86' lang='lat' dir='ltr'>Italiam</span> <span class='ocrx_word' id='word_1_114' title='bbox 1943 286 1993 318; x_wconf 85' lang='lat' dir='ltr'>fit:</span> <span class='ocrx_word' id='word_1_115' title='bbox 2013 295 2145 327; x_wconf 86' lang='lat' dir='ltr'>cumque</span> 
     </span>
     <span class='ocr_line' id='line_1_15' title="bbox 1188 328 2147 371; baseline -0.002 -11"><span class='ocrx_word' id='word_1_116' title='bbox 1188 340 1227 360; x_wconf 88' lang='lat' dir='ltr'>ex</span> <span class='ocrx_word' id='word_1_117' title='bbox 1238 330 1344 360; x_wconf 84' lang='lat' dir='ltr'>litteris</span> <span class='ocrx_word' id='word_1_118' title='bbox 1354 331 1391 367; x_wconf 88' lang='lat' dir='ltr'>Q.</span> <span class='ocrx_word' id='word_1_119' title='bbox 1399 331 1549 369; x_wconf 87' lang='lat' dir='ltr'>Caepionis</span> <span class='ocrx_word' id='word_1_120' title='bbox 1558 330 1966 371; x_wconf 66' lang='lat' dir='ltr'>Bruti,procos.intelle5tum</span> <span class='ocrx_word' id='word_1_121' title='bbox 1977 328 2147 367; x_wconf 84' lang='lat' dir='ltr'>sit‚Q.Hor-</span> 
     </span>
     <span class='ocr_line' id='line_1_16' title="bbox 1189 369 2148 412; baseline -0.001 -10"><span class='ocrx_word' id='word_1_122' title='bbox 1189 370 1273 403; x_wconf 87' lang='lat' dir='ltr'>tensii</span> <span class='ocrx_word' id='word_1_123' title='bbox 1284 370 1401 411; x_wconf 88' lang='lat' dir='ltr'>procos.</span> <span class='ocrx_word' id='word_1_124' title='bbox 1413 380 1518 411; x_wconf 88' lang='lat' dir='ltr'>opera,</span> <span class='ocrx_word' id='word_1_125' title='bbox 1539 371 1689 403; x_wconf 89' lang='lat' dir='ltr'>&amp;virtute</span> <span class='ocrx_word' id='word_1_126' title='bbox 1704 374 1898 404; x_wconf 87' lang='lat' dir='ltr'>vehementer</span> <span class='ocrx_word' id='word_1_127' title='bbox 1916 369 2148 412; x_wconf 71' lang='lat' dir='ltr'>rempub-adiu-</span> 
     </span>
     <span class='ocr_line' id='line_1_17' title="bbox 1189 412 2149 454; baseline -0.003 -10"><span class='ocrx_word' id='word_1_128' title='bbox 1189 413 1433 453; x_wconf 88' lang='lat' dir='ltr'>tam,omniaque</span> <span class='ocrx_word' id='word_1_129' title='bbox 1443 414 1506 452; x_wconf 82' lang='lat' dir='ltr'>ejus</span> <span class='ocrx_word' id='word_1_130' title='bbox 1515 412 1638 444; x_wconf 90' lang='lat' dir='ltr'>consilia</span> <span class='ocrx_word' id='word_1_131' title='bbox 1646 424 1717 445; x_wconf 89' lang='lat' dir='ltr'>cum</span> <span class='ocrx_word' id='word_1_132' title='bbox 1727 413 1860 445; x_wconf 85' lang='lat' dir='ltr'>consiliis</span> <span class='ocrx_word' id='word_1_133' title='bbox 1869 414 2063 454; x_wconf 0' lang='lat' dir='ltr'>Q Caepionis</span> <span class='ocrx_word' id='word_1_134' title='bbox 2073 414 2149 442; x_wconf 82' lang='lat' dir='ltr'>Bru·</span> 
     </span>
     <span class='ocr_line' id='line_1_18' title="bbox 1188 453 2148 498; baseline -0.003 -12"><span class='ocrx_word' id='word_1_135' title='bbox 1188 453 1506 496; x_wconf 70' lang='lat' dir='ltr'>ti‚procos.conjun&amp;a</span> <span class='ocrx_word' id='word_1_136' title='bbox 1515 453 1614 488; x_wconf 80' lang='lat' dir='ltr'>fuisse.</span> <span class='ocrx_word' id='word_1_137' title='bbox 1628 465 1750 497; x_wconf 88' lang='lat' dir='ltr'>eamque</span> <span class='ocrx_word' id='word_1_138' title='bbox 1761 466 1825 486; x_wconf 86' lang='lat' dir='ltr'>rem</span> <span class='ocrx_word' id='word_1_139' title='bbox 1833 466 1943 498; x_wconf 88' lang='lat' dir='ltr'>magno</span> <span class='ocrx_word' id='word_1_140' title='bbox 1955 456 2021 486; x_wconf 83' lang='lat' dir='ltr'>usui</span> <span class='ocrx_word' id='word_1_141' title='bbox 2030 453 2148 494; x_wconf 80' lang='lat' dir='ltr'>reipub.</span> 
     </span>
     <span class='ocr_line' id='line_1_19' title="bbox 1187 494 2149 542; baseline -0.001 -15"><span class='ocrx_word' id='word_1_142' title='bbox 1187 495 1290 542; x_wconf 65' lang='lat' dir='ltr'>fuisse:</span> <span class='ocrx_word' id='word_1_143' title='bbox 1303 494 1542 536; x_wconf 88' lang='lat' dir='ltr'>Q.Hortensium</span> <span class='ocrx_word' id='word_1_144' title='bbox 1552 498 1666 537; x_wconf 85' lang='lat' dir='ltr'>procos.</span> <span class='ocrx_word' id='word_1_145' title='bbox 1679 497 1806 531; x_wconf 69' lang='lat' dir='ltr'>re&amp;e,&amp;</span> <span class='ocrx_word' id='word_1_146' title='bbox 1817 497 2033 538; x_wconf 89' lang='lat' dir='ltr'>ordine,exque</span> <span class='ocrx_word' id='word_1_147' title='bbox 2044 494 2149 535; x_wconf 86' lang='lat' dir='ltr'>repub-</span> 
     </span>
     <span class='ocr_line' id='line_1_20' title="bbox 1189 538 2150 581; baseline -0.004 -11"><span class='ocrx_word' id='word_1_148' title='bbox 1189 538 1289 570; x_wconf 85' lang='lat' dir='ltr'>fecisse</span> <span class='ocrx_word' id='word_1_149' title='bbox 1303 549 1308 567; x_wconf 72' lang='grc' dir='ltr'><strong>ι</strong></span> <span class='ocrx_word' id='word_1_150' title='bbox 1329 539 1500 579; x_wconf 70' lang='lat' dir='ltr'>senatuique</span> <span class='ocrx_word' id='word_1_151' title='bbox 1514 539 1627 578; x_wconf 82' lang='lat' dir='ltr'>placere</span> <span class='ocrx_word' id='word_1_152' title='bbox 1638 559 1646 573; x_wconf 89' lang='lat'>,</span> <span class='ocrx_word' id='word_1_153' title='bbox 1668 538 1913 581; x_wconf 76' lang='lat' dir='ltr'>QHortenfium</span> <span class='ocrx_word' id='word_1_154' title='bbox 1924 559 1933 573; x_wconf 88' lang='lat'>,</span> <span class='ocrx_word' id='word_1_155' title='bbox 1943 538 2058 580; x_wconf 88' lang='lat' dir='ltr'>procos.</span> <span class='ocrx_word' id='word_1_156' title='bbox 2078 545 2150 568; x_wconf 89' lang='lat' dir='ltr'>cum</span> 
     </span>
    </p>
   </div>
   <div class='ocr_carea' id='block_1_7' title="bbox 184 580 2150 665">
    <p class='ocr_par' dir='ltr' id='par_1_7' title="bbox 184 580 2150 665">
     <span class='ocr_line' id='line_1_21' title="bbox 184 580 2150 631; baseline -0.003 -15"><span class='ocrx_word' id='word_1_157' title='bbox 184 596 275 627; x_wconf 85' lang='lat' dir='ltr'>quem</span> <span class='ocrx_word' id='word_1_158' title='bbox 287 585 348 631; x_wconf 83' lang='lat' dir='ltr'>ipse</span> <span class='ocrx_word' id='word_1_159' title='bbox 358 583 515 614; x_wconf 88' lang='lat' dir='ltr'>constituit</span> <span class='ocrx_word' id='word_1_160' title='bbox 525 603 533 616; x_wconf 89' lang='lat'>,</span> <span class='ocrx_word' id='word_1_161' title='bbox 544 583 729 622; x_wconf 84' lang='lat' dir='ltr'>comparavit</span> <span class='ocrx_word' id='word_1_162' title='bbox 740 603 748 616; x_wconf 87' lang='lat'>‚</span> <span class='ocrx_word' id='word_1_163' title='bbox 763 580 871 622; x_wconf 86' lang='lat' dir='ltr'>praefit:</span> <span class='ocrx_word' id='word_1_164' title='bbox 897 585 906 601; x_wconf 94' lang='lat'>¹</span> <span class='ocrx_word' id='word_1_165' title='bbox 917 583 1102 622; x_wconf 85' lang='lat' dir='ltr'>pecuniaque</span> <span class='ocrx_word' id='word_1_166' title='bbox 1111 580 1146 611; x_wconf 92' lang='lat' dir='ltr'>ad</span> <span class='ocrx_word' id='word_1_167' title='bbox 1191 580 1399 622; x_wconf 84' lang='lat' dir='ltr'>quaestoribus,</span> <span class='ocrx_word' id='word_1_168' title='bbox 1411 589 1504 620; x_wconf 89' lang='lat' dir='ltr'>prove</span> <span class='ocrx_word' id='word_1_169' title='bbox 1516 580 1725 621; x_wconf 49' lang='lat' dir='ltr'>quaestoribus,</span> <span class='ocrx_word' id='word_1_170' title='bbox 1737 581 1770 611; x_wconf 75' lang='grc' dir='ltr'>δε</span> <span class='ocrx_word' id='word_1_171' title='bbox 1781 582 1883 621; x_wconf 82' lang='lat' dir='ltr'>legatis</span> <span class='ocrx_word' id='word_1_172' title='bbox 1894 581 1954 611; x_wconf 86' lang='lat' dir='ltr'>suis</span> <span class='ocrx_word' id='word_1_173' title='bbox 1964 580 2150 621; x_wconf 82' lang='lat' dir='ltr'>provinciam</span> 
     </span>
     <span class='ocr_line' id='line_1_22' title="bbox 186 619 2082 665; baseline -0.003 -8"><span class='ocrx_word' id='word_1_174' title='bbox 186 638 250 658; x_wconf 72' lang='lat' dir='ltr'>rem</span> <span class='ocrx_word' id='word_1_175' title='bbox 263 628 425 657; x_wconf 78' lang='lat' dir='ltr'>militarem</span> <span class='ocrx_word' id='word_1_176' title='bbox 436 646 444 659; x_wconf 87' lang='lat'>,</span> <span class='ocrx_word' id='word_1_177' title='bbox 466 623 486 654; x_wconf 91' lang='lat' dir='ltr'>si</span> <span class='ocrx_word' id='word_1_178' title='bbox 503 635 560 665; x_wconf 88' lang='lat' dir='ltr'>qua</span> <span class='ocrx_word' id='word_1_179' title='bbox 576 634 652 664; x_wconf 87' lang='lat' dir='ltr'>opus</span> <span class='ocrx_word' id='word_1_180' title='bbox 669 623 702 654; x_wconf 89' lang='lat' dir='ltr'>sit</span> <span class='ocrx_word' id='word_1_181' title='bbox 712 644 720 657; x_wconf 86' lang='lat'><strong><em>‚</em></strong></span> <span class='ocrx_word' id='word_1_182' title='bbox 742 634 808 665; x_wconf 83' lang='lat' dir='ltr'>quae</span> <span class='ocrx_word' id='word_1_183' title='bbox 821 623 938 664; x_wconf 90' lang='lat' dir='ltr'>publica</span> <span class='ocrx_word' id='word_1_184' title='bbox 949 621 982 652; x_wconf 83' lang='lat' dir='ltr'>sit</span> <span class='ocrx_word' id='word_1_185' title='bbox 991 644 1000 656; x_wconf 83' lang='lat'>,</span> <span class='ocrx_word' id='word_1_186' title='bbox 1023 623 1057 653; x_wconf 67' lang='grc' dir='ltr'>ὃς</span> <span class='ocrx_word' id='word_1_187' title='bbox 1068 624 1148 663; x_wconf 81' lang='lat' dir='ltr'>exigi</span> <span class='ocrx_word' id='word_1_188' title='bbox 1192 623 1403 654; x_wconf 88' lang='lat' dir='ltr'>Macedoniam</span> <span class='ocrx_word' id='word_1_189' title='bbox 1415 621 1552 652; x_wconf 83' lang='lat' dir='ltr'>obtinere</span> <span class='ocrx_word' id='word_1_190' title='bbox 1565 642 1573 656; x_wconf 93' lang='lat'>,</span> <span class='ocrx_word' id='word_1_191' title='bbox 1585 623 1685 663; x_wconf 89' lang='lat' dir='ltr'>quoad</span> <span class='ocrx_word' id='word_1_192' title='bbox 1695 625 1724 652; x_wconf 89' lang='lat' dir='ltr'>ei</span> <span class='ocrx_word' id='word_1_193' title='bbox 1734 632 1772 652; x_wconf 85' lang='lat' dir='ltr'>ex</span> <span class='ocrx_word' id='word_1_194' title='bbox 1785 626 1813 653; x_wconf 92' lang='lat' dir='ltr'>S.</span> <span class='ocrx_word' id='word_1_195' title='bbox 1824 625 1857 652; x_wconf 90' lang='lat' dir='ltr'>C.</span> <span class='ocrx_word' id='word_1_196' title='bbox 1868 621 2030 653; x_wconf 89' lang='lat' dir='ltr'>successum</span> <span class='ocrx_word' id='word_1_197' title='bbox 2039 619 2082 651; x_wconf 91' lang='lat' dir='ltr'>sit.</span> 
     </span>
    </p>
   </div>
   <div class='ocr_carea' id='block_1_8' title="bbox 244 664 1637 692">
    <p class='ocr_par' dir='ltr' id='par_1_8' title="bbox 244 664 1637 692">
     <span class='ocr_line' id='line_1_23' title="bbox 244 664 1637 692; baseline 0 0"><span class='ocrx_word' id='word_1_198' title='bbox 244 664 1637 692; x_wconf 95' lang='lat' dir='ltr'> </span> 
     </span>
    </p>
   </div>
   <div class='ocr_carea' id='block_1_9' title="bbox 228 690 1643 730">
    <p class='ocr_par' dir='ltr' id='par_1_9' title="bbox 228 690 1643 730">
     <span class='ocr_line' id='line_1_24' title="bbox 228 690 1643 730; baseline -0.004 -6"><span class='ocrx_word' id='word_1_199' title='bbox 228 706 238 724; x_wconf 85' lang='lat'><em>1</em></span> <span class='ocrx_word' id='word_1_200' title='bbox 246 717 252 724; x_wconf 69' lang='grc'><strong>.</strong></span> <span class='ocrx_word' id='word_1_201' title='bbox 271 699 427 730; x_wconf 59' lang='grc' dir='ltr'>Τεειιηὶαιμηε</span> <span class='ocrx_word' id='word_1_202' title='bbox 437 695 470 720; x_wconf 71' lang='lat' dir='ltr'>ad</span> <span class='ocrx_word' id='word_1_203' title='bbox 478 705 484 719; x_wconf 76' lang='lat'><em>7</em></span> <span class='ocrx_word' id='word_1_204' title='bbox 492 703 525 719; x_wconf 72' lang='lat' dir='ltr'>em</span> <span class='ocrx_word' id='word_1_205' title='bbox 535 694 688 728; x_wconf 61' lang='lat' dir='ltr'>militarem]</span> <span class='ocrx_word' id='word_1_206' title='bbox 711 692 856 719; x_wconf 75' lang='lat' dir='ltr'>Lambinus</span> <span class='ocrx_word' id='word_1_207' title='bbox 869 694 1063 727; x_wconf 73' lang='lat' dir='ltr'>,pecuniamque.</span> <span class='ocrx_word' id='word_1_208' title='bbox 1084 690 1220 727; x_wconf 84' lang='lat' dir='ltr'>quomodo</span> <span class='ocrx_word' id='word_1_209' title='bbox 1230 691 1257 716; x_wconf 71' lang='grc' dir='ltr'>δε</span> <span class='ocrx_word' id='word_1_210' title='bbox 1269 692 1337 719; x_wconf 69' lang='lat' dir='ltr'>Pali.</span> <span class='ocrx_word' id='word_1_211' title='bbox 1349 693 1376 718; x_wconf 71' lang='grc' dir='ltr'>δε</span> <span class='ocrx_word' id='word_1_212' title='bbox 1388 691 1513 728; x_wconf 71' lang='lat' dir='ltr'>Hittoip.</span> <span class='ocrx_word' id='word_1_213' title='bbox 1523 693 1643 729; x_wconf 67' lang='lat' dir='ltr'>antique.</span> 
     </span>
    </p>
   </div>
   <div class='ocr_carea' id='block_1_10' title="bbox 528 777 1112 839">
    <p class='ocr_par' dir='ltr' id='par_1_10' title="bbox 528 777 1112 839">
     <span class='ocr_line' id='line_1_25' title="bbox 528 777 1112 839; baseline -0.009 0"><span class='ocrx_word' id='word_1_214' title='bbox 528 777 617 839; x_wconf 86' lang='lat' dir='ltr'>M.</span> <span class='ocrx_word' id='word_1_215' title='bbox 711 778 1112 837; x_wconf 75' lang='lat' dir='ltr'><strong>TULLII</strong></span> 
     </span>
    </p>
   </div>
   <div class='ocr_carea' id='block_1_11' title="bbox 503 868 1143 1138">
    <p class='ocr_par' dir='ltr' id='par_1_11' title="bbox 503 868 1143 1138">
     <span class='ocr_line' id='line_1_26' title="bbox 812 868 1143 1038; baseline -0.003 -113"><span class='ocrx_word' id='word_1_216' title='bbox 812 952 914 1038; x_wconf 87' lang='lat' dir='ltr'>N</span> <span class='ocrx_word' id='word_1_217' title='bbox 1116 868 1143 924; x_wconf 96' lang='lat' dir='ltr'>I</span> 
     </span>
     <span class='ocr_line' id='line_1_27' title="bbox 503 953 1124 1138; baseline -0.008 0"><span class='ocrx_word' id='word_1_218' title='bbox 503 953 1124 1138; x_wconf 36' lang='lat' dir='ltr'>PHAiALLIPPICPIsi</span> 
     </span>
    </p>
   </div>
   <div class='ocr_carea' id='block_1_12' title="bbox 265 959 403 1045">
    <p class='ocr_par' dir='ltr' id='par_1_12' title="bbox 265 959 403 1045">
     <span class='ocr_line' id='line_1_28' title="bbox 265 959 403 1045; baseline 0 0"><span class='ocrx_word' id='word_1_219' title='bbox 265 959 403 1045; x_wconf 91' lang='lat' dir='ltr'>M.</span> 
     </span>
    </p>
   </div>
   <div class='ocr_carea' id='block_1_13' title="bbox 1208 776 1819 838">
    <p class='ocr_par' dir='ltr' id='par_1_13' title="bbox 1208 776 1819 838">
     <span class='ocr_line' id='line_1_29' title="bbox 1208 776 1819 838; baseline 0.005 -4"><span class='ocrx_word' id='word_1_220' title='bbox 1208 776 1819 838; x_wconf 79' lang='lat' dir='ltr'>CicERONis</span> 
     </span>
    </p>
   </div>
   <div class='ocr_carea' id='block_1_14' title="bbox 1182 871 2085 1136">
    <p class='ocr_par' dir='ltr' id='par_1_14' title="bbox 1182 871 2085 1136">
     <span class='ocr_line' id='line_1_30' title="bbox 1182 871 2085 1042; baseline -0.012 -3"><span class='ocrx_word' id='word_1_221' title='bbox 1182 871 1312 1038; x_wconf 76' lang='grc' dir='ltr'>ΝΟ</span> <span class='ocrx_word' id='word_1_222' title='bbox 1423 952 1524 1038; x_wconf 92' lang='lat' dir='ltr'>N</span> <span class='ocrx_word' id='word_1_223' title='bbox 1634 954 1675 1038; x_wconf 95' lang='lat' dir='ltr'>I</span> <span class='ocrx_word' id='word_1_224' title='bbox 1794 952 1870 1031; x_wconf 81' lang='lat' dir='ltr'>U</span> <span class='ocrx_word' id='word_1_225' title='bbox 1976 956 2085 1042; x_wconf 90' lang='lat' dir='ltr'>M</span> 
     </span>
     <span class='ocr_line' id='line_1_31' title="bbox 1215 1074 1836 1136; baseline 0.01 -6"><span class='ocrx_word' id='word_1_226' title='bbox 1215 1074 1836 1136; x_wconf 79' lang='lat' dir='ltr'>UNDECIMA.</span> 
     </span>
    </p>
   </div>
   <div class='ocr_carea' id='block_1_15' title="bbox 370 1177 1974 1241">
    <p class='ocr_par' dir='ltr' id='par_1_15' title="bbox 370 1177 1974 1241">
     <span class='ocr_line' id='line_1_32' title="bbox 370 1177 1974 1241; baseline -0.002 -15"><span class='ocrx_word' id='word_1_227' title='bbox 370 1181 720 1229; x_wconf 89' lang='lat' dir='ltr'>ORATIO</span> <span class='ocrx_word' id='word_1_228' title='bbox 791 1177 1974 1241; x_wconf 76' lang='lat' dir='ltr'>QUINQJAGESIMATERTIA.</span> 
     </span>
    </p>
   </div>
   <div class='ocr_carea' id='block_1_16' title="bbox 179 1268 1179 2780">
    <p class='ocr_par' dir='ltr' id='par_1_16' title="bbox 179 1268 1179 2780">
     <span class='ocr_line' id='line_1_33' title="bbox 450 1268 1157 1317; baseline -0.014 -11"><span class='ocrx_word' id='word_1_229' title='bbox 450 1301 469 1317; x_wconf 69' lang='lat' dir='ltr'>r</span> <span class='ocrx_word' id='word_1_230' title='bbox 497 1276 592 1305; x_wconf 59' lang='lat' dir='ltr'>ono</span> <span class='ocrx_word' id='word_1_231' title='bbox 610 1276 643 1305; x_wconf 88' lang='lat' dir='ltr'>in</span> <span class='ocrx_word' id='word_1_232' title='bbox 655 1273 760 1304; x_wconf 90' lang='lat' dir='ltr'>dolore</span> <span class='ocrx_word' id='word_1_233' title='bbox 772 1272 837 1302; x_wconf 88' lang='lat' dir='ltr'>sum</span> <span class='ocrx_word' id='word_1_234' title='bbox 850 1290 858 1304; x_wconf 92' lang='lat'>‚</span> <span class='ocrx_word' id='word_1_235' title='bbox 871 1273 903 1300; x_wconf 89' lang='lat' dir='ltr'>P.</span> <span class='ocrx_word' id='word_1_236' title='bbox 919 1272 951 1300; x_wconf 93' lang='lat' dir='ltr'>C.</span> <span class='ocrx_word' id='word_1_237' title='bbox 962 1268 1012 1298; x_wconf 86' lang='lat' dir='ltr'>vel</span> <span class='ocrx_word' id='word_1_238' title='bbox 1027 1276 1157 1296; x_wconf 73' lang='lat' dir='ltr'>moerore</span> 
     </span>
     <span class='ocr_line' id='line_1_34' title="bbox 453 1294 1158 1357; baseline -0.017 -8"><span class='ocrx_word' id='word_1_239' title='bbox 453 1294 480 1349; x_wconf 44' lang='lat' dir='ltr'><em>ff</em></span> <span class='ocrx_word' id='word_1_240' title='bbox 497 1320 597 1357; x_wconf 83' lang='lat' dir='ltr'>potius</span> <span class='ocrx_word' id='word_1_241' title='bbox 609 1337 617 1351; x_wconf 89' lang='lat'>‚</span> <span class='ocrx_word' id='word_1_242' title='bbox 637 1326 729 1357; x_wconf 88' lang='lat' dir='ltr'>quem</span> <span class='ocrx_word' id='word_1_243' title='bbox 745 1324 782 1344; x_wconf 87' lang='lat' dir='ltr'>ex</span> <span class='ocrx_word' id='word_1_244' title='bbox 792 1312 905 1344; x_wconf 86' lang='lat' dir='ltr'>crudeli</span> <span class='ocrx_word' id='word_1_245' title='bbox 918 1332 926 1344; x_wconf 80' lang='lat'>,</span> <span class='ocrx_word' id='word_1_246' title='bbox 947 1310 980 1341; x_wconf 91' lang='lat'>&amp;</span> <span class='ocrx_word' id='word_1_247' title='bbox 995 1308 1158 1339; x_wconf 84' lang='lat' dir='ltr'>miserabili</span> 
     </span>
     <span class='ocr_line' id='line_1_35' title="bbox 499 1350 1159 1394; baseline -0.017 -4"><span class='ocrx_word' id='word_1_248' title='bbox 499 1369 593 1390; x_wconf 87' lang='lat' dir='ltr'>morte</span> <span class='ocrx_word' id='word_1_249' title='bbox 606 1362 638 1389; x_wconf 89' lang='lat' dir='ltr'>C.</span> <span class='ocrx_word' id='word_1_250' title='bbox 649 1357 810 1389; x_wconf 88' lang='lat' dir='ltr'>Trebonii,</span> <span class='ocrx_word' id='word_1_251' title='bbox 822 1355 933 1394; x_wconf 88' lang='lat' dir='ltr'>optimi</span> <span class='ocrx_word' id='word_1_252' title='bbox 942 1354 1018 1382; x_wconf 88' lang='lat' dir='ltr'>civis</span> <span class='ocrx_word' id='word_1_253' title='bbox 1028 1371 1036 1385; x_wconf 87' lang='lat'>‚</span> <span class='ocrx_word' id='word_1_254' title='bbox 1051 1350 1159 1380; x_wconf 77' lang='lat' dir='ltr'>mode-</span> 
     </span>
     <span class='ocr_line' id='line_1_36' title="bbox 458 1391 1159 1441; baseline -0.016 -9"><span class='ocrx_word' id='word_1_255' title='bbox 458 1410 468 1419; x_wconf 55' lang='grc'>·’</span> <span class='ocrx_word' id='word_1_256' title='bbox 497 1400 689 1441; x_wconf 84' lang='lat' dir='ltr'>ratiffimique</span> <span class='ocrx_word' id='word_1_257' title='bbox 700 1399 835 1429; x_wconf 86' lang='lat' dir='ltr'>hominis</span> <span class='ocrx_word' id='word_1_258' title='bbox 848 1417 856 1430; x_wconf 93' lang='lat'>,</span> <span class='ocrx_word' id='word_1_259' title='bbox 875 1396 1044 1435; x_wconf 85' lang='lat' dir='ltr'>accepimus</span> <span class='ocrx_word' id='word_1_260' title='bbox 1055 1413 1062 1426; x_wconf 91' lang='lat'>,</span> <span class='ocrx_word' id='word_1_261' title='bbox 1081 1391 1159 1422; x_wconf 87' lang='lat' dir='ltr'>inest</span> 
     </span>
     <span class='ocr_line' id='line_1_37' title="bbox 499 1434 1158 1484; baseline -0.016 -10.464"><span class='ocrx_word' id='word_1_262' title='bbox 499 1453 598 1474; x_wconf 87' lang='lat' dir='ltr'>tamen</span> <span class='ocrx_word' id='word_1_263' title='bbox 614 1441 748 1484; x_wconf 66' lang='lat' dir='ltr'>aliquid,</span> <span class='ocrx_word' id='word_1_264' title='bbox 769 1438 851 1480; x_wconf 89' lang='lat' dir='ltr'>quod</span> <span class='ocrx_word' id='word_1_265' title='bbox 874 1439 946 1476; x_wconf 86' lang='lat' dir='ltr'>reip.</span> <span class='ocrx_word' id='word_1_266' title='bbox 965 1434 1158 1476; x_wconf 84' lang='lat' dir='ltr'>profuturum</span> 
     </span>
     <span class='ocr_line' id='line_1_38' title="bbox 314 1478 1157 1533; baseline -0.017 -14"><span class='ocrx_word' id='word_1_267' title='bbox 314 1521 317 1522; x_wconf 19' lang='lat'><em>⁷</em></span> <span class='ocrx_word' id='word_1_268' title='bbox 342 1519 351 1526; x_wconf 64' lang='grc'><strong>,</strong></span> <span class='ocrx_word' id='word_1_269' title='bbox 362 1511 386 1527; x_wconf 55' lang='lat' dir='ltr'>x</span> <span class='ocrx_word' id='word_1_270' title='bbox 467 1504 479 1533; x_wconf 53' lang='grc' dir='ltr'><strong>ἲ</strong></span> <span class='ocrx_word' id='word_1_271' title='bbox 496 1494 610 1526; x_wconf 84' lang='lat' dir='ltr'>putem.</span> <span class='ocrx_word' id='word_1_272' title='bbox 624 1484 829 1525; x_wconf 81' lang='lat' dir='ltr'>perspeximus</span> <span class='ocrx_word' id='word_1_273' title='bbox 841 1481 936 1512; x_wconf 87' lang='lat' dir='ltr'>enirn,</span> <span class='ocrx_word' id='word_1_274' title='bbox 949 1487 1056 1519; x_wconf 89' lang='lat' dir='ltr'>quanta</span> <span class='ocrx_word' id='word_1_275' title='bbox 1067 1478 1099 1506; x_wconf 91' lang='lat' dir='ltr'>in</span> <span class='ocrx_word' id='word_1_276' title='bbox 1110 1478 1157 1509; x_wconf 87' lang='lat' dir='ltr'>iis,</span> 
     </span>
     <span class='ocr_line' id='line_1_39' title="bbox 210 1522 1159 1570; baseline -0.023 -2"><span class='ocrx_word' id='word_1_277' title='bbox 210 1557 217 1560; x_wconf 90' lang='lat'>-</span> <span class='ocrx_word' id='word_1_278' title='bbox 265 1567 268 1569; x_wconf 73' lang='grc'>,</span> <span class='ocrx_word' id='word_1_279' title='bbox 370 1550 373 1556; x_wconf 55' lang='lat' dir='ltr'><em>s</em></span> <span class='ocrx_word' id='word_1_280' title='bbox 397 1534 465 1565; x_wconf 38' lang='lat'>20,</span> <span class='ocrx_word' id='word_1_281' title='bbox 496 1531 548 1570; x_wconf 88' lang='lat' dir='ltr'>qui</span> <span class='ocrx_word' id='word_1_282' title='bbox 565 1536 668 1558; x_wconf 89' lang='lat' dir='ltr'>contra</span> <span class='ocrx_word' id='word_1_283' title='bbox 684 1526 808 1566; x_wconf 87' lang='lat' dir='ltr'>patriam</span> <span class='ocrx_word' id='word_1_284' title='bbox 827 1522 961 1552; x_wconf 89' lang='lat' dir='ltr'>scelerata</span> <span class='ocrx_word' id='word_1_285' title='bbox 978 1529 1059 1549; x_wconf 88' lang='lat' dir='ltr'>arma</span> <span class='ocrx_word' id='word_1_286' title='bbox 1074 1528 1159 1558; x_wconf 86' lang='lat' dir='ltr'>cepe-</span> 
     </span>
     <span class='ocr_line' id='line_1_40' title="bbox 196 1561 1160 1608; baseline -0.019 -2"><span class='ocrx_word' id='word_1_287' title='bbox 196 1585 268 1605; x_wconf 81' lang='lat' dir='ltr'>runt</span> <span class='ocrx_word' id='word_1_288' title='bbox 280 1596 287 1608; x_wconf 89' lang='lat'>‚</span> <span class='ocrx_word' id='word_1_289' title='bbox 312 1574 418 1604; x_wconf 84' lang='lat' dir='ltr'>inesset</span> <span class='ocrx_word' id='word_1_290' title='bbox 436 1572 621 1602; x_wconf 75' lang='lat' dir='ltr'>immanitas.</span> <span class='ocrx_word' id='word_1_291' title='bbox 646 1577 718 1598; x_wconf 89' lang='lat' dir='ltr'>nam</span> <span class='ocrx_word' id='word_1_292' title='bbox 738 1566 799 1596; x_wconf 93' lang='lat' dir='ltr'>duo</span> <span class='ocrx_word' id='word_1_293' title='bbox 818 1565 882 1593; x_wconf 86' lang='lat' dir='ltr'>haec</span> <span class='ocrx_word' id='word_1_294' title='bbox 895 1564 988 1602; x_wconf 83' lang='lat' dir='ltr'>capita</span> <span class='ocrx_word' id='word_1_295' title='bbox 1007 1570 1073 1591; x_wconf 88' lang='lat' dir='ltr'>nata</span> <span class='ocrx_word' id='word_1_296' title='bbox 1092 1561 1160 1590; x_wconf 85' lang='lat' dir='ltr'>sunt</span> 
     </span>
     <span class='ocr_line' id='line_1_41' title="bbox 196 1602 1154 1657; baseline -0.019 -9"><span class='ocrx_word' id='word_1_297' title='bbox 196 1615 263 1657; x_wconf 80' lang='lat' dir='ltr'>post</span> <span class='ocrx_word' id='word_1_298' title='bbox 274 1618 416 1646; x_wconf 89' lang='lat' dir='ltr'>homines</span> <span class='ocrx_word' id='word_1_299' title='bbox 427 1623 511 1644; x_wconf 85' lang='lat' dir='ltr'>natos</span> <span class='ocrx_word' id='word_1_300' title='bbox 521 1613 679 1643; x_wconf 83' lang='lat' dir='ltr'>taeterrima</span> <span class='ocrx_word' id='word_1_301' title='bbox 690 1630 698 1642; x_wconf 91' lang='lat'>,</span> <span class='ocrx_word' id='word_1_302' title='bbox 719 1608 752 1638; x_wconf 65' lang='grc' dir='ltr'>ὃς</span> <span class='ocrx_word' id='word_1_303' title='bbox 763 1603 944 1647; x_wconf 85' lang='lat' dir='ltr'>spurciffima</span> <span class='ocrx_word' id='word_1_304' title='bbox 954 1624 962 1636; x_wconf 90' lang='lat'>‚</span> <span class='ocrx_word' id='word_1_305' title='bbox 985 1602 1154 1634; x_wconf 86' lang='lat' dir='ltr'>Dolabella,</span> 
     </span>
     <span class='ocr_line' id='line_1_42' title="bbox 200 1644 1159 1697; baseline -0.019 -7"><span class='ocrx_word' id='word_1_306' title='bbox 200 1659 233 1689; x_wconf 90' lang='lat'>&amp;</span> <span class='ocrx_word' id='word_1_307' title='bbox 243 1660 396 1688; x_wconf 87' lang='lat' dir='ltr'>Antonius</span> <span class='ocrx_word' id='word_1_308' title='bbox 408 1667 413 1686; x_wconf 81' lang='lat' dir='ltr'>t</span> <span class='ocrx_word' id='word_1_309' title='bbox 437 1664 567 1697; x_wconf 90' lang='lat' dir='ltr'>quorum</span> <span class='ocrx_word' id='word_1_310' title='bbox 578 1653 649 1683; x_wconf 82' lang='lat' dir='ltr'>alter</span> <span class='ocrx_word' id='word_1_311' title='bbox 658 1648 766 1683; x_wconf 86' lang='lat' dir='ltr'>effecit,</span> <span class='ocrx_word' id='word_1_312' title='bbox 776 1647 858 1690; x_wconf 90' lang='lat' dir='ltr'>quod</span> <span class='ocrx_word' id='word_1_313' title='bbox 868 1645 985 1686; x_wconf 86' lang='lat' dir='ltr'>optabat</span> <span class='ocrx_word' id='word_1_314' title='bbox 997 1655 1002 1674; x_wconf 77' lang='lat'>1</span> <span class='ocrx_word' id='word_1_315' title='bbox 1018 1645 1055 1674; x_wconf 91' lang='lat' dir='ltr'>de</span> <span class='ocrx_word' id='word_1_316' title='bbox 1066 1644 1159 1674; x_wconf 88' lang='lat' dir='ltr'>altero</span> 
     </span>
     <span class='ocr_line' id='line_1_43' title="bbox 199 1687 1159 1742; baseline -0.018 -11"><span class='ocrx_word' id='word_1_317' title='bbox 199 1699 381 1742; x_wconf 62' lang='lat' dir='ltr'>patefaelmm</span> <span class='ocrx_word' id='word_1_318' title='bbox 392 1697 436 1729; x_wconf 93' lang='lat' dir='ltr'>est</span> <span class='ocrx_word' id='word_1_319' title='bbox 446 1718 454 1731; x_wconf 89' lang='lat'>,</span> <span class='ocrx_word' id='word_1_320' title='bbox 465 1696 537 1739; x_wconf 90' lang='lat' dir='ltr'>quid</span> <span class='ocrx_word' id='word_1_321' title='bbox 547 1696 699 1735; x_wconf 83' lang='lat' dir='ltr'>cogitaret.</span> <span class='ocrx_word' id='word_1_322' title='bbox 724 1694 759 1722; x_wconf 92' lang='lat' dir='ltr'>L.</span> <span class='ocrx_word' id='word_1_323' title='bbox 769 1693 866 1721; x_wconf 87' lang='lat' dir='ltr'>Cinna</span> <span class='ocrx_word' id='word_1_324' title='bbox 873 1687 1002 1718; x_wconf 91' lang='lat' dir='ltr'>crudelis</span> <span class='ocrx_word' id='word_1_325' title='bbox 1015 1697 1020 1715; x_wconf 90' lang='lat'><strong>:</strong></span> <span class='ocrx_word' id='word_1_326' title='bbox 1045 1688 1079 1717; x_wconf 88' lang='lat' dir='ltr'>C.</span> <span class='ocrx_word' id='word_1_327' title='bbox 1092 1688 1159 1715; x_wconf 82' lang='lat' dir='ltr'>Ma—</span> 
     </span>
     <span class='ocr_line' id='line_1_44' title="bbox 198 1731 1159 1778; baseline -0.017 -6"><span class='ocrx_word' id='word_1_328' title='bbox 198 1744 260 1772; x_wconf 83' lang='lat' dir='ltr'>rius</span> <span class='ocrx_word' id='word_1_329' title='bbox 273 1743 306 1772; x_wconf 90' lang='lat' dir='ltr'>in</span> <span class='ocrx_word' id='word_1_330' title='bbox 321 1740 472 1771; x_wconf 80' lang='lat' dir='ltr'>iracundia</span> <span class='ocrx_word' id='word_1_331' title='bbox 489 1738 694 1778; x_wconf 85' lang='lat' dir='ltr'>perseverans:</span> <span class='ocrx_word' id='word_1_332' title='bbox 718 1736 752 1764; x_wconf 91' lang='lat' dir='ltr'>L.</span> <span class='ocrx_word' id='word_1_333' title='bbox 765 1731 1018 1763; x_wconf 83' lang='lat' dir='ltr'>Sullavehemens</span> <span class='ocrx_word' id='word_1_334' title='bbox 1032 1738 1037 1757; x_wconf 79' lang='lat' dir='ltr'>t</span> <span class='ocrx_word' id='word_1_335' title='bbox 1062 1737 1159 1768; x_wconf 86' lang='lat' dir='ltr'>neque</span> 
     </span>
     <span class='ocr_line' id='line_1_45' title="bbox 199 1770 1163 1814; baseline -0.019 0"><span class='ocrx_word' id='word_1_336' title='bbox 199 1784 291 1814; x_wconf 87' lang='lat' dir='ltr'>ullius</span> <span class='ocrx_word' id='word_1_337' title='bbox 303 1784 414 1812; x_wconf 89' lang='lat' dir='ltr'>horum</span> <span class='ocrx_word' id='word_1_338' title='bbox 431 1783 464 1811; x_wconf 91' lang='lat' dir='ltr'>in</span> <span class='ocrx_word' id='word_1_339' title='bbox 484 1777 657 1810; x_wconf 81' lang='lat' dir='ltr'>ulciscendo</span> <span class='ocrx_word' id='word_1_340' title='bbox 669 1776 809 1807; x_wconf 84' lang='lat' dir='ltr'>acerbitas</span> <span class='ocrx_word' id='word_1_341' title='bbox 821 1770 969 1814; x_wconf 87' lang='lat' dir='ltr'>progressa</span> <span class='ocrx_word' id='word_1_342' title='bbox 988 1771 1066 1799; x_wconf 80' lang='lat' dir='ltr'>ultra</span> <span class='ocrx_word' id='word_1_343' title='bbox 1086 1779 1163 1798; x_wconf 84' lang='lat' dir='ltr'>mor-</span> 
     </span>
     <span class='ocr_line' id='line_1_46' title="bbox 199 1812 1162 1865; baseline -0.018 -9"><span class='ocrx_word' id='word_1_344' title='bbox 199 1821 259 1855; x_wconf 67' lang='lat' dir='ltr'>iem</span> <span class='ocrx_word' id='word_1_345' title='bbox 269 1824 322 1855; x_wconf 87' lang='lat' dir='ltr'>est.</span> <span class='ocrx_word' id='word_1_346' title='bbox 346 1834 411 1865; x_wconf 82' lang='lat' dir='ltr'>quae</span> <span class='ocrx_word' id='word_1_347' title='bbox 424 1832 524 1853; x_wconf 87' lang='lat' dir='ltr'>tamen</span> <span class='ocrx_word' id='word_1_348' title='bbox 537 1821 666 1861; x_wconf 84' lang='lat' dir='ltr'>poenain</span> <span class='ocrx_word' id='word_1_349' title='bbox 684 1819 778 1848; x_wconf 85' lang='lat' dir='ltr'>civeis</span> <span class='ocrx_word' id='word_1_350' title='bbox 788 1817 882 1846; x_wconf 89' lang='lat' dir='ltr'>nimis</span> <span class='ocrx_word' id='word_1_351' title='bbox 900 1813 1028 1844; x_wconf 88' lang='lat' dir='ltr'>crudelis</span> <span class='ocrx_word' id='word_1_352' title='bbox 1041 1812 1162 1852; x_wconf 81' lang='lat' dir='ltr'>putaba-</span> 
     </span>
     <span class='ocr_line' id='line_1_47' title="bbox 200 1853 1159 1906; baseline -0.018 -8"><span class='ocrx_word' id='word_1_353' title='bbox 200 1876 259 1897; x_wconf 83' lang='lat' dir='ltr'>tur.</span> <span class='ocrx_word' id='word_1_354' title='bbox 285 1870 360 1897; x_wconf 86' lang='lat' dir='ltr'>Ecce</span> <span class='ocrx_word' id='word_1_355' title='bbox 371 1865 425 1895; x_wconf 89' lang='lat' dir='ltr'>tibi</span> <span class='ocrx_word' id='word_1_356' title='bbox 438 1865 599 1906; x_wconf 86' lang='lat' dir='ltr'>geminum</span> <span class='ocrx_word' id='word_1_357' title='bbox 610 1863 642 1891; x_wconf 89' lang='lat' dir='ltr'>in</span> <span class='ocrx_word' id='word_1_358' title='bbox 655 1861 761 1891; x_wconf 89' lang='lat' dir='ltr'>scelere</span> <span class='ocrx_word' id='word_1_359' title='bbox 774 1868 832 1898; x_wconf 82' lang='lat' dir='ltr'>par,</span> <span class='ocrx_word' id='word_1_360' title='bbox 845 1855 1029 1888; x_wconf 84' lang='lat' dir='ltr'>inusitatum,</span> <span class='ocrx_word' id='word_1_361' title='bbox 1041 1853 1159 1884; x_wconf 89' lang='lat' dir='ltr'>inaudi-</span> 
     </span>
     <span class='ocr_line' id='line_1_48' title="bbox 200 1899 1162 1943; baseline -0.017 -4"><span class='ocrx_word' id='word_1_362' title='bbox 200 1917 267 1938; x_wconf 89' lang='lat' dir='ltr'>tum</span> <span class='ocrx_word' id='word_1_363' title='bbox 282 1929 289 1942; x_wconf 93' lang='lat'>,</span> <span class='ocrx_word' id='word_1_364' title='bbox 302 1907 424 1941; x_wconf 48' lang='lat' dir='ltr'>ferumffl</span> <span class='ocrx_word' id='word_1_365' title='bbox 440 1905 613 1936; x_wconf 84' lang='lat' dir='ltr'>barbarum.</span> <span class='ocrx_word' id='word_1_366' title='bbox 635 1905 736 1943; x_wconf 86' lang='lat' dir='ltr'>Itaque</span> <span class='ocrx_word' id='word_1_367' title='bbox 747 1908 879 1941; x_wconf 86' lang='lat' dir='ltr'>quorum</span> <span class='ocrx_word' id='word_1_368' title='bbox 893 1899 956 1928; x_wconf 89' lang='lat' dir='ltr'>sum</span> <span class='ocrx_word' id='word_1_369' title='bbox 964 1906 1049 1926; x_wconf 87' lang='lat' dir='ltr'>mum</span> <span class='ocrx_word' id='word_1_370' title='bbox 1064 1904 1162 1936; x_wconf 91' lang='lat' dir='ltr'>quon-</span> 
     </span>
     <span class='ocr_line' id='line_1_49' title="bbox 203 1937 1162 1988; baseline -0.016 -8"><span class='ocrx_word' id='word_1_371' title='bbox 203 1949 451 1988; x_wconf 78' lang='lat' dir='ltr'>daminteripsos</span> <span class='ocrx_word' id='word_1_372' title='bbox 471 1947 599 1978; x_wconf 85' lang='lat' dir='ltr'>odium,</span> <span class='ocrx_word' id='word_1_373' title='bbox 616 1944 794 1983; x_wconf 86' lang='lat' dir='ltr'>bellumque</span> <span class='ocrx_word' id='word_1_374' title='bbox 814 1937 1017 1972; x_wconf 81' lang='lat' dir='ltr'>meministis,</span> <span class='ocrx_word' id='word_1_375' title='bbox 1040 1937 1162 1967; x_wconf 90' lang='lat' dir='ltr'>eosdem</span> 
     </span>
     <span class='ocr_line' id='line_1_50' title="bbox 202 1981 1164 2032; baseline -0.018 -9"><span class='ocrx_word' id='word_1_376' title='bbox 202 1991 304 2032; x_wconf 80' lang='lat' dir='ltr'>postea</span> <span class='ocrx_word' id='word_1_377' title='bbox 313 1990 452 2032; x_wconf 78' lang='lat' dir='ltr'>singulari</span> <span class='ocrx_word' id='word_1_378' title='bbox 462 1991 541 2019; x_wconf 81' lang='lat' dir='ltr'>inter</span> <span class='ocrx_word' id='word_1_379' title='bbox 551 1988 578 2018; x_wconf 87' lang='lat' dir='ltr'>se</span> <span class='ocrx_word' id='word_1_380' title='bbox 589 1985 745 2017; x_wconf 85' lang='lat' dir='ltr'>consensu,</span> <span class='ocrx_word' id='word_1_381' title='bbox 757 1983 791 2013; x_wconf 74' lang='grc' dir='ltr'>δε</span> <span class='ocrx_word' id='word_1_382' title='bbox 799 1992 901 2013; x_wconf 88' lang='lat' dir='ltr'>amore</span> <span class='ocrx_word' id='word_1_383' title='bbox 911 1981 1052 2010; x_wconf 87' lang='lat' dir='ltr'>devinxit</span> <span class='ocrx_word' id='word_1_384' title='bbox 1062 1981 1164 2018; x_wconf 88' lang='lat' dir='ltr'>impu-</span> 
     </span>
     <span class='ocr_line' id='line_1_51' title="bbox 208 2019 1163 2069; baseline -0.017 -6"><span class='ocrx_word' id='word_1_385' title='bbox 208 2032 324 2063; x_wconf 73' lang='lat' dir='ltr'>iiffimae</span> <span class='ocrx_word' id='word_1_386' title='bbox 343 2042 454 2062; x_wconf 83' lang='lat' dir='ltr'>naturae</span> <span class='ocrx_word' id='word_1_387' title='bbox 467 2051 475 2064; x_wconf 82' lang='lat'><strong>‚</strong></span> <span class='ocrx_word' id='word_1_388' title='bbox 498 2031 530 2061; x_wconf 91' lang='lat'>&amp;</span> <span class='ocrx_word' id='word_1_389' title='bbox 550 2026 722 2069; x_wconf 83' lang='lat' dir='ltr'>turpiffimae</span> <span class='ocrx_word' id='word_1_390' title='bbox 737 2028 806 2056; x_wconf 89' lang='lat' dir='ltr'>vitae</span> <span class='ocrx_word' id='word_1_391' title='bbox 821 2022 991 2065; x_wconf 80' lang='lat' dir='ltr'>fimilitudo.</span> <span class='ocrx_word' id='word_1_392' title='bbox 1024 2024 1103 2062; x_wconf 89' lang='lat' dir='ltr'>Ergo</span> <span class='ocrx_word' id='word_1_393' title='bbox 1121 2019 1163 2052; x_wconf 88' lang='lat' dir='ltr'>id,</span> 
     </span>
     <span class='ocr_line' id='line_1_52' title="bbox 206 2065 1166 2116; baseline -0.015 -11"><span class='ocrx_word' id='word_1_394' title='bbox 206 2075 289 2116; x_wconf 83' lang='lat' dir='ltr'>quod</span> <span class='ocrx_word' id='word_1_395' title='bbox 300 2074 371 2105; x_wconf 84' lang='lat' dir='ltr'>fecit</span> <span class='ocrx_word' id='word_1_396' title='bbox 381 2073 540 2104; x_wconf 84' lang='lat' dir='ltr'>Dolabella</span> <span class='ocrx_word' id='word_1_397' title='bbox 552 2091 559 2104; x_wconf 86' lang='lat'>,</span> <span class='ocrx_word' id='word_1_398' title='bbox 575 2073 607 2101; x_wconf 90' lang='lat' dir='ltr'>in</span> <span class='ocrx_word' id='word_1_399' title='bbox 618 2080 678 2111; x_wconf 88' lang='lat' dir='ltr'>quo</span> <span class='ocrx_word' id='word_1_400' title='bbox 692 2069 809 2109; x_wconf 88' lang='lat' dir='ltr'>potuit,</span> <span class='ocrx_word' id='word_1_401' title='bbox 823 2066 927 2096; x_wconf 89' lang='lat' dir='ltr'>multis</span> <span class='ocrx_word' id='word_1_402' title='bbox 939 2065 1020 2094; x_wconf 88' lang='lat' dir='ltr'>idern</span> <span class='ocrx_word' id='word_1_403' title='bbox 1034 2066 1166 2092; x_wconf 87' lang='lat' dir='ltr'>minatur</span> 
     </span>
     <span class='ocr_line' id='line_1_53' title="bbox 208 2105 1166 2153; baseline -0.016 -6"><span class='ocrx_word' id='word_1_404' title='bbox 208 2119 370 2146; x_wconf 82' lang='lat' dir='ltr'>Antonius.</span> <span class='ocrx_word' id='word_1_405' title='bbox 393 2115 442 2146; x_wconf 90' lang='lat' dir='ltr'>sed</span> <span class='ocrx_word' id='word_1_406' title='bbox 453 2115 506 2145; x_wconf 86' lang='lat' dir='ltr'>ille</span> <span class='ocrx_word' id='word_1_407' title='bbox 517 2113 588 2144; x_wconf 77' lang='lat' dir='ltr'>cum</span> <span class='ocrx_word' id='word_1_408' title='bbox 600 2113 703 2153; x_wconf 87' lang='lat' dir='ltr'>procul</span> <span class='ocrx_word' id='word_1_409' title='bbox 713 2107 821 2140; x_wconf 72' lang='lat' dir='ltr'>abesset</span> <span class='ocrx_word' id='word_1_410' title='bbox 830 2105 1040 2139; x_wconf 44' lang='lat' dir='ltr'>§consulibua</span> <span class='ocrx_word' id='word_1_411' title='bbox 1052 2105 1166 2134; x_wconf 87' lang='lat' dir='ltr'>exerci-</span> 
     </span>
     <span class='ocr_line' id='line_1_54' title="bbox 206 2148 1166 2197; baseline -0.014 -9"><span class='ocrx_word' id='word_1_412' title='bbox 206 2158 343 2197; x_wconf 84' lang='lat' dir='ltr'>tibusque</span> <span class='ocrx_word' id='word_1_413' title='bbox 354 2157 475 2190; x_wconf 78' lang='lat' dir='ltr'>nostris,</span> <span class='ocrx_word' id='word_1_414' title='bbox 488 2166 543 2186; x_wconf 83' lang='lat' dir='ltr'>nec</span> <span class='ocrx_word' id='word_1_415' title='bbox 554 2155 628 2185; x_wconf 89' lang='lat' dir='ltr'>dum</span> <span class='ocrx_word' id='word_1_416' title='bbox 640 2154 773 2183; x_wconf 82' lang='lat' dir='ltr'>senatum</span> <span class='ocrx_word' id='word_1_417' title='bbox 786 2160 856 2181; x_wconf 89' lang='lat' dir='ltr'>cum</span> <span class='ocrx_word' id='word_1_418' title='bbox 867 2148 982 2190; x_wconf 86' lang='lat' dir='ltr'>populo</span> <span class='ocrx_word' id='word_1_419' title='bbox 993 2150 1166 2178; x_wconf 36' lang='lat' dir='ltr'>Romicon-</span> 
     </span>
     <span class='ocr_line' id='line_1_55' title="bbox 206 2189 1165 2240; baseline -0.014 -10"><span class='ocrx_word' id='word_1_420' title='bbox 206 2199 323 2240; x_wconf 72' lang='lat' dir='ltr'>spii-affe</span> <span class='ocrx_word' id='word_1_421' title='bbox 336 2197 476 2229; x_wconf 84' lang='lat' dir='ltr'>sensisset:</span> <span class='ocrx_word' id='word_1_422' title='bbox 502 2197 594 2227; x_wconf 81' lang='lat' dir='ltr'>fretus</span> <span class='ocrx_word' id='word_1_423' title='bbox 606 2196 733 2226; x_wconf 83' lang='lat' dir='ltr'>Antonii</span> <span class='ocrx_word' id='word_1_424' title='bbox 745 2195 842 2233; x_wconf 88' lang='lat' dir='ltr'>copiis</span> <span class='ocrx_word' id='word_1_425' title='bbox 851 2202 884 2222; x_wconf 90' lang='lat' dir='ltr'>ea</span> <span class='ocrx_word' id='word_1_426' title='bbox 903 2190 1008 2221; x_wconf 82' lang='lat' dir='ltr'>scelera</span> <span class='ocrx_word' id='word_1_427' title='bbox 1028 2189 1165 2228; x_wconf 84' lang='lat' dir='ltr'>suscepit,</span> 
     </span>
     <span class='ocr_line' id='line_1_56' title="bbox 207 2230 1165 2282; baseline -0.014 -11"><span class='ocrx_word' id='word_1_428' title='bbox 207 2251 273 2282; x_wconf 85' lang='lat' dir='ltr'>quae</span> <span class='ocrx_word' id='word_1_429' title='bbox 285 2243 393 2270; x_wconf 83' lang='lat' dir='ltr'>Romae</span> <span class='ocrx_word' id='word_1_430' title='bbox 408 2242 471 2279; x_wconf 83' lang='lat' dir='ltr'>jani</span> <span class='ocrx_word' id='word_1_431' title='bbox 485 2239 613 2278; x_wconf 87' lang='lat' dir='ltr'>suscepta</span> <span class='ocrx_word' id='word_1_432' title='bbox 632 2235 826 2267; x_wconf 82' lang='lat' dir='ltr'>arbitrabatur</span> <span class='ocrx_word' id='word_1_433' title='bbox 843 2234 859 2264; x_wconf 75' lang='lat' dir='ltr'>a</span> <span class='ocrx_word' id='word_1_434' title='bbox 878 2233 959 2263; x_wconf 87' lang='lat' dir='ltr'>socio</span> <span class='ocrx_word' id='word_1_435' title='bbox 977 2230 1091 2261; x_wconf 88' lang='lat' dir='ltr'>furoris</span> <span class='ocrx_word' id='word_1_436' title='bbox 1112 2231 1165 2260; x_wconf 87' lang='lat' dir='ltr'>sui.</span> 
     </span>
     <span class='ocr_line' id='line_1_57' title="bbox 211 2274 1169 2324; baseline -0.013 -11"><span class='ocrx_word' id='word_1_437' title='bbox 211 2282 293 2324; x_wconf 78' lang='lat' dir='ltr'>Qid</span> <span class='ocrx_word' id='word_1_438' title='bbox 312 2292 381 2322; x_wconf 90' lang='lat' dir='ltr'>ergo</span> <span class='ocrx_word' id='word_1_439' title='bbox 397 2281 477 2311; x_wconf 87' lang='lat' dir='ltr'>hunc</span> <span class='ocrx_word' id='word_1_440' title='bbox 496 2281 577 2311; x_wconf 80' lang='lat' dir='ltr'>aliud</span> <span class='ocrx_word' id='word_1_441' title='bbox 600 2279 701 2309; x_wconf 84' lang='lat' dir='ltr'>moliri</span> <span class='ocrx_word' id='word_1_442' title='bbox 714 2298 722 2310; x_wconf 87' lang='grc'>,</span> <span class='ocrx_word' id='word_1_443' title='bbox 743 2277 817 2317; x_wconf 90' lang='lat' dir='ltr'>quid</span> <span class='ocrx_word' id='word_1_444' title='bbox 835 2284 934 2315; x_wconf 89' lang='lat' dir='ltr'>optare</span> <span class='ocrx_word' id='word_1_445' title='bbox 954 2274 1099 2306; x_wconf 84' lang='lat' dir='ltr'>censetis,</span> <span class='ocrx_word' id='word_1_446' title='bbox 1119 2280 1169 2302; x_wconf 87' lang='lat' dir='ltr'>aut</span> 
     </span>
     <span class='ocr_line' id='line_1_58' title="bbox 209 2313 1168 2365; baseline -0.014 -10"><span class='ocrx_word' id='word_1_447' title='bbox 209 2334 300 2365; x_wconf 86' lang='lat' dir='ltr'>quam</span> <span class='ocrx_word' id='word_1_448' title='bbox 315 2326 447 2353; x_wconf 88' lang='lat' dir='ltr'>omnino</span> <span class='ocrx_word' id='word_1_449' title='bbox 465 2322 581 2352; x_wconf 80' lang='lat' dir='ltr'>causam</span> <span class='ocrx_word' id='word_1_450' title='bbox 593 2320 650 2350; x_wconf 74' lang='lat' dir='ltr'>effe</span> <span class='ocrx_word' id='word_1_451' title='bbox 671 2319 767 2348; x_wconf 85' lang='lat' dir='ltr'>belli?</span> <span class='ocrx_word' id='word_1_452' title='bbox 785 2319 923 2349; x_wconf 84' lang='lat' dir='ltr'>omneis,</span> <span class='ocrx_word' id='word_1_453' title='bbox 946 2317 997 2355; x_wconf 82' lang='lat' dir='ltr'>qui</span> <span class='ocrx_word' id='word_1_454' title='bbox 1020 2314 1114 2344; x_wconf 68' lang='lat' dir='ltr'>libere</span> <span class='ocrx_word' id='word_1_455' title='bbox 1132 2313 1168 2343; x_wconf 90' lang='lat' dir='ltr'>de</span> 
     </span>
     <span class='ocr_line' id='line_1_59' title="bbox 210 2356 1169 2406; baseline -0.016 -9"><span class='ocrx_word' id='word_1_456' title='bbox 210 2376 270 2406; x_wconf 86' lang='lat' dir='ltr'>rep.</span> <span class='ocrx_word' id='word_1_457' title='bbox 293 2363 435 2396; x_wconf 84' lang='lat' dir='ltr'>sensimus</span> <span class='ocrx_word' id='word_1_458' title='bbox 447 2384 454 2397; x_wconf 93' lang='lat'>,</span> <span class='ocrx_word' id='word_1_459' title='bbox 477 2365 528 2404; x_wconf 87' lang='lat' dir='ltr'>qui</span> <span class='ocrx_word' id='word_1_460' title='bbox 541 2363 645 2403; x_wconf 80' lang='lat' dir='ltr'>dignas</span> <span class='ocrx_word' id='word_1_461' title='bbox 665 2359 755 2389; x_wconf 83' lang='lat' dir='ltr'>nobis</span> <span class='ocrx_word' id='word_1_462' title='bbox 769 2358 928 2388; x_wconf 85' lang='lat' dir='ltr'>sententias</span> <span class='ocrx_word' id='word_1_463' title='bbox 943 2357 1097 2387; x_wconf 82' lang='lat' dir='ltr'>diximus,</span> <span class='ocrx_word' id='word_1_464' title='bbox 1117 2356 1169 2394; x_wconf 87' lang='lat' dir='ltr'>qui</span> 
     </span>
     <span class='ocr_line' id='line_1_60' title="bbox 210 2395 1167 2448; baseline -0.015 -11"><span class='ocrx_word' id='word_1_465' title='bbox 210 2408 359 2448; x_wconf 84' lang='lat' dir='ltr'>populum</span> <span class='ocrx_word' id='word_1_466' title='bbox 371 2409 463 2436; x_wconf 90' lang='lat' dir='ltr'>Rom.</span> <span class='ocrx_word' id='word_1_467' title='bbox 476 2405 604 2434; x_wconf 85' lang='lat' dir='ltr'>liberum</span> <span class='ocrx_word' id='word_1_468' title='bbox 616 2400 673 2432; x_wconf 83' lang='lat' dir='ltr'>css&#39;e</span> <span class='ocrx_word' id='word_1_469' title='bbox 685 2401 840 2430; x_wconf 83' lang='lat' dir='ltr'>voluimus</span> <span class='ocrx_word' id='word_1_470' title='bbox 852 2419 860 2431; x_wconf 91' lang='lat'>,</span> <span class='ocrx_word' id='word_1_471' title='bbox 876 2399 976 2427; x_wconf 87' lang='lat' dir='ltr'>statuit</span> <span class='ocrx_word' id='word_1_472' title='bbox 985 2397 1036 2425; x_wconf 88' lang='lat' dir='ltr'>ille</span> <span class='ocrx_word' id='word_1_473' title='bbox 1044 2395 1167 2436; x_wconf 86' lang='lat' dir='ltr'>quidem</span> 
     </span>
     <span class='ocr_line' id='line_1_61' title="bbox 211 2438 1172 2483; baseline -0.017 -3"><span class='ocrx_word' id='word_1_474' title='bbox 211 2459 275 2480; x_wconf 84' lang='lat' dir='ltr'>non</span> <span class='ocrx_word' id='word_1_475' title='bbox 287 2448 423 2480; x_wconf 78' lang='lat' dir='ltr'>mimicos,</span> <span class='ocrx_word' id='word_1_476' title='bbox 439 2446 486 2477; x_wconf 88' lang='lat' dir='ltr'>sed</span> <span class='ocrx_word' id='word_1_477' title='bbox 496 2445 584 2481; x_wconf 69' lang='lat' dir='ltr'>hosteis</span> <span class='ocrx_word' id='word_1_478' title='bbox 594 2456 604 2472; x_wconf 84' lang='grc'>.·</span> <span class='ocrx_word' id='word_1_479' title='bbox 617 2444 730 2483; x_wconf 83' lang='lat' dir='ltr'>majora</span> <span class='ocrx_word' id='word_1_480' title='bbox 738 2451 839 2471; x_wconf 86' lang='lat' dir='ltr'>tamen</span> <span class='ocrx_word' id='word_1_481' title='bbox 850 2443 881 2470; x_wconf 89' lang='lat' dir='ltr'>in</span> <span class='ocrx_word' id='word_1_482' title='bbox 892 2448 959 2471; x_wconf 78' lang='lat' dir='ltr'>nos,</span> <span class='ocrx_word' id='word_1_483' title='bbox 970 2439 1061 2478; x_wconf 69' lang='lat' dir='ltr'>quam</span> <span class='ocrx_word' id='word_1_484' title='bbox 1074 2439 1104 2466; x_wconf 88' lang='lat' dir='ltr'>in</span> <span class='ocrx_word' id='word_1_485' title='bbox 1117 2438 1172 2465; x_wconf 82' lang='lat' dir='ltr'>ho-</span> 
     </span>
     <span class='ocr_line' id='line_1_62' title="bbox 213 2486 1173 2530; baseline -0.016 -9"><span class='ocrx_word' id='word_1_486' title='bbox 213 2490 306 2524; x_wconf 73' lang='lat' dir='ltr'>stem,</span> <span class='ocrx_word' id='word_1_487' title='bbox 330 2490 474 2530; x_wconf 85' lang='lat' dir='ltr'>supplicia</span> <span class='ocrx_word' id='word_1_488' title='bbox 485 2488 659 2517; x_wconf 82' lang='lat' dir='ltr'>meditatur:</span> <span class='ocrx_word' id='word_1_489' title='bbox 682 2492 812 2514; x_wconf 88' lang='lat' dir='ltr'>mortem</span> <span class='ocrx_word' id='word_1_490' title='bbox 833 2491 942 2513; x_wconf 85' lang='lat' dir='ltr'>natura:</span> <span class='ocrx_word' id='word_1_491' title='bbox 953 2489 1074 2520; x_wconf 83' lang='lat' dir='ltr'>poenam</span> <span class='ocrx_word' id='word_1_492' title='bbox 1091 2486 1173 2518; x_wconf 86' lang='lat' dir='ltr'>putat</span> 
     </span>
     <span class='ocr_line' id='line_1_63' title="bbox 213 2521 1174 2566; baseline -0.015 -4"><span class='ocrx_word' id='word_1_493' title='bbox 213 2531 270 2561; x_wconf 64' lang='lat' dir='ltr'>ess‘c</span> <span class='ocrx_word' id='word_1_494' title='bbox 283 2552 290 2565; x_wconf 92' lang='lat'>,</span> <span class='ocrx_word' id='word_1_495' title='bbox 311 2531 471 2562; x_wconf 87' lang='lat' dir='ltr'>iracundiae</span> <span class='ocrx_word' id='word_1_496' title='bbox 482 2537 649 2560; x_wconf 79' lang='lat' dir='ltr'>tormenta,</span> <span class='ocrx_word' id='word_1_497' title='bbox 670 2535 756 2566; x_wconf 87' lang='lat' dir='ltr'>atque</span> <span class='ocrx_word' id='word_1_498' title='bbox 775 2527 949 2555; x_wconf 86' lang='lat' dir='ltr'>cruciatum.</span> <span class='ocrx_word' id='word_1_499' title='bbox 973 2521 1068 2561; x_wconf 84' lang='lat' dir='ltr'>qualis</span> <span class='ocrx_word' id='word_1_500' title='bbox 1084 2524 1174 2562; x_wconf 84' lang='lat' dir='ltr'>igitur</span> 
     </span>
     <span class='ocr_line' id='line_1_64' title="bbox 215 2561 1174 2611; baseline -0.015 -7"><span class='ocrx_word' id='word_1_501' title='bbox 215 2573 308 2603; x_wconf 74' lang='lat' dir='ltr'>hostis</span> <span class='ocrx_word' id='word_1_502' title='bbox 323 2573 476 2603; x_wconf 88' lang='lat' dir='ltr'>habendus</span> <span class='ocrx_word' id='word_1_503' title='bbox 487 2570 576 2604; x_wconf 84' lang='lat' dir='ltr'>estis,</span> <span class='ocrx_word' id='word_1_504' title='bbox 588 2570 673 2611; x_wconf 73' lang='lat' dir='ltr'>aquo</span> <span class='ocrx_word' id='word_1_505' title='bbox 683 2566 798 2597; x_wconf 69' lang='grc' dir='ltr'>νιᾶοτε</span> <span class='ocrx_word' id='word_1_506' title='bbox 809 2565 829 2595; x_wconf 89' lang='lat' dir='ltr'>si</span> <span class='ocrx_word' id='word_1_507' title='bbox 839 2567 984 2596; x_wconf 85' lang='lat' dir='ltr'>cruciatus</span> <span class='ocrx_word' id='word_1_508' title='bbox 996 2561 1078 2596; x_wconf 86' lang='lat' dir='ltr'>absit,</span> <span class='ocrx_word' id='word_1_509' title='bbox 1092 2571 1174 2592; x_wconf 82' lang='lat' dir='ltr'>mors</span> 
     </span>
     <span class='ocr_line' id='line_1_65' title="bbox 179 2607 1176 2657; baseline -0.012 -13"><span class='ocrx_word' id='word_1_510' title='bbox 179 2632 197 2653; x_wconf 78' lang='lat'>2</span> <span class='ocrx_word' id='word_1_511' title='bbox 215 2616 243 2643; x_wconf 74' lang='lat' dir='ltr'>in</span> <span class='ocrx_word' id='word_1_512' title='bbox 263 2614 475 2657; x_wconf 72' lang='lat' dir='ltr'>beneficiiparte</span> <span class='ocrx_word' id='word_1_513' title='bbox 497 2614 697 2643; x_wconf 81' lang='lat' dir='ltr'>numeretur?</span> <span class='ocrx_word' id='word_1_514' title='bbox 721 2608 928 2649; x_wconf 85' lang='lat' dir='ltr'>Qamobrem</span> <span class='ocrx_word' id='word_1_515' title='bbox 941 2626 949 2639; x_wconf 89' lang='lat'>‚</span> <span class='ocrx_word' id='word_1_516' title='bbox 971 2607 1001 2635; x_wconf 87' lang='lat' dir='ltr'>P.</span> <span class='ocrx_word' id='word_1_517' title='bbox 1017 2607 1048 2634; x_wconf 94' lang='lat' dir='ltr'>C.</span> <span class='ocrx_word' id='word_1_518' title='bbox 1069 2614 1176 2645; x_wconf 88' lang='lat' dir='ltr'>quam-</span> 
     </span>
     <span class='ocr_line' id='line_1_66' title="bbox 215 2644 1177 2697; baseline -0.014 -10"><span class='ocrx_word' id='word_1_519' title='bbox 215 2667 303 2697; x_wconf 84' lang='lat' dir='ltr'>quam</span> <span class='ocrx_word' id='word_1_520' title='bbox 317 2659 465 2686; x_wconf 76' lang='lat' dir='ltr'>hortatore</span> <span class='ocrx_word' id='word_1_521' title='bbox 475 2665 539 2684; x_wconf 89' lang='lat' dir='ltr'>non</span> <span class='ocrx_word' id='word_1_522' title='bbox 550 2655 640 2695; x_wconf 83' lang='lat' dir='ltr'>egetis</span> <span class='ocrx_word' id='word_1_523' title='bbox 651 2673 659 2686; x_wconf 92' lang='lat'>‚</span> <span class='ocrx_word' id='word_1_524' title='bbox 680 2650 744 2691; x_wconf 69' lang='lat' dir='ltr'>&lt;ipsi</span> <span class='ocrx_word' id='word_1_525' title='bbox 755 2652 839 2680; x_wconf 81' lang='lat' dir='ltr'>enim</span> <span class='ocrx_word' id='word_1_526' title='bbox 851 2648 945 2680; x_wconf 87' lang='lat' dir='ltr'>vestra</span> <span class='ocrx_word' id='word_1_527' title='bbox 957 2647 1060 2686; x_wconf 84' lang='lat' dir='ltr'>sponte</span> <span class='ocrx_word' id='word_1_528' title='bbox 1071 2644 1177 2676; x_wconf 83' lang='lat' dir='ltr'>exarsi-</span> 
     </span>
     <span class='ocr_line' id='line_1_67' title="bbox 217 2692 1178 2735; baseline -0.012 -7"><span class='ocrx_word' id='word_1_529' title='bbox 217 2698 268 2727; x_wconf 85' lang='lat' dir='ltr'>stis</span> <span class='ocrx_word' id='word_1_530' title='bbox 288 2698 321 2727; x_wconf 88' lang='lat' dir='ltr'>ad</span> <span class='ocrx_word' id='word_1_531' title='bbox 336 2698 478 2727; x_wconf 81' lang='lat' dir='ltr'>libertatis</span> <span class='ocrx_word' id='word_1_532' title='bbox 493 2695 696 2735; x_wconf 70' lang='lat' dir='ltr'>recuperandae</span> <span class='ocrx_word' id='word_1_533' title='bbox 715 2692 927 2732; x_wconf 84' lang='lat' dir='ltr'>cupiditatem)</span> <span class='ocrx_word' id='word_1_534' title='bbox 947 2698 1046 2718; x_wconf 83' lang='lat' dir='ltr'>tamen</span> <span class='ocrx_word' id='word_1_535' title='bbox 1057 2698 1094 2718; x_wconf 89' lang='lat' dir='ltr'>eo</span> <span class='ocrx_word' id='word_1_536' title='bbox 1113 2697 1178 2717; x_wconf 79' lang='lat' dir='ltr'>ma-</span> 
     </span>
     <span class='ocr_line' id='line_1_68' title="bbox 214 2731 1179 2780; baseline -0.009 -11"><span class='ocrx_word' id='word_1_537' title='bbox 214 2740 279 2780; x_wconf 83' lang='lat' dir='ltr'>jore</span> <span class='ocrx_word' id='word_1_538' title='bbox 289 2741 392 2769; x_wconf 84' lang='lat' dir='ltr'>animo</span> <span class='ocrx_word' id='word_1_539' title='bbox 404 2760 412 2773; x_wconf 82' lang='lat'>,</span> <span class='ocrx_word' id='word_1_540' title='bbox 433 2738 592 2779; x_wconf 82' lang='lat' dir='ltr'>studioque</span> <span class='ocrx_word' id='word_1_541' title='bbox 605 2737 774 2767; x_wconf 86' lang='lat' dir='ltr'>libertatem</span> <span class='ocrx_word' id='word_1_542' title='bbox 793 2733 945 2764; x_wconf 82' lang='lat' dir='ltr'>defendite</span> <span class='ocrx_word' id='word_1_543' title='bbox 960 2750 968 2764; x_wconf 78' lang='lat'>‚</span> <span class='ocrx_word' id='word_1_544' title='bbox 988 2740 1052 2771; x_wconf 86' lang='lat' dir='ltr'>quo</span> <span class='ocrx_word' id='word_1_545' title='bbox 1065 2731 1179 2770; x_wconf 85' lang='lat' dir='ltr'>majora</span> 
     </span>
    </p>
   </div>
   <div class='ocr_carea' id='block_1_17' title="bbox 189 1274 490 1550">
    <p class='ocr_par' dir='ltr' id='par_1_17' title="bbox 189 1274 490 1550">
     <span class='ocr_line' id='line_1_69' title="bbox 189 1274 490 1550; baseline 0 -162"><span class='ocrx_word' id='word_1_546' title='bbox 189 1274 490 1550; x_wconf 95' lang='lat' dir='ltr'>     </span> 
     </span>
    </p>
   </div>
   <div class='ocr_carea' id='block_1_18' title="bbox 226 2820 1018 2837">
    <p class='ocr_par' dir='ltr' id='par_1_18' title="bbox 226 2820 1018 2837">
     <span class='ocr_line' id='line_1_70' title="bbox 226 2820 1018 2837; baseline 0 0"><span class='ocrx_word' id='word_1_547' title='bbox 226 2820 1018 2837; x_wconf 95' lang='lat' dir='ltr'> </span> 
     </span>
    </p>
   </div>
   <div class='ocr_carea' id='block_1_19' title="bbox 1197 1265 2176 2642">
    <p class='ocr_par' dir='ltr' id='par_1_19' title="bbox 1197 1265 2176 2642">
     <span class='ocr_line' id='line_1_71' title="bbox 1197 1265 2156 1308; baseline -0.001 -10"><span class='ocrx_word' id='word_1_548' title='bbox 1197 1265 1348 1308; x_wconf 78' lang='lat' dir='ltr'>proposita</span> <span class='ocrx_word' id='word_1_549' title='bbox 1359 1265 1448 1297; x_wconf 61' lang='lat' dir='ltr'>viciis</span> <span class='ocrx_word' id='word_1_550' title='bbox 1458 1266 1600 1308; x_wconf 86' lang='lat' dir='ltr'>supplicia</span> <span class='ocrx_word' id='word_1_551' title='bbox 1610 1269 1761 1300; x_wconf 86' lang='lat' dir='ltr'>servitutis</span> <span class='ocrx_word' id='word_1_552' title='bbox 1771 1268 1891 1299; x_wconf 78' lang='lat' dir='ltr'>videtis.</span> <span class='ocrx_word' id='word_1_553' title='bbox 1914 1271 1951 1298; x_wconf 90' lang='lat' dir='ltr'>In</span> <span class='ocrx_word' id='word_1_554' title='bbox 1961 1267 2090 1298; x_wconf 84' lang='lat' dir='ltr'>Galliam</span> <span class='ocrx_word' id='word_1_555' title='bbox 2105 1268 2156 1298; x_wconf 83' lang='lat' dir='ltr'>in-</span> 
     </span>
     <span class='ocr_line' id='line_1_72' title="bbox 1200 1309 2157 1350; baseline -0.001 -10"><span class='ocrx_word' id='word_1_556' title='bbox 1200 1309 1271 1340; x_wconf 86' lang='lat' dir='ltr'>vasit</span> <span class='ocrx_word' id='word_1_557' title='bbox 1289 1311 1442 1339; x_wconf 84' lang='lat' dir='ltr'>Antonius</span> <span class='ocrx_word' id='word_1_558' title='bbox 1456 1329 1464 1342; x_wconf 75' lang='grc'><em>,</em></span> <span class='ocrx_word' id='word_1_559' title='bbox 1485 1312 1515 1340; x_wconf 90' lang='lat' dir='ltr'>in</span> <span class='ocrx_word' id='word_1_560' title='bbox 1531 1309 1629 1341; x_wconf 82' lang='lat' dir='ltr'>Asiam</span> <span class='ocrx_word' id='word_1_561' title='bbox 1646 1311 1822 1342; x_wconf 86' lang='lat' dir='ltr'>Dolabella:</span> <span class='ocrx_word' id='word_1_562' title='bbox 1840 1313 1874 1341; x_wconf 89' lang='lat' dir='ltr'>in</span> <span class='ocrx_word' id='word_1_563' title='bbox 1893 1310 2023 1341; x_wconf 87' lang='lat' dir='ltr'>alienam</span> <span class='ocrx_word' id='word_1_564' title='bbox 2034 1319 2157 1350; x_wconf 85' lang='lat' dir='ltr'>uterque</span> 
     </span>
     <span class='ocr_line' id='line_1_73' title="bbox 1198 1350 2159 1392; baseline -0.002 -10"><span class='ocrx_word' id='word_1_565' title='bbox 1198 1352 1389 1392; x_wconf 88' lang='lat' dir='ltr'>provinciam</span> <span class='ocrx_word' id='word_1_566' title='bbox 1403 1363 1408 1379; x_wconf 77' lang='lat' dir='ltr'>z</span> <span class='ocrx_word' id='word_1_567' title='bbox 1430 1351 1515 1381; x_wconf 84' lang='lat' dir='ltr'>alteri</span> <span class='ocrx_word' id='word_1_568' title='bbox 1525 1352 1553 1382; x_wconf 88' lang='lat' dir='ltr'>se</span> <span class='ocrx_word' id='word_1_569' title='bbox 1564 1354 1671 1383; x_wconf 88' lang='lat' dir='ltr'>Brutus</span> <span class='ocrx_word' id='word_1_570' title='bbox 1682 1353 1810 1392; x_wconf 86' lang='lat' dir='ltr'>objecit,</span> <span class='ocrx_word' id='word_1_571' title='bbox 1830 1354 2040 1392; x_wconf 85' lang='lat' dir='ltr'>impetumque</span> <span class='ocrx_word' id='word_1_572' title='bbox 2053 1350 2159 1381; x_wconf 85' lang='lat' dir='ltr'>furen-</span> 
     </span>
     <span class='ocr_line' id='line_1_74' title="bbox 1200 1393 2157 1434; baseline 0 -11"><span class='ocrx_word' id='word_1_573' title='bbox 1200 1396 1238 1424; x_wconf 89' lang='lat' dir='ltr'>tis</span> <span class='ocrx_word' id='word_1_574' title='bbox 1249 1413 1257 1426; x_wconf 87' lang='lat'>‚</span> <span class='ocrx_word' id='word_1_575' title='bbox 1274 1402 1361 1434; x_wconf 90' lang='lat' dir='ltr'>atque</span> <span class='ocrx_word' id='word_1_576' title='bbox 1371 1394 1478 1423; x_wconf 88' lang='lat' dir='ltr'>omnia</span> <span class='ocrx_word' id='word_1_577' title='bbox 1486 1393 1625 1424; x_wconf 85' lang='lat' dir='ltr'>divexare</span> <span class='ocrx_word' id='word_1_578' title='bbox 1636 1414 1644 1429; x_wconf 87' lang='lat'>‚</span> <span class='ocrx_word' id='word_1_579' title='bbox 1657 1395 1690 1424; x_wconf 89' lang='lat'>&amp;</span> <span class='ocrx_word' id='word_1_580' title='bbox 1698 1394 1826 1434; x_wconf 88' lang='lat' dir='ltr'>diripere</span> <span class='ocrx_word' id='word_1_581' title='bbox 1838 1395 1986 1434; x_wconf 86' lang='lat' dir='ltr'>cupientis</span> <span class='ocrx_word' id='word_1_582' title='bbox 1996 1414 2004 1428; x_wconf 94' lang='lat'>‚</span> <span class='ocrx_word' id='word_1_583' title='bbox 2017 1395 2086 1423; x_wconf 87' lang='lat' dir='ltr'>vitae</span> <span class='ocrx_word' id='word_1_584' title='bbox 2098 1393 2157 1423; x_wconf 80' lang='lat' dir='ltr'>suae</span> 
     </span>
     <span class='ocr_line' id='line_1_75' title="bbox 1200 1434 2158 1477; baseline -0.001 -12"><span class='ocrx_word' id='word_1_585' title='bbox 1200 1437 1332 1476; x_wconf 86' lang='lat' dir='ltr'>periculo</span> <span class='ocrx_word' id='word_1_586' title='bbox 1349 1435 1503 1475; x_wconf 83' lang='lat' dir='ltr'>colligavit</span> <span class='ocrx_word' id='word_1_587' title='bbox 1514 1455 1522 1469; x_wconf 93' lang='lat'>,</span> <span class='ocrx_word' id='word_1_588' title='bbox 1542 1434 1691 1477; x_wconf 84' lang='lat' dir='ltr'>progreffu</span> <span class='ocrx_word' id='word_1_589' title='bbox 1704 1438 1815 1470; x_wconf 86' lang='lat' dir='ltr'>arcuit,</span> <span class='ocrx_word' id='word_1_590' title='bbox 1834 1437 1850 1465; x_wconf 75' lang='lat' dir='ltr'>a</span> <span class='ocrx_word' id='word_1_591' title='bbox 1863 1435 1961 1465; x_wconf 89' lang='lat' dir='ltr'>reditu</span> <span class='ocrx_word' id='word_1_592' title='bbox 1979 1434 2158 1465; x_wconf 84' lang='lat' dir='ltr'>refrenavit:</span> 
     </span>
     <span class='ocr_line' id='line_1_76' title="bbox 1198 1476 2157 1518; baseline -0.002 -11"><span class='ocrx_word' id='word_1_593' title='bbox 1198 1476 1325 1507; x_wconf 89' lang='lat' dir='ltr'>obsideri</span> <span class='ocrx_word' id='word_1_594' title='bbox 1338 1476 1366 1506; x_wconf 90' lang='lat' dir='ltr'>se</span> <span class='ocrx_word' id='word_1_595' title='bbox 1375 1476 1471 1516; x_wconf 81' lang='lat' dir='ltr'>passus</span> <span class='ocrx_word' id='word_1_596' title='bbox 1478 1497 1488 1510; x_wconf 89' lang='lat'>,</span> <span class='ocrx_word' id='word_1_597' title='bbox 1509 1487 1548 1507; x_wconf 85' lang='lat' dir='ltr'>ex</span> <span class='ocrx_word' id='word_1_598' title='bbox 1557 1487 1680 1518; x_wconf 83' lang='lat' dir='ltr'>utraque</span> <span class='ocrx_word' id='word_1_599' title='bbox 1688 1486 1767 1518; x_wconf 85' lang='lat' dir='ltr'>parte</span> <span class='ocrx_word' id='word_1_600' title='bbox 1783 1476 1965 1508; x_wconf 84' lang='lat' dir='ltr'>constrinxit</span> <span class='ocrx_word' id='word_1_601' title='bbox 1974 1478 2157 1507; x_wconf 87' lang='lat' dir='ltr'>Antonium.</span> 
     </span>
     <span class='ocr_line' id='line_1_77' title="bbox 1200 1517 2160 1559; baseline 0 -10"><span class='ocrx_word' id='word_1_602' title='bbox 1200 1520 1283 1549; x_wconf 88' lang='lat' dir='ltr'>Alter</span> <span class='ocrx_word' id='word_1_603' title='bbox 1294 1522 1304 1537; x_wconf 87' lang='lat'><em>¹</em></span> <span class='ocrx_word' id='word_1_604' title='bbox 1318 1521 1350 1548; x_wconf 89' lang='lat' dir='ltr'>in</span> <span class='ocrx_word' id='word_1_605' title='bbox 1360 1517 1461 1549; x_wconf 84' lang='lat' dir='ltr'>Afiam</span> <span class='ocrx_word' id='word_1_606' title='bbox 1470 1520 1576 1559; x_wconf 89' lang='lat' dir='ltr'>irrupit</span> <span class='ocrx_word' id='word_1_607' title='bbox 1588 1519 1694 1550; x_wconf 87' lang='lat' dir='ltr'>cursim</span> <span class='ocrx_word' id='word_1_608' title='bbox 1706 1540 1714 1553; x_wconf 92' lang='lat'>,</span> <span class='ocrx_word' id='word_1_609' title='bbox 1739 1521 1788 1550; x_wconf 92' lang='lat' dir='ltr'>cui</span> <span class='ocrx_word' id='word_1_610' title='bbox 1803 1522 1836 1549; x_wconf 90' lang='lat' dir='ltr'>in</span> <span class='ocrx_word' id='word_1_611' title='bbox 1854 1521 1970 1558; x_wconf 89' lang='lat' dir='ltr'>Syriam</span> <span class='ocrx_word' id='word_1_612' title='bbox 1987 1518 2102 1558; x_wconf 89' lang='lat' dir='ltr'>patebat</span> <span class='ocrx_word' id='word_1_613' title='bbox 2112 1519 2160 1549; x_wconf 84' lang='lat' dir='ltr'>via</span> 
     </span>
     <span class='ocr_line' id='line_1_78' title="bbox 1201 1559 2158 1602; baseline -0.001 -11"><span class='ocrx_word' id='word_1_614' title='bbox 1201 1570 1287 1594; x_wconf 87' lang='lat' dir='ltr'>certa,</span> <span class='ocrx_word' id='word_1_615' title='bbox 1299 1570 1396 1601; x_wconf 89' lang='lat' dir='ltr'>neque</span> <span class='ocrx_word' id='word_1_616' title='bbox 1407 1561 1504 1602; x_wconf 80' lang='lat' dir='ltr'>longa.</span> <span class='ocrx_word' id='word_1_617' title='bbox 1521 1565 1535 1581; x_wconf 84' lang='lat'><em>2</em></span> <span class='ocrx_word' id='word_1_618' title='bbox 1544 1561 1618 1602; x_wconf 86' lang='lat' dir='ltr'>quid</span> <span class='ocrx_word' id='word_1_619' title='bbox 1629 1571 1704 1602; x_wconf 88' lang='lat' dir='ltr'>opus</span> <span class='ocrx_word' id='word_1_620' title='bbox 1713 1560 1771 1591; x_wconf 84' lang='lat' dir='ltr'>fuit</span> <span class='ocrx_word' id='word_1_621' title='bbox 1779 1571 1849 1591; x_wconf 91' lang='lat' dir='ltr'>cum</span> <span class='ocrx_word' id='word_1_622' title='bbox 1861 1561 1979 1601; x_wconf 87' lang='lat' dir='ltr'>legione</span> <span class='ocrx_word' id='word_1_623' title='bbox 1992 1563 2002 1589; x_wconf 91' lang='lat'>?</span> <span class='ocrx_word' id='word_1_624' title='bbox 2023 1559 2158 1600; x_wconf 83' lang='lat' dir='ltr'>praemis-</span> 
     </span>
     <span class='ocr_line' id='line_1_79' title="bbox 1202 1602 2159 1643; baseline -0.002 -11"><span class='ocrx_word' id='word_1_625' title='bbox 1202 1603 1233 1633; x_wconf 91' lang='lat' dir='ltr'>so</span> <span class='ocrx_word' id='word_1_626' title='bbox 1245 1603 1344 1633; x_wconf 87' lang='lat' dir='ltr'>Marso</span> <span class='ocrx_word' id='word_1_627' title='bbox 1355 1602 1456 1632; x_wconf 89' lang='lat' dir='ltr'>nescio</span> <span class='ocrx_word' id='word_1_628' title='bbox 1467 1613 1528 1643; x_wconf 90' lang='lat' dir='ltr'>quo</span> <span class='ocrx_word' id='word_1_629' title='bbox 1539 1602 1666 1634; x_wconf 68' lang='lat' dir='ltr'>Ofitavio</span> <span class='ocrx_word' id='word_1_630' title='bbox 1678 1623 1686 1637; x_wconf 93' lang='lat'>,</span> <span class='ocrx_word' id='word_1_631' title='bbox 1698 1603 1836 1634; x_wconf 88' lang='lat' dir='ltr'>scelerato</span> <span class='ocrx_word' id='word_1_632' title='bbox 1846 1603 1970 1635; x_wconf 87' lang='lat' dir='ltr'>latrone,</span> <span class='ocrx_word' id='word_1_633' title='bbox 1981 1610 2068 1642; x_wconf 88' lang='lat' dir='ltr'>atque</span> <span class='ocrx_word' id='word_1_634' title='bbox 2078 1611 2159 1642; x_wconf 82' lang='lat' dir='ltr'>egen-</span> 
     </span>
     <span class='ocr_line' id='line_1_80' title="bbox 1201 1643 2159 1686; baseline -0.002 -12"><span class='ocrx_word' id='word_1_635' title='bbox 1201 1652 1237 1678; x_wconf 80' lang='grc' dir='ltr'>τι,</span> <span class='ocrx_word' id='word_1_636' title='bbox 1248 1646 1301 1685; x_wconf 90' lang='lat' dir='ltr'>qui</span> <span class='ocrx_word' id='word_1_637' title='bbox 1311 1644 1501 1684; x_wconf 81' lang='lat' dir='ltr'>popularetur</span> <span class='ocrx_word' id='word_1_638' title='bbox 1509 1655 1592 1686; x_wconf 88' lang='lat' dir='ltr'>agros</span> <span class='ocrx_word' id='word_1_639' title='bbox 1604 1656 1609 1674; x_wconf 74' lang='grc' dir='ltr'><strong><em>τ</em></strong></span> <span class='ocrx_word' id='word_1_640' title='bbox 1629 1654 1752 1675; x_wconf 80' lang='lat' dir='ltr'>vexaret</span> <span class='ocrx_word' id='word_1_641' title='bbox 1762 1644 1861 1674; x_wconf 86' lang='lat' dir='ltr'>urbeis</span> <span class='ocrx_word' id='word_1_642' title='bbox 1871 1654 1935 1674; x_wconf 92' lang='lat' dir='ltr'>non</span> <span class='ocrx_word' id='word_1_643' title='bbox 1945 1643 1981 1673; x_wconf 90' lang='lat' dir='ltr'>ad</span> <span class='ocrx_word' id='word_1_644' title='bbox 1991 1644 2074 1683; x_wconf 86' lang='lat' dir='ltr'>spem</span> <span class='ocrx_word' id='word_1_645' title='bbox 2083 1653 2159 1672; x_wconf 90' lang='lat' dir='ltr'>con-</span> 
     </span>
     <span class='ocr_line' id='line_1_81' title="bbox 1202 1684 2160 1728; baseline -0.002 -12"><span class='ocrx_word' id='word_1_646' title='bbox 1202 1686 1358 1716; x_wconf 84' lang='lat' dir='ltr'>stituendae</span> <span class='ocrx_word' id='word_1_647' title='bbox 1368 1688 1411 1716; x_wconf 91' lang='lat' dir='ltr'>rei</span> <span class='ocrx_word' id='word_1_648' title='bbox 1422 1685 1589 1721; x_wconf 85' lang='lat' dir='ltr'>familiaris,</span> <span class='ocrx_word' id='word_1_649' title='bbox 1598 1697 1689 1728; x_wconf 87' lang='lat' dir='ltr'>quam</span> <span class='ocrx_word' id='word_1_650' title='bbox 1704 1696 1802 1717; x_wconf 88' lang='lat' dir='ltr'>tenere</span> <span class='ocrx_word' id='word_1_651' title='bbox 1812 1695 1882 1716; x_wconf 89' lang='lat' dir='ltr'>eum</span> <span class='ocrx_word' id='word_1_652' title='bbox 1893 1684 1977 1725; x_wconf 78' lang='lat' dir='ltr'>polse</span> <span class='ocrx_word' id='word_1_653' title='bbox 1987 1693 2096 1726; x_wconf 87' lang='lat' dir='ltr'>negant</span> <span class='ocrx_word' id='word_1_654' title='bbox 2106 1685 2160 1725; x_wconf 83' lang='lat' dir='ltr'>qui</span> 
     </span>
     <span class='ocr_line' id='line_1_82' title="bbox 1202 1725 2163 1770; baseline -0.002 -12"><span class='ocrx_word' id='word_1_655' title='bbox 1202 1737 1333 1758; x_wconf 88' lang='lat' dir='ltr'>norunt:</span> <span class='ocrx_word' id='word_1_656' title='bbox 1357 1727 1448 1766; x_wconf 83' lang='lat' dir='ltr'>(mihi</span> <span class='ocrx_word' id='word_1_657' title='bbox 1458 1730 1542 1758; x_wconf 89' lang='lat' dir='ltr'>enim</span> <span class='ocrx_word' id='word_1_658' title='bbox 1561 1729 1611 1759; x_wconf 86' lang='lat' dir='ltr'>hic</span> <span class='ocrx_word' id='word_1_659' title='bbox 1623 1729 1740 1759; x_wconf 87' lang='lat' dir='ltr'>senator</span> <span class='ocrx_word' id='word_1_660' title='bbox 1757 1730 1879 1770; x_wconf 87' lang='lat' dir='ltr'>ignotus</span> <span class='ocrx_word' id='word_1_661' title='bbox 1898 1726 1951 1766; x_wconf 87' lang='lat' dir='ltr'>est)</span> <span class='ocrx_word' id='word_1_662' title='bbox 1971 1726 2018 1757; x_wconf 90' lang='lat' dir='ltr'>sed</span> <span class='ocrx_word' id='word_1_663' title='bbox 2035 1725 2069 1756; x_wconf 91' lang='lat' dir='ltr'>ad</span> <span class='ocrx_word' id='word_1_664' title='bbox 2085 1736 2163 1765; x_wconf 83' lang='lat' dir='ltr'>prae-</span> 
     </span>
     <span class='ocr_line' id='line_1_83' title="bbox 1199 1767 2164 1810; baseline -0.002 -10"><span class='ocrx_word' id='word_1_665' title='bbox 1199 1770 1314 1800; x_wconf 88' lang='lat' dir='ltr'>sentem</span> <span class='ocrx_word' id='word_1_666' title='bbox 1323 1769 1440 1810; x_wconf 87' lang='lat' dir='ltr'>pastum</span> <span class='ocrx_word' id='word_1_667' title='bbox 1449 1770 1651 1801; x_wconf 86' lang='lat' dir='ltr'>mendicitatis</span> <span class='ocrx_word' id='word_1_668' title='bbox 1663 1771 1732 1800; x_wconf 83' lang='lat' dir='ltr'>suae.</span> <span class='ocrx_word' id='word_1_669' title='bbox 1755 1770 1930 1800; x_wconf 89' lang='lat' dir='ltr'>consecutus</span> <span class='ocrx_word' id='word_1_670' title='bbox 1942 1767 1984 1798; x_wconf 87' lang='lat' dir='ltr'>est</span> <span class='ocrx_word' id='word_1_671' title='bbox 1992 1767 2164 1801; x_wconf 84' lang='lat' dir='ltr'>Dolabella,</span> 
     </span>
     <span class='ocr_line' id='line_1_84' title="bbox 1201 1809 2164 1853; baseline -0.004 -11"><span class='ocrx_word' id='word_1_672' title='bbox 1201 1813 1284 1842; x_wconf 88' lang='lat' dir='ltr'>nulla</span> <span class='ocrx_word' id='word_1_673' title='bbox 1302 1812 1468 1852; x_wconf 89' lang='lat' dir='ltr'>suspicione</span> <span class='ocrx_word' id='word_1_674' title='bbox 1480 1812 1563 1842; x_wconf 87' lang='lat' dir='ltr'>belli.</span> <span class='ocrx_word' id='word_1_675' title='bbox 1587 1814 1655 1853; x_wconf 85' lang='lat' dir='ltr'>quis</span> <span class='ocrx_word' id='word_1_676' title='bbox 1662 1815 1745 1842; x_wconf 89' lang='lat' dir='ltr'>enirn</span> <span class='ocrx_word' id='word_1_677' title='bbox 1757 1811 1789 1841; x_wconf 90' lang='lat' dir='ltr'>id</span> <span class='ocrx_word' id='word_1_678' title='bbox 1800 1813 1934 1851; x_wconf 88' lang='lat' dir='ltr'>putaret?</span> <span class='ocrx_word' id='word_1_679' title='bbox 1952 1810 2057 1841; x_wconf 88' lang='lat' dir='ltr'>secutae</span> <span class='ocrx_word' id='word_1_680' title='bbox 2065 1809 2164 1839; x_wconf 85' lang='lat' dir='ltr'>collo-</span> 
     </span>
     <span class='ocr_line' id='line_1_85' title="bbox 1200 1851 2165 1892; baseline -0.004 -8"><span class='ocrx_word' id='word_1_681' title='bbox 1200 1855 1338 1884; x_wconf 86' lang='lat' dir='ltr'>curiones</span> <span class='ocrx_word' id='word_1_682' title='bbox 1359 1852 1595 1884; x_wconf 83' lang='lat' dir='ltr'>familiariffimae</span> <span class='ocrx_word' id='word_1_683' title='bbox 1618 1864 1689 1884; x_wconf 90' lang='lat' dir='ltr'>cum</span> <span class='ocrx_word' id='word_1_684' title='bbox 1708 1853 1867 1883; x_wconf 88' lang='lat' dir='ltr'>Trebonio</span> <span class='ocrx_word' id='word_1_685' title='bbox 1888 1863 1894 1882; x_wconf 76' lang='lat' dir='ltr'><strong><em>z</em></strong></span> <span class='ocrx_word' id='word_1_686' title='bbox 1926 1851 2165 1892; x_wconf 88' lang='lat' dir='ltr'>complexusque</span> 
     </span>
     <span class='ocr_line' id='line_1_86' title="bbox 1205 1891 2165 1927; baseline -0.003 -2"><span class='ocrx_word' id='word_1_687' title='bbox 1205 1896 1330 1926; x_wconf 84' lang='lat' dir='ltr'>summae</span> <span class='ocrx_word' id='word_1_688' title='bbox 1341 1894 1557 1926; x_wconf 74' lang='lat' dir='ltr'>benivolentiae</span> <span class='ocrx_word' id='word_1_689' title='bbox 1568 1894 1631 1927; x_wconf 87' lang='lat' dir='ltr'>falfi</span> <span class='ocrx_word' id='word_1_690' title='bbox 1647 1895 1762 1925; x_wconf 88' lang='lat' dir='ltr'>indices</span> <span class='ocrx_word' id='word_1_691' title='bbox 1779 1893 1957 1925; x_wconf 86' lang='lat' dir='ltr'>exstiterunt</span> <span class='ocrx_word' id='word_1_692' title='bbox 1972 1895 2005 1924; x_wconf 83' lang='lat' dir='ltr'>in</span> <span class='ocrx_word' id='word_1_693' title='bbox 2015 1903 2116 1923; x_wconf 89' lang='lat' dir='ltr'>amore</span> <span class='ocrx_word' id='word_1_694' title='bbox 2126 1891 2165 1922; x_wconf 85' lang='lat' dir='ltr'>fi-</span> 
     </span>
     <span class='ocr_line' id='line_1_87' title="bbox 1205 1933 2164 1979; baseline -0.003 -12"><span class='ocrx_word' id='word_1_695' title='bbox 1205 1938 1321 1968; x_wconf 89' lang='lat' dir='ltr'>mulato</span> <span class='ocrx_word' id='word_1_696' title='bbox 1336 1948 1341 1966; x_wconf 84' lang='lat' dir='ltr'>z</span> <span class='ocrx_word' id='word_1_697' title='bbox 1363 1937 1489 1971; x_wconf 84' lang='lat' dir='ltr'>dextrae‚</span> <span class='ocrx_word' id='word_1_698' title='bbox 1513 1948 1578 1979; x_wconf 85' lang='lat' dir='ltr'>quae</span> <span class='ocrx_word' id='word_1_699' title='bbox 1597 1936 1667 1968; x_wconf 85' lang='lat' dir='ltr'>fidei</span> <span class='ocrx_word' id='word_1_700' title='bbox 1684 1936 1771 1967; x_wconf 86' lang='lat' dir='ltr'>testes</span> <span class='ocrx_word' id='word_1_701' title='bbox 1788 1935 1847 1967; x_wconf 85' lang='lat' dir='ltr'>ess&#39;c</span> <span class='ocrx_word' id='word_1_702' title='bbox 1867 1936 1999 1966; x_wconf 88' lang='lat' dir='ltr'>solebant</span> <span class='ocrx_word' id='word_1_703' title='bbox 2011 1955 2019 1968; x_wconf 89' lang='lat'>,</span> <span class='ocrx_word' id='word_1_704' title='bbox 2040 1933 2164 1975; x_wconf 87' lang='lat' dir='ltr'>perfidia</span> 
     </span>
     <span class='ocr_line' id='line_1_88' title="bbox 1205 1978 2164 2017; baseline 0 -8"><span class='ocrx_word' id='word_1_705' title='bbox 1205 1980 1273 2010; x_wconf 88' lang='lat' dir='ltr'>sunt</span> <span class='ocrx_word' id='word_1_706' title='bbox 1283 2000 1291 2013; x_wconf 85' lang='lat'>‚</span> <span class='ocrx_word' id='word_1_707' title='bbox 1312 1979 1345 2009; x_wconf 84' lang='lat'>&amp;</span> <span class='ocrx_word' id='word_1_708' title='bbox 1356 1979 1464 2009; x_wconf 88' lang='lat' dir='ltr'>scelere</span> <span class='ocrx_word' id='word_1_709' title='bbox 1484 1981 1619 2010; x_wconf 87' lang='lat' dir='ltr'>violatae:</span> <span class='ocrx_word' id='word_1_710' title='bbox 1644 1978 1812 2009; x_wconf 62' lang='lat' dir='ltr'>nocturnus</span> <span class='ocrx_word' id='word_1_711' title='bbox 1832 1980 1973 2008; x_wconf 87' lang='lat' dir='ltr'>introitus</span> <span class='ocrx_word' id='word_1_712' title='bbox 1991 1980 2164 2017; x_wconf 60' lang='lat' dir='ltr'>Smyrnam,</span> 
     </span>
     <span class='ocr_line' id='line_1_89' title="bbox 1204 2018 2167 2092; baseline -0.003 -41"><span class='ocrx_word' id='word_1_713' title='bbox 1204 2019 1283 2092; x_wconf 51' lang='lat' dir='ltr'>{luafi</span> <span class='ocrx_word' id='word_1_714' title='bbox 1295 2023 1326 2051; x_wconf 90' lang='lat' dir='ltr'>in</span> <span class='ocrx_word' id='word_1_715' title='bbox 1337 2019 1471 2051; x_wconf 88' lang='lat' dir='ltr'>hostium</span> <span class='ocrx_word' id='word_1_716' title='bbox 1482 2021 1588 2052; x_wconf 89' lang='lat' dir='ltr'>urbem</span> <span class='ocrx_word' id='word_1_717' title='bbox 1599 2032 1605 2051; x_wconf 72' lang='grc' dir='ltr'><em>τ</em></span> <span class='ocrx_word' id='word_1_718' title='bbox 1624 2031 1691 2062; x_wconf 82' lang='lat' dir='ltr'>quae</span> <span class='ocrx_word' id='word_1_719' title='bbox 1701 2020 1743 2051; x_wconf 88' lang='lat' dir='ltr'>est</span> <span class='ocrx_word' id='word_1_720' title='bbox 1753 2018 2008 2052; x_wconf 75' lang='lat' dir='ltr'>fidelissimorum,</span> <span class='ocrx_word' id='word_1_721' title='bbox 2019 2018 2167 2059; x_wconf 83' lang='lat' dir='ltr'>antiquis-</span> 
     </span>
     <span class='ocr_line' id='line_1_90' title="bbox 1216 2058 2161 2103; baseline -0.001 -10"><span class='ocrx_word' id='word_1_722' title='bbox 1216 2073 1412 2103; x_wconf 90' lang='lat' dir='ltr'>imorumque</span> <span class='ocrx_word' id='word_1_723' title='bbox 1425 2063 1577 2094; x_wconf 87' lang='lat' dir='ltr'>sociorum</span> <span class='ocrx_word' id='word_1_724' title='bbox 1589 2074 1595 2092; x_wconf 72' lang='grc' dir='ltr'>ε</span> <span class='ocrx_word' id='word_1_725' title='bbox 1619 2061 1771 2103; x_wconf 78' lang='lat' dir='ltr'>oppressus</span> <span class='ocrx_word' id='word_1_726' title='bbox 1783 2061 1959 2092; x_wconf 86' lang='lat' dir='ltr'>Trebonius</span> <span class='ocrx_word' id='word_1_727' title='bbox 1970 2072 1979 2096; x_wconf 71' lang='lat'>3</span> <span class='ocrx_word' id='word_1_728' title='bbox 1990 2058 2011 2090; x_wconf 81' lang='lat' dir='ltr'>si</span> <span class='ocrx_word' id='word_1_729' title='bbox 2021 2069 2053 2090; x_wconf 91' lang='lat' dir='ltr'>ut</span> <span class='ocrx_word' id='word_1_730' title='bbox 2062 2060 2097 2090; x_wconf 91' lang='lat' dir='ltr'>ab</span> <span class='ocrx_word' id='word_1_731' title='bbox 2110 2069 2161 2092; x_wconf 82' lang='lat' dir='ltr'>eo-</span> 
     </span>
     <span class='ocr_line' id='line_1_91' title="bbox 1206 2102 2163 2146; baseline -0.006 -11"><span class='ocrx_word' id='word_1_732' title='bbox 1206 2107 1259 2146; x_wconf 90' lang='lat' dir='ltr'>qui</span> <span class='ocrx_word' id='word_1_733' title='bbox 1270 2105 1367 2145; x_wconf 77' lang='lat' dir='ltr'>aperte</span> <span class='ocrx_word' id='word_1_734' title='bbox 1378 2104 1472 2135; x_wconf 89' lang='lat' dir='ltr'>hostis</span> <span class='ocrx_word' id='word_1_735' title='bbox 1485 2103 1566 2139; x_wconf 73' lang='lat' dir='ltr'>ester,</span> <span class='ocrx_word' id='word_1_736' title='bbox 1578 2107 1714 2135; x_wconf 86' lang='lat' dir='ltr'>incautus</span> <span class='ocrx_word' id='word_1_737' title='bbox 1726 2115 1732 2134; x_wconf 86' lang='grc'>;</span> <span class='ocrx_word' id='word_1_738' title='bbox 1744 2104 1765 2134; x_wconf 87' lang='lat' dir='ltr'>fi</span> <span class='ocrx_word' id='word_1_739' title='bbox 1775 2114 1807 2134; x_wconf 91' lang='lat' dir='ltr'>ut</span> <span class='ocrx_word' id='word_1_740' title='bbox 1819 2103 1855 2134; x_wconf 90' lang='lat' dir='ltr'>ab</span> <span class='ocrx_word' id='word_1_741' title='bbox 1867 2114 1914 2137; x_wconf 89' lang='lat' dir='ltr'>eo,</span> <span class='ocrx_word' id='word_1_742' title='bbox 1927 2105 1980 2143; x_wconf 90' lang='lat' dir='ltr'>qui</span> <span class='ocrx_word' id='word_1_743' title='bbox 1988 2104 2062 2132; x_wconf 84' lang='lat' dir='ltr'>civis</span> <span class='ocrx_word' id='word_1_744' title='bbox 2072 2102 2163 2131; x_wconf 90' lang='lat' dir='ltr'>etiam</span> 
     </span>
     <span class='ocr_line' id='line_1_92' title="bbox 1206 2143 2167 2187; baseline -0.005 -11"><span class='ocrx_word' id='word_1_745' title='bbox 1206 2156 1273 2177; x_wconf 90' lang='lat' dir='ltr'>tum</span> <span class='ocrx_word' id='word_1_746' title='bbox 1288 2147 1418 2187; x_wconf 89' lang='lat' dir='ltr'>speciem</span> <span class='ocrx_word' id='word_1_747' title='bbox 1428 2147 1547 2177; x_wconf 90' lang='lat' dir='ltr'>haberet</span> <span class='ocrx_word' id='word_1_748' title='bbox 1557 2167 1565 2181; x_wconf 90' lang='lat'>‚</span> <span class='ocrx_word' id='word_1_749' title='bbox 1578 2147 1676 2177; x_wconf 88' lang='lat' dir='ltr'>miser.</span> <span class='ocrx_word' id='word_1_750' title='bbox 1700 2149 1747 2177; x_wconf 89' lang='lat' dir='ltr'>Ex</span> <span class='ocrx_word' id='word_1_751' title='bbox 1757 2156 1818 2187; x_wconf 90' lang='lat' dir='ltr'>quo</span> <span class='ocrx_word' id='word_1_752' title='bbox 1831 2146 1980 2175; x_wconf 86' lang='lat' dir='ltr'>nimirum</span> <span class='ocrx_word' id='word_1_753' title='bbox 1999 2143 2167 2173; x_wconf 90' lang='lat' dir='ltr'>documen·</span> 
     </span>
     <span class='ocr_line' id='line_1_93' title="bbox 1208 2184 2168 2230; baseline -0.005 -12"><span class='ocrx_word' id='word_1_754' title='bbox 1208 2198 1274 2219; x_wconf 91' lang='lat' dir='ltr'>turn</span> <span class='ocrx_word' id='word_1_755' title='bbox 1286 2199 1342 2218; x_wconf 91' lang='lat' dir='ltr'>nos</span> <span class='ocrx_word' id='word_1_756' title='bbox 1351 2199 1452 2228; x_wconf 87' lang='lat' dir='ltr'>capere</span> <span class='ocrx_word' id='word_1_757' title='bbox 1461 2189 1583 2219; x_wconf 79' lang='lat' dir='ltr'>fortuna</span> <span class='ocrx_word' id='word_1_758' title='bbox 1593 2189 1703 2222; x_wconf 89' lang='lat' dir='ltr'>voluit,</span> <span class='ocrx_word' id='word_1_759' title='bbox 1712 2188 1785 2230; x_wconf 89' lang='lat' dir='ltr'>quid</span> <span class='ocrx_word' id='word_1_760' title='bbox 1796 2185 1868 2218; x_wconf 87' lang='lat' dir='ltr'>effet</span> <span class='ocrx_word' id='word_1_761' title='bbox 1877 2185 1958 2215; x_wconf 62' lang='lat' dir='ltr'>vistis</span> <span class='ocrx_word' id='word_1_762' title='bbox 1966 2184 2168 2216; x_wconf 80' lang='lat' dir='ltr'>eXtimescen-</span> 
     </span>
     <span class='ocr_line' id='line_1_94' title="bbox 1208 2227 2169 2266; baseline -0.006 -6"><span class='ocrx_word' id='word_1_763' title='bbox 1208 2231 1293 2260; x_wconf 91' lang='lat' dir='ltr'>dum.</span> <span class='ocrx_word' id='word_1_764' title='bbox 1316 2230 1512 2261; x_wconf 84' lang='lat' dir='ltr'>Consularem</span> <span class='ocrx_word' id='word_1_765' title='bbox 1532 2232 1694 2260; x_wconf 86' lang='lat' dir='ltr'>hominem</span> <span class='ocrx_word' id='word_1_766' title='bbox 1704 2251 1713 2264; x_wconf 92' lang='lat'>‚</span> <span class='ocrx_word' id='word_1_767' title='bbox 1731 2229 1879 2260; x_wconf 90' lang='lat' dir='ltr'>consulari</span> <span class='ocrx_word' id='word_1_768' title='bbox 1897 2228 2025 2266; x_wconf 86' lang='lat' dir='ltr'>imperio</span> <span class='ocrx_word' id='word_1_769' title='bbox 2042 2227 2169 2266; x_wconf 87' lang='lat' dir='ltr'>provin-</span> 
     </span>
     <span class='ocr_line' id='line_1_95' title="bbox 1208 2267 2170 2306; baseline -0.008 -3"><span class='ocrx_word' id='word_1_770' title='bbox 1208 2283 1285 2303; x_wconf 81' lang='lat' dir='ltr'>ciam</span> <span class='ocrx_word' id='word_1_771' title='bbox 1297 2271 1395 2302; x_wconf 78' lang='lat' dir='ltr'>Asiam</span> <span class='ocrx_word' id='word_1_772' title='bbox 1406 2272 1612 2306; x_wconf 87' lang='lat' dir='ltr'>obtinentem,</span> <span class='ocrx_word' id='word_1_773' title='bbox 1634 2275 1647 2300; x_wconf 86' lang='lat'>3</span> <span class='ocrx_word' id='word_1_774' title='bbox 1659 2273 1803 2302; x_wconf 88' lang='lat' dir='ltr'>Samiario</span> <span class='ocrx_word' id='word_1_775' title='bbox 1812 2269 1910 2299; x_wconf 85' lang='lat' dir='ltr'>exsuli</span> <span class='ocrx_word' id='word_1_776' title='bbox 1926 2267 2063 2298; x_wconf 87' lang='lat' dir='ltr'>tradidit:</span> <span class='ocrx_word' id='word_1_777' title='bbox 2076 2269 2170 2296; x_wconf 87' lang='lat' dir='ltr'>inter-</span> 
     </span>
     <span class='ocr_line' id='line_1_96' title="bbox 1211 2308 2170 2353; baseline -0.006 -9"><span class='ocrx_word' id='word_1_778' title='bbox 1211 2313 1297 2344; x_wconf 84' lang='lat' dir='ltr'>ficere</span> <span class='ocrx_word' id='word_1_779' title='bbox 1308 2323 1429 2353; x_wconf 85' lang='lat' dir='ltr'>captum</span> <span class='ocrx_word' id='word_1_780' title='bbox 1439 2313 1538 2343; x_wconf 86' lang='lat' dir='ltr'>statim</span> <span class='ocrx_word' id='word_1_781' title='bbox 1550 2314 1651 2343; x_wconf 89' lang='lat' dir='ltr'>noluit</span> <span class='ocrx_word' id='word_1_782' title='bbox 1661 2332 1670 2345; x_wconf 88' lang='lat'>‚</span> <span class='ocrx_word' id='word_1_783' title='bbox 1690 2322 1728 2342; x_wconf 89' lang='lat' dir='ltr'>ne</span> <span class='ocrx_word' id='word_1_784' title='bbox 1740 2313 1834 2341; x_wconf 90' lang='lat' dir='ltr'>nimis</span> <span class='ocrx_word' id='word_1_785' title='bbox 1845 2330 1854 2343; x_wconf 87' lang='lat'>‚</span> <span class='ocrx_word' id='word_1_786' title='bbox 1874 2309 1963 2339; x_wconf 88' lang='lat' dir='ltr'>credo</span> <span class='ocrx_word' id='word_1_787' title='bbox 1976 2329 1984 2341; x_wconf 85' lang='lat'>,</span> <span class='ocrx_word' id='word_1_788' title='bbox 2000 2311 2032 2339; x_wconf 91' lang='lat' dir='ltr'>in</span> <span class='ocrx_word' id='word_1_789' title='bbox 2044 2308 2170 2339; x_wconf 61' lang='lat' dir='ltr'>victoria</span> 
     </span>
     <span class='ocr_line' id='line_1_97' title="bbox 1210 2351 2170 2390; baseline -0.005 -6"><span class='ocrx_word' id='word_1_790' title='bbox 1210 2355 1341 2385; x_wconf 86' lang='lat' dir='ltr'>liberalis</span> <span class='ocrx_word' id='word_1_791' title='bbox 1353 2355 1510 2384; x_wconf 85' lang='lat' dir='ltr'>videretur.</span> <span class='ocrx_word' id='word_1_792' title='bbox 1532 2364 1603 2384; x_wconf 90' lang='lat' dir='ltr'>cum</span> <span class='ocrx_word' id='word_1_793' title='bbox 1621 2353 1783 2382; x_wconf 84' lang='lat' dir='ltr'>verborum</span> <span class='ocrx_word' id='word_1_794' title='bbox 1801 2351 1997 2381; x_wconf 87' lang='lat' dir='ltr'>contumeliis</span> <span class='ocrx_word' id='word_1_795' title='bbox 2016 2352 2170 2390; x_wconf 86' lang='lat' dir='ltr'>optimum</span> 
     </span>
     <span class='ocr_line' id='line_1_98' title="bbox 1211 2393 2171 2427; baseline -0.003 -3"><span class='ocrx_word' id='word_1_796' title='bbox 1211 2398 1310 2425; x_wconf 86' lang='lat' dir='ltr'>virum</span> <span class='ocrx_word' id='word_1_797' title='bbox 1322 2394 1437 2424; x_wconf 84' lang='lat' dir='ltr'>incesto</span> <span class='ocrx_word' id='word_1_798' title='bbox 1447 2405 1499 2424; x_wconf 90' lang='lat' dir='ltr'>ore</span> <span class='ocrx_word' id='word_1_799' title='bbox 1508 2393 1653 2425; x_wconf 78' lang='lat' dir='ltr'>lacerasset</span> <span class='ocrx_word' id='word_1_800' title='bbox 1662 2415 1670 2427; x_wconf 94' lang='lat'>‚</span> <span class='ocrx_word' id='word_1_801' title='bbox 1684 2403 1748 2423; x_wconf 89' lang='lat' dir='ltr'>tum</span> <span class='ocrx_word' id='word_1_802' title='bbox 1760 2393 1934 2423; x_wconf 86' lang='lat' dir='ltr'>verberibus</span> <span class='ocrx_word' id='word_1_803' title='bbox 1944 2413 1953 2425; x_wconf 70' lang='lat'>‚</span> <span class='ocrx_word' id='word_1_804' title='bbox 1965 2402 1997 2422; x_wconf 90' lang='lat' dir='ltr'>ac</span> <span class='ocrx_word' id='word_1_805' title='bbox 2008 2393 2171 2422; x_wconf 81' lang='lat' dir='ltr'>tormentis</span> 
     </span>
     <span class='ocr_line' id='line_1_99' title="bbox 1211 2434 2172 2477; baseline -0.004 -11"><span class='ocrx_word' id='word_1_806' title='bbox 1211 2436 1409 2477; x_wconf 86' lang='lat' dir='ltr'>quaestionem</span> <span class='ocrx_word' id='word_1_807' title='bbox 1430 2436 1535 2466; x_wconf 88' lang='lat' dir='ltr'>habuit</span> <span class='ocrx_word' id='word_1_808' title='bbox 1547 2438 1682 2476; x_wconf 83' lang='lat' dir='ltr'>pecuniae</span> <span class='ocrx_word' id='word_1_809' title='bbox 1700 2435 1827 2476; x_wconf 78' lang='lat' dir='ltr'>publica:</span> <span class='ocrx_word' id='word_1_810' title='bbox 1838 2454 1846 2468; x_wconf 90' lang='lat'>,</span> <span class='ocrx_word' id='word_1_811' title='bbox 1869 2434 1958 2475; x_wconf 88' lang='lat' dir='ltr'>idque</span> <span class='ocrx_word' id='word_1_812' title='bbox 1972 2444 2022 2474; x_wconf 89' lang='lat' dir='ltr'>per</span> <span class='ocrx_word' id='word_1_813' title='bbox 2032 2434 2172 2463; x_wconf 90' lang='lat' dir='ltr'>biduum.</span> 
     </span>
     <span class='ocr_line' id='line_1_100' title="bbox 1213 2474 2175 2518; baseline 0 -13"><span class='ocrx_word' id='word_1_814' title='bbox 1213 2478 1304 2518; x_wconf 84' lang='lat' dir='ltr'>4post</span> <span class='ocrx_word' id='word_1_815' title='bbox 1313 2478 1478 2507; x_wconf 86' lang='lat' dir='ltr'>cervicibus</span> <span class='ocrx_word' id='word_1_816' title='bbox 1487 2487 1575 2517; x_wconf 87' lang='lat' dir='ltr'>caput</span> <span class='ocrx_word' id='word_1_817' title='bbox 1589 2477 1730 2510; x_wconf 84' lang='lat' dir='ltr'>abscidit,</span> <span class='ocrx_word' id='word_1_818' title='bbox 1754 2481 1767 2504; x_wconf 84' lang='lat'><em>5</em></span> <span class='ocrx_word' id='word_1_819' title='bbox 1779 2477 1868 2517; x_wconf 84' lang='lat' dir='ltr'>idque</span> <span class='ocrx_word' id='word_1_820' title='bbox 1880 2475 1976 2506; x_wconf 79' lang='lat' dir='ltr'>fixum</span> <span class='ocrx_word' id='word_1_821' title='bbox 1991 2475 2094 2516; x_wconf 82' lang='lat' dir='ltr'>gestari</span> <span class='ocrx_word' id='word_1_822' title='bbox 2108 2474 2175 2515; x_wconf 87' lang='lat' dir='ltr'>jus-</span> 
     </span>
     <span class='ocr_line' id='line_1_101' title="bbox 1216 2516 2175 2560; baseline -0.002 -11"><span class='ocrx_word' id='word_1_823' title='bbox 1216 2519 1292 2549; x_wconf 89' lang='lat' dir='ltr'>sitin</span> <span class='ocrx_word' id='word_1_824' title='bbox 1303 2520 1366 2559; x_wconf 87' lang='lat' dir='ltr'>pilo</span> <span class='ocrx_word' id='word_1_825' title='bbox 1379 2529 1384 2547; x_wconf 87' lang='lat'>:</span> <span class='ocrx_word' id='word_1_826' title='bbox 1407 2520 1559 2560; x_wconf 88' lang='lat' dir='ltr'>reliquum</span> <span class='ocrx_word' id='word_1_827' title='bbox 1570 2529 1677 2559; x_wconf 80' lang='lat' dir='ltr'>corpus</span> <span class='ocrx_word' id='word_1_828' title='bbox 1688 2518 1826 2552; x_wconf 68' lang='lat' dir='ltr'>t1·a6tum‚</span> <span class='ocrx_word' id='word_1_829' title='bbox 1838 2517 1853 2538; x_wconf 83' lang='lat'><strong><em>⁶</em></strong></span> <span class='ocrx_word' id='word_1_830' title='bbox 1862 2527 1948 2559; x_wconf 88' lang='lat' dir='ltr'>atque</span> <span class='ocrx_word' id='word_1_831' title='bbox 1960 2518 2106 2548; x_wconf 81' lang='lat' dir='ltr'>laniatum</span> <span class='ocrx_word' id='word_1_832' title='bbox 2117 2516 2175 2547; x_wconf 88' lang='lat' dir='ltr'>ab-</span> 
     </span>
     <span class='ocr_line' id='line_1_102' title="bbox 1215 2559 2174 2601; baseline -0.003 -10"><span class='ocrx_word' id='word_1_833' title='bbox 1215 2563 1289 2601; x_wconf 87' lang='lat' dir='ltr'>jecit</span> <span class='ocrx_word' id='word_1_834' title='bbox 1302 2564 1334 2590; x_wconf 86' lang='lat' dir='ltr'>in</span> <span class='ocrx_word' id='word_1_835' title='bbox 1346 2570 1436 2590; x_wconf 86' lang='lat' dir='ltr'>mare.</span> <span class='ocrx_word' id='word_1_836' title='bbox 1459 2566 1474 2590; x_wconf 92' lang='grc'><strong><em>7</em></strong></span> <span class='ocrx_word' id='word_1_837' title='bbox 1486 2563 1568 2591; x_wconf 90' lang='lat' dir='ltr'>Cum</span> <span class='ocrx_word' id='word_1_838' title='bbox 1580 2562 1636 2591; x_wconf 87' lang='lat' dir='ltr'>hoc</span> <span class='ocrx_word' id='word_1_839' title='bbox 1646 2561 1820 2591; x_wconf 88' lang='lat' dir='ltr'>bellandum</span> <span class='ocrx_word' id='word_1_840' title='bbox 1832 2559 1915 2590; x_wconf 83' lang='lat' dir='ltr'>hoste</span> <span class='ocrx_word' id='word_1_841' title='bbox 1925 2559 1969 2590; x_wconf 87' lang='lat' dir='ltr'>est</span> <span class='ocrx_word' id='word_1_842' title='bbox 1979 2571 1988 2593; x_wconf 71' lang='lat'>5</span> <span class='ocrx_word' id='word_1_843' title='bbox 1999 2559 2014 2589; x_wconf 74' lang='lat' dir='ltr'>a</span> <span class='ocrx_word' id='word_1_844' title='bbox 2026 2560 2111 2596; x_wconf 83' lang='lat' dir='ltr'>cujus</span> <span class='ocrx_word' id='word_1_845' title='bbox 2122 2567 2174 2588; x_wconf 86' lang='lat' dir='ltr'>tae·</span> 
     </span>
     <span class='ocr_line' id='line_1_103' title="bbox 1218 2597 2176 2642; baseline -0.004 -9"><span class='ocrx_word' id='word_1_846' title='bbox 1218 2606 1340 2633; x_wconf 85' lang='lat' dir='ltr'>terrima</span> <span class='ocrx_word' id='word_1_847' title='bbox 1356 2602 1527 2633; x_wconf 88' lang='lat' dir='ltr'>crudelitate</span> <span class='ocrx_word' id='word_1_848' title='bbox 1542 2605 1645 2633; x_wconf 91' lang='lat' dir='ltr'>omnis</span> <span class='ocrx_word' id='word_1_849' title='bbox 1663 2602 1792 2633; x_wconf 89' lang='lat' dir='ltr'>barbaria</span> <span class='ocrx_word' id='word_1_850' title='bbox 1808 2602 1939 2642; x_wconf 88' lang='lat' dir='ltr'>superata</span> <span class='ocrx_word' id='word_1_851' title='bbox 1956 2600 2008 2631; x_wconf 88' lang='lat' dir='ltr'>est.</span> <span class='ocrx_word' id='word_1_852' title='bbox 2031 2597 2112 2639; x_wconf 85' lang='lat' dir='ltr'>Quid</span> <span class='ocrx_word' id='word_1_853' title='bbox 2127 2601 2176 2630; x_wconf 91' lang='lat' dir='ltr'>lo-</span> 
     </span>
    </p>
   </div>
   <div class='ocr_carea' id='block_1_20' title="bbox 1179 1602 1199 2696">
    <p class='ocr_par' dir='ltr' id='par_1_20' title="bbox 1179 1602 1199 2696">
     <span class='ocr_line' id='line_1_104' title="bbox 1179 1602 1199 2696; baseline 0 0"><span class='ocrx_word' id='word_1_854' title='bbox 1179 1602 1199 2696; x_wconf 95' lang='lat' dir='ltr'> </span> 
     </span>
    </p>
   </div>
   <div class='ocr_carea' id='block_1_21' title="bbox 1219 2641 2179 2799">
    <p class='ocr_par' dir='ltr' id='par_1_21' title="bbox 1219 2641 2179 2769">
     <span class='ocr_line' id='line_1_105' title="bbox 1219 2641 2179 2686; baseline -0.003 -12"><span class='ocrx_word' id='word_1_855' title='bbox 1219 2655 1291 2686; x_wconf 88' lang='lat' dir='ltr'>quar</span> <span class='ocrx_word' id='word_1_856' title='bbox 1313 2644 1350 2674; x_wconf 88' lang='lat' dir='ltr'>de</span> <span class='ocrx_word' id='word_1_857' title='bbox 1367 2644 1446 2674; x_wconf 86' lang='lat' dir='ltr'>caede</span> <span class='ocrx_word' id='word_1_858' title='bbox 1464 2647 1580 2675; x_wconf 86' lang='lat' dir='ltr'>civium</span> <span class='ocrx_word' id='word_1_859' title='bbox 1596 2647 1831 2676; x_wconf 82' lang='lat' dir='ltr'>Romanorum?</span> <span class='ocrx_word' id='word_1_860' title='bbox 1854 2644 1890 2674; x_wconf 89' lang='lat' dir='ltr'>de</span> <span class='ocrx_word' id='word_1_861' title='bbox 1907 2644 2075 2683; x_wconf 86' lang='lat' dir='ltr'>direptione</span> <span class='ocrx_word' id='word_1_862' title='bbox 2090 2641 2179 2672; x_wconf 82' lang='lat' dir='ltr'>fano-</span> 
     </span>
     <span class='ocr_line' id='line_1_106' title="bbox 1222 2685 2179 2727; baseline -0.005 -10"><span class='ocrx_word' id='word_1_863' title='bbox 1222 2689 1314 2717; x_wconf 84' lang='lat' dir='ltr'>rum?</span> <span class='ocrx_word' id='word_1_864' title='bbox 1336 2688 1404 2727; x_wconf 86' lang='lat' dir='ltr'>quis</span> <span class='ocrx_word' id='word_1_865' title='bbox 1414 2685 1476 2719; x_wconf 83' lang='lat' dir='ltr'>est,</span> <span class='ocrx_word' id='word_1_866' title='bbox 1495 2689 1546 2727; x_wconf 90' lang='lat' dir='ltr'>qui</span> <span class='ocrx_word' id='word_1_867' title='bbox 1565 2696 1620 2726; x_wconf 91' lang='lat' dir='ltr'>pro</span> <span class='ocrx_word' id='word_1_868' title='bbox 1637 2696 1737 2716; x_wconf 81' lang='lat' dir='ltr'>rerum</span> <span class='ocrx_word' id='word_1_869' title='bbox 1756 2688 1905 2716; x_wconf 87' lang='lat' dir='ltr'>atrocitate</span> <span class='ocrx_word' id='word_1_870' title='bbox 1925 2685 2076 2724; x_wconf 84' lang='lat' dir='ltr'>deplorare</span> <span class='ocrx_word' id='word_1_871' title='bbox 2086 2691 2179 2713; x_wconf 86' lang='lat' dir='ltr'>tantas</span> 
     </span>
     <span class='ocr_line' id='line_1_107' title="bbox 1222 2726 2179 2769; baseline -0.006 -10"><span class='ocrx_word' id='word_1_872' title='bbox 1222 2730 1405 2759; x_wconf 87' lang='lat' dir='ltr'>calamitates</span> <span class='ocrx_word' id='word_1_873' title='bbox 1422 2732 1531 2769; x_wconf 75' lang='lat' dir='ltr'>queat?</span> <span class='ocrx_word' id='word_1_874' title='bbox 1556 2730 1590 2759; x_wconf 89' lang='lat'>&amp;</span> <span class='ocrx_word' id='word_1_875' title='bbox 1606 2737 1688 2759; x_wconf 90' lang='lat' dir='ltr'>nunc</span> <span class='ocrx_word' id='word_1_876' title='bbox 1706 2737 1767 2758; x_wconf 88' lang='lat' dir='ltr'>tota</span> <span class='ocrx_word' id='word_1_877' title='bbox 1782 2726 1848 2758; x_wconf 84' lang='lat' dir='ltr'>Asia</span> <span class='ocrx_word' id='word_1_878' title='bbox 1868 2736 2006 2769; x_wconf 88' lang='lat' dir='ltr'>vagatur,</span> <span class='ocrx_word' id='word_1_879' title='bbox 2025 2726 2131 2756; x_wconf 84' lang='lat' dir='ltr'>volitat</span> <span class='ocrx_word' id='word_1_880' title='bbox 2147 2733 2179 2754; x_wconf 89' lang='lat' dir='ltr'>ut</span> 
     </span>
    </p>

    <p class='ocr_par' dir='ltr' id='par_1_22' title="bbox 2113 2775 2179 2799">
     <span class='ocr_line' id='line_1_108' title="bbox 2113 2775 2179 2799; baseline 0 -3"><span class='ocrx_word' id='word_1_881' title='bbox 2113 2775 2179 2799; x_wconf 66' lang='lat' dir='ltr'>rex,</span> 
     </span>
    </p>
   </div>
   <div class='ocr_carea' id='block_1_22' title="bbox 1167 2813 2179 2831">
    <p class='ocr_par' dir='ltr' id='par_1_23' title="bbox 1167 2813 2179 2831">
     <span class='ocr_line' id='line_1_109' title="bbox 1167 2813 2179 2831; baseline 0 0"><span class='ocrx_word' id='word_1_882' title='bbox 1167 2813 2179 2831; x_wconf 95' lang='lat' dir='ltr'> </span> 
     </span>
    </p>
   </div>
   <div class='ocr_carea' id='block_1_23' title="bbox 214 2838 1181 3166">
    <p class='ocr_par' dir='ltr' id='par_1_24' title="bbox 214 2838 1181 3166">
     <span class='ocr_line' id='line_1_110' title="bbox 220 2838 1173 2895; baseline -0.004 -27"><span class='ocrx_word' id='word_1_883' title='bbox 220 2852 229 2868; x_wconf 85' lang='lat' dir='ltr'>i</span> <span class='ocrx_word' id='word_1_884' title='bbox 240 2843 385 2895; x_wconf 71' lang='lat' dir='ltr'>,INAfiam</span> <span class='ocrx_word' id='word_1_885' title='bbox 394 2846 481 2876; x_wconf 67' lang='lat' dir='ltr'>irrupit</span> <span class='ocrx_word' id='word_1_886' title='bbox 491 2844 572 2876; x_wconf 78' lang='lat' dir='ltr'>cwfim</span> <span class='ocrx_word' id='word_1_887' title='bbox 584 2862 592 2873; x_wconf 82' lang='lat'>‚</span> <span class='ocrx_word' id='word_1_888' title='bbox 611 2845 650 2867; x_wconf 84' lang='lat' dir='ltr'>cui</span> <span class='ocrx_word' id='word_1_889' title='bbox 658 2846 683 2868; x_wconf 83' lang='lat' dir='ltr'>in</span> <span class='ocrx_word' id='word_1_890' title='bbox 692 2845 782 2875; x_wconf 65' lang='lat' dir='ltr'>Syriam</span> <span class='ocrx_word' id='word_1_891' title='bbox 793 2860 801 2871; x_wconf 83' lang='grc'>,</span> <span class='ocrx_word' id='word_1_892' title='bbox 820 2840 887 2874; x_wconf 62' lang='grc' dir='ltr'>εἴγε]</span> <span class='ocrx_word' id='word_1_893' title='bbox 912 2841 1019 2865; x_wconf 79' lang='lat' dir='ltr'>Manut.</span> <span class='ocrx_word' id='word_1_894' title='bbox 1035 2839 1061 2864; x_wconf 73' lang='lat' dir='ltr'>St</span> <span class='ocrx_word' id='word_1_895' title='bbox 1078 2838 1173 2864; x_wconf 77' lang='lat' dir='ltr'>Lamb.</span> 
     </span>
     <span class='ocr_line' id='line_1_111' title="bbox 277 2873 1172 2912; baseline -0.002 -10"><span class='ocrx_word' id='word_1_896' title='bbox 277 2882 374 2910; x_wconf 71' lang='lat' dir='ltr'>irrupit.</span> <span class='ocrx_word' id='word_1_897' title='bbox 386 2889 427 2904; x_wconf 83' lang='lat' dir='ltr'>cur</span> <span class='ocrx_word' id='word_1_898' title='bbox 435 2881 462 2911; x_wconf 80' lang='lat' dir='ltr'>fi,</span> <span class='ocrx_word' id='word_1_899' title='bbox 473 2887 499 2904; x_wconf 85' lang='lat' dir='ltr'>ut</span> <span class='ocrx_word' id='word_1_900' title='bbox 509 2882 534 2904; x_wconf 84' lang='lat' dir='ltr'>in</span> <span class='ocrx_word' id='word_1_901' title='bbox 543 2881 633 2912; x_wconf 59' lang='lat' dir='ltr'>§syriam</span> <span class='ocrx_word' id='word_1_902' title='bbox 645 2890 651 2904; x_wconf 86' lang='lat'><em>:</em></span> <span class='ocrx_word' id='word_1_903' title='bbox 664 2880 775 2910; x_wconf 73' lang='lat' dir='ltr'>patebat,</span> <span class='ocrx_word' id='word_1_904' title='bbox 785 2877 836 2907; x_wconf 50' lang='lat' dir='ltr'>&amp;ta</span> <span class='ocrx_word' id='word_1_905' title='bbox 858 2876 874 2902; x_wconf 81' lang='lat' dir='ltr'>si</span> <span class='ocrx_word' id='word_1_906' title='bbox 888 2885 921 2902; x_wconf 82' lang='lat' dir='ltr'>cx</span> <span class='ocrx_word' id='word_1_907' title='bbox 933 2875 990 2901; x_wconf 66' lang='lat' dir='ltr'>mss‘.</span> <span class='ocrx_word' id='word_1_908' title='bbox 1002 2873 1092 2901; x_wconf 82' lang='lat' dir='ltr'>laudo.</span> <span class='ocrx_word' id='word_1_909' title='bbox 1113 2883 1172 2901; x_wconf 83' lang='lat' dir='ltr'>nam</span> 
     </span>
     <span class='ocr_line' id='line_1_112' title="bbox 218 2910 1176 2948; baseline -0.005 -7"><span class='ocrx_word' id='word_1_910' title='bbox 218 2915 310 2941; x_wconf 65' lang='lat' dir='ltr'>nostroe</span> <span class='ocrx_word' id='word_1_911' title='bbox 330 2915 505 2945; x_wconf 61' lang='lat' dir='ltr'>membranae,</span> <span class='ocrx_word' id='word_1_912' title='bbox 527 2916 606 2948; x_wconf 74' lang='lat' dir='ltr'>cursim</span> <span class='ocrx_word' id='word_1_913' title='bbox 615 2918 651 2939; x_wconf 74' lang='lat' dir='ltr'>uti</span> <span class='ocrx_word' id='word_1_914' title='bbox 668 2918 694 2940; x_wconf 84' lang='lat' dir='ltr'>in</span> <span class='ocrx_word' id='word_1_915' title='bbox 703 2918 754 2948; x_wconf 76' lang='lat' dir='ltr'>Syr.</span> <span class='ocrx_word' id='word_1_916' title='bbox 767 2912 907 2940; x_wconf 75' lang='lat' dir='ltr'>videantur</span> <span class='ocrx_word' id='word_1_917' title='bbox 925 2913 953 2937; x_wconf 90' lang='lat'>&amp;</span> <span class='ocrx_word' id='word_1_918' title='bbox 973 2910 1176 2937; x_wconf 77' lang='lat' dir='ltr'>emendationes</span> 
     </span>
     <span class='ocr_line' id='line_1_113' title="bbox 220 2951 346 2977; baseline -0.016 0"><span class='ocrx_word' id='word_1_919' title='bbox 220 2951 346 2977; x_wconf 77' lang='lat' dir='ltr'>Ferrarii.</span> 
     </span>
     <span class='ocr_line' id='line_1_114' title="bbox 256 2982 1181 3020; baseline -0.005 -8"><span class='ocrx_word' id='word_1_920' title='bbox 256 2996 283 3012; x_wconf 66' lang='grc' dir='ltr'>ε..</span> <span class='ocrx_word' id='word_1_921' title='bbox 302 2986 367 3019; x_wconf 64' lang='lat' dir='ltr'>Qid</span> <span class='ocrx_word' id='word_1_922' title='bbox 382 2993 437 3017; x_wconf 69' lang='lat' dir='ltr'>epm</span> <span class='ocrx_word' id='word_1_923' title='bbox 450 2987 501 3018; x_wconf 75' lang='lat' dir='ltr'>snit</span> <span class='ocrx_word' id='word_1_924' title='bbox 519 2995 569 3010; x_wconf 75' lang='lat' dir='ltr'>rum</span> <span class='ocrx_word' id='word_1_925' title='bbox 587 2986 694 3019; x_wconf 52' lang='lat' dir='ltr'>legione]</span> <span class='ocrx_word' id='word_1_926' title='bbox 717 2984 863 3011; x_wconf 76' lang='lat' dir='ltr'>Lambinus</span> <span class='ocrx_word' id='word_1_927' title='bbox 877 2983 1035 3020; x_wconf 71' lang='lat' dir='ltr'>prtemittit:</span> <span class='ocrx_word' id='word_1_928' title='bbox 1053 2983 1091 3016; x_wconf 84' lang='lat' dir='ltr'>fin</span> <span class='ocrx_word' id='word_1_929' title='bbox 1109 2989 1138 3007; x_wconf 83' lang='lat' dir='ltr'>ut</span> <span class='ocrx_word' id='word_1_930' title='bbox 1147 2982 1181 3007; x_wconf 81' lang='lat' dir='ltr'>ad</span> 
     </span>
     <span class='ocr_line' id='line_1_115' title="bbox 217 3018 1179 3055; baseline -0.005 -7"><span class='ocrx_word' id='word_1_931' title='bbox 217 3024 362 3049; x_wconf 61' lang='lat' dir='ltr'>Trebonium</span> <span class='ocrx_word' id='word_1_932' title='bbox 373 3022 502 3055; x_wconf 43' lang='lat' dir='ltr'>quidum,</span> <span class='ocrx_word' id='word_1_933' title='bbox 513 3031 563 3051; x_wconf 58' lang='lat' dir='ltr'>cc.</span> <span class='ocrx_word' id='word_1_934' title='bbox 576 3021 616 3047; x_wconf 75' lang='lat' dir='ltr'>sed</span> <span class='ocrx_word' id='word_1_935' title='bbox 629 3022 681 3047; x_wconf 73' lang='lat' dir='ltr'>mle</span> <span class='ocrx_word' id='word_1_936' title='bbox 693 3021 758 3047; x_wconf 81' lang='lat' dir='ltr'>nihil</span> <span class='ocrx_word' id='word_1_937' title='bbox 770 3021 919 3051; x_wconf 74' lang='lat' dir='ltr'>Manutius,</span> <span class='ocrx_word' id='word_1_938' title='bbox 930 3027 975 3045; x_wconf 78' lang='lat' dir='ltr'>aut</span> <span class='ocrx_word' id='word_1_939' title='bbox 986 3018 1074 3055; x_wconf 83' lang='lat' dir='ltr'>scripti</span> <span class='ocrx_word' id='word_1_940' title='bbox 1087 3018 1179 3044; x_wconf 77' lang='lat' dir='ltr'>nostri.</span> 
     </span>
     <span class='ocr_line' id='line_1_116' title="bbox 255 3056 1180 3093; baseline -0.006 -8"><span class='ocrx_word' id='word_1_941' title='bbox 255 3067 281 3093; x_wconf 83' lang='lat'>3.</span> <span class='ocrx_word' id='word_1_942' title='bbox 300 3060 418 3083; x_wconf 80' lang='lat' dir='ltr'>Samiario</span> <span class='ocrx_word' id='word_1_943' title='bbox 430 3058 518 3091; x_wconf 76' lang='lat' dir='ltr'>cxuli.]</span> <span class='ocrx_word' id='word_1_944' title='bbox 540 3059 631 3092; x_wconf 68' lang='lat' dir='ltr'>ltaque</span> <span class='ocrx_word' id='word_1_945' title='bbox 643 3066 747 3092; x_wconf 79' lang='lat' dir='ltr'>quoque</span> <span class='ocrx_word' id='word_1_946' title='bbox 768 3056 825 3082; x_wconf 59' lang='lat' dir='ltr'>Pii.</span> <span class='ocrx_word' id='word_1_947' title='bbox 838 3056 887 3082; x_wconf 77' lang='lat' dir='ltr'>see.</span> <span class='ocrx_word' id='word_1_948' title='bbox 906 3056 951 3081; x_wconf 77' lang='lat' dir='ltr'>alii</span> <span class='ocrx_word' id='word_1_949' title='bbox 971 3063 1058 3081; x_wconf 79' lang='lat' dir='ltr'>tamen</span> <span class='ocrx_word' id='word_1_950' title='bbox 1070 3062 1123 3080; x_wconf 79' lang='lat' dir='ltr'>tres</span> <span class='ocrx_word' id='word_1_951' title='bbox 1133 3058 1180 3082; x_wconf 75' lang='lat' dir='ltr'>Sa-</span> 
     </span>
     <span class='ocr_line' id='line_1_117' title="bbox 216 3091 1178 3129; baseline -0.003 -10"><span class='ocrx_word' id='word_1_952' title='bbox 216 3098 290 3121; x_wconf 67' lang='lat' dir='ltr'>mium</span> <span class='ocrx_word' id='word_1_953' title='bbox 301 3095 337 3120; x_wconf 83' lang='lat' dir='ltr'>uti</span> <span class='ocrx_word' id='word_1_954' title='bbox 351 3093 513 3129; x_wconf 63' lang='lat' dir='ltr'>publicatum</span> <span class='ocrx_word' id='word_1_955' title='bbox 526 3092 612 3118; x_wconf 76' lang='lat' dir='ltr'>suerat</span> <span class='ocrx_word' id='word_1_956' title='bbox 626 3094 709 3128; x_wconf 74' lang='lat' dir='ltr'>prius.</span> <span class='ocrx_word' id='word_1_957' title='bbox 722 3093 800 3120; x_wconf 77' lang='lat' dir='ltr'>restat</span> <span class='ocrx_word' id='word_1_958' title='bbox 814 3100 902 3119; x_wconf 86' lang='lat' dir='ltr'>tamen</span> <span class='ocrx_word' id='word_1_959' title='bbox 917 3091 1046 3123; x_wconf 81' lang='lat' dir='ltr'>nostruin,</span> <span class='ocrx_word' id='word_1_960' title='bbox 1059 3091 1140 3117; x_wconf 66' lang='lat' dir='ltr'>etiam</span> <span class='ocrx_word' id='word_1_961' title='bbox 1153 3091 1178 3116; x_wconf 92' lang='lat' dir='ltr'>in</span> 
     </span>
     <span class='ocr_line' id='line_1_118' title="bbox 214 3129 623 3166; baseline -0.007 -10"><span class='ocrx_word' id='word_1_962' title='bbox 214 3131 401 3166; x_wconf 66' lang='lat' dir='ltr'>liittorpiano,</span> <span class='ocrx_word' id='word_1_963' title='bbox 414 3131 428 3155; x_wconf 71' lang='lat'>:⁴1</span> <span class='ocrx_word' id='word_1_964' title='bbox 440 3138 515 3155; x_wconf 76' lang='lat' dir='ltr'>manu</span> <span class='ocrx_word' id='word_1_965' title='bbox 530 3129 623 3164; x_wconf 80' lang='lat' dir='ltr'>prima.</span> 
     </span>
    </p>
   </div>
   <div class='ocr_carea' id='block_1_24' title="bbox 250 3161 1182 3200">
    <p class='ocr_par' dir='ltr' id='par_1_25' title="bbox 250 3161 1182 3200">
     <span class='ocr_line' id='line_1_119' title="bbox 250 3161 1182 3200; baseline -0.005 -8"><span class='ocrx_word' id='word_1_966' title='bbox 250 3174 279 3199; x_wconf 82' lang='lat'>4.</span> <span class='ocrx_word' id='word_1_967' title='bbox 299 3165 379 3193; x_wconf 62' lang='lat' dir='ltr'>Poffzi</span> <span class='ocrx_word' id='word_1_968' title='bbox 399 3166 535 3192; x_wconf 63' lang='lat' dir='ltr'>cervicibus·</span> <span class='ocrx_word' id='word_1_969' title='bbox 553 3171 624 3198; x_wconf 84' lang='lat' dir='ltr'>caput</span> <span class='ocrx_word' id='word_1_970' title='bbox 636 3164 764 3198; x_wconf 67' lang='lat' dir='ltr'>abscidit]</span> <span class='ocrx_word' id='word_1_971' title='bbox 786 3163 880 3200; x_wconf 73' lang='lat' dir='ltr'>Scripsi</span> <span class='ocrx_word' id='word_1_972' title='bbox 898 3163 966 3191; x_wconf 82' lang='lat' dir='ltr'>istud</span> <span class='ocrx_word' id='word_1_973' title='bbox 985 3162 1055 3190; x_wconf 74' lang='lat' dir='ltr'>suasu</span> <span class='ocrx_word' id='word_1_974' title='bbox 1068 3161 1182 3191; x_wconf 73' lang='lat' dir='ltr'>Palatini</span> 
     </span>
    </p>
   </div>
   <div class='ocr_carea' id='block_1_25' title="bbox 1216 2831 2183 3224">
    <p class='ocr_par' dir='ltr' id='par_1_26' title="bbox 1216 2831 2179 2908">
     <span class='ocr_line' id='line_1_120' title="bbox 1216 2831 2179 2868; baseline -0.007 -4"><span class='ocrx_word' id='word_1_975' title='bbox 1216 2837 1266 2864; x_wconf 86' lang='lat' dir='ltr'>see.</span> <span class='ocrx_word' id='word_1_976' title='bbox 1277 2846 1336 2864; x_wconf 80' lang='lat' dir='ltr'>nam</span> <span class='ocrx_word' id='word_1_977' title='bbox 1348 2837 1430 2863; x_wconf 84' lang='lat' dir='ltr'>ceteri</span> <span class='ocrx_word' id='word_1_978' title='bbox 1441 2844 1494 2862; x_wconf 86' lang='lat' dir='ltr'>tres</span> <span class='ocrx_word' id='word_1_979' title='bbox 1500 2837 1553 2868; x_wconf 54' lang='lat' dir='ltr'>por}</span> <span class='ocrx_word' id='word_1_980' title='bbox 1561 2841 1640 2859; x_wconf 77' lang='lat' dir='ltr'>aurem</span> <span class='ocrx_word' id='word_1_981' title='bbox 1649 2843 1714 2860; x_wconf 72' lang='lat' dir='ltr'>cerv.</span> <span class='ocrx_word' id='word_1_982' title='bbox 1736 2834 1873 2859; x_wconf 83' lang='lat' dir='ltr'>Manutius</span> <span class='ocrx_word' id='word_1_983' title='bbox 1885 2834 1913 2858; x_wconf 68' lang='grc' dir='ltr'>ὃ(</span> <span class='ocrx_word' id='word_1_984' title='bbox 1925 2831 2090 2865; x_wconf 52' lang='lat' dir='ltr'>Lamnpffl,</span> <span class='ocrx_word' id='word_1_985' title='bbox 2100 2834 2179 2857; x_wconf 69' lang='lat' dir='ltr'>cer-ri-</span> 
     </span>
     <span class='ocr_line' id='line_1_121' title="bbox 1218 2869 1777 2908; baseline -0.009 -9"><span class='ocrx_word' id='word_1_986' title='bbox 1218 2873 1387 2908; x_wconf 66' lang='lat' dir='ltr'>cibmfiaflbs‚</span> <span class='ocrx_word' id='word_1_987' title='bbox 1399 2879 1470 2905; x_wconf 75' lang='lat' dir='ltr'>caput</span> <span class='ocrx_word' id='word_1_988' title='bbox 1479 2872 1543 2904; x_wconf 68' lang='lat' dir='ltr'>abst.</span> <span class='ocrx_word' id='word_1_989' title='bbox 1555 2869 1641 2896; x_wconf 73' lang='lat' dir='ltr'>nescio</span> <span class='ocrx_word' id='word_1_990' title='bbox 1651 2879 1681 2895; x_wconf 77' lang='lat' dir='ltr'>nn</span> <span class='ocrx_word' id='word_1_991' title='bbox 1694 2872 1707 2895; x_wconf 67' lang='grc' dir='ltr'><strong>ὲ</strong></span> <span class='ocrx_word' id='word_1_992' title='bbox 1719 2879 1742 2894; x_wconf 83' lang='lat' dir='ltr'>m</span> <span class='ocrx_word' id='word_1_993' title='bbox 1749 2869 1777 2895; x_wconf 84' lang='lat' dir='ltr'>ff.</span> 
     </span>
    </p>

    <p class='ocr_par' dir='ltr' id='par_1_27' title="bbox 1222 2903 2179 2973">
     <span class='ocr_line' id='line_1_122' title="bbox 1258 2903 2179 2943; baseline -0.003 -9"><span class='ocrx_word' id='word_1_994' title='bbox 1258 2919 1283 2943; x_wconf 87' lang='lat'>5.</span> <span class='ocrx_word' id='word_1_995' title='bbox 1304 2909 1375 2943; x_wconf 60' lang='lat' dir='ltr'>quue</span> <span class='ocrx_word' id='word_1_996' title='bbox 1387 2908 1492 2942; x_wconf 60' lang='lat' dir='ltr'>fixum]</span> <span class='ocrx_word' id='word_1_997' title='bbox 1515 2905 1637 2932; x_wconf 83' lang='lat' dir='ltr'>Editores</span> <span class='ocrx_word' id='word_1_998' title='bbox 1649 2904 1728 2932; x_wconf 82' lang='lat' dir='ltr'>iidem</span> <span class='ocrx_word' id='word_1_999' title='bbox 1741 2906 1836 2938; x_wconf 79' lang='lat' dir='ltr'>affixum</span> <span class='ocrx_word' id='word_1_1000' title='bbox 1847 2924 1856 2937; x_wconf 90' lang='lat'>‚</span> <span class='ocrx_word' id='word_1_1001' title='bbox 1875 2903 1917 2930; x_wconf 84' lang='lat' dir='ltr'>sed</span> <span class='ocrx_word' id='word_1_1002' title='bbox 1928 2911 2023 2940; x_wconf 64' lang='lat' dir='ltr'>pioetci·</span> <span class='ocrx_word' id='word_1_1003' title='bbox 2035 2903 2102 2930; x_wconf 75' lang='lat' dir='ltr'>Pali.</span> <span class='ocrx_word' id='word_1_1004' title='bbox 2114 2913 2179 2940; x_wconf 78' lang='lat' dir='ltr'>qua-</span> 
     </span>
     <span class='ocr_line' id='line_1_123' title="bbox 1222 2941 2118 2973; baseline -0.009 -1"><span class='ocrx_word' id='word_1_1005' title='bbox 1222 2946 1320 2973; x_wconf 80' lang='lat' dir='ltr'>tuor&amp;</span> <span class='ocrx_word' id='word_1_1006' title='bbox 1337 2945 1463 2971; x_wconf 82' lang='lat' dir='ltr'>vetustius</span> <span class='ocrx_word' id='word_1_1007' title='bbox 1474 2942 1571 2968; x_wconf 87' lang='lat' dir='ltr'>editos.</span> <span class='ocrx_word' id='word_1_1008' title='bbox 2116 2941 2118 2943; x_wconf 73' lang='grc'><strong><em>’</em></strong></span> 
     </span>
    </p>

    <p class='ocr_par' dir='ltr' id='par_1_28' title="bbox 1220 2975 2180 3079">
     <span class='ocr_line' id='line_1_124' title="bbox 1255 2975 2179 3015; baseline -0.003 -9"><span class='ocrx_word' id='word_1_1009' title='bbox 1255 2982 1283 3007; x_wconf 88' lang='lat'>6.</span> <span class='ocrx_word' id='word_1_1010' title='bbox 1304 2985 1395 3015; x_wconf 59' lang='lat' dir='ltr'>vitque</span> <span class='ocrx_word' id='word_1_1011' title='bbox 1411 2978 1556 3012; x_wconf 65' lang='lat' dir='ltr'>laniatum]</span> <span class='ocrx_word' id='word_1_1012' title='bbox 1579 2977 1658 3003; x_wconf 80' lang='lat' dir='ltr'>Sic&amp;</span> <span class='ocrx_word' id='word_1_1013' title='bbox 1670 2975 1814 3003; x_wconf 76' lang='lat' dir='ltr'>Lambinus</span> <span class='ocrx_word' id='word_1_1014' title='bbox 1831 2995 1839 3007; x_wconf 82' lang='lat'><em>‚</em></span> <span class='ocrx_word' id='word_1_1015' title='bbox 1860 2985 1944 3011; x_wconf 87' lang='lat' dir='ltr'>neque</span> <span class='ocrx_word' id='word_1_1016' title='bbox 1963 2976 2042 3002; x_wconf 82' lang='lat' dir='ltr'>aliter</span> <span class='ocrx_word' id='word_1_1017' title='bbox 2052 2976 2109 3002; x_wconf 72' lang='lat' dir='ltr'>Pal.</span> <span class='ocrx_word' id='word_1_1018' title='bbox 2129 2975 2179 3003; x_wconf 79' lang='lat' dir='ltr'>sec.</span> 
     </span>
     <span class='ocr_line' id='line_1_125' title="bbox 1220 3011 2180 3050; baseline -0.007 -6"><span class='ocrx_word' id='word_1_1019' title='bbox 1220 3025 1295 3044; x_wconf 77' lang='lat' dir='ltr'>antea</span> <span class='ocrx_word' id='word_1_1020' title='bbox 1307 3016 1357 3042; x_wconf 84' lang='lat' dir='ltr'>cusi</span> <span class='ocrx_word' id='word_1_1021' title='bbox 1368 3018 1498 3041; x_wconf 77' lang='lat' dir='ltr'>laceratum</span> <span class='ocrx_word' id='word_1_1022' title='bbox 1510 3024 1516 3038; x_wconf 90' lang='lat'>:</span> <span class='ocrx_word' id='word_1_1023' title='bbox 1533 3013 1603 3050; x_wconf 83' lang='lat' dir='ltr'>quod</span> <span class='ocrx_word' id='word_1_1024' title='bbox 1614 3012 1773 3049; x_wconf 77' lang='lat' dir='ltr'>improbavi,</span> <span class='ocrx_word' id='word_1_1025' title='bbox 1783 3011 1854 3049; x_wconf 84' lang='lat' dir='ltr'>quod</span> <span class='ocrx_word' id='word_1_1026' title='bbox 1865 3011 2039 3049; x_wconf 68' lang='lat' dir='ltr'>proecessiss‘et‚</span> <span class='ocrx_word' id='word_1_1027' title='bbox 2052 3013 2134 3045; x_wconf 76' lang='lat' dir='ltr'>incesto</span> <span class='ocrx_word' id='word_1_1028' title='bbox 2142 3021 2180 3038; x_wconf 77' lang='lat' dir='ltr'>ore</span> 
     </span>
     <span class='ocr_line' id='line_1_126' title="bbox 1223 3057 1353 3079; baseline 0.008 -1"><span class='ocrx_word' id='word_1_1029' title='bbox 1223 3057 1303 3079; x_wconf 77' lang='lat' dir='ltr'>lacera</span> <span class='ocrx_word' id='word_1_1030' title='bbox 1323 3059 1353 3077; x_wconf 87' lang='lat' dir='ltr'>et.</span> 
     </span>
    </p>

    <p class='ocr_par' dir='ltr' id='par_1_29' title="bbox 1223 3054 2181 3196">
     <span class='ocr_line' id='line_1_127' title="bbox 1259 3054 2179 3123; baseline -0.005 -9"><span class='ocrx_word' id='word_1_1031' title='bbox 1259 3097 1287 3123; x_wconf 93' lang='lat'>7.</span> <span class='ocrx_word' id='word_1_1032' title='bbox 1298 3054 1364 3113; x_wconf 52' lang='lat' dir='ltr'>{um</span> <span class='ocrx_word' id='word_1_1033' title='bbox 1374 3089 1414 3112; x_wconf 78' lang='lat' dir='ltr'>hoc</span> <span class='ocrx_word' id='word_1_1034' title='bbox 1422 3086 1552 3114; x_wconf 80' lang='lat' dir='ltr'>bellandum</span> <span class='ocrx_word' id='word_1_1035' title='bbox 1563 3087 1620 3117; x_wconf 59' lang='lat' dir='ltr'>hoste</span> <span class='ocrx_word' id='word_1_1036' title='bbox 1630 3087 1664 3110; x_wconf 69' lang='lat' dir='ltr'>ef?</span> <span class='ocrx_word' id='word_1_1037' title='bbox 1675 3104 1682 3115; x_wconf 82' lang='lat'><strong><em>‚</em></strong></span> <span class='ocrx_word' id='word_1_1038' title='bbox 1700 3083 1716 3110; x_wconf 70' lang='grc' dir='ltr'><em>ἃ</em></span> <span class='ocrx_word' id='word_1_1039' title='bbox 1728 3086 1795 3119; x_wconf 84' lang='lat' dir='ltr'>cujm·</span> <span class='ocrx_word' id='word_1_1040' title='bbox 1807 3104 1815 3117; x_wconf 91' lang='lat'><em>‚</em></span> <span class='ocrx_word' id='word_1_1041' title='bbox 1834 3084 1901 3118; x_wconf 49' lang='lat' dir='ltr'>Cyme]</span> <span class='ocrx_word' id='word_1_1042' title='bbox 1924 3085 1984 3110; x_wconf 86' lang='lat' dir='ltr'>Hoc</span> <span class='ocrx_word' id='word_1_1043' title='bbox 1997 3082 2077 3110; x_wconf 82' lang='lat' dir='ltr'>modo</span> <span class='ocrx_word' id='word_1_1044' title='bbox 2097 3082 2179 3119; x_wconf 77' lang='lat' dir='ltr'>posita</span> 
     </span>
     <span class='ocr_line' id='line_1_128' title="bbox 1223 3119 2181 3156; baseline -0.005 -6"><span class='ocrx_word' id='word_1_1045' title='bbox 1223 3125 1282 3150; x_wconf 86' lang='lat' dir='ltr'>sunt</span> <span class='ocrx_word' id='word_1_1046' title='bbox 1295 3123 1371 3149; x_wconf 75' lang='lat' dir='ltr'>verba</span> <span class='ocrx_word' id='word_1_1047' title='bbox 1382 3123 1406 3148; x_wconf 85' lang='lat' dir='ltr'>in</span> <span class='ocrx_word' id='word_1_1048' title='bbox 1420 3123 1476 3148; x_wconf 84' lang='lat' dir='ltr'>Pal.</span> <span class='ocrx_word' id='word_1_1049' title='bbox 1487 3121 1537 3148; x_wconf 81' lang='lat' dir='ltr'>sec.</span> <span class='ocrx_word' id='word_1_1050' title='bbox 1559 3121 1721 3156; x_wconf 68' lang='lat' dir='ltr'>habebatque</span> <span class='ocrx_word' id='word_1_1051' title='bbox 1742 3121 1812 3148; x_wconf 72' lang='lat' dir='ltr'>idem</span> <span class='ocrx_word' id='word_1_1052' title='bbox 1830 3120 1903 3148; x_wconf 70' lang='lat' dir='ltr'>illud</span> <span class='ocrx_word' id='word_1_1053' title='bbox 1916 3119 1931 3154; x_wconf 69' lang='grc' dir='ltr'><strong>ᾇ</strong></span> <span class='ocrx_word' id='word_1_1054' title='bbox 1944 3139 1953 3153; x_wconf 93' lang='lat'>,</span> <span class='ocrx_word' id='word_1_1055' title='bbox 1976 3120 2047 3156; x_wconf 83' lang='lat' dir='ltr'>quod</span> <span class='ocrx_word' id='word_1_1056' title='bbox 2067 3120 2181 3155; x_wconf 76' lang='lat' dir='ltr'>vulgatae</span> 
     </span>
     <span class='ocr_line' id='line_1_129' title="bbox 1223 3157 2144 3196; baseline -0.005 -9"><span class='ocrx_word' id='word_1_1057' title='bbox 1223 3160 1327 3193; x_wconf 78' lang='lat' dir='ltr'>deerat,</span> <span class='ocrx_word' id='word_1_1058' title='bbox 1338 3158 1558 3196; x_wconf 75' lang='lat' dir='ltr'>repraesentatque</span> <span class='ocrx_word' id='word_1_1059' title='bbox 1569 3157 1653 3186; x_wconf 85' lang='lat' dir='ltr'>editio</span> <span class='ocrx_word' id='word_1_1060' title='bbox 1664 3158 1776 3185; x_wconf 84' lang='lat' dir='ltr'>Mureti.</span> <span class='ocrx_word' id='word_1_1061' title='bbox 2137 3165 2144 3169; x_wconf 60' lang='lat'><em>¹</em></span> 
     </span>
    </p>

    <p class='ocr_par' dir='ltr' id='par_1_30' title="bbox 2094 3192 2183 3224">
     <span class='ocr_line' id='line_1_130' title="bbox 2094 3192 2183 3224; baseline -0.022 -7"><span class='ocrx_word' id='word_1_1062' title='bbox 2094 3199 2117 3217; x_wconf 80' lang='grc' dir='ltr'>ι.</span> <span class='ocrx_word' id='word_1_1063' title='bbox 2126 3192 2183 3224; x_wconf 60' lang='lat' dir='ltr'>⁴2(st</span> 
     </span>
    </p>
   </div>
   <div class='ocr_carea' id='block_1_26' title="bbox 2321 77 2332 669">
    <p class='ocr_par' dir='ltr' id='par_1_31' title="bbox 2321 77 2332 669">
     <span class='ocr_line' id='line_1_131' title="bbox 2321 77 2332 669; baseline 0 0"><span class='ocrx_word' id='word_1_1064' title='bbox 2321 77 2332 669; x_wconf 95' lang='lat' dir='ltr'> </span> 
     </span>
    </p>
   </div>
   <div class='ocr_carea' id='block_1_27' title="bbox 2328 978 2337 1639">
    <p class='ocr_par' dir='ltr' id='par_1_32' title="bbox 2328 978 2337 1639">
     <span class='ocr_line' id='line_1_132' title="bbox 2328 978 2337 1639; baseline 0 0"><span class='ocrx_word' id='word_1_1065' title='bbox 2328 978 2337 1639; x_wconf 95' lang='lat' dir='ltr'> </span> 
     </span>
    </p>
   </div>
  </div>
 </body>
</html>
