2295 3400
164 141 264 202 446
572 138 1118 189 Μ.Τυ1,1,11

167 225 263 255 :timis
283 222 456 253 censoribus
470 241 478 255 ,
500 222 579 250 hunc
596 231 666 250 cum
686 219 848 250 clarissimo
869 223 1065 261 imperatore,
1087 221 1123 250 L.

169 265 312 298 Lucullo,
324 264 399 302 apud
410 267 576 292 exercitum
587 261 673 292 fuiss'e
687 263 904 302 :superioribus
915 282 923 296 ,
934 272 1004 292 curn
1015 261 1122 292 eodem

173 306 318 347 quaestore
329 303 414 334 t'uiss'e
427 306 458 333 in
470 302 550 334 Asia:
567 307 673 343 primis
684 305 788 375 ’juno
801 325 808 338 ‚
826 305 857 334 ὃς
871 303 969 334 Crasso
983 325 991 337 ,
1009 304 1126 333 nullam

171 348 274 388 populi
287 356 398 385 partem
413 350 422 364 ¹
435 343 491 375 esse
501 347 630 376 censam.
655 349 690 376 Se
723 367 731 379 ‚
744 349 888 386 quoniam
906 347 998 385 census
1008 346 1127 385 nonjus

171 386 482 421 civitatiscontirmat‚
502 398 534 417 ac
543 388 898 422 tantummodoindicat,
920 398 1010 421 eum,
1029 386 1127 428 quifit

173 430 295 463 census,
320 431 359 459 ita
379 429 405 459 se
422 430 485 468 jam
503 438 569 458 tum
586 428 699 470 gcssiss'e
714 439 767 469 pro
785 432 869 460 cive:
890 432 927 459 iis
939 430 1126 469 temporibus

171 481 237 511 quae
248 480 278 501 tu
287 473 467 504 criminaris,
478 481 515 500 ne
529 469 615 510 ipsius
626 471 750 511 quidem
762 471 877 509 judicio
889 474 1002 502 eumin
1012 473 1127 501 civium

171 516 306 543 Roman.
319 514 380 547 iure
391 510 448 542 csse
457 513 604 542 versatum
618 525 622 541 ;
642 514 675 542 &
686 513 897 543 testamentum
909 514 980 553 saepe
992 513 1062 543 fecit
1073 523 1130 543 no·-

173 554 240 585 ssris
252 555 366 595 legibus
378 574 386 587 ‚
406 555 439 584 Sc
448 554 521 584 adiit
531 554 714 585 liaereditates
724 557 839 585 civium
849 557 942 586 Rom.
955 556 987 586 &
997 558 1029 585 in
1039 555 1130 585 bene-

175 595 250 626 ficiis
264 598 299 626 ad
314 598 448 626 aemrium
462 596 574 626 delatus
589 595 630 626 est
640 597 655 626 a
665 599 703 627 L.
714 597 844 627 Lucullo
854 607 980 637 praetore
990 617 998 631 ‚
1014 598 1046 627 &
1056 606 1131 627 con-

136 638 157 671 6
175 638 249 669 sule.
275 641 379 678 Qaerc
392 647 564 678 argumenta
575 658 583 671 ‚
605 637 683 679 siqua
692 648 787 678 potes.
810 649 977 680 numquam
989 642 1074 669 enirn
1084 640 1132 668 hic

175 689 272 719 neque
292 681 345 710 suo
357 699 365 713 ‚
386 689 483 720 neque
500 689 667 710 amicorum
681 680 799 720 judicio
816 684 995 711 revincetur.
1018 684 1032 700 ²
1043 683 1133 722 Qae-

174 731 219 751 rcs
237 722 251 750 ii
268 721 359 751 nobis
369 741 377 754 ,
400 722 500 754 Grati,
520 731 572 752 cur
583 731 735 762 tantopere
744 723 802 753 hoc
817 723 944 753 homine
955 721 1129 751 detestemur.

176 764 255 804 Qia
270 763 434 802 suppeditat
449 763 536 793 nobis
546 783 555 798 ‚
576 763 626 793 ubi
641 763 674 794 δε
684 766 803 794 animus
817 774 855 794 ex
869 766 925 795 hoc
938 763 1047 795 forensi
1061 763 1133 794 stre-

173 815 238 844 pitu
250 803 397 835 reficiatur
405 825 415 838 ,
431 804 464 835 &
473 815 557 834 aures
567 808 704 836 convitio
714 804 832 835 defess'ae
842 807 1067 846 conquiescant..
1086 809 1134 835 An

176 855 207 876 tu
219 845 370 877 existimas
380 855 430 876 aut
440 846 592 886 suppetere
602 847 691 877 nobis
704 845 785 887 posse
795 867 804 882 ‚
816 848 896 888 quod
907 848 1041 888 quotidie
1052 847 1134 877 dica-

176 898 246 918 mus
257 890 378 919 intanta
386 889 524 918 varietate
535 898 635 918 rerum
648 907 656 921 2
674 887 729 918 nisi
740 890 860 919 animos
871 890 990 920 nostros
1001 888 1137 919 doftrina

176 930 353 960 excolamus
367 941 372 959 :
386 939 436 960 aut
447 929 522 960 fen-e
536 932 656 960 animos
670 939 781 961 tantam
795 929 877 971 poffe
890 932 1131 963 contentionem,

175 969 232 1001 nisi
251 981 302 1002 cos
321 971 457 1002 doctrina
476 971 578 1001 eadem
593 972 771 1001 rei'axcmus?
795 975 859 1013 Ego
869 971 938 1003 vero
951 973 1044 1003 fateor
1055 992 1064 1006 ‚
1085 982 1135 1001 me

178 1013 225 1043 his
235 1012 340 1044 studiis
351 1012 407 1043 ess'e
419 1013 567 1044 deditum.
594 1023 708 1044 ceteros
717 1013 824 1053 pudeat
832 1034 842 1049 2
859 1013 932 1055 fiqui
942 1017 981 1045 ita
991 1015 1018 1044 se
1029 1014 1134 1043 litteris

171 1053 362 1088 abdiderunt,
383 1063 416 1084 ut
427 1055 504 1083 nihil
521 1052 634 1094 possint
652 1065 690 1085 ex
703 1056 748 1085 his
766 1066 863 1097 neque
880 1056 915 1086 ad
931 1065 1132 1086 communem

174 1094 280 1127 afferre
289 1095 422 1126 fructum
435 1115 443 1128 ‚
462 1105 559 1136 neque
569 1097 600 1126 in
610 1095 783 1136 adspefitum
794 1117 802 1131 ‚
822 1097 980 1139 lucemque
990 1097 1132 1137 proferre.

181 1147 232 1168 me
243 1147 342 1168 autem
353 1137 424 1178 quid
434 1137 543 1177 pudeat
552 1158 560 1171 ‚
570 1140 624 1178 qui
634 1147 678 1168 tot
687 1149 782 1170 annos
791 1141 830 1170 ita
839 1142 912 1170 vivo
923 1160 931 1174 ,
939 1140 1066 1179 judices,
1081 1142 1092 1165 3
1105 1148 1136 1168 ut

177 1181 215 1210 ab
231 1180 344 1210 nullius
355 1189 500 1219 umquam
511 1189 561 1209 me
573 1188 705 1220 tempore
716 1190 765 1211 aut
775 1182 941 1212 commodo
953 1202 961 1215 ‚
979 1190 1028 1212 aut
1036 1183 1134 1210 otium

175 1231 282 1252 meum
293 1219 482 1254 abstraxerit,
502 1230 552 1251 aut
569 1223 707 1262 voluptas
720 1225 863 1257 avocarit,
887 1233 936 1254 aut
945 1223 1076 1262 denique
1087 1223 1134 1252 so-

176 1271 270 1293 mnus
279 1262 431 1293 retardarit
446 1265 456 1291 ?
478 1265 575 1301 Qare
584 1265 652 1304 quis
661 1264 781 1294 tandem
794 1275 844 1295 me
853 1264 1047 1304 reprehendat
1056 1284 1066 1296 ‚
1087 1272 1136 1294 aut

176 1306 245 1344 quis
259 1305 337 1334 1111111
347 1305 414 1344 jure
426 1305 595 1335 succenseat
605 1324 614 1338 ‚
634 1303 654 1335 si
668 1325 676 1339 ,
699 1306 847 1346 quantum
857 1309 962 1336 ceteris
973 1306 1008 1336 ad
1018 1306 1080 1336 suas
1091 1315 1136 1335 res

173 1345 329 1378 obeundas
340 1365 348 1380 ,
369 1356 517 1386 quantum
535 1346 570 1377 ad
587 1345 680 1376 festos
696 1349 762 1377 dies
780 1348 921 1378 ludorum
929 1347 1135 1381 celebrandos,

172 1397 320 1427 quantum
336 1387 372 1418 ad
389 1388 459 1418 alias
477 1388 644 1428 voluptates
654 1409 662 1422 ‚
686 1389 718 1418 &
728 1389 763 1419 ad
774 1390 867 1429 ipsam
877 1392 1012 1431 requiem
1023 1391 1130 1423 animi,

175 1432 211 1460 &
220 1431 356 1469 corporis
365 1429 540 1460 conceditur
550 1439 732 1470 temporum:
753 1441 900 1472 quantum
911 1433 962 1462 alii
973 1435 992 1458 4
999 1431 1136 1462 tribuunt

174 1469 363 1510 tempestivis
380 1473 519 1502 convivis
534 1482 540 1500 t
562 1481 710 1512 quantum
729 1472 860 1514 denique
878 1475 948 1504 aleae
960 1495 968 1506 ‚
988 1482 1133 1514 quantum

168 1513 242 1553 pilae
254 1525 263 1547 5
279 1521 396 1543 tanturn
406 1514 485 1545 mihi
495 1523 616 1554 egomet
625 1514 659 1544 ad
669 1513 832 1550 haecstudia
839 1516 978 1545 recolenda
988 1515 1135 1545 sumsero?

176 1558 275 1594 Atque
285 1555 344 1584 hoc
353 1553 427 1585 adeo
439 1557 517 1587 mihi
526 1556 755 1586 concedendurn
765 1555 807 1587 est
817 1561 911 1598 magis
920 1577 928 1591 ‚
946 1556 1029 1598 quod
1039 1567 1076 1586 ex
1087 1558 1133 1586 his

134 1612 141 1617 -
174 1594 302 1630 studiis,
322 1599 334 1623 5
344 1597 407 1628 haec
426 1607 545 1637 quoque
562 1597 697 1628 censetur
715 1600 828 1633 oratio,
850 1599 883 1629 &
900 1599 1021 1629 facultas
1039 1609 1045 1628 ι
1067 1608 1133 1639 quae

199 1647 416 1678 uantacumque
435 1648 468 1668 111
484 1649 534 1669 me
544 1659 553 1672 ‚
573 1649 739 1680 numquam
754 1642 921 1671 amicorum
931 1641 1071 1681 periculis
1082 1640 1134 1670 de—

174 1647 245 1710 ?uit.
269 1690 335 1720 quae
353 1679 374 1709 fi
391 1682 440 1710 cui
460 1680 556 1710 levior
574 1680 691 1710 videtur
706 1692 711 1710 ;
734 1682 786 1712 illa
802 1683 928 1723 quidem
946 1683 1025 1713 certe
1037 1702 1046 1716 ‚
1066 1692 1133 1724 quae

174 1722 296 1752 >summa
311 1722 396 1755 sunt,
418 1731 456 1751 ex
471 1732 532 1762 quo
548 1721 632 1752 fonte
649 1723 782 1753 hauriam
794 1744 802 1757 ‚
825 1725 930 1755 sentio,
954 1727 1055 1757 Nam,
1078 1722 1133 1753 nisi

175 1763 345 1793 multorum
357 1766 508 1803 praeceptis
517 1783 525 1797 ,
537 1764 700 1804 multisque
711 1765 816 1796 Litteris
827 1767 905 1796 mihi
916 1767 952 1797 ab
961 1766 1132 1796 adolescen-

175 1807 216 1836 tia
228 1803 373 1835 suasissem
384 1824 392 1838 ‚
414 1815 516 1834 tumn
530 1815 602 1835 Essa
615 1807 648 1834 in
659 1808 717 1837 vita
726 1817 906 1848 magnopere
916 1808 1130 1849 expetendum,

176 1845 234 1876 nisi
252 1846 367 1876 laudem
380 1866 388 1879 ‚
407 1855 494 1886 atque
513 1846 699 1877 honestatem
712 1859 717 1877 :
737 1849 771 1878 in
781 1859 815 1879 ea
823 1858 921 1880 autem
933 1849 1133 1890 persequenda

176 1890 298 1918 omneis
309 1890 452 1919 cruciatus
463 1890 595 1928 corporis
605 1908 614 1922 ‚
636 1891 740 1920 omnia
753 1892 883 1930 pericula
897 1893 1004 1922 mortis
1017 1912 1024 1924 ‚
1046 1901 1131 1931 atque

175 1928 272 1959 exfilii
284 1950 291 1963 ,
305 1931 387 1969 parvi
398 1928 456 1959 effe
465 1929 616 1960 ducenda:
634 1940 802 1972 numquam
814 1943 864 1962 me
874 1943 928 1973 pro
940 1934 1030 1964 salute
1039 1933 1134 1963 vestra

175 1972 210 2000 in
221 1980 266 2001 tot
277 1991 285 2004 ‚
305 1981 337 2001 ac
348 1980 439 2002 tantas
449 1971 662 2003 dimicationes
671 1993 679 2006 ,
700 1982 785 2014 atque
795 1975 828 2003 111
840 1976 894 2004 hos
904 1974 1131 2015 profligatorum

174 2013 340 2044 hominum
369 2013 561 2053 quetidianos
588 2015 719 2054 impetus
745 2015 931 2056 objeciffem.
971 2017 1028 2047 Sed
1050 2017 1133 2056 pleni

174 2064 285 2084 omnes
297 2055 365 2086 sunt
376 2055 445 2086 libri
458 2075 466 2088 ‚
478 2056 575 2095 plenae
583 2056 750 2095 sapientum
762 2067 850 2087 voces
860 2078 868 2091 ‚
878 2059 968 2098 plena
977 2059 1133 2098 exemplo-

175 2105 245 2126 lum
256 2096 383 2138 vetustas
395 2107 400 2126 :
422 2107 488 2137 quae
494 2097 626 2136 jacerent
636 2099 668 2128 in
679 2098 807 2128 tenebris
818 2102 940 2134 omnia,
957 2099 1011 2130 nisi
1022 2101 1133 2130 littera-

172 2147 241 2166 rum
259 2138 353 2167 lumen
371 2139 529 2169 accederet.
552 2140 652 2180 Qum
672 2141 781 2170 multas
800 2141 888 2171 nobis
898 2143 1050 2183 imagines,
1070 2151 1134 2173 non

174 2178 278 2210 solum
288 2180 324 2211 ad
335 2179 516 2210 intuendum
527 2200 536 2214 ,
557 2180 663 2211 verum
684 2184 773 2212 etiam
793 2183 828 2212 ad
848 2185 1033 2214 imitandum
1044 2205 1054 2219 ,
1070 2183 1135 2214 for-

176 2219 357 2251 xiffimorum
377 2223 533 2255 virorum,
555 2221 700 2263 expreflas
712 2244 720 2258 ‚
740 2225 892 2264 scriptores
912 2226 945 2256 δε
964 2228 1080 2261 Graeci,
1102 2225 1136 2255 &

175 2263 279 2293 Latini
298 2263 502 2303 reliquerunt?
529 2274 600 2305 quas
628 2275 684 2305 ego
711 2267 789 2296 mihi
807 2267 923 2307 semper
943 2270 976 2298 in
1004 2268 1136 2298 admini-

179 2302 296 2334 stranda
306 2314 549 2344 rep-proponens
561 2325 570 2338 ,
591 2308 730 2336 animum
750 2308 782 2337 δε
801 2318 938 2339 mentem
957 2319 1056 2339 meam
1074 2310 1134 2349 ipsa

176 2345 347 2385 cogitatione
368 2348 510 2375 hominum
531 2348 723 2376 excellentium
742 2348 982 2379 conformabam.
1018 2353 1137 2391 Qaeret

176 2387 323 2428 quispiam
332 2407 342 2421 ‚
360 2388 433 2428 quid
445 2391 455 2417 ?
472 2389 519 2418 illi
528 2387 580 2428 ipfi
591 2388 704 2419 summi
714 2390 770 2420 viri
782 2409 790 2423 ‚
811 2399 941 2430 quorum
952 2393 1075 2422 virtutes
1084 2391 1135 2422 lit-

1167 139 1726 186 CICERONIS*

1167 223 1237 252 teris
1248 221 1372 262 prodita:
1382 221 1468 256 sunt,
1488 222 1579 254 istane
1593 223 1728 254 doeh-ina
1739 243 1747 257 ‚
1768 231 1857 264 quarn
1874 229 1906 254 tu
1921 222 2056 254 laudibus
2073 223 2118 255 ef·

1166 263 1223 294 fers
1236 284 1244 296 ,
1262 264 1370 293 cruditi
1380 263 1523 295 fuerunt?
1546 264 1682 296 Difficile
1700 265 1740 295 est
1757 267 1815 295 hoc
1832 265 1868 296 de
1887 266 2032 296 omnibus
2046 275 2122 296 con-

1165 304 1292 336 firmare.
1316 305 1364 335 scd
1385 315 1486 336 tamen
1504 305 1547 337 est
1566 317 1680 338 certum
1701 327 1710 341 ‚
1733 307 1806 349 quid
1829 307 2031 347 respondeam·
2058 310 2122 349 Ego

1168 348 1281 378 multos
1301 348 1441 377 homines
1460 348 1621 379 excellenti
1640 351 1743 379 animo
1756 369 1764 383 ‚
1783 359 1815 379 ac
1833 351 1940 380 virtute
1957 347 2044 379 fuisse
2057 369 2066 382 ‚
2088 349 2121 380 δε

1166 388 1228 419 sine
1247 388 1382 420 doctrina
1394 409 1402 422 ‚
1422 398 1534 420 naturae
1544 389 1632 430 ipsius
1644 391 1745 421 habitu
1757 390 1851 431 prope
1869 391 1993 424 divino,
2015 400 2066 430 per
2080 391 2124 420 se-

1167 431 1246 471 ipsos
1257 431 1289 461 &
1301 430 1470 461 moderatos
1479 451 1487 464 ‚
1501 432 1533 461 &
1541 434 1653 473 graveis
1664 431 1803 463 exstitiss'e
1814 432 1917 463 fateor.
1940 435 2031 463 etiam
2045 431 2123 462 illud

1167 473 1297 514 adjungo
1307 493 1315 507 ,
1330 483 1456 503 SAEPIth
1471 472 1506 503 ad
1517 474 1635 504 laudem
1646 494 1655 508 ‚
1666 483 1753 514 atque
1763 476 1906 504 virtutem
1918 484 2051 505 naturam
2061 472 2123 503 sine

1168 514 1305 544 doEtrina
1327 534 1335 548 ‚
1364 514 1455 555 quam
1474 513 1533 545 fine
1550 524 1652 545 natura
1669 514 1791 546 valuisse
1812 515 1994 546 do&rinam.
2026 520 2126 556 Atque

1168 556 1249 587 idem
1269 566 1324 598 ego
1343 556 1516 591 contendo,
1538 567 1613 588 CUM
1632 566 1676 586 Ao
1696 566 1830 587 naturam
1851 558 2018 591 eximiam,
2038 567 2125 598 atque

1171 597 1316 628 illustrem
1327 597 1476 629 access'erit
1485 600 1559 629 ratio
1570 599 1706 639 quaedam
1720 618 1729 632 ‚
1751 597 2000 640 confirmatioque
2011 598 2126 629 doEtri-

1170 650 1232 671 nae:
1253 649 1318 670 tum
1328 640 1406 670 illud
1417 641 1516 671 nescio
1526 640 1598 681 quid
1609 641 1780 680 praeclarum
1791 660 1799 674 ‚
1821 651 1852 670 ac
1870 639 2013 682 singulare
2031 641 2125 671 solere

1172 681 1316 712 exsistere.
1342 685 1387 712 Ex
1404 684 1462 712 hoc
1480 680 1538 712 ess'e
1558 683 1640 712 huuc
1656 692 1785 712 numero
1797 703 1806 715 ‚
1824 692 1916 723 quern
1926 692 2020 723 patres
2031 681 2125 712 nostri

1169 723 1327 757 viderunt,
1347 724 1479 753 divinum
1497 724 1653 757 hominem,
1674 724 1868 754 Africanum:
1889 734 1927 754 ex
1941 726 1999 755 hoc
2013 727 2044 754 C.
2058 726 2125 754 Lae-

1172 766 1247 796 lium
1260 786 1267 799 ,
1284 768 1447 796 LFurium
1459 786 1467 800 ,
1483 764 1732 796 moderatiffimos
1742 767 1882 796 homines
1892 786 1899 799 ‚
1918 767 1951 796 &
1960 767 2126 796 continen-

1173 806 1319 837 tissimos:
1338 817 1377 838 ex
1395 810 1453 837 hoc
1469 806 1666 838 fortissimum
1681 810 1781 837 virum
1793 828 1802 840 ,
1824 808 1856 838 δε
1867 808 1928 837 illis
1939 808 2125 847 temporibus

1173 847 1379 879 doctissimum
1392 870 1400 882 ,
1419 851 1464 880 M.
1476 852 1620 880 Catonem
1635 850 1725 879 illum
1741 850 1858 880 senem:
1876 852 1928 890 qui
1938 848 2074 890 profecto
2094 859 2126 880 st

1174 901 1277 920 1111111,
1291 891 1326 921 ad
1337 891 1558 931 percipiendam
1569 911 1577 924 ‚
1593 891 1816 932 colendamque
1839 894 1979 921 virtutem
1989 911 1997 926 ,
2018 892 2124 921 litteris

1172 932 1217 971 adj
1223 941 1391 968 uvarentun
1404 943 1570 974 numquam
1583 933 1612 963 se
1621 933 1656 963 ad
1667 943 1767 963 earum
1779 932 1912 963 studium
1922 931 2126 963 contulissent.

1174 973 1265 1015 Qod
1282 973 1302 1003 si
1318 984 1381 1004 non
1398 976 1446 1004 hic
1464 984 1561 1005 tantus
1577 974 1692 1005 fruetus
1707 974 1927 1009 ostenderetur,
1949 973 2012 1005 &fi
2028 984 2066 1004 ex
2079 975 2127 1004 his

1181 1015 1286 1046 studiis
1295 1015 1442 1045 delectatio
1448 1017 1510 1056 sbla
1519 1025 1683 1056 peteretur:
1704 1025 1805 1046 tamen
1816 1037 1825 1050 ‚
1839 1026 1871 1047 ut
1881 1019 1991 1057 opinor
2001 1037 2008 1050 ,
2029 1014 2043 1036 ⁶
2054 1018 2128 1046 hanc

1173 1059 1270 1087 animi
1289 1056 1493 1088 adversionem
1515 1078 1523 1092 ,
1546 1057 1792 1088 humanissimam
1808 1079 1817 1092 ‚
1841 1069 1872 1089 ac
1891 1057 2128 1089 liberalissimam

1170 1098 1352 1138 judicaretis.
1375 1102 1456 1130 Nam
1475 1110 1577 1130 ceterae
1596 1110 1693 1141 neque
1712 1108 1883 1140 temporum
1904 1101 1973 1130 sunt
1992 1121 2000 1134 ,
2030 1109 2130 1140 neque

1174 1149 1295 1170 aetatum
1305 1143 1447 1171 omnium
1458 1161 1467 1176 ,
1482 1151 1579 1182 neque
1588 1142 1738 1172 locorum.
1759 1143 1823 1172 haec
1835 1141 1930 1172 studia
1950 1147 1964 1170 7
1975 1151 1997 1172 Α
2007 1152 2054 1172 no
2064 1151 2084 1171 1.
2094 1151 2130 1171 ε-

1176 1193 1189 1212 s
1201 1191 1219 1211 c
1228 1191 1278 1210 EN
1287 1192 1306 1211 τ
1317 1191 1328 1211 1
1341 1191 1363 1212 A
1373 1193 1400 1212 M
1422 1193 1512 1224 agunt
1522 1203 1530 1216 ‚
1546 1182 1730 1213 senectutem
1742 1182 1912 1216 oblectant,
1934 1183 2074 1213 secundas
2083 1193 2129 1213 res

1174 1232 1299 1257 ornant,
1313 1222 1436 1254 adversis
1446 1224 1629 1265 perfugium,
1639 1234 1670 1254 ac
1681 1225 1819 1254 solatium
1829 1224 1972 1264 praebent,
1982 1223 2130 1255 dele&ant

1173 1265 1280 1299 domi,
1299 1275 1363 1295 non
1371 1266 1546 1306 impediunt
1553 1265 1628 1296 foris
1640 1287 1648 1299 ‚
1665 1265 2011 1306 pernoctantnobiscum
2024 1287 2032 1299 ‚
2045 1276 2129 1306 pere-

1173 1310 1346 1350 grinantur,
1364 1307 1550 1338 rusticantur.
1573 1307 1665 1349 Qod
1684 1307 1705 1337 fi
1721 1306 1775 1347 ipsi
1791 1309 1854 1339 haec
1867 1318 1963 1348 neque
1973 1308 2138 1349 attingere,'

1174 1359 1271 1390 neque
1282 1350 1367 1380 sensu
1377 1349 1480 1380 nostro
1486 1349 1600 1400 gustare
1609 1347 1761 1389 poffemus
1772 1370 1781 1383 ‚
1802 1359 1902 1380 tamen
1913 1360 1946 1380 ea
1963 1351 2066 1380 mirari
2076 1349 2129 1379 de-

1173 1391 1312 1422 beremus
1326 1410 1334 1425 ‚
1358 1393 1448 1422 etiam
1463 1401 1538 1422 cum
1554 1392 1589 1421 in
1605 1392 1672 1421 aliis
1689 1391 1872 1421 videremus.
1896 1393 1972 1432 Qis
1991 1390 2129 1423 nostrum

1174 1441 1236 1464 tam
1254 1435 1359 1463 animo
1374 1432 1477 1474 agresti
1489 1453 1497 1467 ‚
1516 1443 1548 1464 ac
1564 1433 1640 1463 duro
1655 1433 1732 1466 fuit,
1752 1442 1786 1463 ut
1798 1434 1904 1464 Roscii
1918 1442 2017 1464 morte
2033 1442 2128 1473 nuper

1176 1485 1240 1505 non
1255 1478 1521 1506 commoveretur?
1541 1470 1618 1516 8qui
1634 1473 1707 1505 cum
1717 1473 1888 1505 effetsenex
1906 1484 2064 1510 mortuus,
2084 1484 2129 1505 ta-

1173 1527 1245 1547 men
1260 1537 1268 1550 ,
1285 1526 1421 1557 propter,
1437 1517 1637 1548 excellentem
1646 1525 1740 1548 artem
1752 1537 1760 1551 ‚
1777 1527 1809 1548 ac
1818 1516 2005 1548 venustatem
2016 1537 2025 1551 ‚
2043 1516 2128 1548 vide-

1172 1559 1256 1590 batur
1273 1561 1405 1589 omnino
1421 1561 1493 1589 mori
1508 1570 1561 1589 non
1577 1557 1704 1596 debuiffi.
1727 1562 1806 1600 Ergo
1822 1558 1875 1589 ille
1890 1560 2023 1599 corporis
2041 1568 2130 1590 motu

1173 1610 1290 1631 tantum
1301 1611 1436 1632 amorem
1448 1600 1501 1631 fibi
1511 1602 1682 1631 conciliarat
1692 1601 1709 1630 a
1717 1602 1808 1630 nobis
1817 1601 1962 1631 omnibus
1974 1612 1979 1630 :
1997 1611 2053 1631 nos
2062 1611 2129 1631 ani-

1174 1653 1298 1672 morum
1315 1642 1521 1673 incredibileis
1537 1650 1657 1675 motus,
1676 1642 1917 1682 celeritatemque
1931 1644 2127 1683 ingeniorum

1173 1685 1360 1725 negligemus
1379 1687 1390 1713 ?
1411 1686 1539 1726 Qioties
1556 1694 1612 1725 ego
1631 1684 1714 1714 hunc
1731 1685 1873 1714 Archiam
1891 1683 1954 1714 vidi
1970 1704 1978 1718 ,
1998 1683 2127 1723 judices,
2150 1685 2167 1717 S

1172 1727 1251 1764 (utar
1260 1729 1344 1757 enim
1359 1725 1453 1756 vestra
1469 1726 1668 1767 benignitate,
1690 1727 1836 1766 quoniam
1854 1735 1903 1754 me
1921 1727 1954 1755 in
1970 1726 2029 1756 hoc
2044 1735 2128 1756 novo

1173 1777 1279 1809 genere
1297 1768 1418 1798 dicendi
1435 1777 1495 1798 tam
1512 1768 1671 1807 diiigenter
1682 1767 1976 1807 attenditis)quoties
1984 1777 2039 1808 ego
2049 1768 2130 1798 hunc

1174 1809 1256 1843 vidi,
1274 1820 1344 1840 cum
1354 1811 1485 1839 litteram
1495 1807 1647 1848 scripsiss‘et
1658 1808 1774 1837 nullam
1784 1828 1793 1842 ‚
1811 1817 1957 1848 magnum
1968 1818 2131 1840 numerum

1171 1853 1359 1891 optimorum
1370 1851 1511 1881 versuum
1521 1850 1557 1880 de
1567 1852 1614 1880 his
1625 1848 1692 1889 ipsis
1703 1849 1792 1879 rebus
1804 1859 1870 1890 quae
1883 1858 1949 1880 tum
1963 1859 2129 1891 agerentur.

1173 1893 1271 1923 dicere
1281 1903 1319 1923 ex
1330 1902 1464 1932 tempore
1475 1895 1486 1922 ?
1498 1894 1615 1933 quoties
1625 1900 1797 1922 revocatum
1807 1891 1936 1923 eandem
1947 1902 2010 1922 rem
2019 1891 2130 1927 dicere,

1174 1937 1368 1965 commutatis
1383 1934 1493 1968 verbis,
1511 1944 1596 1975 atque
1611 1933 1766 1964 sententiis
1784 1936 1795 1962 ?
1817 1936 1893 1972 Quae
1901 1933 1976 1964 verb
1985 1933 2130 1968 accurate,

1174 1979 1356 2018 cogitateque
1366 1975 1534 2016 scripsisset:
1554 1986 1587 2006 ea
1603 1973 1640 2005 fic
1657 1975 1720 2006 vidi
1737 1975 1876 2015 probari,
1897 1985 1930 2006 ut
1942 1975 1977 2006 ad
1992 1985 2130 2006 veterum

1173 2019 1351 2058 scriptorum
1365 2019 1483 2049 laudem
1502 2020 1704 2058 pervenirent.
1727 2020 1819 2049 Hunc
1836 2027 1902 2047 non
1919 2028 1976 2058 ego
1992 2017 2132 2059 diligam?

1175 2071 1241 2090 non
1250 2061 1381 2091 admirer
1390 2061 1400 2086 ?
1409 2070 1474 2090 non
1485 2061 1572 2090 omni
1582 2061 1696 2091 ratione
1705 2058 1932 2090 defendendum
1943 2069 2045 2100 putem
2055 2066 2065 2091 Ξ
2076 2062 2132 2090 At-

1173 2104 1225 2144 qui
1235 2101 1273 2132 sic
1288 2102 1304 2133 ὲ
1321 2104 1448 2133 summis
1460 2101 1639 2133 horninibus
1649 2121 1658 2135 ‚
1681 2099 1943 2142 eruditiffimisque
1951 2103 2131 2141 accepimus,

1176 2154 1388 2175 CETERARUM
1401 2153 1501 2174 rerum
1512 2143 1608 2175 studia
1619 2162 1627 2177 ,
1649 2143 1683 2174 &
1692 2142 1828 2174 doitrina
1838 2163 1847 2177 ‚
1867 2143 1900 2173 ὃς
1909 2146 2080 2183 praeceptis,
2097 2143 2131 2174 &

1173 2196 1232 2216 arte
1239 2186 1373 2217 constare
1386 2196 1391 2215 :
1407 2187 1529 2226 po‘e'tam
1539 2194 1640 2216 natura
1650 2185 1710 2225 ipsa
1719 2185 1816 2216 valere
1827 2205 1835 2218 ‚
1850 2185 1883 2215 δε
1893 2187 2006 2215 mentis
2016 2184 2131 2214 viribus

1177 2230 1319 2263 excitari,
1340 2226 1460 2268 &quafi
1480 2227 1612 2258 9divino
1627 2226 1760 2266 quodam
1778 2227 1882 2265 spiritu
1900 2225 2010 2256 inflari.
2034 2228 2132 2265 Qare

1175 2270 1230 2300 suo
1246 2271 1312 2309 jure
1330 2270 1432 2300 noster
1448 2270 1500 2300 ille
1510 2270 1628 2300 Ennius
1641 2266 1752 2307 fimtffos
1769 2267 1897 2306 appellat
1911 2267 2023 2307 peltas,
2045 2266 2129 2307 quod

1174 2310 1253 2352 quasi
1262 2312 1388 2342 deorum
1408 2311 1510 2351 aliquo
1520 2310 1604 2340 dono
1615 2329 1623 2341 ‚
1642 2318 1728 2349 atque
1742 2318 1868 2339 munere
1887 2309 2130 2339 ¹0commendati

1175 2353 1266 2382 nobis
1277 2352 1335 2381 ess'e
1344 2352 1510 2382 videantur.
1532 2352 1576 2381 Sit
1588 2352 1696 2390 igitur,
1717 2350 1832 2389 judices
1843 2370 1852 2383 ,
1874 2350 2010 2381 sanetum
2021 2371 2030 2384 ‚
2054 2350 2132 2391 apud

1177 2403 1251 2428 VOS,
1271 2391 1500 2424 humamffirnos
1516 2392 1659 2422 homines
1673 2412 1682 2426 ‚
1701 2392 1761 2423 hoc
1779 2393 1875 2433 poetae
1892 2402 2028 2426 nomen,
2049 2391 2132 2433 quod

2050 2434 2135 2469 nulla

215 2513 239 2530 1.
261 2505 311 2538 Effe
321 2505 434 2539 censam]
457 2505 573 2541 Aliquot
590 2505 649 2532 mff.
660 2507 726 2533 Pall.
740 2509 847 2541 ccnsstam
858 2527 867 2540 ‚
892 2508 1027 2543 quomodo
1042 2510 1069 2536 δι
1081 2511 1136 2545 pri-
1161 2511 1163 2518 ’

178 2540 259 2567 mittis
271 2541 332 2566 cusi.

215 2585 242 2601 2.
263 2577 366 2610 Ques,
377 2576 392 2602 ἂ
402 2577 477 2609 nobis,
487 2577 584 2611 Grati]
607 2577 685 2604 Haud
705 2578 784 2606 :iliter
795 2579 905 2606 Erfurd.
925 2589 984 2607 nam
996 2580 1064 2607 Pan.
1083 2591 1136 2609 non

180 2613 273 2638 Gratti.
295 2613 375 2638 ceteri
387 2613 443 2638 scre
454 2616 540 2640 Gracci
548 2626 558 2645 ‚-
567 2615 641 2650 pauci
652 2614 709 2641 sane
721 2618 818 2641 Gracco.

217 2655 242 2708 ἴ.
255 2651 283 2672 Ut
294 2650 323 2673 ab
332 2650 418 2674 nullius
427 2659 538 2684 umquam
548 2660 582 2675 me
591 2658 687 2683 tempore
697 2659 740 2677 au!
750 2652 857 2678 commodo
867 2660 910 2678 aut
919 2656 1000 2684 orium,
1011 2653 1078 2687 ἀι]
1095 2654 1137 2681 Ita

178 2683 215 2723 1²3
228 2682 291 2710 atini
304 2683 434 2723 plerique,
448 2695 532 2722 neque
542 2686 619 2712 aliter
629 2696 694 2722 quos
706 2687 816 2714 excussit
830 2689 860 2714 P.
871 2688 1006 2715 Victorius
1020 2708 1028 2720 ‚
1040 2690 1086 2725 qui
1098 2690 1136 2715 le-

177 2718 295 2745 &ionem
307 2720 378 2746 :itam
389 2720 485 2748 stabilit
496 2721 542 2747 lib.
555 2731 591 2748 11.
602 2723 665 2749 Var.
676 2722 740 2749 leet.
751 2733 806 2759 cap.
816 2723 843 2750 8.
854 2731 943 2757 tempus·
955 2732 1047 2752 notare
1057 2726 1136 2752 etiam

170 2756 376 2788 pta-iculumjani
389 2765 479 2783 notum
491 2758 537 2784 est.

214 2799 244 2823 4.
263 2793 382 2817 Tria-mant
392 2795 528 2826 tempestivis
537 2794 678 2829 conviviis]
700 2793 843 2831 Irrepstmt
862 2795 918 2821 heic
929 2806 1034 2833 quoque
1051 2799 1137 2823 intem-

174 2827 281 2859 ptfli'rir,
293 2826 333 2852 sed
343 2837 439 2863 prater
452 2838 542 2855 omnes
554 2830 609 2856 mss.
630 2831 693 2856 item
705 2829 765 2857 edd.
782 2831 937 2861 reicfiitias.
956 2833 1047 2869 paullo
1059 2841 1137 2860 antea

179 2864 273 2903 υῑ111111ἲ
285 2865 385 2899 reposui
396 2872 521 2898 temporum
533 2885 541 2898 ‚
560 2866 652 2892 iisdem
665 2866 738 2893 libris
749 2866 911 2895 auSioribus.
933 2869 1000 2896 malt·
1010 2869 1135 2897 haetenus

178 2905 224 2924 um
228 2906 284 2924 θοι-’11
289 2919 294 2924 .

219 2943 244 2968 5,
258 2938 307 2960 Hic.-
317 2944 404 2969 quoque
414 2937 541 2972 censetur]
556 2938 597 2964 Ita
608 2939 717 2965 Gruter-i
731 2938 776 2965 ms.
788 2948 872 2976 neque
882 2940 960 2967 aliter
970 2940 1052 2967 editio
1081 2942 1136 2969 rin-

178 2979 249 3006 ceps.
270 2980 328 2996 11ε1111
343 2972 422 2997 ceteri
436 2972 491 2998 inss'.
503 2973 580 2999 nostri
593 2973 648 3000 fere
660 2975 756 3001 liabent
775 2977 855 3009 crist-it
868 2980 953 3008 oratio,
964 2986 1057 3013 querna
1079 2988 1136 3004 mo-
1157 2973 1158 2984 ¹

179 3005 242 3032 dum
256 3006 372 3039 vulgata.
393 3007 493 3044 inepte,
504 3017 574 3035 cert-‚-
588 3010 661 3036 nullo
674 3011 764 3046 lepore
776 3021 783 3041 ;
806 3019 835 3038 ut
846 3012 937 3039 multis
949 3014 1078 3050 exemplis
1089 3014 1135 3040 fir-

179 3050 235 3068 mat
247 3042 407 3069 Gulielmius
421 3063 428 3075 ‚
452 3044 509 3070 heic
522 3044 612 3072 odiose
623 3046 809 3082 producendis.
829 3049 915 3082 censiti
932 3050 1003 3076 enim
1022 3050 1057 3077 est
1068 3051 1135 3078 aesti-

179 3079 259 3107 mari,
270 3079 296 3104 in
308 3079 394 3115 pretio
411 3078 509 3106 haberi.

212 3122 240 3148 6.
260 3126 328 3149 Hanc
338 3124 601 3159 animadversionem]
623 3126 732 3153 Secutus
745 3127 798 3154 sum
818 3129 902 3164 apices
923 3129 1074 3156 litterarum
1086 3130 1136 3157 Pa-

1158 3003 1160 3016 l

1157 3038 1158 3050 l

1869 2483 1887 2490 A

1177 2510 1204 2534 &
1216 2509 1241 2535 in
1253 2509 1318 2535 olim
1330 2510 1405 2536 cusis.
1425 2518 1485 2536 nam
1497 2509 1567 2545 quod
1579 2509 1656 2535 hodie
1674 2510 1700 2536 in
1714 2509 1786 2536 libris
1805 2510 1905 2537 habitat
1917 2530 1924 2542 ,
1943 2513 2018 2536 {mimi
2027 2513 2135 2545 remiffio·

1176 2555 1238 2576 nem,
1250 2546 1285 2572 est
1296 2546 1465 2579 conjectancu
1471 2555 1494 2571 111
1508 2548 1576 2572 Lar..
1588 2545 1733 2572 Bonamici.
1744 2548 1866 2573 Muretus
1878 2546 1972 2573 maluit
1982 2549 2132 2581 maistam-m,

1175 2581 1312 2616 quomodo
1322 2582 1358 2608 est
1369 2583 1433 2608 item
1444 2583 1470 2608 in
1482 2591 1534 2608 uno
1544 2581 1640 2618 scripto
1651 2582 1765 2616 Cujacii.
1778 2581 1820 2608 sed
1831 2582 1897 2609 bene
1907 2589 2055 2619 propugnat
2065 2582 2134 2610 illud

1178 2618 1294 2644 nostrum
1308 2618 1484 2644 1’.Vi6toi·ius
1497 2617 1543 2644 lib.
1556 2627 1639 2644 xxxx.
1653 2627 1710 2653 cap.
1721 2626 1749 2652 7.
1769 2619 1814 2653 qui
1826 2618 1988 2645 consulatur.

1209 2662 1236 2688 7.
1257 2655 1454 2688 <amala-scentiam
1471 2654 1571 2688 agunt]
1593 2655 1636 2680 Sic
1647 2655 1736 2689 reponi
1753 2654 1828 2688 jussit
1848 2657 1970 2682 Muretus
1991 2655 2059 2681 libro
2073 2655 2131 2682 xt'r'.

1175 2691 1238 2716 Var.
1251 2689 1315 2716 leet.
1325 2700 1430 2727 (Ἶφις.
1441 2691 1468 2716 ὃς
1478 2698 1538 2717 ante
1549 2699 1608 2717 eum
1622 2689 2017 2718 Ρ.ὶ”1ξὶο1·1113111>.κκν1.γαπ.
2028 2699 2131 2727 capaff.

1175 2735 1260 2761 neque
1271 2726 1349 2753 aliter
1361 2727 1485 2753 vetustius
1496 2725 1574 2758 editi,
1585 2727 1727 2762 omnesque
1737 2726 1795 2753 mss'.
1808 2727 1887 2753 nostri
1906 2727 2067 2754 recentiores
2078 2727 2131 2753 cri-

1175 2762 1218 2787 tici
1232 2762 1476 2794 nialuorunt‚a!unt.
1490 2763 1576 2789 minus
1588 2762 1661 2789 reste
1672 2761 1713 2789 scd
1723 2772 1764 2788 nec
1774 2770 1847 2796 agunt
1856 2763 1956 2799 placuit
1967 2763 2131 2794 Gulielrnio,

1174 2798 1286 2825 malebat
1297 2799 1367 2826 enim
1377 2807 1467 2826 acuunt
1479 2818 1487 2831 ,
1506 2791 1613 2834 egregia
1622 2798 1783 2832 majanum.
1803 2808 1846 2825 cos
1857 2799 1927 2825 enim
1937 2797 2132 2825 adolescentum

1177 2834 1285 2861 litterae.
1305 2835 1336 2862 iis
1348 2834 1468 2862 enitescit
1478 2835 1579 2870 ingenii
1591 2833 1803 2866 nativaindoles,
1814 2834 1891 2860 hebes
1903 2834 1979 2860 alifis.

1212 2870 1238 2897 8.
1258 2872 1306 2904 Q!
1316 2881 1367 2896 cum
1377 2871 1643 2906 uffetsknescmortuus]
1665 2870 1824 2903 Maluissem,
1837 2873 1877 2905 qui
1886 2871 1925 2905 ²!st
1933 2871 2019 2904 finex,
2029 2869 2130 2897 duabus

1173 2906 1231 2933 aliis
1244 2907 1348 2933 vocibus
1364 2908 1484 2934 remotis.

1209 2952 1238 2978 9.
1258 2945 1345 2969 Divino
1354 2944 1452 2978 quodam
1456 2945 1546 2977 spiritu
1554 2943 1664 2977 inflari]
1688 2942 1731 2969 Est
1742 2943 1757 2968 ii
1767 2941 1825 2969 mss‘.
1837 2942 1929 2970 nostris
1940 2941 2060 2971 omnibus
2073 2951 2081 2973 ;
2101 2942 2130 2969 δε

1174 2982 1200 3009 id
1212 2984 1318 3020 propius
1329 2984 1361 3011 ad
1373 2985 1425 3012 vini
1438 2983 1524 3013 Graeci
1535 2983 1607 3011 verbi
1618 2978 1800 3021 ὀνθκωοίζεοῧς
1809 3002 1818 3017 ‚
1840 2984 1920 3020 quam
1931 2982 2001 3019 quod
2013 2983 2131 3020 publica-

1174 3031 1219 3050 tur
1231 3027 1323 3057 afflari.

1215 3068 1255 3086 10.
1275 3060 1433 3086 Commendat
1441 3060 1503 3085 nobis
1513 3059 1554 3092 effe
1562 3059 1719 3093 videar-run]
1743 3057 1849 3085 Accede
1861 3059 2048 3087 Gulielmianae
2067 3069 2132 3087 con-

1170 3094 1295 3128 jectum,
1306 3096 1449 3121 commodari.
1468 3104 1526 3132 quae
1537 3104 1588 3122 vox
1600 3093 1688 3131 (ξι-131115
1699 3095 1825 3130 migravit
1835 3095 1861 3122 in
1872 3095 1994 3128 alteram,
2006 3103 2035 3122 ut
2044 3095 2132 3132 pluri·
2168 3114 2177 3118 —

218 3157 222 3162 ,
247 3158 250 3162 ,
320 3160 323 3164 ,
383 3160 387 3164 ,
614 3162 618 3165 ,
1155 3156 1156 3160 ,
1175 3130 1222 3157 bus
1233 3131 1333 3158 ostendi
1344 3138 1404 3158 ante
1415 3140 1498 3158 xxiv,
1508 3131 1564 3158 fere
1574 3141 1655 3161 minos
1666 3150 1674 3165 ‚
1694 3132 1722 3159 'm
1732 3131 2012 3161 Auiuiadverlionibus
2023 3141 2087 3158 meis
2098 3130 2131 3158 ad

175 3156 253 3186 latnu
264 3167 338 3192 noni,
349 3169 389 3187 cui
401 3159 528 3188 accedunt
538 3169 621 3189 ceteri
634 3181 642 3195 ‚
660 3163 688 3190 in
700 3163 794 3198 quibus
804 3165 1026 3201 animadvefionm
1037 3186 1046 3200 ‚
1065 3166 1136 3203 quod
1153 3175 1156 3202 1
1177 3168 1302 3195 Senecam
1312 3167 1512 3203 Philosophum.

2022 3211 2033 3229 1
2040 3222 2047 3229 .
2063 3205 2130 3228 Saxa
