2337 3400
65 95 161 161 968
358 93 554 139 Conn-
595 85 739 134 Nae.
787 79 949 128 T1'r1
996 68 1188 128 Peme.
1234 77 1485 126 Auunci
1530 76 1735 133 v1'vA‘.

67 186 141 208 num
152 173 330 216 prorupitmt
339 177 475 201 extremo
484 173 618 205 tempore
627 172 678 203 per
688 160 810 195 lumbos
821 158 916 191 fistula
925 165 1019 197 putris

66 220 204 257 eruperit.
225 222 310 253 atque
329 215 340 231 ¹
366 218 450 239 antea
461 206 585 248 quidem
598 204 695 234 morbi
708 203 938 232 diuturnitatem
951 207 1022 228 mo-

69 259 141 291 leste
159 255 280 287 ferebat,
296 250 380 292 prius
391 250 480 290 quam
496 249 553 278 hoc
563 245 762 275 ciacc'iderct:
780 241 846 282 post
869 250 937 287 uam
949 238 1020 270 verb

69 303 103 330 in
130 299 192 328 dies
209 295 326 326 dolores
353 290 530 321 accrescere,
563 290 578 307 ²
596 285 748 327 febresque
765 293 830 314 acce
855 282 907 312 isse
924 280 1022 315 senfin

71 342 230 381 Agrippam
252 342 396 376 generum
420 330 456 361 ad
475 330 503 359 se
522 332 534 356 3
555 324 789 366 accersirijuffit‚
814 325 924 356 &cum
935 325 1021 371 ‹eo-L.

70 380 245 412 Cornelium
259 375 394 406 Balbum,
404 375 589 411 semumque
600 368 778 399 Peduceum.
802 368 857 397 hos
869 374 901 396 ut
910 362 1024 413 yemsse

71 421 149 452 vidit
158 440 166 456 ,
179 422 210 449 in
221 418 356 449 cubitum
368 416 468 444 nixus.
481 414 631 453 Qantam
642 430 650 444 ,
663 411 772 450 inquit,
781 417 883 439 curam
893 407 1025 454 diligen-

71 466 202 502 tiamque
220 461 252 489 in
270 456 436 488 valitudine
456 464 521 484 mea
538 452 649 483 tuenda
668 453 725 481 hoc
734 459 869 491 tempore
879 448 1025 480 adhibue-

70 507 130 536 rim
142 523 150 536 ,
173 501 244 532 cum
265 508 318 530 vos
336 497 422 528 testes
440 496 563 526 habeam
576 514 584 528 ,
606 498 625 520 4-
643 493 720 523 nihil
735 502 810 533 opus
828 490 870 522 est
887 490 1024 537 pluribus

71 545 172 576 verbis
183 549 436 574 commemorare:
452 537 561 580 quibus
572 537 718 576 quoniam
733 544 765 564 ut
774 534 870 574 spero,
886 530 1023 566 satisfeci,

72 597 122 620 me
142 585 218 617 nihil
232 578 447 623 reliquifecifl'e
457 599 465 612 ,
487 577 570 620 quod
578 577 613 608 ad
624 575 786 607 sanandum
798 585 846 606 me
856 576 1024 615 pertineret:

70 629 221 668 reliquum
241 623 301 658 est,
320 631 353 653 ut
371 630 492 662 egomet
508 619 760 650 mihiconsulam.
784 617 814 647 id
825 626 880 648 vos
890 617 1026 657 ignor-are

73 670 173 701 nolui.
196 676 266 697 nam
285 665 364 695 mihi
383 663 455 696 stat,
474 662 550 692 alere
569 660 712 691 morbum
734 658 874 689 desinere.
895 665 1025 698 namque

73 713 121 743 his
142 709 248 741 diebus
289 704 415 746 uidquid
432 703 493 736 cibi
511 701 600 739 sumsi
620 721 630 737 ,
649 703 690 731 ita
704 700 836 742 produxi
853 700 947 730 vitam
959 718 967 733 ,
993 706 1025 727 ut

73 753 209 784 auxerim
228 749 268 780 do
282 748 349 778 ores'
372 745 431 776 fine
441 745 491 785 spe
505 744 612 777 salutis.
635 742 847 784 quai-cavebis
855 750 945 782 peto,
965 740 1027 780 pri-

74 793 163 825 mum
185 800 218 822 ut
239 787 399 822 consilium
417 786 549 829 probetis
563 794 669 816 meum
696 796 706 820 3
736 783 846 819 deinde
866 792 904 814 ne
922 780 1028 812 frustra

114 914 138 931 ι.
159 910 236 933 Antea
244 905 335 940 quidem
344 905 416 931 morbi
424 906 607 931 diuturnitatem
623 904 708 938 mokste
721 903 840 942 [enham]
864 903 929 931 Haec
939 902 1029 931 omnia

76 941 156 969 verba
164 942 258 970 desunt
269 942 294 968 in
310 941 435 977 vulgatis.

110 985 139 1003 2.
158 977 307 1012 Fabresquc]
331 977 559 1013 Vulg.fcl1remquc.

113 1020 142 1048 3.
160 1014 300 1050 Accwfiri.]
322 1012 402 1041 Liber
413 1010 631 1046 Gifauiifflcceifi.

1058 155 1245 189 dehortando
1262 158 1430 188 conemini.
1454 160 1644 194 {iactatione
1652 161 1751 195 habita
1762 179 1771 196 2
1789 166 1868 196 tanta
1877 158 2016 196 constan·

1060 201 1101 230 tia
1122 200 1205 230 vocis
1223 206 1309 239 atque
1327 199 1428 228 vultus
1439 219 1448 232 .
1469 209 1502 230 ut
1519 210 1583 233 non
1604 212 1644 234 ex
1663 206 1723 234 vita
1735 200 1816 238 ‚Jsed
1829 213 1868 234 ex
1878 203 1974 235 domo
1982 205 2018 234 in

1063 241 1194 271 domurn
1214 241 1365 270 videretur
1382 241 1509 280 migrare
1529 253 1539 276 5
1559 242 1630 275 cum
1674 244 1776 277 uidem
1797 247 1925 286 Agrippa
1943 253 2018 279 eum

1065 282 1144 312 flens
1156 302 1165 315 ‚
1175 290 1262 323 atque
1271 281 1408 312 oscuians
1418 290 1513 312 oraret
1521 291 1548 313 at
1571 293 1606 314 ue
1617 285 1659 315 ob
1673 295 1780 317 ecraret
1789 306 1797 320 ,
1809 290 1823 314 5
1834 287 1925 320 neid,
1935 285 2018 328 quod

1067 333 1170 354 natura
1180 332 1297 364 cogeret
1310 343 1319 356 ‚
1343 323 1405 363 ipse
1419 332 1538 364 quoque
1560 324 1602 355 ibi
1614 327 1784 362 acceleraret
1791 340 1801 363 ;
1819 323 2019 369 &‚quoniarn

1067 374 1132 396 tum
1146 375 1267 406 quoque
1279 363 1375 405 posset
1387 364 1572 405 temporibus
1582 366 1744 410 superesse,
1766 369 1795 399 se
1804 368 1876 403 sibi,
1903 370 1966 400 suis
1981 379 2019 400 ue

1067 407 1235 440 reservarem
1245 415 1344 446 preces
1354 406 1379 442 ei
1384 415 1417 436 us
1427 407 1572 438 taciturna
1583 406 1631 437 sua
1639 407 1864 441 obstinatione⁶
1872 411 1959 451 depre
1995 419 2020 440 t.

1067 447 1105 479 fic
1123 458 1192 479 cum
1203 448 1331 478 biduum
1341 447 1411 478 cibo
1421 447 1448 477 se
1461 446 1646 483 abstinuiffet
1656 468 1673 483 ‚.
1683 450 1780 480 subito
1791 451 1883 490 febris
1891 450 2021 486 deceffir,

1068 490 1222 531 leviorque
1244 488 1369 519 morbus
1387 487 1444 525 esse
1461 491 1571 530 coepit:
1591 498 1693 521 tamen
1711 491 1895 531 propositum
1918 494 2019 524 nihilo

1067 532 1159 562 secius
1178 533 1298 572 peregit.
1317 532 1413 572 itaque
1433 530 1483 561 die
1500 532 1608 572 quinto
1629 531 1785 573 postquam
1806 533 1837 564 id
1859 533 2023 566 confilium

1066 575 1193 607 inierat,
1211 572 1306 612 pridie
1323 573 1389 602 Kal.
1410 573 1505 612 April.
1524 574 1582 603 Cn.
1602 576 1764 608 Domitio,
1788 577 1821 605 C.
1847 575 1928 605 Sosio
1939 585 2023 606 coss.

1067 612 1194 645 deceffit.
1218 612 1571 648 elatusestinlefficula,
1592 624 1625 645 ut
1635 616 1696 655 ipse
1710 616 1824 655 praescri
1849 616 1938 650 serat‘,
1962 615 2023 647 fine

1069 656 1129 686 ulla
1146 665 1258 698 pompa
1276 654 1410 689 funem,
1437 657 1653 691 comitantibus
1673 657 1818 687 omnibus
1855 659 1941 691 onis,
1959 667 2026 688 ma·-

1067 699 1150 728 xima
1168 697 1251 739 vulgi
1270 696 1446 737 frequentia.
1467 697 1599 738 sepultus
1614 697 1658 729 est
1680 699 1766 738 juxta
1783 700 1862 734 viam
1881 700 2025 739 Appiam,

1067 739 1255 812 ²}dSUfflW111
1264 738 1393 780 lapidem
1412 740 1465 774 3in
1474 748 1677 771 monumento
1685 741 1844 783 Qqaecilii
1854 760 1863 776 ‚
1881 741 2026 775 avunculi

1087 791 1126 812 ui.

1112 908 1141 934 4.
1163 902 1294 933 Nihilopus
1303 899 1364 934 effi]
1385 899 1468 926 Liber
1481 900 1595 932 Gifanii,
1605 901 1754 936 nihilnectffi
1763 901 1803 934 el&

1114 946 1128 970 5
1135 957 1141 963 .
1161 941 1206 967 Ne,
1217 936 1294 967 adid,
1302 935 1387 971 quod]
1410 936 1512 972 Vulgo,
1521 945 1550 962 ne
1557 937 1584 963 id
1591 937 1660 972 quod.

1112 973 1141 1002 6.
1159 972 1293 1017 Del'f‘ffi‘x]
1313 972 1395 1009 Vulg.
1405 974 1535 1008 comprffc.

1791 2709 2040 2764 MARCI
