2337 3400
113 1548 158 1574 12

160 183 261 243 664
557 171 1059 224 Μ.Τυιῑ,ῐι

161 273 230 294 rum
243 261 275 291 δε
285 260 420 301 gentium
431 257 574 298 principis
585 266 590 285 ·.
601 254 722 286 alterius
731 273 740 288 ,
748 251 930 293 jampridem
943 249 1119 285 iuventutis,

164 305 299 334 celeriter
312 306 356 339 (ut
366 301 460 341 spero)
470 300 607 330 civitatis.
632 300 678 327 De
691 296 883 325 mercenariis
897 292 1020 322 testibus
1033 291 1049 322 a
1063 291 1122 321 suis

167 345 339 375 civitatibus
356 342 498 372 notandis
509 361 518 375 ‚
538 338 592 371 nisi
608 342 667 376 iam
682 337 795 368 faelium
806 334 919 376 aliquid
930 333 972 364 est
982 343 1033 373 per
1043 333 1124 363 Flac-

166 396 236 416 cum
249 405 256 417 ‚
270 384 319 414 fiet
329 384 345 414 a
356 394 416 418 me,
427 394 497 414 cum
508 393 558 423 per
568 381 666 412 Asiam
676 380 816 410 decedam
825 399 832 406 .
855 380 947 407 Nunc
957 376 991 405 ad
1003 375 1124 405 alteram

166 426 323 467 epistolam
346 428 449 456 venio.
473 424 564 465 Qiod
575 424 610 454 ad
622 434 670 453 me
680 420 759 463 quasi
768 421 899 450 sormam
910 417 1126 464 communium

167 478 340 509 temporum
353 488 360 502 ,
375 468 407 497 δε
417 469 508 498 totius
520 469 592 506 reip.
604 463 708 495 misisti
719 461 883 503 expressam
896 471 900 489 z
911 459 1069 501 prudentia
1080 459 1130 488 lit-

168 520 296 541 terarum
307 519 424 540 tuarum
439 509 524 540 vaide
538 509 616 538 mihi
633 506 676 537 est
689 515 775 547 grata.
798 503 897 534 Video
908 504 992 532 enim
1005 502 1038 531 &
1051 502 1128 541 peri-

167 552 359 583 culaleviora
369 571 378 585 ,
397 552 490 592 quam
509 549 654 580 timebam
666 568 675 582 ,
694 548 728 578 &
738 547 851 585 maiora
860 542 1009 585 praesidia,
1032 541 1051 572 si
1062 545 1129 583 qui—

168 594 241 624 dem
251 595 296 633 (ut
306 593 421 634 scribis)
429 602 538 623 omnes
548 601 625 621 vires
635 591 762 621 civitatis
773 588 800 619 se
809 588 844 618 ad
853 588 991 626 Pompeii
1001 584 1128 616 dublum

164 637 400 676 applicaverunt.
424 644 569 675 tuumque
581 632 669 663 simul
682 639 838 672 promtum
852 631 992 660 animum
1004 647 1012 661 ‚
1031 627 1064 658 δε
1073 627 1132 657 ala-

168 688 252 709 crem
269 678 404 718 perspexi
422 677 459 707 ad
475 675 696 707 defendendam
715 683 809 712 remp.
826 669 1046 711 mirificamque
1064 669 1131 709 cepi

168 720 356 760 voluptatem
367 729 404 749 ex
416 720 469 749 hac
479 728 528 749 tua
538 718 697 759 deligentia
707 735 716 750 ,
735 713 818 756 quod
829 716 861 744 in
873 714 1000 744 summis
1011 713 1069 741 tuis
1080 721 1131 755 oc·-

169 762 383 802 cupationibus
394 781 402 795 ,
423 762 504 792 mihi
521 769 622 791 tamen
638 760 710 798 reip.
724 757 829 788 statum
845 766 896 796 per
910 765 937 785 te
952 763 1061 784 notum
1072 751 1130 782 este

168 802 306 834 voluisti.
322 806 402 834 Nam
411 803 574 844 auguraleis
586 801 679 831 libros
689 800 724 830 ad
733 807 899 830 commune
911 796 1064 842 utriusque
1074 805 1131 824 no-

170 845 265 877 strum
277 847 375 875 otium
385 846 476 876 serva.
501 847 565 886 Ego
575 845 658 873 enim
669 862 678 876 ‚
699 842 715 871 a
733 850 759 870 te
779 840 851 870 cum
867 848 916 869 tua
929 836 1070 883 promissa
1080 846 1132 876 per

169 889 283 918 litteras
294 886 512 929 flagitabam,ad
523 886 629 916 urbem
640 894 668 914 te
678 881 887 914 otiosissimum
899 879 957 910 esse
966 878 1132 909 arbitrabar.

169 940 255 961 nunc
265 939 366 960 tamen
378 950 387 962 ,
399 938 431 960 ut
442 930 505 969 ipse
513 927 666 968 polliceris
676 945 684 959 ,
696 935 750 965 pro
761 922 948 964 auguralibus
959 921 1055 954 libris,
1067 930 1132 950 ora-

172 974 275 1002 tiones
295 981 357 1002 tuas
376 970 527 1002 confeeffas
546 970 668 999 omneis
686 966 873 1006 exspectabo.
906 963 1030 994 Tullius
1048 982 1057 996 ‚
1083 963 1133 992 cui

172 1013 311 1045 mandata
322 1013 356 1044 ad
373 1023 423 1042 me
436 1011 544 1042 dedisti
555 1031 563 1044 ‚
583 1019 647 1040 non
656 1016 837 1040 convenerat
849 1016 916 1036 me:
936 1015 992 1035 nec
1002 1005 1131 1044 eratjam

172 1056 330 1097 quisquam
341 1065 461 1085 mecum
473 1063 594 1084 tuorum
606 1074 615 1085 ,
634 1060 739 1092 praeter
747 1050 869 1081 omneis
881 1057 964 1078 meos
975 1067 984 1081 ‚
1003 1049 1055 1088 qui
1065 1046 1134 1091 sunt

173 1101 296 1129 omneis
308 1099 359 1128 tui.
384 1093 635 1127 Stomachosiores
653 1102 735 1123 meas
751 1093 861 1122 litteras
877 1100 950 1132 quas
966 1089 1045 1119 dicas
1061 1086 1130 1120 esse,

173 1150 239 1171 non
255 1140 403 1180 intelligo.
427 1138 474 1168 bis
486 1137 521 1167 ad
535 1147 562 1167 te
577 1134 674 1176 scripsi
685 1155 693 1169 ‚
712 1145 762 1164 me
771 1143 897 1175 purgans
908 1131 1084 1202 dilig-enter:
1103 1138 1132 1159 te

173 1182 280 1212 leviter
295 1181 432 1211 accusans
447 1182 479 1209 in
493 1189 530 1209 eo
543 1199 550 1213 ,
573 1177 658 1219 quod
667 1177 704 1207 de
715 1187 763 1206 me
771 1179 833 1207 cito
842 1173 957 1206 credidi
984 1183 1029 1203 es:
1050 1169 1132 1217 quod

173 1233 270 1266 genus
286 1223 414 1264 querelae
431 1222 508 1252 mihi
521 1221 646 1262 quidem
661 1215 880 1249 videbaturess'e
890 1217 992 1246 amici.
1014 1216 1066 1244 Sin
1077 1211 1133 1242 tibi

173 1265 324 1305 displicet„
335 1274 400 1295 non
411 1273 474 1295 utar
483 1274 521 1294 eo
530 1261 661 1304 posthac.
683 1259 739 1292 Sed
749 1259 769 1290 si
779 1280 788 1294 ,
802 1268 834 1289 ut
843 1258 946 1289 scribis
955 1276 963 1289 ,
978 1257 1023 1286 ha:
1031 1255 1135 1301 litterae

174 1317 239 1337 non
252 1307 375 1337 fuerunt
387 1306 501 1337 disertae
514 1326 522 1339 ,
544 1305 617 1336 scito
627 1313 708 1334 meas
719 1311 783 1332 non
797 1298 894 1331 fuisse.
917 1302 961 1329 Ut
972 1299 1055 1327 enim
1068 1299 1136 1325 Ari-

173 1348 305 1379 starchus
315 1350 445 1379 Homeri
457 1347 577 1378 versum
592 1354 698 1388 negat,
717 1353 810 1386 quem
829 1352 893 1372 non
911 1339 1034 1380 probat:
1055 1336 1134 1368 fictu

172 1390 260 1430 (libet
268 1392 353 1425 enim
366 1391 444 1420 mihi
451 1390 558 1430 jocari)
574 1387 656 1430 quod
670 1386 815 1417 disertum
828 1393 893 1414 non
906 1384 963 1412 erit
975 1402 984 1416 .
1003 1391 1041 1411 ne
1052 1389 1137 1420 puta-

172 1435 216 1462 ris
226 1442 341 1463 meum.
365 1433 438 1462 Vale
449 1453 457 1466 ,
470 1432 502 1463 &
513 1433 545 1462 in
557 1430 679 1461 censura
689 1449 697 1464 ‚
708 1426 729 1458 fi
739 1428 798 1464 iam
808 1436 841 1457 es
851 1424 955 1457 censor
963 1444 973 1459 ‚
985 1422 1031 1464 (ut
1040 1422 1136 1463 spero)

173 1474 212 1506 de
221 1484 333 1516 proavo
344 1474 478 1505 multum
488 1475 618 1515 cogitato
630 1482 693 1502 tuo.

348 1535 490 1564 M.T.c.
514 1534 632 1563 APPIO
653 1531 867 1562 PULCHRO,
890 1529 970 1558 s.D.

179 1581 480 1660 GRATULABOR
498 1583 552 1613 tibi
567 1580 664 1623 prius:
679 1580 732 1620 (ita
741 1580 827 1610 enim
837 1587 937 1609 rerum
948 1574 1025 1607 ordo
1034 1573 1137 1615 postu-

268 1627 318 1668 lat)
335 1625 444 1656 deinde
462 1625 497 1655 ad
516 1635 566 1654 me
584 1631 749 1653 convertar.
772 1624 836 1662 Ego
851 1618 924 1650 verb
942 1619 1137 1650 vehementer

177 1669 309 1711 gratulor
325 1667 362 1698 de
379 1667 495 1707 judicio
511 1666 659 1696 ambitus:
678 1674 774 1705 neque
788 1663 818 1693 id
831 1682 839 1697 ‚
859 1660 941 1703 quod
954 1657 1138 1691 neminidu-

177 1712 268 1742 bium
279 1710 336 1741 fuit
347 1731 356 1744 ,
371 1709 542 1740 absolutum
552 1705 610 1738 effe
621 1715 649 1738 te
661 1717 666 1736 z
688 1706 738 1737 sed
747 1704 824 1735 illud
834 1724 842 1739 ,
861 1702 960 1745 quod,
978 1711 1040 1743 quo
1051 1720 1059 1735 ‚
1073 1709 1139 1730 me-

179 1753 241 1783 lior
249 1754 324 1782 civis
335 1771 343 1785 ‚
357 1755 366 1771 ¹
378 1761 440 1794 quo
452 1753 498 1781 vir
507 1751 614 1780 clarior
624 1769 633 1783 ‚
643 1758 705 1790 quo
713 1746 824 1778 fortior
831 1754 945 1777 amicus
955 1752 985 1774 es
998 1763 1006 1778 ‚
1018 1751 1139 1789 quoque

178 1795 264 1836 plura
272 1794 393 1824 virtutis
404 1813 413 1826 ,
435 1793 468 1823 &
479 1790 631 1822 industriae
645 1798 821 1820 ornamenta
835 1792 869 1818 in
885 1796 914 1818 te
926 1787 1011 1820 sunt,
1032 1795 1070 1815 eo
1079 1793 1141 1813 rni-

178 1836 306 1866 randum
322 1834 365 1865 est
378 1836 471 1875 magis
482 1854 491 1868 ,
512 1833 629 1864 nullam
647 1842 685 1863 ne
702 1833 735 1862 in
753 1831 869 1862 tabellae
887 1828 1012 1871 quidem
1030 1825 1141 1856 latebra

178 1876 266 1909 fuisse
277 1876 480 1907 absconditam
494 1875 732 1905 malivolentiam
744 1892 753 1907 ,
772 1882 838 1914 quae
853 1882 881 1902 te
896 1874 1072 1910 impugnare
1089 1877 1140 1897 au-

178 1919 262 1950 deret
274 1930 278 1947 :
299 1929 363 1949 non
374 1919 484 1948 horum
496 1926 670 1957 temporum
683 1935 692 1950 ‚
709 1925 773 1945 non
782 1917 892 1944 horum
903 1913 1068 1942 hominurn
1079 1928 1087 1943 ‚
1099 1917 1143 1938 at-

177 1971 237 2003 que
247 1970 370 1991 morum
381 1969 538 2002 negotium
551 1969 557 1988 z
581 1958 661 1988 nihil
676 1959 739 1997 jam
759 1957 823 1987 sum
845 1954 963 1995 pridem
982 1952 1143 1983 admiratus

180 2004 288 2045 magis.
312 2005 360 2032 De
371 2012 420 2032 me
430 2010 529 2032 autem
544 2022 551 2034 ,
572 2000 683 2040 suscipe
692 1999 855 2040 paullisper
868 2005 949 2026 meas
962 1995 1067 2035 parteis
1079 2012 1088 2026 ,
1108 1991 1142 2022 &

183 2055 256 2076 eum
267 2054 295 2074 te
306 2043 362 2074 esse
373 2043 451 2085 finge
460 2064 469 2078 ,
480 2045 532 2086 qui
544 2042 610 2073 sum
623 2051 678 2083 ego
690 2052 695 2070 :
713 2039 733 2070 si
744 2039 831 2071 facile
842 2039 994 2069 inveneris
1003 2035 1085 2077 quod
1095 2034 1143 2064 di-

181 2097 230 2117 cas
242 2107 250 2121 ‚
263 2087 327 2116 noli
337 2087 487 2128 ignoscere
498 2083 675 2116 haesitationi
687 2093 771 2113 meae.
790 2085 853 2123 Ego
863 2079 935 2111 vero
947 2078 1042 2108 velim
1053 2077 1143 2110 inihi,

183 2129 357 2170 Tulliaeque
368 2137 441 2159 meae
452 2127 536 2166 (ficut
546 2136 577 2157 tu
586 2124 764 2157 amicissime
778 2145 787 2156 ,
808 2125 841 2154 &
861 2119 1028 2153 suavissime
1047 2119 1144 2159 optas)

182 2171 320 2211 prospere
332 2172 452 2199 evenire
463 2179 496 2200 ea
507 2190 515 2202 ,
527 2179 593 2210 quae
603 2188 612 2202 ,
624 2178 674 2198 rne
685 2168 830 2198 insciente
839 2185 848 2199 ‚
858 2164 934 2195 facea
945 2164 1012 2193 sunt
1020 2161 1036 2192 a
1046 2163 1123 2191 meis
1137 2171 1143 2190 :

157 2220 159 2222 ’
183 2212 284 2243 sedita
294 2211 427 2242 cecidisse
439 2231 447 2245 ,
468 2220 500 2242 ut
515 2218 671 2251 agerentur
688 2219 725 2239 eo
740 2217 875 2248 tempore
885 2226 895 2241 ,
917 2206 999 2246 spero
1010 2205 1144 2234 omnino

182 2264 254 2285 cum
266 2253 364 2294 aliqua
371 2253 511 2284 felicitate
521 2274 530 2286 ,
544 2254 575 2283 Sc
585 2262 664 2292 opto.
689 2258 899 2281 verumtamen
909 2249 975 2288 plus
987 2256 1037 2276 me
1046 2247 1079 2275 in
1090 2246 1144 2275 hac

183 2297 252 2337 spe,
272 2304 321 2325 tua
342 2295 482 2335 sapientia
498 2296 531 2324 ὃς
542 2295 714 2324 humanitas
722 2292 911 2323 consolatur,
930 2289 1020 2330 quam
1032 2297 1143 2328 oppor-

184 2339 296 2369 trinitas
306 2340 460 2377 temporis.
482 2339 583 2377 Itaque
595 2355 603 2369 ,
623 2333 883 2376 quemadmodum
898 2330 1060 2371 expediam
1076 2330 1143 2359 exi-

185 2390 252 2411 tum
272 2380 360 2418 hujus
378 2379 521 2409 institutae
539 2378 684 2407 orationis
694 2397 702 2410 ,
722 2385 786 2405 non
799 2375 924 2414 reperio.
950 2382 1045 2412 neque
1055 2373 1141 2400 enirn

186 2420 297 2453 tristius
308 2421 404 2451 dicere
413 2419 578 2462 quidquam
589 2418 685 2449 debeo
694 2427 728 2448 ea
737 2416 773 2446 de
783 2426 813 2445 re
825 2436 832 2450 ,
844 2423 935 2455 quam
948 2422 979 2443 tu
989 2412 1050 2453 ipse
1061 2413 1142 2441 omi-

186 2463 278 2496 nibus
286 2464 413 2505 optimis
421 2461 616 2504 prosequeris.
637 2469 736 2502 neque
754 2467 819 2490 non
837 2465 888 2487 me
904 2464 1006 2487 tamen
1023 2453 1143 2484 mordet

231 2643 304 2673 [9410
313 2643 355 2667 vir
365 2638 478 2672 clarium]
484 2638 576 2665 Peckii
587 2637 654 2665 liber
667 2638 730 2672 (quo
741 2644 799 2662 cum
812 2633 961 2662 consensisse
972 2624 1153 2668 Pn1.pr.v'ide‘-
1174 2654 1175 2669 χ

193 2684 220 2703 re
233 2677 323 2702 videor
333 2685 366 2702 ex
377 2675 473 2707 rasuraf
485 2675 621 2709 industrior.
638 2673 707 2700 unde
717 2672 881 2699 Gulielmius
893 2670 997 2696 volebat
1007 2668 1135 2701 inlustrior.

231 2722 258 2739 ἰ-
278 2714 328 2741 <Ab
339 2713 393 2739 altis
402 2712 442 2748 effe
448 2712 540 2747 gesta]
562 2712 604 2741 Ita
614 2709 682 2739 Pall.
693 2709 742 2738 lec.
753 2715 843 2746 quart.
853 2707 942 2744 quint.
953 2705 1040 2735 Vatic.
1050 2701 1155 2733 Viklor.

1137 168 1684 218 CicER0N1s

1160 248 1276 290 aliquid
1291 259 1296 278 ε
1317 249 1349 278 in
1359 258 1419 289 quo
1430 259 1526 280 unum
1536 259 1658 286 vereor,
1679 261 1718 282 ne
1735 259 1766 282 tu
1783 250 1890 292 parum
1903 250 2122 293 perspiciasea,

1165 301 1230 333 quae
1248 291 1327 332 gesta
1343 291 1410 321 sunt
1421 311 1429 325 ‚
1447 294 1462 311 ²
1473 292 1510 321 ab
1521 293 1586 322 aliis
1598 292 1657 324 esse
1668 293 1746 339 gesta
1759 314 1766 327 .
1786 294 1895 335 quibus
1908 304 1964 335 ego
1979 296 2019 325 ita
2034 305 2124 325 man-

1165 335 1264 364 daram
1275 353 1283 367 ‚
1304 342 1337 362 ut
1347 352 1356 366 ,
1373 332 1445 363 cum
1455 341 1519 363 tarn
1531 334 1619 376 longe
1630 336 1784 366 abfuturus
1793 334 1884 366 essem
1895 356 1904 369 ‚
1922 336 1957 366 ad
1969 346 2020 367 me
2030 346 2068 366 ne
2078 346 2125 367 re-

1167 375 1278 406 ferrent
1288 385 1293 403 ε
1304 384 1439 416 agerent,
1450 374 1532 415 quod
1542 376 1717 415 probassent.
1735 380 1771 408 ln
1782 379 1840 408 hoc
1849 387 1947 408 autem
1960 379 2037 408 mihi
2047 376 2126 408 illud

1168 418 1306 448 occurrit.
1329 416 1412 456 Qid
1431 425 1464 446 tu
1479 418 1569 458 igitur
1589 416 1609 448 fi
1622 417 1772 449 affuiss‘es?
1794 421 1873 450 Rem
1884 417 2061 460 probassem.
2084 419 2125 450 de

1168 468 1305 499 tempore
1316 478 1324 492 ,
1345 459 1424 488 nihil
1441 467 1470 488 te
1482 460 1582 488 invito
1594 479 1602 494 ,
1620 461 1700 490 nihil
1710 459 1770 491 fine
1789 460 1916 492 consilio
1925 460 2050 503 egissem
2061 470 2129 492 tuo.

1170 501 1267 541 Vides
1279 500 1379 530 sudare
1398 509 1468 534 me,
1487 500 1667 539 jamdudum
1685 502 1871 533 laborantem
1886 523 1894 537 ‚
1914 503 2074 545 quomodo
2093 510 2128 534 ea

1169 553 1269 576 tuear,
1289 552 1355 583 quae
1366 542 1563 572 mihituenda
1572 543 1659 577 sunt,
1680 543 1712 574 δε
1726 553 1754 574 te
1775 554 1840 574 non
1858 543 2022 576 offendam.
2046 547 2129 576 Leva

1172 595 1221 615 me
1231 587 1322 626 igitur
1333 585 1391 614 boc
1400 594 1502 614 onere.
1523 593 1691 626 numquam
1702 588 1786 616 enim
1798 587 1990 618 mihivideor
2000 584 2132 618 ua6kasse

1171 627 1288 658 causam
1307 624 1524 656 difficiliorem.
1551 629 1622 657 3Sic
1638 626 1746 657 habeto
1764 637 1882 658 tamen:
1905 628 1959 659 nisi
1977 629 2037 667 jam
2056 637 2130 659 tunc

1174 671 1280 700 omnia
1298 670 1418 710 negotia
1438 677 1510 698 curn
1533 666 1655 699 summa
1673 678 1721 707 tua
1741 668 1886 710 dignitate
1903 668 2132 712 diligentissime.

1172 709 1368 742 confecissem
1377 730 1386 743 ‚
1406 707 1520 740 tametsi
1531 710 1610 740 nihil
1619 710 1774 741 videbatur
1786 710 1824 741 ad
1838 721 1941 741 meum
1953 721 2018 752 erga
2031 720 2059 742 te
2072 715 2135 752 pri-

1174 753 1288 783 stinum
1300 751 1431 782 studium
1444 751 1510 781 addi
1524 750 1606 792 posl'e
1618 762 1624 781 z
1643 761 1743 783 tamen
1755 771 1763 786 ,
1784 753 1837 783 hac
1846 751 2075 783 mihiaffinitate
2085 763 2134 783 re-

1174 798 1308 825 nuntiata
1317 815 1325 827 ,
1340 804 1404 824 non
1416 794 1528 833 majore
1537 793 1679 835 equidem
1690 793 1789 824 studio
1799 815 1808 829 .
1820 794 1868 825 sed
1877 794 1983 828 acrius,
1993 793 2134 835 apertius.

1175 835 1389 878 significantius
1411 835 1589 876 dignitatem
1613 845 1695 866 tuam
1721 835 1930 867 defendissem.
1966 836 2136 867 Decedenti

1178 880 1275 913 mihi,
1296 879 1405 918 &jam
1423 880 1554 918 imperio
1573 888 1676 908 annuo
1690 880 1870 912 terminato,
1891 878 2052 909 antediem
2066 887 2134 908 111.

1178 922 1284 951 Nonas
1294 920 1431 951 Sextileis
1442 940 1450 954 ,
1469 918 1542 950 cum
1561 920 1597 950 ad
1607 920 1709 951 Sidam
1727 923 1797 950 navi
1814 921 1984 951 accederem
1996 941 2004 954 ,
2025 921 2058 950 δε
2070 929 2138 950 me-

1176 973 1248 993 cum
1259 963 1443 1004 QServilius
1455 960 1536 995 esset,
1547 962 1652 992 litterae
1663 962 1678 993 a
1688 963 1764 992 meis
1773 962 1842 992 sunt
1852 962 1982 992 redditae.
2006 961 2072 992 dixi
2081 961 2140 992 sta-

1178 1007 1234 1035 tim
1244 1005 1372 1035 Servilio
1381 1004 1508 1043 (etenim
1518 1004 1673 1034 videbatur
1683 1002 1739 1034 effe
1749 1005 1936 1044 commotus)
1948 1012 1981 1035 ut
2000 1005 2106 1034 omnia
2122 1004 2138 1036 ἐι

1179 1056 1227 1076 me
1244 1047 1358 1083 majora
1375 1044 1568 1086 exspeaaret.
1598 1045 1669 1086 quid
1682 1046 1798 1076 multa?
1816 1046 2043 1076 benivolentior
2059 1046 2134 1078 tibi,

1177 1097 1268 1128 quam
1277 1087 1323 1117 fui
1337 1107 1346 1121 ,
1366 1088 1465 1117 nihilo
1480 1087 1546 1117 sum
1560 1087 1674 1117 fastus:
1693 1087 1868 1128 diligentior
1879 1087 1915 1117 ad
1930 1087 2137 1118 declarandam

1179 1129 1418 1159 benivolentiam
1431 1148 1439 1162 ,
1451 1129 1561 1158 multo.
1584 1131 1666 1159 Nam
1676 1149 1685 1163 ‚
1697 1137 1729 1159 ut
1740 1139 1824 1159 vetus
1835 1129 1934 1160 nostra
1944 1127 2074 1159 simultas
2084 1139 2140 1159 an-

1180 1170 1225 1201 tea
1234 1169 1482 1202 stimulabatme‚
1504 1178 1680 1199 utcaverem
1692 1190 1701 1204 ‚
1720 1180 1759 1200 ne
1774 1173 1824 1200 cui
1842 1171 2045 1211 suspicionem
2065 1170 2137 1202 fissa

1183 1212 1382 1242 reconciliata:
1391 1214 1489 1251 gratiae
1501 1211 1602 1241 darem
1614 1221 1619 1240 :
1640 1210 1678 1241 sic
1687 1209 1814 1241 affinitas
1824 1221 1936 1242 novam
1947 1222 2049 1242 curam
2060 1214 2139 1243 mihi

1179 1252 1264 1283 affert
1280 1253 1426 1287 cavendi,
1446 1262 1486 1282 ne
1501 1252 1575 1293 quid
1595 1252 1632 1282 de
1643 1254 1766 1283 summo
1779 1263 1850 1284 meo
1859 1263 1926 1295 erga
1937 1261 1964 1284 te
1975 1263 2075 1284 amore
2086 1254 2140 1284 de-

1177 1294 1305 1326 trab‘tum
1317 1294 1373 1325 esse
1384 1295 1528 1325 videatur.
1553 1294 1637 1325 Vale.
1844 1307 1848 1313 ·

1281 1357 1326 1386 M.
1341 1358 1380 1387 T.
1396 1358 1428 1386 C.
1452 1357 1509 1386 AP
1523 1356 1606 1386 PIO
1635 1356 1900 1389 PULCHRO‚
1923 1358 1993 1387 S.P.
2007 1358 2049 1386 D.

1274 1409 1360 1436 Uasr
1381 1406 1549 1436 divinarem
1560 1424 1569 1438 ‚
1588 1404 1641 1435 tali
1658 1407 1691 1436 in
1704 1403 1807 1436 officio
1814 1404 1879 1436 fore
1890 1407 1969 1435 mihi
1978 1404 2140 1446 aliquando

1274 1448 1478 1489 expetendum
1489 1446 1622 1478 studium
1630 1456 1718 1477 tuum
1732 1458 1737 1476 :
1756 1445 1812 1481 sic,
1832 1446 1906 1478 cum
1919 1446 1955 1477 de
1972 1448 2031 1477 tuis
2050 1447 2141 1477 rebus

1178 1489 1268 1532 gestis
1287 1490 1445 1531 agebatur,
1464 1488 1666 1519 inserviebam
1684 1489 1796 1519 honori
1817 1497 1883 1519 tuo.
1906 1490 2017 1519 Dicam
2038 1497 2141 1520 tamen

1181 1532 1250 1562 vere
1264 1551 1274 1566 ,
1294 1532 1362 1573 plus
1372 1552 1380 1566 ‚
1392 1531 1483 1603 quam
1492 1540 1641 1571 acceperas
1650 1550 1658 1564 ,
1671 1529 1838 1561 reddidisti.
1861 1533 1936 1572 Qis
1947 1532 2031 1560 enim
2042 1530 2077 1560 ad
2088 1539 2141 1561 me

1181 1584 1246 1604 non
1263 1574 1391 1614 perscrip
1403 1583 1444 1608 it,
1463 1582 1492 1603 te
1502 1582 1567 1603 non
1583 1572 1681 1603 solum
1693 1571 1868 1603 audioritate
1885 1573 2032 1602 orationis
2043 1591 2052 1605 ,
2072 1571 2142 1602 sen-

1181 1618 1273 1647 tentia
1287 1624 1337 1646 tua
1353 1615 1464 1657 quibus
1474 1624 1528 1656 ego
1539 1615 1613 1645 atali
1624 1616 1690 1644 viro
1699 1623 1859 1645 contentus
1870 1623 1951 1655 eram
1964 1624 1969 1643 :
1987 1612 2037 1644 sed
2047 1615 2141 1646 etiam

1182 1667 1270 1699 opera
1282 1678 1290 1692 ,
1308 1656 1434 1688 consilio
1446 1677 1455 1690 ,
1474 1657 1604 1687 domum
1613 1656 1764 1687 veniendo
1776 1676 1785 1689 ‚
1806 1655 2026 1686 conveniendis
2041 1657 2118 1685 meis
2130 1674 2139 1689 ‚

1182 1700 1305 1731 nullum
1323 1709 1401 1730 onus
1420 1697 1515 1730 officii
1524 1700 1665 1739 cuiquam
1674 1698 1826 1739 reliquum
1835 1695 1935 1728 feciffe
1947 1698 1958 1724 ?
1978 1699 2053 1727 Haec
2063 1697 2143 1727 mihi

1183 1742 1330 1782 ampliora
1343 1741 1442 1772 multo
1452 1741 1519 1771 sunt
1529 1760 1537 1774 ,
1560 1740 1651 1781 quam
1662 1740 1712 1770 illa
1722 1740 1781 1780 ipsa
1794 1759 1802 1774 ‚
1823 1747 1944 1780 propter
1952 1749 2017 1780 quae
2027 1740 2090 1770 haec
2101 1738 2145 1769 la-

1183 1784 1339 1814 borantur.
1361 1786 1376 1813 I
1386 1792 1405 1812 N
1417 1792 1430 1812 s
1443 1792 1455 1812 1
1466 1792 1488 1812 G
1498 1791 1519 1811 N
1532 1792 1544 1811 1
1558 1791 1579 1811 A
1596 1782 1682 1812 enim
1704 1792 1724 1812 v
1738 1791 1749 1810 i
1766 1791 1789 1811 R
1799 1792 1819 1811 τ
1831 1791 1850 1811 ιι
1860 1791 1880 1811 τ
1894 1790 1905 1810 1
1919 1790 1931 1810 s
1952 1781 2041 1810 multi
2050 1781 2143 1810 etiam

1186 1824 1247 1856 fine
1261 1827 1368 1856 virtute
1379 1822 1498 1854 assecuti
1511 1823 1595 1854 sunt:
1616 1823 1722 1853 talium
1732 1824 1869 1853 virorum
1878 1831 1955 1852 tanta
1967 1821 2062 1852 studia
2070 1819 2145 1852 affe-

1185 1869 1239 1908 qui
1258 1867 1319 1897 sola
1340 1868 1436 1896 virtus
1445 1864 1550 1906 potest.
1574 1868 1675 1905 Itaque
1688 1865 1766 1894 mihi
1776 1873 1915 1904 propono
1924 1863 2058 1894 frustum
2067 1864 2147 1895 ami-

1185 1911 1264 1940 citiae
1274 1907 1380 1939 nostrae
1394 1928 1402 1942 ,
1415 1908 1508 1947 ipsam
1519 1909 1684 1937 amicitiam
1696 1916 1702 1936 :
1721 1916 1778 1947 qua
1787 1905 1867 1936 nihil
1876 1904 1919 1936 est
1928 1905 2060 1940 uberius,
2070 1915 2148 1946 prae-

1187 1951 1290 1981 sertim
1308 1952 1341 1980 in
1360 1952 1399 1980 iis
1418 1948 1542 1983 studiis,
1585 1949 1817 1989 uibus2uterque
1831 1946 1971 1978 nostrum
1985 1946 2149 1979 devin&us

1187 1991 1238 2023 est.
1262 1995 1344 2023 Nam
1362 1992 1418 2022 tibi
1438 2000 1488 2021 me
1505 1959 1649 2031 progteor
1662 2010 1672 2024 ‚
1698 1990 1732 2020 &
1747 1990 1782 2020 in
1799 1999 1862 2030 rep.
1881 1989 1996 2019 socium
2010 2009 2019 2023 ,
2039 1989 2077 2020 de
2088 1998 2149 2031 qua

1188 2034 1272 2065 idem
1289 2035 1435 2065 sentimus
1447 2044 1453 2063 :
1481 2032 1515 2063 ὃς
1534 2035 1567 2063 in
1578 2032 1752 2074 quotidiana
1761 2034 1822 2063 vita
1832 2030 2034 2071 conjunctum
2045 2051 2054 2065 ‚
2073 2040 2148 2062 curn

1187 2078 1225 2106 iis
1244 2076 1375 2110 artibus,
1396 2075 1558 2115 studiisque
1572 2094 1582 2108 ,
1604 2084 1670 2115 qua:
1688 2074 1833 2105 colimus.
1856 2073 1960 2103 Velim
1978 2075 2019 2104 ita
2028 2072 2149 2103 fortuna

1188 2117 1318 2153 tulisset,
1338 2118 1443 2159 quanti
1462 2127 1518 2157 ego
1529 2119 1649 2147 omneis
1659 2125 1727 2146 tuos
1735 2115 1831 2150 facio,
1854 2116 1899 2145 uti
1908 2124 1940 2146 tu
1950 2124 2035 2145 meos
2053 2114 2150 2145 facere

1190 2159 1304 2201 posses:
1324 2159 1407 2201 quod
1425 2168 1528 2190 tamen
1548 2159 1666 2199 ipsum,
1687 2157 1788 2188 nescio
1807 2167 1865 2199 qua
1881 2166 2036 2197 permotus
2050 2155 2148 2186 animi

1188 2203 1396 2236 divinatione,
1419 2211 1484 2232 non
1502 2200 1635 2241 despero.
1658 2200 1715 2230 Sed
1734 2201 1793 2230 hoc
1811 2200 1890 2229 nihil
1908 2198 1944 2229 ad
1952 2207 1980 2229 te
1994 2196 2148 2228 :nostrum

1189 2244 1234 2275 est
1251 2254 1339 2275 onus.
1363 2243 1442 2274 Illud
1461 2243 1557 2273 velim
1577 2241 1615 2272 fic
1626 2243 1750 2276 habeas,
1771 2239 1855 2282 quod
1866 2239 2033 2280 intelliges,
2055 2240 2149 2269 haere

1189 2295 1298 2317 novata
1307 2306 1315 2320 ,
1328 2286 1465 2316 additum
1474 2283 1576 2325 potius
1586 2284 1623 2314 ali
1648 2283 1700 2314 uid
1711 2283 1746 2313 ad
1763 2292 1867 2313 meum
1877 2291 1942 2323 erga
1953 2290 1980 2311 te
1993 2280 2126 2311 studium
2137 2299 2148 2315 ‚

1187 2330 1236 2359 cui
1248 2328 1325 2358 nihil
1336 2326 1569 2358 videbaturaddi
1579 2335 1619 2365 po
1645 2324 1682 2357 e,
1704 2325 1794 2364 quam
1804 2323 1969 2364 quidquam
1987 2322 2044 2353 effe
2053 2322 2151 2353 detra-

1189 2369 1285 2400 Θωηι.
1307 2368 1387 2399 cum
1397 2370 1459 2398 haec
1469 2367 1645 2400 scribebam,
1655 2366 1808 2396 censorem
1814 2366 1878 2404 jam
1888 2373 1915 2394 te
1925 2363 1981 2395 ess‘e
1987 2363 2149 2404 sperabam.

1189 2421 1226 2441 eo
1237 2411 1358 2440 brevior
1368 2408 1410 2439 est
1419 2410 1482 2439 haec
1492 2407 1617 2448 epistola
1627 2428 1637 2443 ,
1651 2407 1695 2442 &,
1706 2416 1740 2438 ut
1748 2406 1885 2438 adversus
1895 2405 2070 2448 magistrum
2080 2415 2150 2436 mo-

1189 2462 1271 2487 rum,
1283 2450 1459 2482 modestior.
1481 2451 1565 2480 Vale.

1883 2509 1950 2555 M.
1989 2507 2039 2554 T
2054 2525 2086 2554 υ
2099 2527 2152 2556 L-

1195 2626 1290 2662 vulgo,
1302 2626 1386 2652 abillis
1395 2627 1446 2660 effe.

1174 2676 1177 2714 Ι
1233 2671 1260 2699 3.
1279 2666 1316 2688 Sic
1325 2663 1403 2688 habeto
1413 2660 1518 2695 tamem]
1539 2660 1583 2687 Sic
1592 2660 1627 2687 est
1637 2659 1664 2686 in
1675 2658 1829 2686 melioribus
1839 2657 2013 2691 editionibus,
2022 2658 2050 2685 ὃς
2058 2655 2155 2687 ViSko-

1174 2715 1177 2730 ι
1199 2699 1245 2734 rii,
1255 2699 1321 2728 item
1330 2698 1359 2727 in
1369 2698 1439 2727 Pan.
1450 2699 1522 2727 Grut
1529 2716 1535 2725 .
1545 2697 1628 2734 vulgo
1638 2706 1646 2725 ·.
1658 2696 1704 2732 sed
1711 2697 1830 2731 tam-'nfic
1837 2696 1929 2724 haben.

2072 3067 2096 3088 ι.
2104 3061 2160 3087 saro
