2360 3400
500 114 593 153 nn

683 103 1409 159 D1v1nawron'2,

1462 105 1504 157 L
1536 121 1556 157 1
1595 126 1638 158 B.
1689 101 1769 160 il.
1993 111 2113 174 1169

1850 128 1905 156 ,ἦ

152 186 345 232 perspicuum
357 205 367 220 ,
392 193 482 225 quarn
495 205 503 219 ,
516 185 586 216 cum
598 184 724 216 fortuito
733 184 837 216 hostiae
846 184 1039 220 adducantur,
1049 185 1117 216 talia
1137 191 1139 205 ¹
1157 195 1257 218 autem
1267 188 1337 219 sein
1349 189 1462 220 nubem
1475 189 1649 225 induerint,
1662 191 1785 233 ejusque
1794 189 1994 224 tenuiffimam
2005 203 2112 235 quam-

158 240 266 271 cuique
280 226 411 258 excae-sst-
422 247 430 260 ,
455 229 551 268 qualis
567 230 675 268 cuique
685 226 952 268 obtigerithostia?
979 231 1018 257 At
1027 229 1111 258 enim

157 272 289 311 idipsum
309 269 520 310 habet-aliquid
534 270 656 303 divini,
675 279 739 310 quae
752 271 859 309 cuique
871 269 967 299 hostia
977 268 1112 309 obtingat
1135 267 1137 307 j

154 316 322 352 vtanquam
332 312 364 341 in
377 311 524 345 sortibus,
545 312 810 351 quaecuiducatur.
834 312 910 340 Mox
921 310 957 340 de
969 309 1108 340 sortibus.

122 356 123 359 ’
153 363 336 394 quamquam
368 362 398 382 tu
416 352 540 392 quidem
562 361 626 383 non
645 352 810 382 hostiarum
828 352 928 382 casum
949 350 1112 382 confirmas

151 396 279 426 sortium
292 393 490 424 similitudine
501 414 510 428 ‚
533 394 581 425 sed
592 393 820 433 infirmasfirteis
829 394 989 423 collatione
998 392 1112 423 hostia·
1133 408 1134 413 ¹

1133 444 1134 450 ¹
1152 434 1510 475 fignificationemserum
1521 441 1770 482 consequentium
1783 445 1945 484 quaerimus
1959 445 2109 479 ?Scilicet,

152 441 232 467 rum.
243 434 378 469 An,cum
390 437 422 465 in
434 437 655 477 AEquimelium
667 435 803 465 misimus
812 437 864 475 qui
873 433 1107 476 afferatagnum‚

151 487 245 519 quem
256 478 457 507 immolemus
472 489 477 506 2
490 482 513 508 is
531 478 607 507 mihi
619 486 711 516 agnus
721 475 841 507 affertur
852 495 860 509 ‚
883 478 933 516 qui
946 477 1034 506 habet
1043 485 1110 506 exta

154 519 245 550 rebus
255 519 493 553 accommodata,
514 519 546 549 &
558 519 593 550 ad
603 528 673 549 eum
684 528 796 559 agnum
807 527 870 548 non
881 518 946 548 casu
957 537 966 551 ‚
979 517 1027 548 sed
1038 517 1112 548 duce

151 561 211 592 deo
230 562 328 591 servus
351 561 531 592 deducitur?
551 570 622 590 nam
641 564 655 579 ²
673 559 693 589 sl
711 560 792 590 casus
811 561 844 589 in
854 569 891 589 eo
901 569 1022 600 quoque
1033 559 1110 589 dicis

151 601 213 633 effe
223 623 231 634 2
256 601 335 644 quafi
348 603 462 633 sortem
479 602 627 644 quandam
650 612 720 632 cum
731 602 856 631 deorum
868 604 1022 631 voluntate
1033 611 1110 631 con-

146 644 286 684 junstam
299 656 307 679 3
317 644 408 674 doleo
419 653 529 674 tantam
542 645 658 674 Stoicos
671 642 789 673 nostros
800 644 954 683 Epicureis
963 642 1110 673 irridendi

151 685 198 716 sui
217 685 386 716 facultatem
398 684 518 716 dedisse.
536 695 601 715 non
616 687 701 715 enim
711 687 828 725 ignoras
839 704 849 718 ,
867 684 958 725 quam
969 683 1022 714 ista
1032 684 1111 714 deri-

146 727 287 758 deant.Et
295 727 420 768 quidem
432 728 477 757 illi
487 726 603 757 facilius
613 726 706 758 facere
717 725 924 766 possunt-deos
935 728 1018 755 enim
1030 726 1110 765 ipsos

139 769 253 808 jocandi
265 769 349 809 causti
358 768 481 798 induxit
491 771 635 808 Epicurus
644 767 864 807 perlucid0s‚&
874 766 1065 806 perflabileis,
1076 767 1110 797 &

146 811 324 841 habitanteis
335 830 344 843 ,
357 819 498 851 tanquam
511 809 673 839 interduos
683 810 780 842 lucos,
792 807 828 839 fic
837 810 916 838 inter
927 809 1004 839 duos
1014 818 1109 838 mun-

145 851 213 886 dos,
225 861 343 892 propter
352 860 469 881 metum
481 853 635 880 ruinarum
652 861 658 879 :
674 851 784 890 eosque
793 851 899 880 habere
908 859 991 889 putat
1001 850 1105 880 eadem

144 893 299 927 membra,
309 902 375 932 quae
386 901 441 922 nos
453 911 462 924 ,
484 901 540 920 nec
556 891 642 920 usum
654 891 750 921 ullum
764 891 869 921 habere
882 892 1104 921 membrorum.

144 937 224 975 Ergo
235 935 260 963 is
269 934 447 963 circuitione
457 931 584 973 quadam
595 932 668 962 deos
679 932 789 962 tollens
798 951 807 966 ‚
823 931 903 962 reete
915 942 978 963 non
988 933 1104 963 dubitat

144 974 368 1005 divinationem
388 974 502 1004 tollere.
524 973 581 1004 Sed
601 983 665 1004 non
676 993 685 1007 ‚
708 983 740 1004 ut
747 975 796 1004 hic
807 972 860 1004 fibi
869 973 984 1005 constat
994 995 1003 1008 ,
1026 976 1101 1005 item

142 1018 246 1047 Stoici.
269 1016 353 1046 illius
372 1018 456 1045 enim
475 1015 550 1045 deus
560 1016 648 1045 -nihil
670 1015 783 1045 habens
797 1025 853 1046 nec
862 1016 905 1046 sui
917 1035 926 1050 ,
946 1026 1001 1046 nec
1012 1017 1104 1048 alieni

139 1067 179 1088 ne
201 1059 257 1088 otii
266 1076 275 1091 ‚
300 1067 364 1087 non
381 1055 480 1097 potest
500 1056 679 1087 hominibus
695 1056 919 1087 divinationem
938 1059 1103 1098 impertire.

141 1108 178 1130 ve
207 1110 238 1130 er
254 1107 354 1129 autem
375 1099 449 1128 deus
467 1097 565 1137 potest
575 1108 638 1128 non
650 1100 801 1138 impertire
813 1118 822 1132 ‚
846 1107 878 1129 ut
888 1100 987 1138 nihilo
996 1099 1101 1130 minus

82 1143 123 1177 18
141 1142 279 1171 mundum
291 1148 370 1181 regat
380 1161 389 1173 ,
409 1140 444 1173 (y-
457 1138 614 1169 hominibus
625 1140 760 1180 confidat.
786 1142 943 1181 Curigitur
954 1151 1006 1171 vos
1021 1145 1033 1169 3
1051 1144 1102 1172 in-

139 1182 234 1213 duitis
255 1185 287 1212 in
307 1192 355 1212 eas
376 1183 530 1221 captiones
545 1201 554 1215 ‚
583 1191 656 1222 quas
675 1192 844 1223 numquam
860 1182 1016 1222 explicetis
1028 1186 1038 1212 ?
1059 1185 1100 1214 ita

137 1226 222 1255 enim
235 1245 244 1258 .
264 1223 337 1254 cum
357 1225 452 1264 magis
470 1232 648 1263 properant,
668 1224 849 1254 concludere
867 1224 965 1255 solent
978 1235 983 1253 ;
995 1227 1097 1255 S1mi

140 1266 229 1300 sunt,
258 1265 301 1296 est
319 1266 478 1295 divinatio.
502 1265 572 1295 sunt
590 1274 689 1295 autem
707 1265 760 1295 dii.
788 1264 831 1295 est
850 1276 921 1308 ergo
940 1266 1100 1297 divinatio.

137 1308 241 1338 Multo
255 1307 296 1337 est
305 1307 491 1346 probabilius
504 1317 510 1335 2
529 1316 595 1337 non
608 1306 651 1337 est
659 1316 758 1337 autem
771 1307 929 1339 divinatio.
955 1318 1019 1338 non
1030 1309 1098 1339 sunt

137 1359 209 1389 orgo
220 1348 273 1379 dii.
296 1349 373 1379 Vide
383 1368 392 1382 ‚
433 1349 503 1378 uam
516 1348 628 1378 temere
636 1350 830 1379 committant
843 1369 851 1382 ,
872 1358 924 1383 ut,
941 1349 961 1379 si
971 1350 1055 1380 nulla
1066 1349 1100 1381 sit

137 1389 288 1421 divinatio
301 1410 310 1423 „
321 1390 400 1420 nulli
430 1398 464 1419 nt
474 1389 526 1418 dii.
550 1389 698 1420 divinatio
708 1392 791 1420 enim
800 1391 953 1431 perspicue
965 1391 1096 1423 tollitur.

136 1433 210 1463 deos
222 1430 290 1466 esse,
301 1430 495 1462 retinendum
506 1429 558 1459 est.
572 1433 669 1471 Atque
682 1432 735 1461 hac
744 1433 924 1471 extispicum
934 1432 1098 1464 divinatio-

135 1483 175 1504 ne
186 1473 296 1503 sublata
307 1492 317 1508 ,
330 1473 434 1502 omnis
446 1471 633 1510 haruspicina
643 1472 757 1502 sublata
765 1472 820 1503 est.
843 1472 945 1508 oste-ata
954 1476 1038 1504 enim
1050 1475 1095 1505 se-

134 1523 269 1555 quuntur
278 1533 286 1548 ,
309 1512 479 1553 &fulg-ura.
499 1513 687 1543 valetautem
701 1514 734 1543 in
747 1512 915 1553 fulguribus
925 1514 1094 1546 observatio

132 1557 274 1589 diuturna
284 1566 294 1589 ς
314 1556 346 1584 in
356 1554 480 1584 ostentis
490 1555 566 1584 ratio
576 1554 756 1595 plerumque
767 1554 999 1595 conjeauraque
1008 1556 1095 1587 adhi-

131 1596 228 1627 betur.
251 1596 333 1638 Qid
345 1595 386 1627 est
396 1597 496 1638 igitur,
512 1596 595 1636 quod
604 1596 793 1627 observatum
805 1595 840 1627 sit
849 1597 882 1627 in
891 1596 1023 1637 fulgure?
1032 1607 1095 1628 coe-

130 1639 198 1669 lum
217 1640 250 1669 in
269 1648 346 1669 xvr.
365 1639 472 1679 parteis
490 1636 656 1669 diviserunt
676 1639 801 1669 Etrusci.
820 1637 909 1669 facile
926 1639 958 1669 id
967 1639 1092 1680 quidem

129 1679 208 1714 fuit,
227 1689 386 1721 quattuor,
408 1688 480 1721 quas
492 1689 548 1710 nos
559 1679 705 1710 habemus
716 1699 725 1714 ‚
744 1679 910 1720 duplicare:
929 1681 997 1721 post
1009 1681 1093 1712 idem

129 1724 243 1753 iterum
254 1721 348 1752 facere
360 1741 369 1755 ,
396 1731 428 1752 ut
438 1730 476 1751 ex
485 1731 522 1751 eo
532 1721 684 1754 dicerent,
696 1720 815 1752 fulmen
829 1726 936 1763 qua‘ex
948 1731 1029 1761 parte
1038 1733 1093 1753 ve-

129 1762 230 1799 nisset.
254 1762 395 1794 Primum
416 1763 447 1793 id
465 1762 540 1803 quid
559 1761 701 1792 interest?
724 1762 833 1793 deinde
853 1763 926 1803 quid
938 1762 1094 1803 fignificat?

128 1815 235 1836 nonne
253 1806 443 1846 perspicuum
462 1803 522 1838 est,
545 1813 580 1833 ex
594 1804 692 1846 prima
709 1802 896 1834 admiratione
915 1806 1091 1840 hominum,

130 1847 214 1887 quod
232 1848 384 1880 tonitrua,
402 1846 556 1887 jae'tusque
569 1844 738 1876 fulminum
750 1844 979 1880 extimuiffent,
997 1846 1094 1877 credi-

126 1886 202 1919 difl'e
224 1898 256 1919 ea
267 1887 384 1919 efficere
394 1898 495 1919 rerum
506 1889 648 1917 omnium
660 1896 878 1927 praepotentem
886 1888 998 1929 Jovem
1011 1891 1021 1913 ἓ
1039 1890 1094 1918 ita-

125 1931 229 1972 quein
239 1929 348 1961 nostris
357 1931 587 1961 commentariis
599 1929 742 1969 scriptum
752 1929 900 1959 habemus
915 1940 921 1958 :
933 1930 1025 1971 Jove,
1035 1939 1092 1959 το-

126 1980 506 2010 ΝΑητε,ΕσιουιιΑΝτΕ,
523 1980 678 2001 comum
691 1981 813 2001 porum
829 1980 966 2000 HABERE
976 1980 1093 2001 NEFAs.

127 2015 196 2044 Hoc
207 2012 327 2044 fortass'e
338 2015 405 2055 reip.
418 2015 502 2055 caufii
511 2012 708 2043 constitutum
722 2012 774 2043 est.
797 2014 995 2043 comitiorum
1007 2015 1091 2044 enim

125 2064 191 2086 non
199 2055 408 2086 habendorum
420 2056 517 2087 causas
528 2053 585 2085 esse
597 2054 769 2085 voluerunt.
779 2057 882 2095 Itaque
892 2056 1091 2085 comitiorum

127 2096 228 2127 solum
239 2099 347 2128 vitium
359 2096 411 2132 est,
422 2097 559 2128 fulmen:
570 2096 652 2138 quod
664 2096 746 2126 idem
758 2096 902 2126 omnibus
913 2096 1001 2126 rebus
1010 2100 1092 2137 opti-

117 2144 215 2169 'mum
225 2139 393 2179 auspicium
404 2139 551 2170 habemus
560 2159 574 2172 ,‚
589 2137 609 2167 si
624 2136 773 2168 finistrum
784 2137 852 2168 fuit.
875 2137 932 2168 Sed
944 2137 980 2168 de
993 2139 1092 2179 auspi-

51 2177 109 2226 '19
124 2181 180 2211 ciis
191 2180 251 2210 alio
260 2181 427 2215 loco,nunc
435 2181 472 2212 de
480 2180 659 2222 fulguribus.
683 2179 764 2224 Qid
777 2181 866 2225 igitur
877 2179 981 2209 minus
991 2179 1006 2210 a
1015 2182 1092 2220 phy-

124 2221 191 2252 ficis
202 2221 263 2253 dici
275 2222 365 2253 debet
376 2243 385 2257 ‚
397 2223 487 2264 quam
501 2222 667 2264 quidquam
678 2228 743 2250 certi
749 2220 907 2262 figmficari
919 2220 996 2250 rebus
1007 2223 1093 2251 incer-

124 2264 159 2294 tis
171 2271 182 2293 ?
206 2273 270 2294 non
280 2266 363 2295 enim
377 2259 486 2304 teputo
496 2263 553 2294 esse
563 2273 646 2297 eum,
659 2263 711 2304 qui
719 2264 792 2304 Jovi
800 2262 920 2293 fulmen
931 2262 1089 2294 fabricatos

124 2303 184 2345 else
195 2304 340 2346 Cyclopas
350 2308 384 2336 in
394 2309 485 2336 AEtna
493 2315 588 2346 putes.
603 2315 674 2335 nam
683 2304 755 2335 ess'et
765 2304 919 2339 mirabile,
930 2305 1091 2345 quomodo

126 2346 158 2377 id
175 2348 293 2389 Jupiter
310 2350 399 2378 toties
418 2349 529 2387 jaceret
540 2367 548 2381 ‚
569 2345 640 2377 cum
664 2356 759 2377 unum
781 2346 910 2377 haberet.
935 2349 1001 2377 Nec
1019 2347 1093 2378 verb

123 2388 309 2419 fulminibus
319 2390 463 2420 homines
472 2409 481 2422 ,
503 2389 576 2430 quid
587 2388 819 2422 autfaciendum
831 2387 912 2423 effet,
925 2397 974 2419 aut
985 2399 1094 2419 caven-

132 2430 207 2460 dum
219 2450 227 2464 ‚
248 2440 396 2462 moneret.
418 2431 514 2471 placet
530 2433 614 2461 enim
625 2432 753 2464 Stoicis,
777 2440 827 2460 eos
836 2431 986 2461 anhelitus
997 2440 1095 2466 terrae,

130 2472 185 2513 qui
202 2471 304 2514 frigidi
321 2471 398 2508 sint„
418 2471 491 2504 cum
514 2471 606 2504 fluere
627 2474 773 2515 coeperint
784 2492 794 2508 ,
813 2481 921 2504 ventos
930 2471 1092 2505 effezcum

1155 238 1214 268 que
1233 239 1346 268 partem
1364 233 1509 271 coeperint
1522 233 1672 267 dividere,
1699 243 1786 275 atque
1797 234 1979 275 disrumpere
1991 255 1999 270 ,
2020 235 2112 277 idque

1154 270 1285 300 crebrius
1303 271 1416 306 facere,
1441 273 1473 303 &
1491 274 1723 310 vehementius,
1742 285 1805 306 tum
1832 280 1849 303 4
1868 277 1899 306 &
1918 276 2053 318 fulgura,
2075 278 2110 309 δε

1155 313 1286 342 tonitrua
1295 312 1430 344 exsistere
1443 325 1448 343 ι
1460 314 1480 344 si
1490 325 1587 346 autem
1597 317 1725 347 nubium
1736 317 1883 348 conflietu
1893 319 1981 349 ardor
1990 323 2111 359 expres-

1155 352 1201 382 sus
1221 354 1250 382 se
1272 356 1424 389 emiserit,
1448 357 1478 386 id
1502 356 1558 387 ess‘e
1582 356 1711 388 fulmen.
1734 359 1824 399 Quod
1844 362 1933 401 igitur
1943 362 1972 390 vi
1982 370 2107 397 naturae,

1154 395 1236 424 nulla
1246 396 1411 427 constantia
1423 417 1431 430 ,
1444 399 1530 428 nullo
1538 408 1600 429 rato
1611 409 1744 440 tempore
1755 401 1895 431 videmus
1909 400 2007 436 effici,
2019 412 2057 433 ex
2070 413 2108 440 eo

1133 495 1134 498 =
1152 475 1172 506 si
1183 476 1358 518 istaJupitei·
1370 478 1553 519 significaret,
1565 486 1578 509 5
1588 492 1647 513 tam
1660 484 1754 514 multa
1763 483 1867 514 frustra
1876 484 2008 515 fulmina
2017 489 2110 516 emir.-

1153 527 1234 548 teret.
1256 520 1328 560 quid
1340 524 1422 550 enim
1433 521 1552 561 proficit
1563 544 1571 556 ‚
1591 524 1662 554 cum
1674 527 1705 554 in
1717 525 1851 556 medium
1865 525 1971 555 marr.=6
1982 526 2104 558 fulmen

1157 561 1224 595 iecit
1239 563 1248 589 ?
1267 561 1339 601 quid
1352 582 1360 595 ‚
1371 573 1441 592 cum
1454 566 1484 594 in
1499 564 1654 595 altissimos
1666 569 1819 597 monteisi
1839 567 1920 608 quod
1928 569 2109 610 plerumque

1153 600 1202 631 fit:
1224 602 1297 642 quid
1309 622 1317 636 ‚
1331 602 1403 632 cum
1420 608 1453 634 in
1469 605 1594 636 desertas
1607 608 1812 640 solitudines?
1830 609 1913 650 quid,
1924 609 1994 639 cum
2008 612 2040 640 in
2058 622 2109 641 ea·

1151 652 1217 672 rum
1230 645 1366 683 gentium
1379 655 1443 675 oras
1455 666 1463 679 ‚
1482 649 1512 676 in
1525 648 1633 688 quibus
1646 650 1707 680 haec
1718 660 1754 680 ne
1764 651 1957 681 observantur
1966 652 2107 691 quidem?

1151 687 1192 714 At
1207 685 1237 713 in
1244 693 1359 714 ventum
1377 686 1420 716 es‘?
1441 696 1526 729 caput
1544 690 1572 717 in
1584 689 1685 718 Tiberi.
1709 691 1795 730 Quasi
1806 702 1859 732 ego
1870 702 1961 723 artem
1974 693 2106 734 aliquam

1149 725 1276 756 istorum
1288 726 1344 756 esse
1354 737 1461 768 negem
1470 750 1476 757 .
1487 730 1707 762 divinationem
1722 743 1808 773 nego.
1832 734 1901 764 coeli
1913 736 1994 764 enim
2006 734 2107 766 distri-

1150 767 1236 797 butio
1247 787 1255 801 ,
1277 778 1368 808 quam
1380 770 1450 800 ante
1459 770 1544 805 dixi,
1565 772 1598 801 &
1608 782 1754 803 certarum
1766 786 1863 804 rerum
1876 778 1991 806 notatio
2003 776 2103 812 docet,

1150 809 1231 839 unde
1249 809 1367 840 fulmen
1384 813 1513 845 venerit,
1536 812 1598 852 quo
1615 814 1790 846 concesserit
1801 828 1805 846 ;
1816 817 1889 857 quid
1902 816 2044 858 fignificet
2052 830 2106 850 au-

1151 858 1223 884 tem,
1234 851 1318 882 nulla
1329 854 1403 882 ratio
1413 853 1510 883 docet.
1531 855 1587 884 Sed
1602 865 1683 896 urges
1694 867 1743 887 me
1754 867 1830 888 meis
1843 857 1988 890 versibus:

1240 895 1330 934 Qm
1342 901 1423 936 pater
1432 895 1590 925 altitonans
1593 895 1719 932 stellanti
1731 900 1813 927 nixus
1824 900 1862 941 ol)
1868 908 1939 941 mpo,

1240 936 1370 976 Ipsesuos
1380 937 1520 977 quondam
1529 939 1652 968 tumulos
1662 960 1670 973 ‚
1686 951 1719 969 ac
1730 941 1832 983 templa
1841 943 1960 981 perivit,

1240 978 1281 1006 Et
1292 978 1450 1017 Capitolinis
1459 980 1669 1019 injecitsbdibm
1678 982 1769 1022 igneis.

1145 1019 1227 1047 Tum
1240 1020 1340 1049 Statua
1349 1021 1445 1050 Nattae
1457 1040 1464 1053 ‚
1485 1030 1548 1050 tum
1560 1021 1712 1053 simulacra
1722 1024 1847 1055 deorum
1864 1045 1873 1059 ,
1893 1025 2104 1067 Romulusque

1145 1059 1178 1089 &
1197 1061 1316 1090 Remus
1336 1071 1406 1091 cum
1425 1063 1526 1093 altrice
1545 1063 1661 1098 bellua,
1684 1065 1886 1097 7vifulminis
1899 1067 2103 1098 iSticoncide-

1143 1110 1215 1131 runt
1224 1121 1232 1135 ‚
1253 1102 1350 1142 deque
1367 1104 1414 1133 his
1425 1104 1511 1134 rebus
1521 1106 1707 1145 haruspicum
1719 1107 1895 1139 exstiterunt
1905 1109 2040 1149 responsa
2051 1120 2104 1139 ve-

1144 1141 1264 1174 riffima.
1288 1145 1429 1175 Mirabile
1443 1155 1541 1176 autem
1553 1147 1627 1177 illud
1642 1168 1650 1181 „
1662 1147 1744 1189 quod
1755 1160 1791 1179 eo
1802 1150 1865 1189 ipso
1876 1160 2010 1190 tempore
2020 1171 2028 1184 ‚
2039 1151 2103 1192 quc·

1147 1182 1386 1224 fieretjudicium
1399 1188 1618 1227 conjurationis
1628 1191 1659 1219 in
1671 1191 1783 1225 senatu,
1796 1190 1909 1231 signum
1918 1193 2004 1233 jovis
2015 1193 2105 1222 bien-

1144 1228 1198 1256 nio
1208 1225 1285 1267 post,
1297 1237 1388 1267 quam
1401 1239 1460 1259 erat
1471 1230 1615 1265 locatum,
1627 1233 1658 1262 in
1671 1233 1819 1272 Capitolio
1829 1234 2037 1264 collocabatur.
2050 1237 2103 1265 'ru

1142 1269 1234 1308 igitur
1245 1270 1381 1300 animum
1395 1271 1519 1306 induces
1529 1292 1538 1306 ,
1559 1271 1609 1310 (fic
1620 1275 1702 1303 enim
1715 1284 1834 1305 mecum
1853 1274 1969 1315 agebas)
1983 1276 2103 1306 causam

1142 1308 1227 1339 istam
1241 1310 1274 1341 δε
1288 1320 1391 1342 contra
1403 1312 1479 1343 falfia
1489 1322 1550 1349 tua,
1562 1314 1594 1344 &
1607 1325 1709 1346 contra
1719 1316 1821 1356 scripta
1833 1316 2013 1347 defendere?
2032 1319 2102 1346 Fra·

1141 1358 1183 1380 ter
1192 1362 1228 1385 es,
1241 1351 1268 1382 εὸ
1279 1363 1379 1382 vereor.
1400 1357 1514 1385 Verum
1532 1355 1605 1397 quid
1618 1356 1672 1387 tibi
1686 1356 1734 1387 hic
1745 1357 1866 1388 tandem
1879 1368 1968 1389 nocet
1981 1361 1992 1388 ?
2004 1359 2100 1392 resne,

1139 1403 1206 1433 quae
1215 1394 1280 1424 talis
1291 1394 1342 1425 est:
1354 1405 1391 1425 an
1402 1406 1468 1437 ego,
1480 1399 1533 1438 qui
1543 1407 1648 1429 verum
1659 1400 1799 1439 explicari
1809 1401 1896 1430 volo?
1908 1403 2008 1441 Itaque
2019 1402 2100 1430 nihil

1138 1436 1241 1465 contra
1251 1435 1320 1466 dico
1334 1447 1339 1465 z
1359 1436 1375 1467 a
1386 1446 1411 1467 te
1423 1440 1572 1469 rationem
1594 1441 1687 1471 totius
1696 1442 1890 1480 haruspicinae
1899 1451 1980 1481 peto.
2002 1442 2058 1472 Sed
2071 1453 2101 1472 te:

1139 1475 1300 1507 mirificam
1312 1479 1345 1507 in
1354 1478 1493 1509 latebram
1505 1480 1673 1520 conjecisti.
1699 1483 1790 1520 Quod
1810 1485 1893 1512 enim
1906 1484 2100 1524 intelligeres,

1139 1513 1153 1536 ⁸
1163 1517 1227 1548 fore
1242 1539 1250 1551 ,
1265 1527 1298 1548 ut
1309 1528 1489 1558 premerere,
1501 1520 1572 1552 cum
1584 1531 1622 1551 ex
1630 1532 1660 1552 te
1671 1524 1767 1553 causas
1778 1525 2008 1564 uniuscujusque
2019 1525 2102 1554 divi-

1136 1561 1269 1589 nationis
1279 1562 1482 1600 exquirerem,
1495 1563 1590 1593 multa
1601 1563 1689 1593 verba
1702 1563 1922 1598 fecisti‚te‚cam
1933 1575 1972 1593 res
1982 1565 2099 1600 videres,

1136 1601 1285 1634 rationem,
1296 1602 1466 1643 causiamque
1475 1614 1526 1632 non
1536 1614 1652 1645 querere
1660 1615 1670 1631 .·
1682 1605 1754 1645 quid
1763 1604 1857 1638 fieret„
1869 1616 1933 1636 non
1943 1616 1995 1636 cur
2005 1604 2102 1641 fieret,

1135 1640 1170 1672 ad
1184 1652 1247 1672 rem
1257 1645 1417 1682 pertinere.
1440 1643 1529 1684 Qafi
1543 1656 1598 1687 ego
1609 1645 1731 1676 autfieri
1741 1646 1937 1678 concederem
1950 1667 1959 1682 2
1969 1657 2019 1678 aut
2029 1646 2103 1680 ess'et

1134 1684 1320 1724 philosophi,
1332 1685 1447 1716 causam
1457 1696 1510 1717 cur
1518 1687 1652 1728 quidque
1666 1687 1760 1723 fieret,
1772 1699 1835 1718 non
1845 1699 1989 1729 quaerere.
2012 1691 2051 1720 Et
2060 1700 2101 1721 eo

1133 1725 1260 1766 quidem
1272 1726 1339 1756 loco
1356 1727 1389 1757 &
1397 1729 1585 1768 prognostica
1595 1729 1695 1761 nostra
1702 1730 1918 1770 pronuntiabas
1929 1752 1937 1764 ,
1950 1730 2099 1773 &genera

1134 1766 1305 1800 herbarum,
1317 1768 1552 1804 scammoneam,
1565 1770 1850 1812 aristolochiamque
1860 1772 1989 1802 radicem
2003 1792 2011 1807 ,
2024 1783 2098 1814 qua-

1135 1817 1202 1837 rum
1213 1808 1329 1849 causam
1343 1811 1493 1850 ignorares
1507 1830 1515 1844 ,
1527 1813 1592 1841 vim
1604 1812 1636 1842 &
1647 1810 1790 1843 effeEtum
1802 1813 1930 1844 videres.
1940 1813 2095 1847 Diffimile

1135 1857 1244 1878 totum.
1267 1859 1338 1879 nam
1363 1851 1395 1880 &
1414 1851 1672 1892 prognosticorum
1692 1855 1792 1885 causas
1811 1855 1956 1895 persecuti
1975 1855 2042 1887 sunt
2061 1857 2096 1889 δε

1135 1891 1266 1920 Bo‘e'thus
1276 1893 1413 1925 stoicus,
1433 1895 1485 1932 qui
1496 1886 1540 1924 eff
1550 1893 1566 1924 a
1579 1904 1605 1924 te
1619 1896 1797 1926 nominatus
1807 1916 1815 1930 ‚
1838 1896 1871 1927 &
1891 1896 1993 1927 noster
2002 1900 2095 1930 etiam

1133 1930 1320 1962 Posidonius.
1348 1931 1399 1962 etsi
1408 1934 1501 1964 causae
1510 1945 1574 1965 non
1585 1937 1897 1976 reperianturistarum
1909 1948 2006 1970 rerum
2020 1960 2029 1974 ,
2049 1950 2097 1971 res

1134 1981 1233 2003 tamen
1246 1974 1314 2014 ipsae
1327 1974 1474 2006 observari
1486 1996 1495 2010 ,
1506 1980 1522 2003 9
1533 1978 1791 2020 animadvertique
1799 1989 1970 2020 potuerunt.
1996 1984 2097 2013 Nattae

1132 2014 1203 2045 verb
1223 2014 1332 2049 statua,
1354 2025 1468 2048 autaera
1478 2018 1581 2060 legum
1593 2019 1629 2049 de
1640 2021 1719 2050 coelo
1732 2021 1806 2052 tacita
1818 2041 1827 2056 ,
1848 2025 1878 2041 ¹0
1890 2022 1963 2063 quid
1983 2023 2096 2055 habent

1133 2057 1334 2090 observatum,
1347 2067 1380 2088 ac
1391 2058 1541 2090 vetustum
1555 2064 1565 2090 ?
1583 2063 1696 2092 Pinarii
1707 2065 1804 2094 Nattae
1814 2063 1934 2094 nobiles
1946 2073 1952 2095 :
1962 2059 1980 2093 ὲ
1991 2063 2095 2094 nobili-

1132 2105 1193 2128 tate
1213 2099 1305 2139 igitur
1321 2103 1346 2119 ¹¹
1357 2101 1526 2142 periculum.
1549 2103 1608 2134 hoc
1626 2112 1685 2134 tam
1696 2104 1804 2135 callide
1816 2106 1930 2145 Iupiter
1939 2108 2093 2147 cogitavit.

1132 2140 1406 2172 Romulusla&ens
1417 2142 1547 2174 fulmine
1556 2144 1644 2175 iskus:
1654 2145 1718 2175 urbi
1729 2146 1981 2188 igiturpericulum
1990 2147 2094 2179 osten·

1130 2181 1233 2216 ditur,
1252 2185 1298 2216 ei,
1320 2193 1407 2224 quam
1430 2185 1483 2214 ille
1504 2186 1653 2217 condidit.
1676 2188 1767 2228 quam
1786 2189 1857 2219 scite
1871 2199 1922 2228 per
1931 2198 2016 2220 notas
2031 2200 2090 2221 nos

1127 2226 1269 2254 certiores
1288 2223 1358 2255 facit
1371 2226 1508 2266 Jupiter?
1528 2230 1567 2258 At
1585 2228 1694 2259 eodem
1715 2238 1849 2270 tempore
1869 2229 1985 2272 signum
2002 2232 2093 2272 Jovis

1130 2266 1329 2296 collocabatur
1346 2277 1406 2307 quo
1416 2269 1585 2308 conjuratio
1597 2271 1790 2301 indicabatur.
1811 2275 1848 2302 Et
1862 2281 1893 2302 tu
1904 2273 2013 2303 scilicet
2024 2283 2092 2304 ma-

1132 2309 1179 2337 vis
1191 2328 1199 2341 ,
1218 2310 1347 2338 numine
1358 2309 1484 2339 deorum
1497 2310 1526 2340 id
1539 2310 1652 2343 faetum
1667 2333 1676 2346 ‚
1696 2314 1786 2353 quam
1798 2314 1863 2344 casu
1875 2314 2009 2344 arbitrari
2026 2318 2036 2344 ἒ
2056 2315 2090 2345 &

1133 2349 1287 2380 redemtor
1297 2370 1306 2383 ‚
1327 2352 1379 2391 qui
1392 2351 1567 2383 columnam
1580 2353 1664 2384 illam
1674 2354 1710 2384 de
1721 2357 1806 2385 Cotta
1819 2376 1826 2388 ‚
1841 2355 1872 2385 &
1886 2355 1922 2385 de
1933 2358 2092 2397 Torquato

1133 2391 1492 2423 conduxeratfaciendam
1503 2414 1511 2427 ‚
1532 2396 1596 2425 nbn
1606 2396 1708 2425 inertia
1720 2417 1728 2430 ‚
1740 2397 1889 2437 autinopia
1901 2397 2009 2428 tardior
2018 2397 2090 2433 fuit,

1135 2433 1183 2464 sed
1203 2433 1219 2464 *a
1236 2434 1297 2464 diis
1307 2435 1532 2465 immortalibus
1548 2440 1575 2456 ¹2
1586 2437 1621 2468 ad
1634 2437 1717 2468 istam
1730 2439 1833 2469 horam
1846 2439 2008 2469 reservatus
2019 2439 2061 2470 est
2076 2443 2088 2470 ?

1134 2485 1199 2507 non
1217 2475 1358 2518 equidem
1378 2476 1465 2518 plane
1487 2477 1610 2520 despero
1619 2478 1672 2511 ista
1681 2477 1737 2511 esse
1748 2490 1831 2515 vera,
1852 2480 1901 2511 sed
1912 2481 2032 2548 nescios,
2054 2481 2088 2513 &

1977 2523 2088 2554 disere

135 2561 2068 2582 mm&

169 2599 192 2615 ι.
209 2590 333 2623 Tanquam
350 2591 377 2615 in
387 2589 518 2623 finibus-J
540 2589 596 2616 Pal.
616 2600 658 2626 pr.
669 2592 785 2625 fortibus.
805 2590 875 2626 quod
888 2600 920 2617 ne
939 2590 1084 2618 fortuitum
1105 2599 1108 2608 ¹

128 2623 205 2652 fuill‘e
220 2625 353 2656 videatur,
363 2625 450 2651 statim
462 2627 559 2652 iterum
571 2626 661 2652 eadem
674 2627 759 2652 forma
769 2626 904 2662 express'it.

167 2670 194 2687 ι.
213 2664 239 2688 Si
248 2662 315 2695 casia
324 2664 350 2686 in
359 2671 381 2686 eo
392 2679 400 2691 ,
410 2661 478 2695 &c.]
499 2661 608 2696 Vuigati
620 2663 698 2694 cafiim
707 2682 714 2693 ‚
729 2661 771 2688 sed
785 2663 900 2689 alterum
912 2669 969 2690 erat
978 2663 1004 2690 in
1016 2663 1085 2690 Pan.

125 2697 261 2728 omnibus,
272 2704 488 2732 agnoverantque
498 2697 563 2723 item
574 2696 663 2733 stripti
675 2697 836 2725 weron-iani.

163 2741 190 2768 3.
210 2734 311 2759 Induitis
320 2735 346 2758 in
356 2742 395 2757 ear
405 2734 547 2767 captiones]
569 2734 612 2760 Sic
622 2734 680 2760 Pal.
692 2743 730 2770 pr.
743 2736 769 2760 Sc
782 2732 832 2760 sec.
854 2734 918 2761 item
930 2736 956 2761 S.
967 2734 1085 2761 Vibioris

122 2769 247 2808 antiquus
258 2768 336 2795 liber.
345 2769 468 2800 inducitis,
479 2769 536 2795 aliae
547 2769 677 2797 editiones
689 2779 698 2800 5
719 2769 790 2806 quod
802 2771 829 2796 δε
840 2769 973 2806 displicuit
984 2772 1016 2797 P.
1026 2772 1087 2797 Ma-

124 2805 212 2832 nutio.
233 2804 275 2831 sed
287 2814 338 2831 non
349 2804 442 2831 habuit
453 2805 636 2840 luffraganteis
649 2806 822 2832 membranas.
834 2806 1016 2841 'ideoqucjure
1027 2806 1051 2833 se
1062 2807 1086 2834 ei

119 2840 244 2876 opposuit
254 2841 337 2867 Mich.
349 2841 448 2867 Brutus
461 2860 469 2873 ,
488 2842 529 2866 ciii
541 2842 661 2878 iniquum
681 2841 820 2870 videbitur
834 2843 915 2879 recipi
927 2844 942 2870 a
953 2842 1085 2870 Lambino

123 2876 152 2905 in
161 2884 320 2904 contextum
332 2885 431 2903 meram
444 2877 623 2911 comesturam
632 2898 638 2904 .

158 2919 188 2945 4.
208 2913 355 2946 Etfiilgura,
364 2913 393 2943 εἴ]
402 2913 533 2947 tonitrum]
563 2913 653 2941 Editio
664 2913 778 2940 Vietorii
792 2914 820 2940 Sc
831 2914 858 2940 S.
870 2913 1086 2950 Vi&oris,ftilgo-

125 2956 173 2974 res.
193 2948 252 2973 Pal.
263 2957 303 2984 pr.
314 2949 342 2974 &
352 2948 527 2982 sec.fulgures,
539 2955 604 2976 tert.
618 2951 742 2983 fulgorem.
753 2951 952 2985 qtiart.fulqora.

164 2992 190 3017 5.
209 2987 266 3008 ‘Tam
276 2985 351 3009 multa
363 2985 456 3017 frustra
468 2986 580 3018 fitlmina
590 2987 729 3020 emitterem]
754 2985 822 3012 l’all.
833 2995 873 3022 pr.
885 2995 914 3012 :ic
924 2985 973 3012 lec.
983 2986 1087 3013 immit-

125 3026 186 3046 tunt
197 3018 365 3053 negationem
380 3037 388 3050 ‚
396 3021 504 3052 fulmina
513 3031 559 3048 non
569 3025 692 3048 emitteret.
714 3023 740 3048 8<
753 3022 801 3048 hoc
811 3030 903 3048 verum
914 3022 959 3048 est.
977 3031 1087 3049 nonau-

125 3055 165 3082 sus
177 3062 264 3082 tamen
277 3052 329 3080 sum
341 3054 484 3082 admittere
495 3056 521 3083 in
542 3065 700 3085 contextum
715 3078 721 3089 ‚
740 3057 811 3094 quod
822 3059 850 3085 ὅ(
861 3058 939 3086 alteri
951 3057 1086 3095 scriptura:

121 3089 184 3120 suus
193 3089 256 3116 effer
269 3089 366 3122 sensus,
377 3100 462 3126 neque
471 3089 653 3121 discordarent
663 3094 807 3121 editiones.

160 3127 191 3154 ⁶.
206 3128 304 3155 Fulmm
314 3127 400 3164 jean]
422 3128 464 3158 Ita
472 3127 543 3159 Ptin.
554 3136 608 3160 tres
620 3149 630 3166 ,
649 3131 687 3162 i-ta
696 3130 784 3175 editio
794 3128 910 3164 ViCtorii
922 3150 932 3167 ‚
949 3130 988 3163 ita
999 3140 1086 3161 mem-

1127 2593 1214 2620 branae
1225 2596 1252 2621 S.
1267 2594 1384 2622 Viftoris
1397 2615 1406 2628 ,
1426 2606 1510 2632 neque
1519 2596 1574 2624 abit
1586 2597 1671 2625 noster
1682 2605 1746 2625 tert.
1765 2599 1845 2633 quirin
1857 2596 1927 2634 quod
1939 2597 1959 2624 is
1973 2617 1981 2630 ,
1999 2599 2087 2632 inicit.

1128 2629 1287 2664 editi,jncit.

1162 2673 1187 2699 7.
1211 2667 1355 2699 Visulminis
1363 2667 1432 2701 mil]
1455 2667 1512 2694 Pal.
1524 2678 1565 2704 pr.
1579 2675 1642 2695 tert.
1653 2677 1740 2703 quart.
1752 2676 1778 2693 ut
1786 2670 1891 2700 fiaelminis
1901 2671 1959 2695 ifi'u.

1163 2701 1191 2727 8.
1211 2705 1268 2727 Fbre
1278 2709 1441 2735 utprcmercre
1453 2722 1460 2735 ‚
1472 2705 1522 2729 tiim
1532 2723 1541 2735 ,
1551 2706 1618 2737 &eff
1642 2705 1684 2732 Est
1696 2707 1709 2731 a
1722 2706 1791 2731 l‘all.
1804 2713 1927 2740 quatuor.
1950 2706 2088 2742 mirorque

1128 2736 1255 2800 haffenus
1265 2737 1405 2765 obtinuisse
1414 2746 1542 2772 premerem
1551 2748 1572 2766 ti:
1584 2759 1592 2773 ,
1603 2741 1672 2773 ciaem5
1695 2741 1838 2768 leelionem
1853 2741 1986 2769 inficetam
2003 2762 2011 2775 ‚
2031 2751 2086 2779 [τῖ’-ετ

1127 2782 1162 2800 no
1187 2783 1224 2799 ra.

1161 2817 1190 2844 9.
1210 2810 1423 2844 Animadverrique
1436 2813 1590 2846 pomerum]
1612 2814 1653 2839 lia
1663 2813 1722 2840 Pal.
1741 2814 1820 2849 pn&
1832 2812 1883 2840 sec.
1903 2822 1962 2841 nam
1973 2820 2038 2841 tert.
2058 2823 2090 2840 ac

1127 2852 1216 2881 quart.
1228 2846 1292 2872 item
1303 2847 1331 2872 S.
1343 2846 1415 2872 Vist.
1436 2847 1530 2874 ultima
1541 2857 1603 2875 voce
1623 2856 1712 2875 carent
1724 2858 1731 2880 ;
1753 2858 1831 2885 quam
1852 2857 1938 2877 tamen
1961 2849 2089 2887 express'it

1126 2881 1206 2908 etiam
1217 2881 1301 2908 editio
1311 2881 1438 2908 Viaorii.
1458 2883 1515 2910 alife
1525 2884 1717 2917 enim,poffimt.

1167 2926 1208 2943 ιο.
1218 2918 1282 2950 Qid
1289 2919 1377 2943 habent
1385 2919 1531 2951 obsit-varum
1541 2929 1568 2945 ac
1578 2923 1697 2954 luetustum
1709 2920 1742 2955 ἒ]
1758 2920 1904 2957 Distinguit
1913 2921 2075 2949 Gulielmius
2082 2941 2090 2955 ,

1129 2953 1187 2987 quid
1198 2955 1284 2979 habent
1296 2957 1306 2980 ἓ
1324 2955 1487 2987 obser-rarum,
1501 2964 1529 2981 ac
1538 2959 1666 2989 venastum.
1685 2959 1795 2988 Pinarii,
1805 2957 1856 2987 ὼε.
1876 2957 1972 2993 placet.

1169 2997 1178 3014 ι
1188 2998 1196 3014 1
1205 3009 1211 3014 .
1231 2991 1368 3014 'Periculum
1380 3008 1389 3021 ,
1408 2992 1448 3015 hoc
1457 2998 1507 3016 tam
1517 2992 1597 3018 callide
1605 2993 1730 3027 Jupiter]
1751 2993 1794 3018 Sic
1805 2993 1871 3019 1³:111.
1883 2994 1911 3019 St
1922 2995 1950 3020 5.
1960 2993 2092 3020 Vistoriz.

1129 3024 1196 3051 editi
1218 3023 1344 3051 haetenus
1364 3031 1453 3052 tamen.
1474 3025 1560 3053 forsan
1581 3028 1666 3054 adhuc
1683 3028 1925 3064 interpungendum
1937 3040 1944 3056 :
1964 3032 2093 3062 pericu.'um

1128 3062 1178 3087 hoe.
1199 3067 1249 3086 tam
1263 3060 1355 3093 callide,
1366 3061 1412 3088 nisi
1423 3062 1545 3089 malimus
1559 3082 1568 3094 ,
1588 3065 1673 3090 calide.
1693 3064 1828 3100 quomodo
1839 3066 1866 3091 S.
1877 3065 1949 3091 Viet.
1961 3065 2057 3092 codex.

1169 3105 1213 3122 ιι.
1232 3096 1272 3122 Ad
1280 3098 1348 3129 istam
1358 3098 1439 3124 horam
1453 3099 1588 3133 reservatus
1597 3103 1632 3127 ef!
1641 3101 1675 3134 ?]
1696 3101 1806 3136 Vulgati
1817 3101 2026 3128 destituebantur
2046 3100 2094 3127 illo

1130 3140 1173 3169 νε,-
1193 3131 1266 3170 quod
1275 3132 1341 3172 ejeci
1354 3136 1369 3164 e
1379 3134 1449 3165 Pan.
1461 3135 1488 3164 S.
1500 3134 1629 3176 vii-ipris?
1647 3137 1675 3166 ὃς
1685 3136 1841 3171 Vistoriana
1851 3137 1978 3167 editione.

1503 3172 1630 3201 hiim
1996 3170 2097 3206 »Qui

2123 871 2166 895 20
