2297 3389
727 85 924 131 L121.

135 164 296 209 stingueret
312 162 490 206 religionem
502 162 514 192 ?
531 158 565 191 &
575 179 584 194 ,
604 157 701 190 situm
711 160 774 189 haec
791 169 858 189 non
869 160 1017 201 cogitabas
1029 182 1038 195 ,
1057 172 1096 192 ne

136 219 219 239 nunc
228 206 350 249 quidem
361 204 531 237 recordaris,
542 202 665 232 nullum
676 200 733 231 esse
744 209 860 231 tantum
873 203 1003 236 malum,
1014 204 1096 245 quod

70 256 85 284 ι
92 259 115 292 9
138 260 203 280 non
213 250 268 280 tibi
277 258 332 289 pro
341 245 498 278 sceleribus
509 246 568 275 tuis
576 243 694 285 jamdiu
704 242 846 273 debeatur
857 245 868 272 ?
889 246 925 273 In
935 242 1033 275 Afiam
1043 255 1096 275 ve-

137 290 171 323 ro
188 290 345 332 postquam
361 290 446 320 venit
463 307 471 322 ,
491 286 564 328 quid
581 296 636 328 ego
660 289 670 305 ¹
689 285 836 315 adventus
852 283 937 315 istius
964 286 1096 325 prandia,

134 342 221 364 cenas
232 353 240 366 ,
252 340 343 373 equos
351 351 360 365 ,
372 339 556 370 muneraque
566 336 811 359 commemorem
823 329 834 356 ?
852 327 1011 364 nihil1cum
1022 330 1098 358 Ver-

134 385 166 406 re
185 374 221 405 de
229 372 412 414 quotidianis
422 370 602 402 criminibus
611 369 729 401 aeturus
741 369 816 399 sum.
840 369 917 399 Chio
931 377 979 410 per
987 369 1051 398 vim
1060 367 1097 399 fi-

132 426 191 458 gna
222 415 399 445 ulcherrima
408 413 477 444 dico
487 411 639 444 abstuliss'e
651 422 656 441 :
669 413 743 441 item
755 411 889 451 Erythris
899 431 908 445 ,
921 412 954 441 &
963 411 1098 442 Halicar-

132 425 224 489 nassg.
247 456 375 487 Tenedo
386 456 538 496 (praetereo
547 455 708 496 pecuniam
719 473 727 487 ,
739 453 831 494 quam
843 454 964 493 eripuit)
974 456 1096 485 Tenem

130 499 230 540 ipsum
241 518 250 533 ,
260 500 313 539 qui
322 498 398 539 apud
410 497 566 529 Tenedios
576 494 775 528 sanffiffimus
786 497 871 525 Deus
880 495 1004 526 habetur
1013 516 1022 530 ‚
1043 497 1097 537 qui

133 540 238 572 urbem
249 541 334 571 illam
345 541 453 571 dicitur
462 537 631 570 condidiss'e
642 549 648 568 2
664 538 712 579 cuj
717 547 751 567 us
762 547 800 567 ex
810 539 940 567 nomine
952 538 1096 568 Tenedus

131 585 324 613 nominatur:
343 584 425 613 hunc
434 582 533 623 ipsum
544 602 552 616 ,
575 583 701 622 inquam
711 600 720 614 ,
731 582 851 610 Tenem
863 599 871 613 ,
892 579 1094 619 pulcherrime

129 623 246 656 faustum
257 645 265 658 ,
282 635 374 665 quern
383 624 537 666 quondam
548 625 581 653 in
600 623 729 653 comitio
738 620 856 652 vidistis
867 641 875 655 ,
899 621 1021 652 abstulit
1032 631 1097 651 ma-

127 676 192 708 gno
200 677 271 697 cum
283 669 398 708 gemitu
408 667 545 697 civitatis.
552 666 608 696 Illa
617 663 690 694 vero
700 664 870 706 expugnatio
872 662 942 701 fani
951 663 1098 704 antiquis-

132 707 221 742 fimi,
234 709 267 739 &
276 707 457 739 nobiliffimi
465 709 596 750 Junonis
606 707 726 739 Samiae,
739 707 830 746 quam
842 704 976 736 lu6³tuosa
986 707 1096 736 Samiis

130 749 202 781 fuit?
213 750 302 791 quam
312 751 413 781 acerba
423 753 479 781 toti
488 748 575 780 Afiae?
583 748 674 789 quam
683 748 759 778 clara
767 746 844 787 apud
856 756 964 777 omnes
980 750 990 776 ἓ
1002 747 1093 788 quam

130 795 251 824 nemini
260 791 394 823 vestrum
404 792 558 823 inaudita?
580 791 616 821 de
626 800 684 831 qua
694 791 916 831 expugnatione
926 798 997 819 curn
1011 790 1095 831 legati

130 834 167 865 ad
179 838 210 865 C.
221 838 379 866 Neronem
391 836 423 864 in
431 832 530 864 Asiam
540 836 631 864 Samo
642 830 791 862 veniss‘ent
800 850 808 864 ,
833 831 1008 871 responsum
1019 832 1096 861 tule-

130 886 219 911 runt,
243 876 392 917 ejusmodi
402 876 626 917 querimonias,
649 884 716 915 quae
727 873 762 904 ad
773 873 904 915 legatum
914 874 1096 914 populiRo—

131 921 215 949 mani
233 921 434 958 pertinerent,
458 927 523 948 non
540 916 576 947 ad
594 926 753 957 praetorem
766 936 774 949 ,
799 914 847 946 sed
858 918 980 944 Romam
997 914 1097 954 deferri

128 968 258 1003 oportere.
283 963 361 1001 Qas
372 959 426 990 iste
436 959 549 990 tabulas
558 959 646 989 illinc
655 978 664 992 2
683 968 750 999 quae
769 956 848 998 figna
868 956 1006 988 sustulit?
1027 968 1093 998 quae

129 1004 261 1043 cognovi
271 1011 392 1043 egomet
409 1001 486 1042 apud
503 1000 595 1031 istum
609 1003 642 1031 in
661 999 775 1030 aedibus
792 1009 907 1040 nuper,
927 1000 999 1030 cum
1012 998 1091 1029 obfi-

124 1044 240 1087 gnandi
255 1046 345 1086 gra'tia
354 1041 511 1076 venifl'em.
535 1053 600 1084 quae
611 1041 691 1084 signa
698 1052 780 1072 nunc
789 1062 799 1076 ,
810 1044 917 1071 Verres
928 1061 936 1074 ‚
949 1041 1002 1074 ubi
1011 1042 1093 1072 sunt?

128 1087 181 1117 illa
189 1096 290 1127 quaero
300 1106 309 1120 ‚
331 1095 397 1127 quae
406 1085 483 1126 apud
496 1095 523 1115 te
532 1095 628 1125 nuper
645 1084 680 1115 ad
691 1086 811 1114 omneis
823 1083 981 1114 columnas
990 1104 999 1118 ,
1022 1093 1091 1113 om-

129 1128 220 1159 nibus
233 1130 323 1158 etiam
335 1128 580 1159 intercolumniis
591 1147 599 1161 ,
612 1126 848 1168 inssc'vaclenique
857 1124 994 1165 disposita
1012 1129 1026 1144 ²
1036 1125 1091 1156 sub

127 1171 204 1201 divo
213 1170 357 1201 vidimus.
381 1172 442 1200 Cur
452 1179 502 1203 ea,
522 1169 669 1210 quamdiu
686 1169 780 1199 alium
790 1176 950 1208 praetorem
968 1177 1040 1198 cum
1051 1169 1090 1198 iis

126 1212 281 1254 judicibus
291 1232 300 1246 ‚
317 1222 394 1253 quos
404 1214 437 1242 in
447 1211 559 1242 horum
569 1211 673 1241 locum
683 1210 858 1240 subsortitus
869 1219 930 1240 cias
940 1230 949 1243 ‚
971 1209 1007 1240 de
1020 1219 1047 1240 te
1057 1212 1091 1240 in

127 1254 291 1286 consilium
310 1255 424 1284 iturum
442 1252 549 1294 putasti
561 1273 569 1287 ,
590 1252 706 1283 tamdiu
717 1251 803 1282 domi
814 1250 957 1282 fuerunt?
976 1250 1092 1292 postea—

129 1296 223 1338 quam
241 1295 350 1327 nostris
360 1295 483 1326 testibus
493 1305 550 1325 nos
560 1315 569 1329 ,
588 1294 680 1336 quam
690 1295 774 1323 horis
791 1296 850 1323 tuis
860 1313 868 1327 ,
890 1295 933 1323 uti
944 1294 1035 1324 malle
1044 1296 1091 1324 vi—

130 1337 201 1369 disti
217 1349 222 1368 :
238 1339 359 1368 nullum
371 1337 487 1378 {ignum
498 1336 584 1368 domi
593 1335 739 1377 reliquisti
749 1356 758 1369 ,
771 1345 874 1375 praeter
883 1334 945 1365 duo
955 1356 964 1368 ‚
981 1345 1048 1376 quae
1058 1338 1091 1365 in

128 1381 241 1411 mediis
251 1380 363 1410 aedibus
373 1380 458 1410 sunt:
478 1389 543 1420 quae
555 1379 615 1419 ipsa
624 1381 714 1409 Samo
732 1378 845 1408 sublata
854 1377 942 1407 sunt?
959 1387 1023 1408 non
1034 1387 1091 1418 pu-

128 1422 194 1454 tasti
204 1432 253 1452 me
270 1423 324 1451 tuis
333 1420 561 1461 samiliariffimc's
570 1423 603 1451 in
614 1422 690 1451 hanc
708 1429 774 1450 rem
785 1418 961 1450 testimonia
971 1419 1091 1450 denun—

128 1466 284 1498 tiaturum,
296 1467 350 1505 qui
358 1473 414 1494 tuae
426 1464 513 1494 domi
524 1464 596 1503 saepe
606 1461 730 1493 fuissent
742 1472 747 1491 2
759 1472 797 1492 ex
806 1462 916 1503 quibus
926 1471 1090 1502 quaererem

65 1513 112 1539 20
130 1506 210 1548 figna
217 1506 362 1537 scirentne
370 1504 457 1536 fuifl'e
469 1525 477 1540 ,
490 1516 554 1547 quae
567 1515 632 1535 non
643 1503 759 1535 effent?
777 1502 859 1545 Qid
871 1513 935 1533 tum
949 1505 1004 1534 hos
1015 1504 1051 1534 de
1062 1513 1090 1535 te

129 1548 310 1586 iudicaturos
319 1548 474 1579 arbitratus
485 1558 515 1578 es
526 1568 535 1582 ,
555 1546 629 1578 cum
639 1546 776 1577 viderent
785 1566 793 1581 ,
807 1546 906 1586 tejam
915 1555 980 1576 non
988 1555 1092 1577 contra

128 1591 331 1622 accusatorem
351 1599 438 1621 tuum
449 1610 458 1625 ,
479 1590 529 1620 sed
542 1599 645 1620 contra
661 1588 859 1630 quaestorem,
882 1588 1091 1630 sc&oremque

128 1642 258 1675 pugnare
275 1635 286 1661 ?
308 1635 373 1673 Qa
394 1632 431 1662 de
453 1643 484 1662 re
506 1631 722 1662 Charidemum
742 1631 854 1661 Chium
877 1629 1090 1661 testimonium

127 1677 226 1716 priore
236 1674 355 1705 actione
365 1674 463 1705 dicere
472 1673 594 1704 audistis
607 1685 612 1703 :
623 1674 692 1708 sese,
703 1671 775 1703 cum
786 1672 856 1703 esset
867 1673 1038 1706 trierachus,
1053 1673 1087 1703 δε

128 1719 253 1747 Verrem
262 1727 301 1747 ex
311 1715 376 1747 Afia
385 1716 579 1747 decedentem
589 1716 826 1756 prosequeretur,
833 1716 843 1755 j
849 1713 912 1745 uss‘u
922 1715 1091 1745 Dolabella:

125 1757 214 1790 fuiss'e
225 1758 361 1789 unacum
371 1758 429 1789 isto
437 1760 519 1789 Sami
529 1769 533 1788 :
543 1759 663 1800 seseque
673 1767 739 1788 tum
751 1756 980 1796 scirespoiiatum
988 1757 1092 1796 effi'fa·

126 1811 197 1831 num
211 1802 343 1843 Junonis
353 1821 361 1835 ,
384 1801 417 1831 δε
427 1800 575 1841 oppidum
585 1804 710 1831 Samum
731 1810 737 1829 ;
759 1798 920 1840 posteaque
931 1800 958 1829 se
969 1801 1088 1830 causam

127 1843 206 1884 apud
214 1844 324 1877 Chios,
343 1845 423 1874 cives
434 1844 502 1873 suos
512 1836 525 1876 ‚l
541 1844 651 1874 Samiis
667 1841 872 1873 accusantibus
883 1861 892 1876 ,
912 1841 1033 1882 publice
1043 1842 1091 1872 di-

127 1883 205 1916 xisse
218 1896 224 1914 2
245 1895 340 1926 eoque
350 1886 379 1916 se
389 1882 447 1915 effe
455 1884 626 1916 absolutum
636 1905 644 1919 ,
664 1883 747 1926 quod
760 1884 886 1924 planum
895 1882 1008 1914 feciss‘et
1017 1904 1027 1918 ,
1045 1894 1089 1918 ea,

126 1937 194 1968 quae
203 1927 291 1967 legati
298 1928 470 1957 Samiorum
482 1926 616 1957 dicerent
625 1947 634 1960 ,
645 1928 681 1956 ad
691 1929 830 1959 Verrem,
841 1935 906 1956 non
915 1926 951 1956 ad
963 1926 990 1956 se
1002 1946 1011 1959 ‚
1023 1936 1090 1966 per-

122 1971 230 1999 tinere.
255 1967 430 2008 Aspendum
442 1988 450 2002 ,
462 1977 549 1998 vetus
559 1968 706 2008 oppidum
716 1987 725 2001 ,
747 1968 780 1998 &
789 1967 893 1998 nobile
902 1969 936 1998 in
945 1968 1090 2008 Pamphi-

123 2011 164 2041 lia
174 2011 253 2041 scitis
265 2009 322 2041 effe
331 2030 339 2044 ‚
356 2008 563 2051 pleniffimum
581 2009 733 2051 signorum
742 2010 944 2050 optimorum,
967 2019 1032 2039 non
1043 2009 1090 2039 di-

125 2063 193 2084 cam
203 2053 291 2082 illinc
308 2053 366 2082 hoc
382 2050 500 2094 signum
510 2052 643 2082 ablatum
655 2049 712 2081 effe
724 2072 733 2085 ‚
755 2052 788 2082 &
810 2051 887 2082 illud
908 2061 914 2081 ε
937 2052 997 2082 hoc
1006 2050 1088 2085 dico,

126 2095 249 2126 nullum
261 2103 289 2124 te
308 2094 439 2134 Aspendi
449 2092 566 2135 signum
578 2114 587 2127 ‚
598 2097 721 2127 Verres,
740 2094 794 2123 reli
819 2092 909 2123 uisse:
932 2095 1038 2123 omnia
1048 2103 1087 2123 ex

127 2136 206 2167 tanis
216 2156 225 2171 ,
237 2146 275 2166 ex
285 2136 358 2167 locis
368 2136 500 2176 publicis
509 2156 519 2170 ,
530 2135 628 2176 palam
641 2155 650 2170 ,
662 2134 802 2175 spectanti
822 2144 854 2163 us
863 2134 989 2164 omnibus
1000 2156 1008 2168 ‚
1020 2135 1089 2175 plo—

127 2178 195 2210 stris
204 2178 306 2209 eve&a
317 2199 327 2212 ‚
351 2179 550 2220 asportataque
560 2176 628 2207 effe.
651 2181 749 2219 Atque
761 2178 852 2208 etiam
871 2178 962 2207 illum
973 2178 1088 2217 Aspen-

125 2221 214 2252 dium
225 2220 405 2251 citharistam
416 2240 425 2255 ,
437 2220 474 2250 de
483 2230 544 2262 quo
553 2219 628 2261 saepe
635 2219 759 2250 audistis
767 2219 799 2249 id
809 2240 818 2254 ,
833 2219 916 2260 quod
925 2219 967 2249 est
977 2222 1088 2250 Graecis

125 2263 306 2294 hominibus
324 2264 358 2293 in
372 2263 548 2303 proverbio,
574 2272 667 2304 quem
687 2262 782 2292 omnia
798 2262 876 2291 imm
895 2272 988 2291 canere
1007 2261 1088 2292 dice-

127 2304 217 2338 bant,
231 2304 347 2336 sustulit
362 2326 372 2339 ,
387 2305 420 2335 &
431 2306 591 2335 inintimis
603 2305 662 2335 suis
684 2304 797 2335 aedibus
810 2304 911 2345 posuit
924 2315 929 2333 ¹.
948 2313 981 2334 ut
997 2306 1087 2334 etiam

124 2347 215 2385 illum
228 2351 240 2375 3
250 2347 350 2386 ipsum
359 2345 486 2377 artificio
496 2347 550 2377 suo
560 2347 577 2377 s
575 2345 704 2386 uperaffe
715 2346 857 2377 videatur.
869 2349 967 2388 Pergae
977 2344 1085 2376 fanum

118 2388 364 2430 -antiquiffimum
382 2409 392 2423 ,
416 2389 449 2419 ὃ(
471 2387 686 2419 sanctissimum
707 2390 814 2420 Dianae
834 2389 945 2419 scimus
964 2386 1030 2419 effe·
1055 2388 1086 2419 id

119 2441 245 2472 quoque
264 2431 280 2461 a
301 2440 328 2461 te
344 2431 504 2464 nudatum,
524 2441 557 2461 ac
576 2431 735 2471 spoliatum
747 2429 805 2461 esse
824 2441 829 2460 :
854 2441 891 2461 ex
907 2431 969 2472 ipsa
978 2432 1086 2465 Diana,

125 2474 209 2515 quod
227 2473 352 2504 habebat
369 2475 450 2507 auri,
471 2471 639 2504 det1·a&um
651 2493 660 2507 ,
682 2482 770 2515 atque
787 2472 920 2504 ablatum
938 2471 996 2503 ess'e
1006 2472 1085 2503 dico.

125 2518 199 2555 Qae
210 2536 219 2549 ,
239 2514 357 2546 malum
367 2536 376 2549 ‚
396 2514 503 2546 estista
513 2524 591 2546 tanta
600 2515 719 2546 audacia
729 2535 738 2549 ‚
752 2525 838 2556 atque
848 2517 982 2546 amentia
994 2521 1004 2547 ?
1014 2525 1085 2556 quas

125 2559 210 2588 enim
226 2558 378 2588 sociorum
390 2578 399 2593 ,
422 2567 508 2599 atque
527 2559 696 2589 amicorum
709 2557 808 2588 urbeis
823 2557 910 2589 adisti
929 2558 1086 2599 legationis

121 2599 188 2639 jure
196 2620 205 2634 ,
219 2600 252 2630 &
263 2603 391 2630 nomine
403 2611 409 2630 :
421 2599 441 2630 fi
453 2602 486 2630 in
497 2610 543 2630 eas
552 2601 663 2630 vicum
674 2601 808 2630 exercitu
819 2620 827 2634 ,
838 2601 1028 2641 imperioque
1039 2601 1086 2630 in-

124 2639 238 2672 vafifl'es
246 2662 255 2676 ‚
280 2651 380 2672 tamen
391 2663 400 2676 ,
423 2644 533 2682 opinor
544 2662 554 2675 ,
574 2652 640 2683 quae
650 2640 729 2684 figna
737 2661 746 2676 ,
763 2651 849 2683 atque
860 2650 1038 2672 ornamenta
1047 2652 1085 2677 ex

124 2683 171 2713 his
190 2683 312 2714 urbibus
323 2683 484 2715 sustuliss'es
495 2705 504 2719 ,
527 2686 591 2714 haec
606 2695 658 2713 non
669 2695 697 2713 m
708 2692 790 2714 tuam
806 2684 920 2713 domum
932 2705 940 2717 ‚
960 2693 1046 2724 neque
1055 2686 1085 2713 in

117 2724 284 2765 suburbana
299 2727 455 2756 amicorum
472 2746 481 2760 ,
499 2727 550 2766 fid
564 2729 687 2755 Romam
705 2727 734 2756 in
749 2724 897 2768 publicum
913 2724 1083 2768 deportaff'es.

974 101 1042 132 IN
1087 86 1478 135 C.Vnnnnm.

2018 103 2115 150 235

1140 163 1235 205 geffit,
1247 166 1512 206 Antiochumque,
1522 171 1622 205 regem
1633 160 1874 203 potentissimum
1885 163 1977 195 vicit?
1988 166 2059 206 quid
2073 166 2111 199 de

1142 207 1318 238 Flaminino
1330 227 1338 241 ‚
1359 210 1413 248 qui
1432 216 1532 248 regem
1542 206 1718 246 Philippum
1731 225 1739 239 ,
1761 206 1794 236 &
1804 206 2018 237 Macedoniam
2044 209 2113 238 sub-

1141 250 1200 290 egit
1212 252 1222 278 ?
1241 249 1315 290 quid
1323 249 1360 280 de
1370 252 1408 280 L.
1420 249 1523 281 Paullo
1535 269 1544 282 ,
1562 249 1614 289 qui
1631 257 1734 288 regem
1743 248 1852 278 Persen
1861 249 1893 279 vi
1904 258 1935 278 ac
1945 250 2053 279 virtute
2064 251 2113 280 su-

1139 292 1275 329 peravit?
1293 291 1366 332 quid
1378 291 1414 321 de
1425 293 1462 321 L.
1478 291 1637 320 Mummio
1649 309 1657 324 ,
1677 289 1844 331 quiurbcm
1861 291 2110 330 pulcherrimam,

1140 339 1225 371 atque
1236 331 1449 363 Ol'natlffimam
1463 353 1471 367 ‚
1494 333 1694 366 Corinthum,
1717 330 1919 372 pleniffimam
1933 343 2031 363 rerum
2042 344 2113 364 om-

1141 382 1229 403 mum
1241 393 1249 407 ,
1262 373 1377 404 sustulit
1392 395 1400 408 ,
1418 375 1577 415 urbeisque
1587 374 1706 414 Achajae
1718 393 1727 408 ,
1740 376 1924 415 Boeotiaeque
1937 376 2047 406 multas
2061 377 2115 406 sub

1140 414 1304 454 imperium
1314 417 1420 456 populi
1432 419 1469 447 R.
1481 416 1691 456 ditionemque
1711 416 1890 456 subjunxit?
1910 427 2043 458 quorum
2054 418 2111 448 do-

1140 465 1209 485 mus
1220 454 1293 486 cum
1303 458 1419 488 honore
1431 478 1439 492 ,
1458 458 1491 488 δε
1503 460 1611 488 virtute
1624 457 1766 488 florerent
1777 477 1786 492 ,
1804 458 1889 499 signis
1901 459 1936 491 &v
1953 458 2056 490 tabula
2065 462 2116 501 ρι’-

1141 495 1189 526 aa
1208 506 1288 527 erant
1305 509 1407 527 vacua.
1431 502 1471 530 At
1486 498 1559 529 verb
1580 499 1686 530 urbem
1706 508 1800 530 totam
1813 520 1822 534 ,
1844 501 1954 541 templa
1966 501 2108 536 deorum,

1140 539 1320 581 omneisque
1329 541 1422 571 Italia:
1437 543 1543 581 parteis
1556 561 1563 575 ,
1588 542 1712 571 illorum
1721 541 1811 572 donis
1823 562 1831 576 ,
1855 552 1887 573 ac
1897 546 2112 575 monumentis

1139 590 1295 612 exornatas
1304 582 1455 612 videmus.
1480 586 1612 617 Vereor,
1633 594 1670 613 ne
1682 583 1831 614 haecfone
1848 587 1990 626 cuiquam
2012 588 2111 617 nimis

1140 625 1259 665 antiqua
1271 644 1279 658 ,
1300 624 1403 664 &jam
1415 624 1549 654 obsoleta
1558 625 1724 655 videantur.
1748 627 1789 656 ita
1799 628 1882 656 enim
1900 637 1964 658 tum
1977 628 2109 669 aequabi-

1140 665 1207 695 liter
1224 675 1333 696 omnes
1343 674 1425 696 erant
1435 666 1610 705 hujusmodi
1623 686 1631 699 ‚
1653 677 1686 697 ut
1698 668 1761 698 haec
1771 667 1832 696 lans
1844 670 1965 700 eximia:
1978 672 2107 705 virtutis,

1140 707 1173 737 &
1184 709 1367 738 innocentlae
1377 728 1386 742 ,
1408 718 1472 738 non
1484 706 1584 738 solum
1602 709 1746 737 hominnm
1756 730 1764 742 ,
1788 720 1894 740 verum
1905 714 1995 742 ctiam
2008 719 2114 754 rempo-

1138 759 1201 778 rum
1220 749 1345 780 illorum
1364 748 1422 780 ess'e
1441 749 1588 780 videatur.
1623 752 1808 781 P.Servilius
1821 772 1829 785 ‚
1854 755 1901 782 vir
1921 753 2111 788 clarissimus.

1138 793 1283 821 maximis
1302 792 1389 822 rebus
1410 791 1516 833 gestis,
1540 790 1636 821 adest:
1656 792 1692 822 de
1707 801 1734 822 te
1747 793 1925 825 sententiam
1937 796 2048 826 laturus
2058 795 2113 827 est:

1137 836 1153 859 4
1163 833 1330 874 Olympum
1340 835 1373 864 vi
1388 854 1396 867 ‚
1409 835 1504 874 copiis
1516 854 1524 867 ‚
1544 832 1671 864 consilio
1681 854 1689 867 ‚
1702 836 1811 864 virtute
1821 838 1899 875 cepit
1908 858 1916 869 ,
1939 837 2045 868 urbem
2056 849 2110 868 an*

1136 877 1268 916 tiquam,
1290 876 1323 906 &
1339 876 1488 906 omnibus
1507 875 1596 905 rebus
1614 875 1732 906 auCtim
1745 896 1753 909 ‚
1780 877 1812 906 &
1830 887 1977 908 ornatam.
2002 890 2108 910 recens

1136 918 1313 958 exemplum
1333 916 1487 948 fortissimi
1509 919 1567 947 viri
1586 917 1719 957 profero.
1753 928 1823 948 narn
1846 919 1947 959 postea
1966 923 2112 952 Servilius

1135 960 1298 1000 imperator
1311 961 1417 1000 populi
1434 961 1593 993 Romani,
1615 960 1783 1000 Olympum
1802 980 1810 993 .
1835 961 1940 991 urbem
1961 962 2110 998 hostium,

1133 1003 1231 1042 cepit.
1256 1002 1434 1043 quamtum
1458 1001 1566 1032 iisdem
1587 1002 1662 1032 locis
1680 1002 1795 1043 legatus
1806 1002 1981 1043 quaestorius
2001 1006 2110 1045 oppida

1131 1052 1230 1083 pacata
1241 1044 1391 1075 sociorum
1402 1063 1409 1077 ‚
1436 1053 1521 1085 atque
1533 1045 1703 1074 amicorum
1718 1044 1885 1084 diripienda
1896 1065 1905 1079 ,
1930 1056 1962 1076 ac
1972 1047 2111 1079 vexanda

1132 1084 1248 1116 curasti.
1273 1089 1323 1117 Tu
1335 1106 1343 1120 ‚
1365 1096 1430 1127 quae
1446 1096 1484 1116 ex
1495 1085 1571 1116 r'anis
1583 1084 1808 1127 religiosiffimis
1819 1096 1871 1126 per
1890 1087 2001 1122 scelus,
2023 1089 2111 1120 &la-

1132 1130 1297 1159 trocinium
1317 1127 1463 1159 abstulisti
1479 1149 1487 1161 ,
1513 1138 1547 1158 ca
1565 1138 1620 1158 nos
1637 1127 1758 1163 videre,
1778 1127 1835 1158 nisi
1847 1131 1880 1158 in
1891 1132 1970 1164 tuis,
1990 1132 2109 1162 amico-

1131 1179 1259 1212 rumque
1271 1180 1392 1201 tuorum
1404 1169 1491 1200 tectis
1503 1191 1511 1204 ‚
1532 1180 1596 1200 non
1606 1168 1782 1210 possumus:
1804 1173 1835 1201 P.
1850 1171 1995 1202 Servilius
2006 1193 2014 1207 ‚
2038 1184 2105 1214 quae

1131 1210 1210 1253 figna
1220 1221 1306 1253 atque
1317 1220 1494 1243 ornamenta
1509 1222 1548 1242 ex
1561 1212 1631 1242 urbe
1643 1212 1777 1242 hostium
1791 1233 1799 1245 ,
1819 1215 1870 1247 vi,
1892 1214 1925 1243 &
1935 1216 2045 1245 virtute
2057 1226 2106 1246 ca-

1129 1263 1192 1294 pta,
1216 1252 1277 1284 bem
1295 1254 1371 1295 lege,
1390 1264 1476 1295 atque
1487 1256 1682 1294 imperatorio
1701 1256 1769 1294 jure
1788 1253 1905 1286 sustulit
1917 1275 1925 1288 ,
1944 1266 1977 1286 ea
1985 1258 2102 1297 populo

1130 1298 1274 1326 Romano
1291 1299 1475 1337 apportavit,
1493 1306 1545 1336 per
1568 1297 1758 1336 triumphum
1775 1298 1860 1327 vexit
1871 1318 1880 1330 ,
1910 1301 1922 1324 5
1933 1299 1966 1328 in
1989 1299 2103 1329 tabulas

1129 1338 1264 1377 publicas
1281 1339 1316 1369 ad
1335 1340 1474 1369 aeriuium
1494 1338 1703 1378 perscribenda
1713 1341 1837 1369 curavit.
1863 1340 2042 1381 Cognoscite
2060 1351 2101 1371 ex

1129 1381 1235 1410 litteris
1254 1381 1384 1420 publicis
1406 1381 1543 1410 hominis
1562 1379 1736 1421 ampliffimi
1758 1379 1959 1422 diligentiam.
1983 1384 2101 1414 Recita.

1129 1424 1305 1453 RArioNes
1334 1432 1482 1452 RELATAE
1504 1425 1535 1453 P.
1562 1425 1735 1453 SERVILII-
1770 1425 1845 1452 Non
1868 1423 1969 1454 solum
1988 1434 2101 1454 nume-

1129 1474 1198 1494 rum
1214 1463 1365 1507 fignorum
1378 1485 1386 1498 ,
1400 1464 1448 1494 sed
1458 1466 1549 1495 etiam
1560 1464 1782 1504 uniuscujusque
1793 1465 2021 1506 magnitudinem
2031 1488 2038 1499 ‚
2059 1467 2103 1505 fi-

1123 1516 1229 1547 garam
1240 1527 1248 1540 ,
1264 1505 1376 1542 statum
1386 1527 1394 1540 ,
1416 1506 1524 1536 litteris
1542 1505 1662 1537 definiri
1683 1506 1778 1536 vides.
1804 1507 1890 1538 Certe
1910 1509 2029 1547 IistAJ
2040 1512 2062 1536 O
2074 1513 2101 1540 R

1128 1551 1155 1578 E
1165 1548 1186 1578 S
1197 1550 1224 1577 T
1245 1551 1329 1579 VIR
1342 1550 1402 1578 Tv
1413 1550 1463 1578 TI
1473 1548 1494 1578 S
1507 1569 1515 1583 ,
1539 1548 1913 1590 'v‘iCtoriaequejucunditas
1925 1571 1933 1584 ‚
1945 1550 2037 1591 quam
2047 1550 2103 1582 ista

1128 1591 1267 1631 voluptas
1277 1611 1285 1624 ,
1296 1601 1362 1632 quae
1372 1592 1535 1631 percipitur
1544 1600 1583 1621 ex
1592 1590 1721 1620 libidine
1735 1610 1743 1624 ,
1760 1591 1793 1620 δε
1802 1591 1976 1631 cupiditate.
2000 1594 2101 1623 multo

1130 1632 1305 1674 diligentius
1315 1634 1423 1663 habere
1434 1633 1503 1663 dico
1519 1633 1683 1663 Servilium
1695 1632 1824 1672 praedam
1836 1635 1940 1674 populi
1950 1636 2099 1669 Romani,

1129 1674 1220 1715 quam
1231 1684 1259 1705 te
1270 1675 1401 1706 tuafurta
1411 1684 1512 1705 notata
1520 1684 1607 1716 atque
1617 1674 1769 1715 descripta.
1794 1678 1886 1705 Dices
1896 1698 1904 1710 ‚
1923 1685 1969 1707 tua
1978 1687 2098 1718 quoque
2120 1687 2165 1711 22

1130 1716 1208 1758 signa
1218 1737 1226 1751 ,
1241 1717 1273 1747 &
1283 1717 1397 1747 tabulas
1406 1716 1500 1758 pit-Cras
1510 1725 1693 1747 ornamento
1705 1717 1789 1751 urbi,
1804 1717 1932 1759 foroque
1942 1720 2047 1759 populi
2059 1722 2098 1750 R.

1131 1758 1228 1789 fuisse.
1252 1761 1386 1789 Memini
1401 1770 1405 1788 :
1425 1759 1490 1789 vidi
1500 1757 1589 1789 simul
1601 1769 1672 1790 curn
1682 1759 1797 1799 populo
1806 1762 1845 1790 R.
1856 1759 1961 1791 forum
1973 1781 1981 1795 ,
1999 1764 2101 1792 comi-

1129 1803 1267 1842 tiumque
1275 1801 1456 1832 adornatum
1467 1801 1504 1832 ad
1522 1802 1653 1842 speciem
1673 1799 1834 1843 magnifico
1845 1804 1967 1833 or‘natu:
1985 1803 2021 1834 ad
2032 1804 2100 1834 sen-

1133 1844 1199 1874 sum
1218 1864 1226 1878 ,
1251 1845 1527 1885 cogitationemque
1544 1843 1669 1876 acerbo,
1695 1843 1868 1884 &lugubri.
1892 1845 1957 1875 vidi
1968 1847 2096 1876 collucere

1131 1886 1225 1915 omnia
1236 1886 1326 1925 furris
1343 1888 1416 1920 nm,
1436 1885 1535 1926 praeda
1543 1886 1768 1926 provinciarum
1779 1905 1788 1919 ,
1809 1885 1914 1925 spoliis
1931 1887 2097 1922 sociorum,

1129 1936 1216 1968 atque
1225 1929 1408 1958 amicorum.
1431 1930 1502 1970 Qo
1511 1926 1637 1968 quidem
1649 1935 1795 1966 tempore,
1808 1927 1933 1963 iudices,
1945 1928 1999 1960 iste
2009 1929 2096 1970 spem

1130 1970 1300 2000 maximam
1309 1969 1498 2010 reliquorum
1508 1978 1628 2010 quoque
1638 1978 1830 2009 peccatorum
1847 1969 1952 2000 naritus
1963 1970 2014 2001 est.
2039 1973 2098 2001 Vi-

1128 2011 1173 2041 dit
1180 2012 1266 2041 enim
1274 2021 1337 2044 eos,
1353 2013 1406 2052 qui
1414 2011 1603 2051 J'udiciorum
1614 2009 1759 2041 dominos
1770 2011 1798 2041 se
1805 2011 1867 2042 dici
1876 2012 2030 2047 volebant,
2043 2014 2098 2044 ha-

1128 2062 1196 2083 rum
1206 2052 1400 2094 cupiditatum
1409 2052 1457 2091 effe
1470 2053 1576 2093 sbrvos.
1598 2053 1679 2083 Socii
1689 2051 1762 2082 vero
1773 2073 1782 2087 ,
1803 2054 2000 2096 nationesque
2011 2064 2098 2086 exte-

1128 2105 1166 2126 rae
1177 2115 1185 2129 ,
1197 2095 1284 2135 -spem
1302 2097 1448 2125 omnium
1459 2104 1525 2125 tum
1544 2093 1681 2135 primum
1699 2094 1832 2134 abjecere
1845 2105 1945 2126 rerum
1957 2116 1966 2130 ,
1987 2107 2019 2127 ac
2030 2096 2097 2127 for-

1128 2146 1268 2167 tunarum
1280 2137 1400 2168 suarum
1409 2157 1417 2171 ,
1431 2146 1585 2178 propterea
1594 2135 1677 2178 quod
1687 2137 1752 2167 casu
1763 2138 1850 2179 legati
1861 2148 1899 2168 ex
1907 2136 1975 2168 Afia
1986 2158 1995 2173 ,
2008 2148 2097 2181 atque

1130 2180 1240 2219 Achaja
1250 2179 1374 2220 plurimi
1384 2182 1494 2210 Romae
1504 2188 1577 2209 tunc
1585 2178 1722 2210 fuerunt:
1741 2181 1792 2220 qui
1802 2179 1930 2210 deorum
1941 2178 2097 2212 simulacra

1129 2231 1166 2251 ex
1177 2221 1236 2252 suis
1249 2220 1327 2252 fanis
1338 2221 1467 2255 sublata,
1491 2222 1520 2250 in
1532 2222 1596 2261 foro
1606 2220 1834 2251 venerabantur:
1853 2223 1988 2264 itemque
1998 2232 2095 2254 cetera

1128 2263 1226 2306 figna,
1252 2264 1285 2294 δε
1296 2273 1472 2294 ornamenta
1488 2262 1560 2294 cum
1580 2263 1812 2306 cognoscerent,
1832 2264 1890 2295 alia
1905 2265 1964 2295 alio
1974 2267 2008 2295 in
2025 2266 2095 2295 loco

1128 2306 1324 2346 lacrymantes
1339 2306 1544 2336 intuebantur.
1566 2315 1699 2346 quorum
1718 2307 1863 2336 omnium
1879 2307 1962 2337 hunc
1979 2308 2095 2338 sermo-

1129 2358 1202 2378 nem
1222 2356 1289 2378 111111
1308 2346 1367 2378 esse
1383 2347 1579 2378 audiebamus
1600 2358 1606 2377 :
1630 2349 1744 2378 Num„
1766 2358 1857 2383 ESSE,
1883 2358 1973 2389 Qon
1996 2358 2095 2389 Qus—

1130 2399 1231 2430 QAM
1250 2400 1447 2421 numi-ARi-:T
1465 2400 1509 2420 m:
1527 2399 1649 2420 εκιτιο
1668 2399 1854 2424 somonmu,
1876 2399 1989 2430 ArQiE
2007 2401 2094 2421 AMi-

1129 2441 1262 2463 conmu:
1278 2431 1350 2462 cum
1361 2432 1486 2474 quidem
1495 2432 1633 2462 viderent
1643 2433 1677 2461 in
1689 2429 1757 2463 foro
1765 2432 1872 2473 populi
1885 2427 1989 2474 Rqffo
1999 2435 2033 2464 in
2044 2434 2095 2464 lo-

1126 2484 1163 2505 co
1173 2483 1256 2505 antea
1266 2494 1274 2508 ,
1287 2476 1339 2516 qui
1350 2475 1438 2505 sociis
1450 2475 1575 2513 injurias
1585 2473 1716 2504 fecerant
1725 2494 1734 2509 ,
1746 2475 1885 2508 accusari,
1897 2475 1930 2504 &
1941 2475 2092 2506 condem-

1127 2519 1192 2546 nari
1210 2517 1344 2547 solebant
1355 2537 1364 2550 ,
1388 2516 1431 2546 ibi
1442 2515 1498 2546 effe
1508 2516 1607 2556 palam
1624 2514 1717 2556 posita
1726 2527 1758 2546 ea
1771 2534 1780 2550 5
1803 2527 1868 2558 quae
1879 2516 1915 2547 ab
1930 2518 2019 2548 sociis
2038 2528 2093 2558 per

1126 2559 1221 2589 scelus
1229 2559 1322 2589 ablata
1332 2579 1340 2593 ,
1361 2567 1516 2599 ereptaque
1527 2556 1630 2588 effent.
1655 2556 1715 2589 Hic
1725 2569 1780 2600 ego
1790 2569 1856 2589 non
1863 2559 1990 2590 arbitror
1998 2560 2091 2591 illum

1125 2610 1303 2643 negaturum
1317 2621 1325 2634 ,
1346 2599 1424 2640 signa
1434 2601 1494 2631 sele
1502 2600 1651 2641 plurima,
1676 2600 1787 2632 tabulas
1802 2600 1896 2642 pidias
1914 2602 2094 2634 innumera-

1125 2643 1201 2673 biles
1222 2643 1328 2674 habere
1350 2654 1355 2672 ·.
1379 2643 1428 2673 sed
1448 2663 1457 2676 ,
1483 2652 1515 2673 ut
1536 2644 1647 2682 opinor
1666 2661 1676 2676 ,
1699 2643 1774 2673 solet
1794 2644 1857 2674 haec
1874 2663 1883 2677 ,
1906 2653 1972 2685 quae
1993 2647 2093 2685 rapuit

1126 2685 1160 2716 δε
1177 2685 1290 2716 furatus
1302 2684 1363 2718 est,
1388 2693 1612 2725 nonnunquam
1632 2684 1730 2715 dicere
1748 2685 1776 2715 Ie
1794 2684 1920 2715 emifl'e:
1943 2689 2091 2727 quoniam

1124 2728 1250 2768 quidem
1263 2730 1295 2757 in
1305 2727 1450 2767 Achajam
1461 2746 1470 2760 ,
1491 2726 1590 2756 Asiam
1599 2746 1609 2759 ,
1620 2727 1820 2767 Pamphiliam
1832 2747 1840 2761 ,
1856 2727 1957 2768 sumtu
1967 2727 2091 2771 publico,

60 2779 103 2808 21
125 2767 269 2810 Qidego
279 2768 314 2798 de
324 2770 368 2799 M.
380 2770 656 2809 Marcelloloquar,
676 2769 906 2810 quiSyracuias,
919 2769 1025 2799 urbem
1037 2779 1087 2798 or—
1124 2771 1159 2802 (φ
1180 2768 1196 2789 ⁶
1213 2770 1357 2810 legationis
1376 2769 1502 2802 nomine,
1526 2778 1673 2799 mercator
1702 2767 1855 2810 signorum
1875 2789 1883 2803 ,
1908 2770 2094 2801 tabularum-

125 2808 302 2841 natiffimam
314 2831 323 2844 ,
335 2806 434 2852 cepit?
445 2812 517 2854 quid
527 2811 562 2842 de
574 2812 754 2852 L.Scipi0ne
764 2832 772 2847 ‚
784 2813 836 2853 qui
848 2811 965 2842 bellum
975 2812 1009 2841 in
1019 2809 1086 2842 Asia
1100 2800 1104 2848 Ι
1121 2822 1178 2854 que
1198 2812 1349 2853 pictarum
1369 2810 1474 2842 miffus
1492 2809 1544 2842 est.
1590 2810 1698 2842 Habeo
1709 2812 1742 2843 &
1752 2810 1837 2843 istius
1848 2832 1858 2847 ,
1882 2812 1915 2843 &
1924 2814 2013 2854 patris
2024 2813 2088 2854 ejus
2110 2824 2152 2857 23

160 2933 184 2951 1.
204 2925 344 2953 <Ad-nentur
358 2927 426 2958 istim·
439 2926 548 2959 pramiza
558 2945 566 2959 ‚
576 2935 646 2953 cenas·
654 2927 721 2962 ἀι]
733 2928 832 2955 Caelius
843 2928 954 2963 conjicit
963 2929 1079 2955 adventu.

124 2970 175 2988 nun
187 2961 281 2997 probat
290 2961 448 2989 Gulielmio.

138 3032 144 3037 ι
160 3005 188 3022 2.
208 2999 255 3024 Sub
264 2998 343 3033 diva]
356 2999 398 3025 lta
407 2998 475 3025 Pall.
486 2998 581 3034 CujaC.
592 2999 629 3026 ita
640 2998 701 3026 edd.
712 3009 804 3027 omnes
817 3007 884 3029 vett.
895 3001 976 3028 etiam
986 3000 1082 3028 Victo-

123 3041 206 3060 mna.
224 3033 330 3068 aliaefioeb
339 3035 374 3060 dtu
385 3053 393 3067 ‚
404 3036 446 3062 cui
456 3035 614 3072 suffragatur
623 3036 707 3063 editio
718 3037 845 3064 Paediani.

163 3076 190 3104 3.
207 3069 281 3102 lpfiem
291 3073 340 3096 arti
360 3075 393 3098 clo
414 3073 714 3108 noJiaperaffevideatur.]
736 3075 830 3101 Monet
840 3073 1003 3102 Gulielmius
1014 3072 1082 3100 illud
1129 3078 1169 3101 cul

119 3104 162 3136 suo
171 3104 243 3130 forte
251 3073 394 3133 delendllm
407 3126 416 3139 ‚
426 3107 478 3133 fide
488 3108 649 3136 Asconiaua.

161 3147 190 3173 4·
203 3142 348 3178 olympam]
367 3143 400 3171 Id
417 3153 512 3173 nomen
530 3144 570 3172 bis
589 3145 700 3173 restituo
717 3145 841 3175 Ciceroni
853 3165 864 3180 ‚
881 3146 934 3175 fide
943 3146 1082 3176 Strabonis

2006 2865 2091 2886 acce-

1125 2927 1425 2965 Geographiaelib.X1v.
1437 2935 1486 2963 pro
1497 2936 1551 2964 quo
1560 2926 1719 2959 Lambinus,
1734 2926 1871 2954 Manutius
1881 2926 1980 2962 aliique
1990 2925 2093 2953 malue-

1129 2973 1190 2992 runt
1199 2967 1332 2996 Olynthum.

1166 3011 1192 3036 5.
1213 2996 1241 3027 in
1249 3001 1460 3033 tabulaspublicas
1471 3000 1503 3025 ad
1511 2999 1756 3034 arariumperftrib]
1777 2998 1827 3034 Cuj
1832 3008 1870 3026 ac.
1880 3001 1906 3025 in
1915 2998 2092 3032 tabm'ispubli-

1128 3039 1160 3064 cis
1172 3057 1179 3069 ,
1219 3036 1334 3064 uomodo
1353 3037 1418 3062 item
1432 3043 1508 3072 putat
1517 3035 1608 3071 legiss‘e
1619 3036 1771 3064 l'aedianum
1782 3036 1957 3064 Gulielmius.
1976 3035 2091 3062 alterum

1171 3047 1274 3100 roditur
1285 3075 1300 3099 :i
1312 3073 1380 3099 Pall.
1391 3074 1417 3098 8<
1431 3071 1493 3099 edd.
1505 3080 1573 3099 vett.

1165 3110 1194 3135 6.
1213 3110 1346 3143 negationis
1354 3111 1444 3135 nnmIne
1454 3128 1462 3141 ‚
1473 3107 1786 3143 mercatorfignormn‚&·c.]
1806 3107 1888 3138 Haud
1897 3107 1977 3136 aliter
1987 3114 2095 3144 quoque

1131 3145 1199 3174 Pall.
1209 3147 1238 3172 &
1250 3146 1343 3182 Cujac.
1355 3145 1382 3173 8<
1393 3154 1461 3175 vett.
1471 3144 1598 3182 impressi.

1655 3181 1711 3217 Gg
1729 3189 1747 3208 2
2028 3178 2098 3206 »sit
