2316 3395
190 128 291 193 ‘136
604 121 1102 174 M.Tur.1.11

195 210 228 242 &
248 208 415 240 declarandi
431 207 498 239 fuit.
523 209 533 226 ¹
547 206 660 240 Carbo,
681 204 742 246 quo
763 205 823 234 vita
841 200 1055 243 suppeditavit,
1073 197 1159 241 estin

198 252 304 283 multis
319 251 442 291 judiciis
455 271 463 284 ‚
486 248 633 290 causisque
650 248 806 288 cognitus:
831 246 922 274 Hunc
940 244 992 284 qui
1005 241 1158 272 audierant

198 293 360 334 prudentes
370 294 511 323 homines
522 311 529 324 ‚
543 292 575 320 in
587 289 695 330 quibus
705 287 860 317 familiaris
872 283 972 316 noster
982 286 1018 314 L.
1030 282 1160 316 Gellius,

201 337 253 376 qui
264 335 291 366 se
301 335 348 365 illi
356 332 602 365 contubernalem
612 333 645 360 in
655 329 811 359 consulatu
820 325 908 358 fuiss'e
919 325 1057 359 narrabat,
1070 334 1162 356 cano-

201 387 271 408 rum
281 385 441 409 oratorem,
455 375 487 405 &
498 373 677 404 volubilem,
696 370 728 400 ὃς
738 371 804 400 satis
812 378 922 402 acrem,
933 377 1021 409 atque
1031 366 1162 398 eundem

201 419 236 450 δε
256 419 469 451 vehementem
479 436 487 450 ,
509 415 541 444 &
561 412 646 444 valde
665 412 786 443 dulcem
798 432 806 445 ,
826 412 859 444 &
877 409 1058 450 perfacetum
1076 406 1163 438 fuifl‘e

206 460 338 492 dicebat:
357 458 499 490 addebat,
512 454 693 486 industrium
705 455 795 484 etiam
808 473 816 486 ,
830 453 1048 494 &diligentem
1058 471 1067 485 ,
1088 450 1164 480 &in

204 500 479 534 exercitationibus,
487 496 854 536 commentationibusque
864 495 999 525 multum
1008 502 1105 534 operae
1116 492 1164 521 so—

206 544 295 574 litum
307 542 364 573 ess‘e
374 551 495 582 ponere.
529 542 588 569 Hic
598 540 731 579 optimus
742 558 750 571 ,
770 538 831 567 illis
842 536 1025 577 temporibus
1035 555 1044 569 ,
1065 533 1107 564 est
1114 543 1165 573 pa-

207 595 313 616 tronus
332 585 450 614 habitus
461 603 469 617 ‚
489 581 690 622 eoqueforum
699 586 805 609 tenente
814 579 898 619 plura
907 576 971 607 fieri
977 576 1093 617 judicia
1104 584 1165 605 cce-

206 635 323 667 perunt.
356 635 427 655 nam
448 625 481 654 &
495 627 508 642 ²
521 622 700 664 quaestiones
717 630 884 662 pei'pctuae,
904 621 962 649 hoc
981 618 1166 648 adolescente

207 668 376 699 constitutae
394 667 462 697 sunt
473 687 481 700 ‚
501 675 567 706 quae
576 673 660 695 antea
671 664 762 694 nullae
772 662 892 693 fuerunt
900 682 908 695 ,
931 662 978 700 (L.
990 662 1075 690 enim
1086 658 1165 690 Piso,

206 710 344 740 tribunus
354 709 450 749 plebis
461 709 558 749 legem
567 708 683 747 primus
693 705 728 736 de
737 707 873 745 pecuniis
884 702 1056 744 repetundis
1067 721 1076 734 ‚
1090 702 1168 730 Cen-

207 752 310 782 soi-mo
331 751 363 781 δε
382 750 514 780 Manilio
531 751 619 779 Coss.
640 748 718 778 tulit.
742 747 803 786 ipse
823 748 912 776 etiam
935 745 1002 775 Piso
1021 744 1054 773 ὃς
1071 741 1168 772 causas

209 796 287 834 egit,
302 793 335 824 δι’.
345 793 509 822 multarum
520 790 622 833 legum
635 788 796 820 auta11&or
805 808 814 821 ‚
825 797 874 817 aut
883 784 1092 817 diss'uasorfuit
1105 795 1110 813 :
1131 783 1170 813 is-

211 845 267 876 que
282 835 314 865 &
324 836 472 864 orationes
482 833 613 873 reliquit,
624 841 690 872 qua:
703 832 761 868 jam
772 837 967 862 evanuerunt,
981 828 1014 857 δε
1022 826 1166 858 amastis,

213 877 282 908 sane
293 877 413 907 exiliter
423 877 556 915 scriptos)
568 872 720 913 &judicia
728 872 832 912 populi
845 891 854 903 ‚
876 870 984 911 quibus
995 869 1092 899 aderat
1102 870 1171 898 Car-

212 919 254 950 bo
266 939 274 952 ,
285 920 347 959 jam
359 928 453 959 magis
463 926 624 957 patronum
635 913 854 946 desiderabant,
867 912 971 942 tabella
980 911 1060 941 data:
1079 918 1170 950 quam

148 962 192 996 28
213 961 310 1002 legem
322 962 356 990 L.
370 958 491 992 Gallius,
502 957 631 998 Lepido,
645 957 677 986 &
689 957 835 986 Mancino
845 957 933 985 Coss.
945 954 1023 983 tulit.
1068 950 1172 981 Vester

210 1005 302 1034 etiam
315 1005 355 1032 D.
368 1004 494 1035 Brutus,
517 1002 559 1029 M.
574 997 670 1031 filius,
694 1006 725 1027 ut
744 1007 782 1027 ex
801 995 941 1026 familiari
950 997 1013 1035 ejus
1023 996 1059 1024 L.
1070 995 1172 1023 Attico

212 1046 299 1088 po'e'ta
309 1045 376 1074 sum
387 1043 485 1073 audire
496 1042 596 1072 solitus
610 1060 618 1073 ,
641 1040 673 1069 &
683 1038 779 1069 dicere
788 1049 852 1068 non
863 1038 978 1068 inculte
987 1037 1115 1068 solebat,
1138 1034 1170 1064 ὃς

211 1095 274 1118 erat
283 1084 353 1117 cum
366 1087 471 1115 litteris
483 1084 597 1114 Latinis
610 1102 618 1116 ,
630 1091 696 1111 tum
707 1083 796 1111 etiam
809 1081 930 1113 Graecis,
942 1087 975 1109 ut
985 1077 1171 1118 temporibus

214 1129 277 1159 illis
286 1148 294 1162 ‚
316 1127 457 1157 eruditus.
482 1128 556 1166 Qiae
568 1123 709 1154 tribuerat
720 1122 801 1152 idem
813 1124 910 1152 Attius
921 1124 1011 1151 etiarn
1023 1120 1172 1161 QMaxi-

215 1180 271 1201 mo
282 1190 290 1204 ,
311 1171 346 1199 L.
358 1169 452 1200 Paulli
461 1168 575 1207 nepoti.
599 1169 611 1193 ³
624 1165 657 1195 &
666 1163 738 1195 verb
748 1164 816 1194 ante
827 1165 1000 1194 Maximum
1011 1163 1101 1191 illum
1109 1161 1173 1191 Sci-

215 1214 353 1253 pionem,
365 1221 426 1252 quo
437 1209 511 1240 duce
521 1210 636 1249 privato
646 1209 698 1238 Ti.
712 1207 862 1237 Gracchus
872 1206 987 1235 occisus
997 1202 1069 1234 esset
1079 1223 1087 1236 ,
1101 1211 1172 1232 cum

213 1253 360 1285 omnibus
379 1256 412 1282 in
430 1252 517 1281 rebus
533 1251 747 1280 vehementem
760 1268 767 1282 ,
787 1257 852 1278 turn
871 1257 969 1277 acrem
981 1246 1075 1286 ajebat
1085 1247 1117 1274 in
1129 1243 1174 1273 di-

215 1295 312 1327 cendo
322 1292 418 1324 fuiffe.
430 1296 515 1324 Tum
526 1294 617 1322 etiarn
628 1291 809 1322 P-Lentulus
819 1290 870 1319 ille
881 1287 1068 1328 princeps‚ad
1078 1295 1172 1325 remp.

215 1337 360 1368 duntaxat
376 1335 450 1377 quod
465 1342 531 1376 opus
544 1332 605 1372 affer
615 1353 622 1367 ,
643 1333 707 1363 satis
718 1329 852 1362 habuisse
862 1332 1043 1371 eloquentiae
1052 1329 1170 1359 dicitur.

215 1379 387 1419 Iisdemque
398 1378 584 1417 temporibus
593 1378 631 1405 L.
643 1376 748 1405 Furius
758 1374 860 1404 Philus
870 1375 999 1412 perbene
1011 1370 1117 1401 Latine
1130 1370 1176 1398 lo-

218 1422 273 1462 qui
282 1420 447 1460 putabatur.
459 1417 684 1458 litteratiusque,
694 1416 785 1457 quam
795 1417 895 1445 ceteri.
912 1417 942 1445 P.
952 1413 1086 1444 Scaevola
1092 1410 1178 1441 valde

217 1461 420 1504 prudenter&
430 1459 525 1493 acute,
536 1459 638 1500 paullo
647 1460 737 1496 etiam
748 1455 907 1497 copiosius.
932 1458 997 1486 Nec
1008 1455 1107 1485 multo
1117 1454 1177 1482 mi-

221 1515 278 1535 nus
289 1503 451 1544 prudenter
459 1504 493 1532 M
499 1523 504 1530 .
516 1501 671 1531 Manilius.
704 1501 794 1540 Appii
814 1498 931 1529 Claudii
943 1497 1088 1528 volubilis
1100 1516 1108 1529 ‚
1129 1493 1178 1525 sed

219 1547 322 1587 paullo
331 1544 476 1576 fervidior
484 1553 544 1574 erat
553 1544 659 1573 oratio.
669 1544 705 1571 In
713 1544 815 1582 aliquo
823 1550 953 1571 numero
961 1541 1051 1570 etiam
1063 1537 1180 1567 M.Ful-

221 1591 290 1619 vius
300 1589 419 1618 Flaccus
429 1606 437 1620 ,
458 1586 490 1617 δε
506 1588 541 1616 C.
553 1587 626 1615 Cato
634 1583 767 1614 Africani
775 1583 884 1613 sororis
895 1581 975 1620 filius
988 1593 993 1610 z
1015 1580 1181 1610 mediocres

223 1639 355 1661 oratores
367 1640 372 1658 :
390 1627 441 1659 etsi
452 1628 546 1658 Flacci
558 1628 660 1667 scripta
671 1626 738 1656 sunt
748 1645 756 1659 ‚
770 1624 819 1655 sed
830 1634 862 1654 ut
871 1621 994 1654 studiosi
1002 1623 1177 1653 litterarum-

223 1673 322 1704 Flacci
338 1680 441 1701 autem
459 1669 588 1700 aemulus
606 1672 635 1699 P.
651 1670 763 1698 Decius
774 1666 833 1696 fuit
844 1687 853 1699 ,
871 1664 1103 1697 noninfansille
1113 1665 1182 1704 qui-

224 1714 297 1746 dem
310 1724 315 1743 2
337 1713 386 1744 sed
398 1722 430 1743 ut
438 1713 499 1743 vita
507 1732 515 1745 ‚
536 1710 574 1741 fic
583 1712 718 1741 oratione
728 1710 819 1739 etiam
829 1707 1015 1737 turbulentus.
1045 1709 1088 1736 M.
1100 1708 1181 1736 Dru-

227 1757 274 1787 sus
284 1775 293 1789 ,
318 1758 350 1785 C.
364 1753 444 1785 filius
453 1774 462 1788 ‚
483 1755 535 1794 qui
553 1755 585 1782 in
596 1752 748 1782 tribunatu
767 1753 801 1781 C.
815 1751 983 1780 Gracchum
994 1769 1002 1783 ,
1021 1749 1180 1789 collegam,

221 1801 240 1825 4
249 1800 360 1828 iterum
369 1796 538 1828 tribunum,
549 1794 630 1827 fecit,
640 1796 686 1824 vir
697 1793 730 1823 &
739 1795 874 1823 oratione
885 1794 980 1832 gravis
991 1811 999 1825 ,
1012 1791 1044 1821 ὃς
1054 1790 1184 1820 aufilori-

223 1848 298 1872 tate:
318 1840 404 1880 eique
414 1836 556 1878 proxime
566 1834 725 1875 adjunElms
736 1837 768 1865 C.
781 1834 896 1865 Drusus
906 1833 993 1863 frater
1001 1832 1071 1862 fuit.
1096 1834 1181 1862 Tuus

224 1884 317 1913 etiam
329 1881 565 1921 gentilis,Bi·ute,
578 1881 623 1907 Μ.
635 1880 755 1908 Pennus
764 1876 852 1906 facile
863 1878 982 1917 agitavit
992 1877 1023 1904 in
1033 1874 1184 1905 tribunatu

226 1926 260 1954 C.
272 1919 593 1961 Gracchum,paullum
605 1928 687 1950 aetate
696 1917 884 1948 antecedens.
896 1920 964 1947 Fuit
973 1919 1058 1947 enim
1070 1918 1114 1945 M.
1126 1917 1185 1945 Le-

225 1965 299 2007 pido
311 1985 319 1998 ,
343 1964 375 1994 &
384 1966 420 1993 L.
432 1962 532 1993 Oreste
542 1965 628 1992 Coss.
639 1959 767 2002 quaestor
778 1960 927 1990 Gracchus
939 1979 946 1992 ,
960 1959 1099 1989 tribunus
1109 1960 1186 1988 Pen—

228 2017 298 2039 nus,
312 2007 394 2036 illius
405 2008 449 2034 M.
462 2004 554 2037 filius,
566 2005 700 2044 quicum
711 2002 842 2043 QAElio
853 2004 922 2032 Cos.
934 2001 1008 2030 fuit:
1023 2000 1072 2030 sed
1082 2000 1186 2029 omnia

226 2052 252 2079 is
259 2048 488 2089 summasperans
499 2067 507 2079 ,
527 2046 668 2076 aedilitius
678 2044 721 2074 est
731 2053 880 2074 mortuus.
912 2045 994 2076 Nam
1013 2042 1048 2072 de
1069 2045 1108 2072 T.
1121 2041 1186 2071 Fla-

229 2092 352 2122 minino
363 2110 371 2123 ,
383 2099 475 2130 quem
485 2089 546 2128 ipse
556 2087 620 2118 vidi
632 2107 640 2120 ,
652 2087 729 2116 nihil
740 2088 837 2126 accepi
851 2106 858 2119 ,
870 2083 926 2115 nisi
936 2085 1043 2115 Latine
1055 2084 1186 2124 diligen-

168 2139 211 2172 29
229 2142 273 2164 ter
282 2133 428 2162 locutum.
451 2133 490 2160 Iis
501 2128 637 2169 adjunsti
648 2129 714 2158 sunt
725 2130 757 2157 C.
771 2129 873 2160 Curio,
886 2129 928 2155 M.
940 2130 1072 2159 Scaurus,
1085 2128 1186 2156 P.Ru-

228 2175 324 2208 tilius,
336 2176 370 2203 C.
382 2173 538 2203 Gracchus.
562 2174 608 2200 De
619 2173 737 2202 Scauro,
751 2169 783 2198 &
793 2169 912 2199 Rutilio
923 2168 1052 2197 breviter
1060 2167 1129 2196 licet
1140 2166 1187 2196 di-

229 2226 296 2248 cere
307 2236 316 2249 ,
336 2224 465 2256 quorum
477 2221 582 2243 neuter
600 2212 713 2242 summi
730 2211 854 2240 oratoris
873 2209 976 2238 habuit
992 2207 1112 2238 laudem
1123 2227 1132 2240 ,
1153 2207 1186 2236 &

229 2267 353 2298 uterque
363 2258 396 2286 in
410 2256 513 2285 multis
532 2253 623 2285 causis
642 2253 769 2284 versatus
788 2260 857 2281 erat.
889 2253 925 2280 In
935 2248 1113 2290 quibusdam
1126 2249 1188 2278 lau-

232 2300 339 2331 dandis
347 2300 419 2328 viris
431 2318 438 2331 ,
452 2299 542 2327 etiam
554 2295 573 2326 si
585 2296 714 2326 maximi
726 2294 841 2334 ingenii
851 2302 915 2322 non
923 2291 1016 2321 ess'ent
1029 2312 1036 2324 ,
1048 2290 1188 2330 probabi-

231 2343 268 2371 lis
289 2350 391 2371 tamen
409 2338 571 2369 industria:
591 2345 774 2378 quamquam
793 2337 829 2364 iis
849 2333 973 2374 quidem
985 2343 1049 2362 non
1059 2334 1190 2363 omnino

234 2384 392 2425 ingenium
405 2402 412 2415 ,
424 2381 472 2411 sed
483 2381 635 2410 oratorium
647 2380 789 2418 ingenium
799 2376 902 2406 defuit.
932 2378 1040 2415 Neque
1051 2377 1134 2404 enim
1145 2383 1190 2403 re-

234 2425 291 2455 fert
302 2424 415 2457 videre,
426 2422 500 2464 quid
510 2421 673 2452 dicendum
684 2419 717 2449 sit
729 2440 736 2453 ,
751 2417 804 2448 nisi
816 2418 845 2448 id
856 2427 945 2458 queas
955 2417 1051 2447 solute
1063 2436 1071 2450 ,
1085 2416 1118 2446 ὃς
1128 2416 1191 2445 sua-

237 2469 315 2497 viter
333 2466 441 2496 dicere.
465 2474 503 2494 ne
513 2463 544 2494 id
554 2463 678 2504 quidem
690 2462 755 2492 satis
766 2459 824 2494 est,
845 2458 899 2489 nisi
909 2459 939 2489 id
951 2479 958 2492 ,
977 2458 1057 2499 quod
1068 2458 1188 2490 dicitur,

237 2508 271 2538 sit
281 2518 370 2541 voce,
381 2508 479 2540 vultu,
491 2515 637 2546 motuque
647 2503 809 2534 conditius.
835 2501 916 2543 Qid
927 2501 1035 2533 dicam,
1048 2509 1122 2540 opus
1133 2497 1191 2529 esse

239 2549 396 2581 doeh-ina?
419 2547 478 2578 fine
487 2558 544 2589 qua
553 2550 643 2578 etiam
654 2545 674 2575 fi
684 2545 756 2586 quid
769 2545 843 2574 bene
854 2545 962 2574 dicitur
970 2542 1128 2582 adjuvante
1139 2551 1192 2571 na-

238 2601 303 2622 tura
314 2612 322 2625 ,
342 2600 443 2621 tamen
453 2590 483 2620 id
494 2610 502 2623 ,
522 2591 592 2630 quia
599 2586 726 2619 fortuito
737 2585 769 2617 fit
778 2606 786 2620 ,
798 2587 912 2626 semper
920 2593 1054 2625 paratum
1062 2582 1119 2613 effe
1130 2593 1193 2612 non

241 2632 348 2674 potest.
371 2636 407 2662 In
417 2633 515 2662 Scauri
525 2633 670 2663 oratione,
683 2630 821 2669 sapientis
832 2629 978 2660 hominis,
991 2626 1023 2656 &
1033 2625 1114 2659 teElti,
1129 2635 1192 2665 gra-

242 2678 316 2706 vitas
327 2675 454 2707 sumnia,
467 2674 499 2703 &
510 2672 648 2703 naturalis
658 2671 792 2712 quaedam
805 2672 898 2699 inerat
908 2668 1076 2701 auditoritas,
1088 2677 1151 2697 non
1162 2675 1194 2696 ut

240 2717 357 2748 causam
370 2737 377 2750 ,
399 2716 447 2746 sed
468 2725 500 2745 ut
516 2714 725 2744 testimonium
736 2713 833 2743 dicere
843 2719 957 2751 putares
968 2730 976 2744 ,
998 2708 1071 2741 cum
1081 2719 1133 2750 pro
1143 2719 1195 2738 reo

242 2760 363 2790 diceret.
405 2760 473 2793 Hoc
494 2756 613 2787 dicendi
629 2765 742 2796 genus,
772 2754 806 2784 ad
826 2755 989 2793 patrocinia
1006 2751 1199 2781 mediocriter

1182 119 1716 167 Cxcnnou1s

1199 199 1252 247 ille
1261 200 1399 242 princeps
1410 220 1419 235 ,
1440 200 1489 231 vei
1501 201 1646 232 maxime.
1669 196 1851 249 significabat
1859 197 1943 229 enirn
1954 205 2018 229 non
2028 196 2160 238 pruden-

1201 250 1274 272 tiam
1285 241 1395 276 solum‚
1405 242 1465 276 sed,
1478 242 1560 285 quod
1569 243 1706 273 maxime
1717 250 1782 271 rem
1793 239 1976 273 continebat,
1989 237 2091 270 fidem.
2104 240 2159 271 ha·

1203 283 1290 314 bebat
1306 283 1366 315 hoc
1383 283 1399 315 a
1411 293 1512 315 natura
1520 285 1581 325 ipsa
1591 304 1600 318 ‚
1620 283 1702 325 quod
1711 282 1727 313 ὲ
1736 281 1876 313 doetrina
1883 292 1948 312 non
1957 280 2043 312 facile
2052 279 2158 321 poss'et.

1202 334 1386 367 quamquam
1404 326 1494 367 hujus
1509 336 1628 367 quoque
1640 323 1728 366 ipsius
1738 326 1780 354 rei
1792 344 1800 357 ,
1822 323 2080 365 quemadmodum
2091 323 2157 357 scis,

1203 377 1346 409 praecepta
1356 369 1432 398 sunt.
1466 369 1528 407 Huj
1533 378 1566 397 us
1577 369 1610 398 δε
1623 369 1772 397 orationes
1782 366 1870 400 sunt‘,
1895 366 1927 396 δε
1937 374 1995 395 tres
2005 364 2040 395 ad
2052 365 2087 394 L.
2100 367 2160 396 Fu·-

1205 407 1313 439 fidium
1323 409 1392 439 libri
1403 410 1502 450 scripti
1511 410 1544 439 de
1554 410 1619 438 vita
1630 408 1710 449 ipfim
1719 407 1783 438 aeta
1795 428 1802 441 ,
1816 407 1882 438 sane
1894 407 1982 438 utiles
1993 427 2001 440 ,
2021 415 2096 447 quos
2105 415 2161 436 ne-

1206 461 1260 480 mo
1270 451 1350 492 legit.
1373 453 1413 481 At
1423 453 1492 492 Cyri
1502 453 1606 484 vitam,
1618 451 1651 480 &
1661 449 1850 489 disciplinam
1862 449 1964 490 legunt
1973 468 1982 482 ,
1992 448 2161 488 praeclaram

1204 492 1288 522 illam
1299 492 1422 533 quidem
1434 513 1443 526 ,
1457 492 1506 522 sed
1517 502 1613 533 neque
1628 500 1688 522 tam
1698 491 1784 520 rebus
1795 490 1904 520 nostris
1913 498 2010 529 aptam
2023 509 2031 522 ‚
2053 499 2109 520 nec
2119 498 2164 520 ta-

1207 544 1279 564 men
1289 535 1387 564 Scauri
1398 533 1535 564 laudibus
1553 531 1804 573 anteponendam.
1835 532 1899 572 lpse
1916 533 2008 561 etiam
2028 529 2167 561 Fufidius

1208 578 1241 605 in
1250 575 1350 616 aliquo
1360 584 1554 616 patronorum
1566 585 1694 605 numero
1704 572 1771 604 fuit.
1786 575 1921 604 Rutilius
1930 582 2030 603 autem
2040 575 2073 603 in
2083 582 2161 614 quo·
2186 573 2233 618 30'

1209 616 1277 647 dam
1288 616 1372 650 tristi,
1386 618 1418 648 δε
1428 618 1528 648 severo
1537 627 1644 659 genere
1654 615 1775 646 dicendi
1783 615 1912 646 versatus
1921 614 1964 645 est
1975 635 1983 647 ‚
1996 615 2029 645 &
2039 624 2164 656 uterque

1210 667 1313 704 natura
1320 660 1495 693 vehemens,
1509 660 1541 690 Sc
1551 670 1624 689 acer.
1653 661 1755 699 Itaque
1766 655 1837 687 cum
1847 658 1905 688 una
1914 656 2101 688 consulatum
2113 666 2167 697 pe-

1210 699 1353 735 tivissent,
1364 711 1428 731 non
1439 701 1490 731 ille
1499 701 1599 731 solum
1610 721 1618 735 ,
1642 702 1695 742 qui
1712 699 1860 739 repulsam
1879 699 2002 732 tulerat,
2023 699 2170 729 accusavit

1209 742 1339 773 ambitus
1349 741 1532 784 designatum
1542 746 1772 783 competitorem
1784 760 1792 774 ‚
1821 740 1870 771 sed
1881 744 2004 771 Scaurus
2014 743 2104 771 etiam
2115 740 2169 771 ab·

1211 785 1324 815 solutus
1335 804 1344 818 ,
1365 785 1520 815 Rutilium
1538 787 1571 814 in
1584 785 1736 825 judicium
1747 784 1877 812 vocavit:
1903 783 2056 824 multaque
2065 792 2166 822 opera.

1213 826 1365 867 multaque
1374 825 1520 856 industria
1528 827 1663 857 Rutilius
1672 827 1808 866 fuit,quae
1817 834 1877 856 erat
1885 834 2037 865 propterea
2045 826 2167 865 gratior,

1211 867 1294 909 quod
1311 868 1393 898 idem
1413 878 1557 910 magnum
1574 879 1685 899 munus
1704 869 1740 899 de
1755 868 1823 906 jure
1833 866 2031 907 respondendi
2041 865 2169 896 sustine-

1211 911 1267 940 bat.
1300 913 1377 940 Sunt
1392 912 1456 947 ejus
1475 912 1625 941 orationes
1636 912 1648 950 j
1653 912 1679 951 ej
1684 921 1749 941 unae
1760 921 1764 939 :
1784 909 1880 941 multa
1897 909 2031 949 praeclaia
2040 907 2076 938 de
2082 909 2149 948 jure
2161 917 2170 938 ε

1213 951 1320 982 doetus
1330 954 1386 985 vir,
1399 952 1431 982 &
1441 954 1552 983 Graecis
1562 952 1667 983 litteris
1677 953 1819 987 eruditus,
1833 953 1954 981 Panaetii
1963 950 2170 990 auditompro-

1213 993 1249 1034 pe
1270 993 1418 1034 perfeEtus
1437 996 1469 1024 in
1487 996 1593 1025 Stoicis
1605 1005 1610 1023 :
1631 1005 1762 1036 quorum
1774 1002 1946 1035 peracutum
1957 1014 1965 1027 ,
1986 993 2019 1023 &
2029 993 2098 1022 artis
2107 992 2173 1032 ple-

1213 1046 1289 1066 num
1300 1037 1444 1066 orationis
1455 1046 1549 1077 genus
1558 1056 1565 1069 ‚
1578 1040 1589 1063 5
1602 1037 1651 1067 sed
1662 1046 1763 1067 tamen
1773 1038 1851 1067 exile
1863 1056 1871 1070 ‚
1892 1045 1948 1066 nec
1959 1036 2025 1066 satis
2033 1034 2172 1074 populari

1210 1076 1367 1108 assensioni
1385 1078 1660 1108 accommodatum.
1690 1081 1792 1119 Itaque
1808 1079 1859 1108 illa
1871 1098 1879 1111 ,
1909 1087 1976 1117 quae
1995 1078 2112 1115 propria
2129 1074 2172 1108 est

1212 1121 1300 1159 hujus
1310 1119 1486 1159 disciplinae,
1496 1120 1749 1160 philosophorum
1759 1121 1795 1150 de
1807 1121 1834 1151 se
1844 1120 1978 1160 ipsorum
1990 1119 2107 1157 opinio,
2121 1116 2173 1148 fir-

1216 1172 1265 1191 ma
1276 1163 1309 1191 in
1320 1162 1378 1190 hoc
1388 1163 1453 1190 viro
1466 1182 1474 1194 ,
1490 1162 1523 1191 &
1534 1161 1646 1191 stabilis
1656 1163 1780 1192 inventa
1789 1161 1831 1192 est
1844 1173 1848 1189 1
1867 1164 1920 1202 qui
1930 1161 2174 1202 quamquamin-

1217 1201 1442 1233 nocentiffimus
1453 1202 1643 1242 injudicium
1652 1212 1775 1234 vocatus
1786 1203 1857 1233 esset
1868 1224 1876 1237 ,
1889 1208 1962 1243 (quo
1975 1201 2087 1240 judicio
2096 1211 2175 1232 con-

1217 1245 1333 1275 vulsam
1353 1246 1470 1284 penitus
1490 1244 1600 1274 scimus
1618 1243 1676 1274 effe
1694 1245 1925 1285 rempublicam)
1944 1243 2016 1274 cum
2033 1241 2127 1273 essent
2135 1246 2175 1274 eo

1219 1296 1356 1326 tempore
1374 1284 1609 1326 eloquentiffimi
1627 1288 1686 1316 viri
1702 1289 1738 1317 L.
1750 1286 1882 1321 Crassus,
1911 1287 1944 1317 &
1962 1289 2006 1317 M.
2021 1287 2176 1316 Antonius

1219 1329 1386 1359 consulares
1397 1348 1405 1361 ,
1415 1337 1523 1357 eorum
1532 1328 1671 1358 adhibere
1681 1338 1821 1359 neutrum
1832 1330 1938 1360 voluit.
1960 1328 2041 1358 dixit
2049 1327 2110 1367 ipse
2119 1336 2175 1367 pro

1219 1371 1277 1401 sese
1289 1382 1297 1404 3
1319 1370 1352 1400 &
1361 1379 1451 1409 pauca
1460 1371 1492 1399 C.
1504 1372 1589 1400 Cotta
1599 1390 1607 1404 ‚
1627 1370 1710 1411 quod
1721 1371 1827 1401 sororis
1839 1370 1986 1402 eratfilius
1997 1390 2005 1404 ‚
2029 1370 2096 1400 &is
2106 1370 2176 1409 qui-

1219 1412 1290 1442 dem
1299 1421 1420 1445 tamen,
1442 1420 1474 1441 ut
1490 1421 1607 1445 orator,
1630 1422 1812 1454 quamquam
1831 1422 1890 1444 eiat
1898 1411 2065 1443 admodum
2075 1410 2178 1441 adole-

1222 1455 1314 1484 scens.
1338 1453 1393 1484 Sed
1406 1455 1576 1493 QMucius
1586 1454 1740 1485 enucleate
1751 1455 1803 1485 ille
1812 1455 1938 1496 quidem
1947 1474 1956 1488 ‚
1970 1453 2104 1494 &polite
2116 1472 2125 1486 ‚
2144 1460 2178 1483 ut

1218 1496 1345 1529 solebat,
1368 1505 1556 1536 nequaquam
1567 1505 1667 1526 autem
1678 1506 1710 1527 ea
1719 1498 1750 1527 vi
1759 1506 1843 1537 atque
1852 1498 1938 1536 copia
1948 1516 1957 1529 ‚
1984 1505 2075 1536 quam
2084 1503 2179 1536 genus

1218 1538 1294 1568 illud
1311 1537 1440 1577 judicii,
1463 1537 1496 1567 δε
1511 1537 1688 1580 magnitudo
1705 1539 1797 1569 causae
1816 1537 1990 1578 postulabat.
2022 1537 2179 1567 Habemus

1217 1582 1308 1622 igitur
1317 1582 1349 1609 in
1359 1581 1467 1610 Stoicis
1475 1580 1643 1610 oratoribus
1652 1580 1808 1611 Rutilium
1819 1601 1827 1615 ,
1839 1584 1980 1612 Scaurum
1991 1580 2024 1610 in
2034 1580 2175 1620 antiquis.

1219 1631 1380 1663 utrumque
1390 1630 1492 1651 tamen
1502 1621 1659 1652 laudemus
1668 1642 1676 1656 ‚
1690 1624 1834 1663 quoniam
1845 1633 1897 1663 per
1905 1623 1975 1654 illos
1985 1631 2023 1652 ne
2033 1621 2178 1661 haec-qui-

1217 1664 1331 1695 demin
1342 1665 1461 1702 civitate
1470 1673 1576 1705 genera
1586 1684 1595 1698 ,
1615 1664 1668 1694 hac
1677 1666 1805 1695 oratoria
1812 1664 1898 1696 laude
1908 1671 2072 1695 caruerunt,
2095 1661 2179 1692 Volo

1220 1708 1314 1740 enim,
1328 1707 1403 1736 utin
1413 1705 1506 1740 scena,
1519 1704 1557 1735 sic
1567 1708 1658 1736 etiam
1669 1708 1702 1736 in
1711 1705 1780 1737 foro
1791 1727 1799 1740 ,
1812 1717 1877 1737 non
1887 1716 1938 1736 eos
1949 1703 2044 1736 modo
2055 1703 2180 1738 laudari.

1242 1751 1273 1778 ui
1283 1748 1373 1778 celeri
1384 1756 1470 1777 motu
1481 1767 1489 1781 ‚
1503 1748 1536 1777 δε
1545 1746 1664 1778 difficili
1674 1757 1792 1779 utantur
1801 1769 1809 1782 ,
1821 1749 1870 1779 sed
1879 1758 1930 1779 eos
1941 1749 2032 1778 etiam
2044 1767 2052 1780 .
2076 1744 2092 1766 ⁶
2102 1755 2181 1787 quos

1214 1792 1233 1827 J
1242 1791 1349 1820 ararios
1366 1789 1515 1829 appellant
1523 1808 1531 1823 ,
1552 1799 1684 1830 quorum
1694 1788 1727 1820 sit
1736 1790 1788 1820 illa
1797 1789 1923 1831 simplex
1932 1791 1965 1819 in
1973 1788 2090 1833 agendo
2100 1788 2182 1818 veri-

1222 1843 1264 1863 tas
1276 1853 1285 1866 ,
1306 1842 1370 1862 non
1391 1829 1524 1861 molesta.
1569 1835 1607 1862 Et
1615 1833 1763 1872 quoniam
1772 1834 1944 1862 Stoicorum
1954 1830 1997 1861 est
2004 1829 2081 1860 lafita
2092 1839 2181 1860 men-

1222 1877 1265 1905 tio
1277 1894 1285 1908 ‚
1307 1873 1455 1914 QAElius
1471 1873 1595 1904 Tubero
1610 1873 1669 1903 fuit
1681 1873 1736 1903 illo
1747 1882 1882 1914 tempore
1892 1894 1902 1907 ,
1925 1875 1960 1904 L.
1971 1873 2066 1903 Paulli
2073 1880 2180 1911 nepos,

1224 1917 1311 1946 nullo
1321 1918 1354 1946 in
1364 1924 1515 1945 oratorum
1526 1925 1655 1945 numero
1665 1935 1674 1949 ,
1695 1915 1744 1945 sed
1755 1917 1815 1946 vita
1824 1916 1942 1946 severus
1954 1936 1963 1948 ,
1984 1915 2016 1945 &
2035 1923 2183 1954 congruens

1223 1969 1294 1989 curn
1306 1968 1339 1988 ea
1347 1957 1514 1997 disciplina,
1526 1967 1619 1999 quam
1626 1957 1758 1987 colebat:
1778 1958 1881 1997 paullo
1891 1960 1981 1988 etiam
1991 1957 2094 1987 durior
2105 1965 2110 1984 :
2129 1957 2184 1996 qui

1224 2000 1348 2042 quidem
1358 2001 1391 2029 in
1400 2001 1590 2030 triumviratu
1597 1999 1773 2040 judicaverit
1780 2009 1885 2031 contra
1891 2002 1922 2030 P.
1933 1998 2076 2031 Africani,
2087 2007 2184 2028 avun-

1225 2043 1285 2073 culi
1295 2042 1350 2075 sui,
1361 2040 1585 2075 testimonium,
1596 2043 1783 2072 vacationem
1792 2051 1915 2083 augures
1929 2062 1937 2074 ,
1949 2050 2010 2081 quo
2020 2041 2123 2069 minus
2130 2040 2185 2078 ju-

1225 2084 1313 2115 diciis
1323 2093 1444 2124 operam
1454 2083 1568 2116 darent,
1580 2093 1645 2113 non
1652 2082 1759 2113 habere
1770 2093 1775 2111 ε
1796 2083 1846 2112 sed
1856 2092 1889 2112 ut
1898 2085 1959 2112 vita
1969 2102 1977 2116 ‚
1999 2078 2037 2111 fic
2048 2082 2184 2111 oratione

1227 2126 1335 2158 durus,
1356 2126 1487 2155 incultus
1499 2145 1507 2157 ,
1526 2124 1673 2154 horridus.
1706 2126 1804 2164 itaque
1813 2124 1981 2154 honoribus
1990 2123 2129 2162 majorum
2137 2132 2184 2152 re-

1227 2166 1370 2206 spondere
1380 2175 1444 2195 non
1452 2168 1561 2204 potuit.
1584 2167 1652 2195 Fuit
1660 2173 1761 2195 autem
1770 2164 1908 2196 constans
1917 2167 1992 2195 civis
2003 2184 2011 2197 ‚
2033 2165 2065 2194 &
2080 2163 2181 2198 fortis.

1229 2210 1262 2238 &
1279 2210 1312 2237 in
1332 2209 1437 2246 primis
1458 2207 1592 2236 Graccho
1613 2205 1757 2236 molestus
1766 2226 1774 2240 ‚
1793 2207 1874 2247 quod
1894 2207 2007 2237 indicat
2016 2207 2141 2237 Gracchi
2152 2207 2186 2236 in

1227 2260 1298 2279 eum
1309 2250 1413 2278 oratio.
1438 2249 1507 2278 sunt
1517 2250 1608 2278 etiarn
1620 2250 1653 2277 in
1664 2249 1832 2278 Gracchum
1842 2269 1850 2282 ‚
1873 2249 2057 2279 Tuberonis.
2087 2250 2116 2277 Is
2127 2246 2186 2277 fuit

1229 2290 1390 2321 mediocris
1408 2292 1441 2319 in
1461 2289 1590 2320 dicendo
1601 2310 1609 2323 ,
1628 2287 1816 2320 do&iffiiiius
1834 2293 1867 2320 in
1879 2289 2064 2330 disputando.
2097 2292 2185 2320 Tum

1230 2335 1335 2362 Brutus
1348 2352 1356 2365 ,
1376 2330 1475 2373 Qam
1495 2333 1554 2362 hoc
1571 2331 1652 2362 idem
1672 2334 1704 2361 in
1724 2331 1832 2362 nostris
1850 2336 2025 2374 contingere
2033 2331 2183 2371 intelligo,

1231 2374 1312 2415 quod
1322 2376 1355 2403 in
1366 2376 1487 2407 Graecis,
1498 2382 1530 2403 ut
1541 2383 1649 2403 omnes
1657 2372 1719 2403 fere
1729 2376 1839 2408 Stoici,
1852 2371 2071 2414 prudentiffimi
2081 2374 2114 2403 in
2124 2373 2186 2405 dis,-

1233 2415 1356 2447 screndo
1367 2414 1423 2445 sint
1434 2436 1442 2449 ,
1455 2415 1487 2445 &
1499 2415 1528 2445 id
1538 2424 1598 2445 arte
1607 2415 1725 2449 faciant,
1738 2414 1851 2456 sintque
1860 2414 2012 2446 architefti
2022 2413 2106 2455 paene
2118 2423 2186 2445 ver-

1233 2459 1356 2488 borum:
1380 2457 1475 2487 iidem
1484 2456 1608 2487 traduffi
1618 2457 1634 2487 a
1643 2457 1821 2496 disputando
1831 2458 1866 2488 ad
1876 2457 2039 2488 dicendum
2050 2477 2059 2491 ,
2079 2458 2187 2496 inopes

1233 2501 1423 2539 reperiantur.
1435 2502 1542 2529 Unum
1551 2500 1671 2539 excipio
1681 2501 1837 2533 Catonem,
1847 2502 1880 2530 in
1890 2510 1961 2541 quo,
1972 2496 2186 2539 perfectiffimo

1233 2543 1333 2572 Stoico
1345 2561 1353 2575 ,
1374 2542 1523 2571 summam
1533 2541 1737 2581 eloquentiam
1749 2551 1812 2571 non
1821 2540 1982 2571 defiderem
1994 2551 1999 2570 :
2022 2549 2112 2581 quam
2122 2540 2190 2570 exi-

1234 2593 1322 2625 guam
1333 2585 1366 2612 in
1378 2585 1471 2613 Fanio
1484 2603 1492 2615 ,
1505 2593 1542 2612 ne
1553 2584 1585 2612 in
1596 2584 1714 2613 Rutilio
1725 2583 1849 2624 quidem
1862 2593 2000 2625 magnam
2012 2602 2020 2616 ‚
2041 2584 2074 2612 in
2084 2581 2190 2611 Tube-

1235 2635 1308 2654 rone
1319 2625 1433 2655 nullam
1444 2624 1533 2655 video
1542 2623 1636 2654 fuisse.
1670 2628 1707 2655 Et
1716 2636 1771 2666 ego
1782 2645 1791 2658 ,
1812 2628 1885 2655 Non
1899 2645 1906 2659 ‚
1927 2627 2050 2665 inquam
2061 2644 2069 2657 ‚
2091 2625 2190 2657 Brute,

1237 2666 1296 2696 sinc
1305 2668 1387 2697 causa
1400 2687 1407 2700 ,
1420 2676 1572 2706 propterea
1578 2665 1663 2706 quod
1673 2666 1800 2697 istorum
1811 2669 1843 2697 in
1852 2665 2002 2696 dialceticis
2011 2667 2113 2696 omnis
2124 2674 2193 2695 cura

1236 2709 1424 2739 consumitur
1434 2719 1439 2738 ;
1450 2718 1558 2748 vagum
1568 2708 1641 2738 iliud
1653 2711 1809 2742 orationis,
1818 2709 1850 2739 ὃς
1859 2708 1971 2742 fusum,
1984 2708 2016 2738 &
2027 2706 2191 2747 multiplex

1238 2761 1302 2780 non
1313 2750 1467 2780 adhibetur
1477 2760 1578 2791 genus.
1603 2753 1687 2780 Tuus
1694 2760 1795 2781 autem
1804 2750 1980 2783 avunculus,
1989 2748 2192 2790 quemadmo-

242 2810 345 2842 aptum
353 2799 508 2830 videbatur
519 2798 568 2829 :ad
577 2799 753 2828 senatoriam
764 2794 836 2827 vero
846 2796 1036 2828 sententiam,
1044 2795 1089 2834 cuj
1095 2803 1128 2823 us
1138 2800 1198 2823 erat
1239 2792 1313 2823 dum
1325 2793 1379 2823 scis
1391 2812 1399 2827 ,
1424 2793 1510 2822 habet
1519 2792 1535 2822 a
1544 2794 1649 2823 Stoicis
1658 2792 1689 2822 id
1700 2813 1708 2827 ,
1732 2792 1814 2834 quod
1824 2793 1930 2823 abillis
1940 2791 2105 2833 petendum
2115 2789 2174 2820 fuit
2185 2799 2193 2819 t

2148 2830 2198 2862 sed

288 2917 451 2948 1.Ca›·b0‚quo
459 2913 704 2947 eivitafiaeppeir'itavit]
717 2914 756 2939 Ita
767 2912 897 2939 Gulielm.
909 2921 942 2938 ex
953 2911 1047 2945 Cujac.
1059 2920 1144 2947 neque
1153 2910 1204 2937 ali·
1223 2918 1226 2939 i
1242 2907 1269 2935 id
1281 2908 1400 2935 mutabat
1410 2908 1435 2935 in
1449 2909 1520 2942 fregit
1530 2927 1537 2939 ,
1556 2906 1642 2934 forsan
1654 2907 1737 2933 reete.
1759 2907 1908 2933 Tribunum
1919 2905 1989 2931 enim
1999 2903 2146 2930 Gracchum
2158 2901 2200 2929 fa-

249 2958 289 2978 rer
301 2952 356 2978 Pal.
370 2951 488 2986 vulgatu,
498 2950 630 2987 ‹quod-vira.
642 2948 815 2983 Lambquoad
822 2952 886 2981 vila5
897 2947 968 2989 quod
979 2949 1005 2974 ὃ(
1017 2948 1042 2974 in
1054 2947 1204 2974 Manutian.
1225 2941 1227 2970 i
1243 2955 1301 2972 cere
1313 2944 1411 2971 Drusus
1423 2954 1491 2971 anuo
1501 2944 1632 2981 superiore
1642 2953 1692 2969 non
1705 2950 1808 2979 poterat
1821 2962 1828 2973 ‚
1847 2949 1903 2968 tum
1915 2940 1966 2976 ipse
1977 2939 2128 2966 candidatus
2140 2958 2148 2971 ‚
2168 2938 2198 2964 Sc

285 2996 314 3013 2.
333 2986 611 3020 Qaestto7zespeisetzts,]
624 2984 757 3012 Corradus
769 2997 782 3011 e
796 2985 863 3011 libro
875 2985 920 3011 nil.
933 2985 1037 3021 reponit
1050 3004 1058 3015 ‚
1076 2985 1205 3019 qicaesliones
1226 2976 1229 3016 l
1243 2982 1299 3016 ejus
1310 2981 1481 3018 competitor,
1492 2988 1520 3006 ut
1533 2980 1604 3007 recle
1617 2980 1720 3006 monuit
1729 2982 1756 3006 in
1768 2979 1848 3006 Fastis
1859 2977 1890 3004 ad
1899 2985 1996 3004 aurium
2007 2975 2067 3002 urb.
2076 2983 2198 3002 ncxxxx.

242 3025 350 3058 publice.
371 3021 441 3059 quod
453 3022 582 3059 improbat
593 3021 716 3055 Cujacius
730 3041 737 3052 ‚
750 3022 877 3057 malitque
886 3024 1016 3056 questiones
1030 3023 1206 3054 „pecuniarium

248 3060 431 3092 repetundarum
442 3078 450 3089 ‚
460 3060 541 3085 Notis
553 3058 726 3092 iuJustiuiaui
740 3057 932 3084 lustitiitioues.

288 3103 300 3127 ’ζ
310 3116 314 3121 .
336 3099 366 3120 Et
375 3095 431 3120 verb
442 3102 496 3120 ante
505 3097 632 3120 maximum
639 3095 703 3119 illum
711 3095 861 3128 Scipionem]
877 3094 956 3129 Legit
966 3093 1141 3124 Gulielmius,
1152 3099 1207 3118 ante

250 3128 350 3165 Pojmfit
354 3142 386 3156 tm
395 3134 523 3157 maximum
528 3151 533 3157 .

286 3175 314 3202 4.
333 3171 420 3194 lterum
429 3165 637 3202 tribunumfecin]
647 3165 675 3193 N
679 3175 714 3193 on
726 3166 829 3193 variant
842 3165 897 3193 Pal.
909 3172 955 3195 aut
965 3164 1058 3201 Cujac.
1069 3163 1205 3194 Corradus

1243 3019 1340 3045 amicus
1353 3018 1438 3044 noster
1451 3017 1569 3052 Pighius.

1284 3063 1310 3088 5.
1328 3055 1374 3079 scd
1382 3054 1497 3084 tamen&
1505 3055 1563 3079 exile
1574 3072 1582 3085 ,
1591 3062 1633 3079 nec
1641 3052 1707 3087 elsa]
1727 3050 1782 3078 Pal.
1794 3052 1821 3077 δε
1833 3049 1926 3086 Cujac.
1936 3046 2042 3076 sortasse
2053 3056 2127 3074 meus
2138 3054 2146 3078 3
2153 3046 2202 3080 scie

1244 3099 1323 3117 tamen
1331 3091 1372 3119 eff?
1381 3092 1440 3116 exile
1451 3109 1457 3120 ‚
1467 3099 1508 3115 ner
1517 3090 1569 3120 &a

1281 3127 1308 3152 6.
1329 3128 1389 3151 com,-
1402 3128 1518 3159 statarios
1536 3126 1651 3159 appellant
1657 3124 1678 3158 .]
1698 3126 1893 3159 lutei-pretatur
1903 3119 2043 3150 Turnebus
2053 3119 2100 3147 lib.
2113 3127 2123 3145 1
2131 3137 2137 3144 .
2155 3116 2204 3144 ad-

1248 3162 1423 3191 verllirioruin
1435 3171 1491 3199 cap.
1505 3170 1547 3188 10.

2140 3197 2165 3216 ι.
2179 3188 2207 3214 ld

2202 1847 2240 1881 31
