2302 3353
547 132 687 162 >DE
767 116 1076 164 ORATo

114 202 196 236 teris.
207 199 296 243 quam
307 195 418 230 Latini.
441 200 542 226 tamen
551 192 672 227 existis,
684 202 759 234 quos
769 192 863 222 nostis
873 213 881 226 ,
894 194 1024 228 urbanis,
1036 196 1070 225 in

112 244 222 286 quibus
233 243 399 272 minimum
410 236 452 268 est
460 237 636 268 litterarum,
649 244 742 264 nemo
752 232 804 267 est,
815 236 890 275 quin
900 234 1071 266 litteratissi-

115 295 203 316 mum
213 290 379 325 togatorum
390 280 544 310 omniurn.
558 277 764 318 QValerium
776 278 936 309 Soranum,
949 276 1070 307 lenitate

56 333 70 360 1
79 336 99 360 2
115 328 198 358 vocis
207 345 215 359 ‚
227 334 312 365 atque
321 322 385 362 ipso
395 323 454 351 oris
463 318 558 361 pressu
569 340 577 353 ,
591 319 623 348 &
633 318 708 348 sono
717 316 804 348 facile
816 319 926 347 vincat.
972 319 1070 359 Qare

34 1640 74 1701 ⁴13

112 367 184 400 cum
195 365 229 396 sit
236 364 373 407 quaedam
383 371 460 393 certa
469 371 530 393 vox
539 359 661 391 Romani
666 360 781 400 generis,
791 358 930 400 urbisque
940 361 1068 399 propria,

112 411 146 440 in
176 418 212 438 ua
229 407 308 437 nihil
327 403 459 438 offendi,
481 403 559 434 nihil
579 402 749 442 displicere,
774 400 853 431 nihil
871 400 1070 431 animadverti

109 460 149 491 po
174 458 205 484 it,
217 449 296 479 nihil
305 448 405 478 sonare
417 467 426 480 ,
437 454 486 476 aut
496 446 577 476 olere
587 445 779 485 peregrinum
789 462 798 477 ,
809 443 885 473 hanc
894 442 1070 484 sequamur:

110 501 207 533 neque
226 488 325 521 solum
344 487 483 519 rusticam
500 488 685 528 asperitatem
696 505 705 519 ‚
725 484 773 516 sed
784 486 874 515 etiam
883 486 1068 525 peregrinam

111 534 303 564 insolentiam
312 530 414 572 fugere
424 530 582 561 discamus.
604 527 754 569 Equidem
764 525 837 557 cum
846 526 936 557 audio
947 527 1066 568 socrum

111 584 210 605 meam
220 574 344 604 Laeliam
361 574 539 612 (FAcinius
553 572 636 601 enim
647 570 789 600 mulieres
798 570 1003 608 incorruptam
1015 578 1069 599 an-

109 617 276 657 tiquitatem
288 616 480 647 conservant,
491 611 573 654 quod
584 612 752 642 multorum
764 611 912 641 sermonis
922 618 1068 650 expertes,

110 668 143 689 ea
153 666 256 688 tenent
268 658 400 696 semper,
412 666 477 697 quae
486 657 582 695 prima
591 652 769 692 didicerunt)
782 651 831 682 sed
842 661 907 682 earn
920 650 956 682 sic
967 651 1068 685 audio,

109 708 143 730 ut
152 700 290 730 Plautum
302 700 391 731 mihi,
402 706 452 728 aut
461 699 605 727 Naevium
615 694 716 725 videar
724 693 835 724 audire.
850 693 925 723 sono
936 693 1000 733 ipso
1010 703 1068 723 vo-

106 743 149 772 cis
160 743 198 772 ita
208 740 291 771 rel-‘io
302 761 310 774 ,
324 740 357 770 &
368 738 495 780 simplici
505 737 547 768 est
558 758 566 771 ‚
576 746 609 767 ut
618 736 696 766 nihil
705 734 923 767 ostentationis,
935 744 985 765 aut
994 736 1068 765 imi-

106 784 228 814 tationis
244 781 347 813 afferre
366 781 517 812 videatur:
537 788 576 809 cx
591 788 652 819 quo
672 775 710 808 fic
724 778 862 807 locutum
874 775 933 806 effe
942 778 1005 816 ejus
1016 787 1067 817 pa—

106 834 184 856 trem
192 824 295 864 judico
305 843 313 858 ,
335 822 373 853 sic
381 824 525 861 majores3
546 821 612 850 non
621 818 720 859 aspere
731 840 740 852 ‚
761 827 793 848 ut
804 819 854 848 ille
865 838 873 852 ,
886 828 977 859 quein
988 818 1063 852 dixi,

107 877 172 897 non
182 866 262 896 vaste
275 886 283 899 ‚
296 875 359 895 non
367 862 474 895 rustice
485 883 494 896 ,
505 872 569 892 non
579 860 680 892 hiulce
690 881 699 895 ‚
710 860 759 892 sed
769 860 880 901 presse,
893 861 925 890 δε
935 860 1065 902 :equabi-

105 909 182 943 liter,
196 908 229 938 ὃς
238 908 353 937 leniter.
383 908 477 947 Qiare
488 907 573 935 Cotta
581 903 682 934 noster
692 923 701 937 ,
711 904 796 943 cujus
808 912 839 932 tu
850 902 901 932 illa
912 903 967 932 lata
976 923 984 936 ,
997 902 1064 932 Sul-

105 952 165 990 pici
176 970 185 984 ‚
197 957 415 988 nonnunquam
425 948 552 976 imitaris
563 966 572 980 ,
583 947 706 987 utJo-rA
716 943 845 975 li‘tteiarn
856 944 942 975 tollas
954 964 961 977 ‚
984 945 1017 974 δε
1030 954 1059 978 ε,

102 989 308 1032 plenissimum
319 989 407 1023 dicas,
419 998 483 1019 non
493 989 570 1018 mihi
580 996 708 1018 oratores
718 988 856 1027 antiquos
868 1006 876 1020 ‚
890 985 937 1016 sed
951 985 1062 1016 messo-

102 1042 148 1063 res
166 1032 276 1062 videris
293 1032 413 1061 imitari.
446 1028 505 1060 Hic
523 1040 593 1060 curn
610 1027 741 1060 arrisisset
751 1030 812 1068 ipse
821 1028 971 1068 Sulpicius
982 1048 990 1062 ,
1010 1030 1058 1059 Sic

100 1083 184 1116 agam
194 1073 351 1103 vobiscum
363 1092 371 1106 ,
383 1073 482 1113 inquit
492 1070 606 1102 Crassus
617 1091 626 1105 ,
637 1080 680 1105 ut,
692 1072 840 1112 quoniam
849 1080 897 1100 me
909 1070 994 1111 loqui
1004 1080 1060 1100 vo-

100 1114 195 1146 luistis
206 1136 214 1148 ,
234 1114 346 1155 aliquid
357 1114 393 1144 de
402 1113 506 1144 vestris
516 1115 599 1144 vitiis
608 1113 743 1144 audiatis.
776 1114 903 1142 Utinam
921 1111 1057 1153 quidem,

100 1159 199 1198 inquit
207 1156 265 1186 ille.
291 1155 321 1186 id
332 1157 416 1186 enim
427 1156 525 1196 ipsum
535 1156 691 1188 volumus,
703 1154 792 1195 idque
803 1152 824 1184 si
833 1153 950 1187 feceris,
963 1154 1069 1185 multa.

101 1199 147 1239 (ut
163 1198 298 1237 arbitror)
317 1196 366 1228 hic
384 1198 476 1228 hodie
494 1199 567 1228 vitia
584 1206 744 1237 ponemus.
778 1199 818 1226 At
825 1198 910 1226 enim
921 1206 985 1226 non
997 1194 1056 1226 sine

100 1251 170 1272 meo
180 1240 325 1281 periculo,
338 1238 451 1270 Crassus
462 1241 569 1280 inquit,
581 1237 711 1279 possum,
722 1239 846 1279 Sulpici,
858 1247 886 1268 te
898 1239 1057 1278 reprehen-

101 1283 169 1313 dere
179 1302 187 1316 ‚
209 1283 353 1323 quoniam
365 1283 517 1312 Antonius
526 1282 603 1311 mihi
614 1290 641 1311 te
650 1279 845 1310 simillimum
851 1278 936 1310 'dixit
944 1278 997 1310 sibi
1009 1281 1056 1310 vi-

101 1325 172 1355 deri.
204 1327 287 1355 Turn
307 1323 359 1353 ille
370 1343 379 1357 ,
400 1326 484 1353 Turn
492 1323 574 1364 quod
586 1324 707 1353 monuit
716 1322 798 1352 idem
810 1342 818 1356 ,
840 1330 871 1352 ut
889 1331 933 1352 EA
944 1341 953 1356 ‚
974 1330 1054 1361 QAE

99 1368 132 1397 in
141 1376 258 1407 quoque
268 1367 402 1395 maxima
410 1364 718 1395 ess'entimitaremur:
739 1374 777 1394 ex
796 1374 857 1404 quo
872 1373 978 1394 vereor
988 1384 996 1397 ‚
1017 1374 1055 1394 ne

98 1409 176 1438 nihil
186 1406 239 1437 sim
250 1408 292 1437 tui
304 1427 312 1440 ‚
332 1405 388 1437 nisi
401 1411 410 1426 ¹
422 1405 644 1447 supplosionem
654 1405 737 1447 pedis
747 1408 882 1436 imitatus
892 1425 901 1440 ,
923 1405 955 1436 &
964 1415 1055 1445 pauca

97 1448 232 1491 quaedam
243 1448 339 1483 verba,
352 1448 384 1478 &
395 1449 537 1489 aliquem,
549 1447 570 1478 si
581 1447 671 1483 forte,
683 1457 814 1478 motum.
842 1451 922 1489 Ergo
931 1446 994 1481 ista,
1006 1449 1054 1478 in-

96 1493 161 1533 quit
170 1489 292 1525 Crassiis,
305 1500 370 1532 quae
379 1490 468 1521 habes
478 1490 494 1521 a
504 1501 564 1524 me,
575 1500 640 1521 non
649 1490 847 1530 reprehendo.
854 1500 890 1520 ne
902 1489 1052 1529 meipsum

94 1533 244 1564 irrideam.
265 1533 334 1563 sunt
342 1541 443 1563 autem
453 1542 520 1563 mea
529 1533 628 1563 multo
638 1533 671 1563 &
679 1533 773 1573 plura,
785 1532 818 1562 &
828 1532 886 1572 maj
891 1541 951 1565 ora,
960 1530 1053 1573 quam

95 1575 186 1606 dicis.
209 1584 273 1616 quae
285 1583 385 1605 autem
396 1575 463 1605 sunt
472 1583 522 1605 aut
531 1585 580 1605 tua
589 1574 677 1614 plane
690 1594 698 1609 ‚
710 1583 759 1604 aut
767 1576 938 1604 imitatione
948 1583 987 1603 ex
998 1574 1052 1604 ali-

94 1627 154 1658 quo
171 1615 302 1657 expressa
311 1637 320 1651 ,
349 1616 386 1647 de
395 1618 433 1647 iis
445 1625 472 1647 te
483 1636 492 1651 ,
512 1615 533 1646 fi
543 1618 594 1658 qui
606 1627 655 1646 me
663 1615 741 1646 forte
751 1616 836 1646 locus
847 1615 1050 1650 admonuerit,

95 1658 310 1690 commonebo.
334 1661 544 1689 Praetereamus
553 1661 643 1700 igitur
652 1666 795 1699 praecepta
804 1658 911 1688 Latine
923 1658 1051 1699 loquen-

93 1701 136 1735 di,
147 1711 211 1742 quae
219 1700 341 1740 puerilis
351 1700 487 1732 do&rina
497 1700 594 1735 tradit,
608 1701 640 1731 &
651 1700 788 1731 subtilior
797 1701 932 1740 cognitio
944 1720 952 1733 ,
963 1709 995 1730 ac
1005 1709 1049 1730 ra-

91 1745 136 1773 tio
145 1743 309 1773 litterarum
319 1742 370 1772 alit
381 1763 390 1776 ,
401 1752 451 1773 aut
460 1742 648 1773 consuetudo
658 1743 806 1772 sermonis
815 1741 984 1783 quotidiani
996 1761 1004 1775 ,
1016 1752 1049 1773 ac

91 1783 249 1815 domestici
266 1783 336 1814 libri
352 1783 534 1815 confirmant
544 1805 552 1819 ,
574 1785 607 1815 δε
626 1783 706 1814 lesbio
724 1792 861 1815 veterum
880 1792 1045 1818 oratorum,

90 1825 125 1856 &
141 1827 306 1867 poetarum.
341 1828 447 1867 Neque
456 1825 529 1857 vero
538 1829 572 1857 in
581 1827 636 1857 illo
646 1827 739 1857 altero
749 1825 862 1857 diutius
872 1835 1047 1856 commore-

88 1877 159 1898 mur
168 1888 177 1902 ,
189 1876 222 1898 ut
230 1868 416 1908 disputemus
428 1889 436 1902 ‚
448 1868 556 1909 quibus
568 1869 655 1899 rebus
665 1866 772 1909 assequi
783 1866 927 1908 poffimus
938 1887 946 1901 ‚
961 1876 993 1898 ut
1001 1878 1045 1902 ea,

87 1919 154 1951 quae
164 1910 308 1943 dicamus,
317 1910 523 1950 intelligantur
533 1921 540 1940 ·.
552 1911 657 1941 Latine
670 1911 782 1941 scilicet
791 1909 935 1943 dicendo,
947 1909 1046 1940 verbis

88 1949 199 1982 usitatis
209 1970 217 1984 ,
227 1960 260 1980 ac
269 1950 388 1990 proprie
398 1951 673 1982 demonstrantibus
683 1962 716 1982 ea
726 1972 735 1985 ,
746 1962 811 1992 quae
823 1949 979 1993 significari
991 1971 999 1984 ‚
1011 1961 1044 1982 ac

89 1993 228 2024 declarari
237 1993 377 2022 volemus
389 2011 398 2025 ,
409 1991 469 2022 sine
477 1993 620 2034 ambiguo
629 1993 723 2023 verbo
735 2013 743 2026 ,
754 2003 803 2023 aut
812 1993 948 2022 sermone
959 2013 967 2026 ,
980 2003 1044 2023 non

89 2035 183 2065 nimis
193 2034 280 2074 longa
289 2036 516 2064 continuatione
525 2034 708 2073 verborum,
720 2045 784 2065 non
794 2034 880 2064 valde
891 2033 1045 2074 produStis

86 2078 134 2109 iis,
145 2085 211 2116 quae
220 2073 425 2105 similitudinis
434 2077 518 2106 causa
527 2086 564 2106 ex
575 2077 640 2106 aliis
651 2076 738 2106 rebus
749 2075 1044 2109 transferuntur,non

85 2118 238 2157 discerptis
248 2117 411 2150 sententiis,
422 2127 485 2147 non
494 2117 677 2158 praeposteris
688 2117 884 2158 temporibus,
897 2127 961 2147 non
970 2127 1045 2148 con-

85 2157 154 2191 fufis
165 2159 299 2200 personis
311 2179 320 2193 ‚
331 2168 394 2189 non
403 2160 573 2198 perturbato
583 2159 699 2189 ordine.
721 2159 793 2200 quid
804 2159 900 2189 multa
910 2162 920 2188 ?
930 2167 990 2188 tarn
1001 2158 1045 2189 fa-

83 2201 149 2232 cilis
161 2200 202 2231 est
213 2209 272 2231 tota
282 2210 327 2230 res
340 2221 349 2234 ,
370 2210 403 2231 ut
420 2202 498 2230 mihi
514 2203 682 2241 permirum
701 2202 775 2241 saepe
794 2201 929 2231 videatur
937 2220 946 2233 ,
970 2199 1041 2231 cum

84 2252 297 2273 mrmcums
308 2243 501 2283 intelligatur,
512 2243 585 2283 quid
597 2251 737 2283 patronus
747 2243 822 2272 velit
830 2242 939 2275 dicere,
951 2241 1041 2283 quam

84 2283 106 2315 si
123 2285 183 2325 ipse
202 2285 253 2314 ille
264 2304 273 2318 ,
293 2286 346 2325 qui
363 2293 524 2324 patronum
544 2285 682 2318 adhibet,
702 2284 738 2315 de
749 2295 779 2315 re
790 2285 838 2316 sua
849 2284 966 2314 diceret.
990 2283 1042 2314 Isti

84 2329 168 2356 enim
178 2347 187 2361 ,
206 2328 258 2367 qui
267 2326 302 2356 ad
313 2336 369 2356 nos
379 2327 475 2356 causas
484 2325 622 2357 deferunt
631 2347 640 2361 ,
661 2328 700 2357 ita
719 2336 775 2356 nos
795 2327 971 2367 plerumque
989 2324 1042 2366 ipsi

83 2368 193 2399 docent
203 2388 212 2402 ‚
236 2377 266 2398 ut
275 2378 339 2398 non
348 2366 491 2398 desideres
502 2369 620 2408 planius
628 2368 700 2399 dici.
733 2368 859 2399 Easdem
878 2378 923 2398 res
942 2376 1041 2398 autem

85 2414 101 2429 ²
109 2409 230 2441 simulac
240 2408 341 2441 Fufius
351 2429 360 2444 ,
371 2418 419 2440 aut
429 2409 524 2440 vester
532 2411 652 2451 aequalis
662 2412 849 2450 Pomponius
860 2430 868 2444 ‚
888 2420 970 2452 agere
981 2419 1042 2440 coe—

84 2453 128 2493 pit
140 2472 148 2485 ‚
160 2462 222 2482 non
232 2452 313 2493 aeque
326 2472 334 2486 ,
344 2452 417 2492 quid
427 2451 536 2487 dicant,
548 2451 603 2483 nisi
614 2452 781 2482 admodum
791 2452 916 2485 attendi,
929 2452 1044 2482 intelli-

71 2523 78 2530 ,
86 2504 135 2535 go,
145 2495 183 2524 ita
191 2493 313 2525 confusa
322 2493 364 2524 est
374 2496 479 2528 oratio,
492 2495 531 2525 ita
540 2494 798 2534 perturbata‚nihil
810 2503 843 2524 ut
850 2492 884 2524 sit
892 2496 1040 2534 primum,

85 2536 164 2566 nihil
174 2544 206 2566 ut
215 2535 377 2566 secundum
391 2547 397 2565 :
409 2545 546 2577 tantaque
557 2537 717 2567 insolentia
727 2546 759 2567 ac
770 2536 853 2567 turba
862 2536 1038 2570 verborum,

84 2586 118 2608 nt
127 2580 231 2611 oratio,
241 2588 305 2619 quae
314 2578 419 2608 lumen
429 2578 569 2608 adhibere
579 2578 667 2609 rebus
676 2578 774 2612 debet,
784 2588 818 2608 ea
827 2578 1038 2608 obscuritatem

85 2619 257 2650 &tenebras
266 2619 374 2653 afferat,
385 2628 472 2661 atque
483 2628 515 2650 ut
526 2619 756 2661 quodammodo
765 2618 818 2660 ipsi
826 2618 879 2650 sibi
889 2621 922 2650 in
933 2619 1038 2650 dicen·

82 2660 123 2691 do
132 2660 296 2701 obstrepere
305 2661 470 2692 videantur.
503 2660 619 2692 Verum
630 2681 638 2696 ‚
660 2661 681 2692 fi
689 2662 784 2702 placet
794 2682 802 2696 ‚
821 2663 967 2703 quoniam
977 2663 1039 2692 haec

83 2702 147 2733 satis
157 2703 239 2743 spero
249 2703 335 2734 vobis
344 2703 467 2744 quidem
478 2703 559 2734 certe
569 2704 746 2744 majoribus,
759 2703 884 2734 molesta
895 2704 927 2734 &
938 2704 1040 2744 putida

83 2743 178 2775 videri
189 2765 198 2778 ‚
217 2745 253 2775 ad
263 2746 376 2786 reliqua
384 2746 535 2786 aliquanto
546 2745 694 2776 odiosiora
702 2755 867 2786 pergamus.
891 2747 983 2787 Atqui
993 2747 1039 2775 vi-

83 2785 135 2816 des
147 2806 156 2820 ,
168 2788 267 2827 inquit
275 2788 428 2817 Antonius
438 2807 446 2821 ,
461 2791 473 2815 3
483 2788 554 2818 ciim
564 2788 635 2817 alias
645 2797 691 2817 res
701 2797 820 2829 agamus
830 2807 839 2821 ,
850 2786 941 2829 quam
952 2796 978 2817 te
990 2789 1038 2817 in-

83 2829 139 2858 viti
147 2828 300 2859 audiamus
312 2848 320 2864 ,
331 2831 384 2870 qui
393 2829 499 2861 adduci
508 2827 666 2870 possumus
676 2828 724 2869 (de
734 2839 785 2860 me
796 2830 881 2860 enim
889 2829 1035 2871 conjicio)

76 2932 169 2941 ᾗ

1109 130 1205 162 R-r.
1282 117 1380 163 -L-1
1414 117 1595 164 2111.
1989 131 2077 176 115¹

1109 193 1126 216 4
1135 188 1248 221 reliffis
1257 199 1291 221 ut
1298 190 1385 222 rebus
1395 191 1539 222 omnibus
1551 200 1578 222 te
1590 188 1738 222 selstemur
1748 211 1756 225 ,
1778 198 1804 222 te
1825 191 1980 223 audiamus
1995 204 2001 223 :
2030 194 2072 225 ita

1110 231 1147 261 de
1165 232 1296 263 horridis
1316 233 1404 264 rebus
1415 233 1511 265 nitida
1523 254 1531 267 ‚
1555 233 1592 264 de
1600 233 1712 273 jejunis
1721 235 1809 273 plena
1820 255 1827 268 ‚
1845 234 1884 264 'de
1892 236 2072 277 pervulgatis

1110 282 1189 303 nova
1199 274 1334 315 quaedam
1345 275 1387 306 est
1395 278 1491 306 oratio
1501 284 1557 307 tua.
1592 275 1704 306 Faciles
1715 277 1809 310 enim,
1821 278 1931 317 inquit,
1943 280 2070 312 Antoni,

1111 322 1206 352 partes
1218 326 1259 346 eae
1267 315 1463 348 fueruntduae
1476 338 1484 351 ,
1503 327 1574 358 quas
1593 315 1690 348 modo
1705 321 1893 357 percucurri,
1912 319 2073 359 velpotius

1110 354 1195 393 paene
1205 360 1341 396 praeterii,
1356 360 1462 390 Latine
1475 359 1630 401 loquendi,
1645 360 1790 401 planeque
1800 360 1922 390 dicendi
1934 371 1939 390 2
1949 361 2073 402 reliquae

1110 395 1178 442 sunt
1188 407 1313 443 magnae‚
1325 401 1495 440 implicatae,
1507 403 1604 435 variae,
1616 411 1728 444 graves,
1739 402 1849 444 quibus
1859 404 1962 432 omnis
1973 403 2071 433 admi-

1109 446 1185 484 ratio
1200 441 1314 479 ingenii
1328 460 1335 473 ,
1357 444 1459 472 omnis
1479 443 1540 473 laus
1558 443 1738 484 eloquentia:
1750 445 1934 475 continetur.
1967 447 2000 474 N
2001 455 2071 474 emo

1108 488 1193 526 enim
1205 489 1351 525 umquam
1362 482 1404 512 est
1414 492 1561 514 oratorem
1576 504 1584 518 ,
1600 484 1681 526 quod
1692 485 1798 516 Latine
1810 486 1979 527 loqueretur
1991 507 1999 520 ,
2020 486 2071 517 ad-

1108 529 1234 551 miratus
1246 532 1250 550 :
1270 524 1290 551 si
1310 522 1352 552 est
1371 524 1453 555 aliter
1465 544 1472 557 ‚
1493 526 1618 557 irrident
1630 537 1635 555 ;
1655 537 1753 568 neque
1764 538 1835 557 eum
1846 536 1994 559 oratorem
2006 537 2068 559 tan>

1109 562 1273 593 tummodb
1284 584 1292 597 ,
1314 564 1361 595 sed
1374 565 1533 596 hominem
1545 577 1608 597 non
1620 578 1733 608 putant.
1756 579 1850 600 nemo
1868 570 1978 600 eXtulit
1996 581 2069 601 euin

1107 604 1218 637 verbis,
1231 607 1283 646 qui
1293 608 1332 637 ita
1342 605 1482 640 dixisset,
1492 617 1524 637 ut
1534 628 1542 641 ,
1553 612 1604 649 qui
1613 608 1743 640 adessent
1753 631 1761 645 ,
1784 612 1986 654 intelligerent
1995 613 2068 654 quid

1108 644 1220 676 diceret
1235 659 1244 681 5
1262 648 1310 677 sed
1322 646 1481 678 contemsit
1491 659 1561 678 eum
1571 669 1579 683 ‚
1599 653 1651 690 qui
1662 654 1764 682 minus
1774 653 1804 683 id
1814 652 1907 683 facere
1916 654 2066 694 potuisset.

1106 689 1142 717 In
1153 698 1215 728 quo
1226 690 1316 730 igitur
1324 691 1466 720 homines
1477 691 1710 722 exhorrescunt?
1737 705 1827 735 quem
1846 695 2001 735 stupendi
2019 696 2066 726 di-

1104 738 1225 760 centem
1235 733 1410 761 intuentur?
1430 734 1461 762 in
1472 742 1534 773 quo
1545 733 1734 763 exclamant?
1752 746 1843 776 quern
1854 738 1934 766 a'cum
1946 759 1954 771 ,
1976 747 2008 768 ut
2026 740 2065 768 ita
2104 739 2107 742 ⁴

1104 770 1215 805 dicam,
1229 774 1306 803 inter
1314 774 1456 804 homines
1465 777 1587 814 putant?
1607 775 1807 815 quidistinCte
1820 799 1827 811 ,
1846 782 1895 819 qui
1908 780 2064 819 explicate,

1103 814 1155 853 qui
1164 813 1349 846 abundanter
1358 836 1367 850 ,
1379 817 1430 856 qui
1441 815 1614 846 illuminate
1626 816 1658 846 δε
1669 818 1755 846 rebus
1767 838 1775 851 ‚
1796 819 1827 848 δε
1838 821 1935 850 verbis
1946 822 2061 853 dicunt.

1104 856 1136 885 &
1153 856 1186 885 in
1206 857 1268 896 ipsa
1286 860 1421 888 oratione
1432 856 1511 898 quasi
1521 857 1673 899 quendam
1684 869 1846 890 numerum
1859 881 1866 894 ,
1885 863 2063 904 versumque

1101 896 1269 929 conficiunt
1282 898 1329 929 :id
1342 899 1394 934 est,
1406 899 1487 940 quod
1499 899 1578 933 dico,
1591 900 1703 930 ornate.
1739 903 1801 943 Qi
1811 902 1893 932 idem
1906 906 1944 933 ita
1956 907 2062 935 mode-

1100 947 1201 970 rantur
1212 960 1219 973 ,
1230 949 1263 971 tit
1272 951 1372 972 rerum
1387 962 1395 975 ,
1415 951 1446 971 ut
1454 941 1647 982 personarum
1659 942 1814 984 dignitates
1825 946 1925 974 rerunt
1937 966 1943 978 ‚
1964 948 1985 975 ii
1997 947 2064 978 sunt

1100 981 1133 1010 in
1143 991 1179 1010 eo
1189 992 1295 1022 genere
1308 983 1448 1014 laudandi
1460 983 1566 1016 laudis,
1579 983 1660 1025 quod
1672 995 1726 1025 ego
1737 994 1839 1024 aptum
1852 985 1883 1016 δε
1895 997 2060 1029 congruens

1099 1025 1271 1054 nominem.
1304 1027 1366 1067 Qi
1385 1027 1424 1055 ita
1444 1025 1599 1059 dicerent,
1621 1036 1671 1055 eos
1684 1028 1907 1068 negavitadliuc
1917 1029 1943 1058 st
1956 1029 2060 1060 Vidisse

1098 1066 1252 1096 Antonius
1262 1086 1271 1100 ,
1294 1066 1326 1097 ὃς
1337 1070 1373 1097 iis
1384 1068 1442 1097 hoc
1454 1077 1570 1097 nomen
1580 1067 1658 1097 dixit
1668 1069 1850 1109 eloquenti-„e
1862 1070 1930 1099 solis
1941 1069 1999 1100 effe
2010 1074 2060 1101 tri-

1098 1106 1264 1138 buendum.
1284 1111 1382 1150 Qare
1391 1111 1510 1139 omneis
1522 1108 1604 1143 istos,
1617 1120 1666 1140 me
1677 1110 1808 1144 auctore,
1820 1111 1961 1146 deridete,
1973 1121 2059 1154 atque

1095 1152 1293 1184 contemnite,
1306 1152 1357 1191 qui
1368 1151 1396 1181 se
1406 1152 1528 1185 horum,
1544 1153 1597 1192 qui
1609 1154 1738 1182 nuncita
1747 1153 1948 1192 appellantur,
1962 1155 2061 1185 rheto-

1095 1200 1163 1220 rum
1173 1194 1325 1232 praeceptis
1336 1202 1465 1223 ornnem
1477 1202 1628 1223 oratorum
1640 1195 1703 1223 vim
1715 1195 1892 1234 complexos
1903 1194 1962 1226 effe
1982 1197 2063 1227 arbi-

1095 1241 1217 1267 trantur,
1228 1244 1327 1275 neque
1337 1235 1433 1265 adhuc
1442 1245 1532 1276 quam
1542 1235 1700 1275 personam
1712 1245 1841 1270 teneant,
1850 1246 1899 1267 aut
1907 1237 1979 1278 quid
1989 1249 2058 1279 pre<

1096 1272 1244 1310 fiteantur‚
1257 1277 1425 1318 intelligere
1435 1285 1605 1317 potuerunt.
1630 1277 1769 1307 5Verurn
1781 1281 1865 1308 enim
1887 1282 2055 1314 ORATQRI,

1093 1326 1159 1357 quae
1169 1317 1280 1348 suntin
1290 1319 1456 1348 hominum
1465 1321 1526 1349 vita
1535 1340 1542 1352 ‚
1564 1319 1810 1360 quandoquidem
1828 1321 1861 1350 iii
1882 1331 1915 1351 ea
1926 1323 2054 1353 versetur

1093 1367 1205 1393 orator,
1233 1368 1320 1400 atque
1337 1370 1370 1390 ea
1388 1360 1429 1390 est
1448 1362 1475 1390 ei
1491 1360 1623 1401 subjeista
1631 1363 1769 1391 materies
1782 1383 1788 1395 ‚
1809 1365 1913 1393 omnia
1923 1362 2053 1404 quaefita,

1092 1401 1190 1431 audita
1201 1421 1210 1435 ‚
1233 1402 1308 1432 lecta
1319 1422 1327 1436 ,
1348 1402 1490 1443 disputata
1500 1423 1508 1436 ‚
1522 1402 1640 1433 traCtata
1652 1423 1659 1437 ,
1672 1405 1775 1444 agitata
1785 1402 1843 1433 effe
1854 1404 1973 1435 debent,
2006 1407 2056 1436 Est

1091 1444 1176 1472 enim
1187 1443 1360 1484 eloquentia
1371 1455 1428 1474 una
1437 1443 1573 1485 quaedam
1584 1445 1620 1474 de
1630 1445 1758 1475 summis
1768 1446 1937 1476 virtutibus;
1949 1457 2055 1488 quam—

1091 1494 1182 1525 quam
1193 1485 1261 1515 sunt
1270 1489 1513 1517 omnes-virtutes
1524 1487 1649 1528 aequales
1659 1487 1691 1517 δε
1702 1497 1785 1527 pares
1794 1508 1802 1521 ,
1827 1488 1877 1518 sed
1897 1497 2001 1519 tamen
2015 1490 2056 1521 est

1092 1527 1201 1566 species
1221 1527 1278 1558 alia
1297 1530 1392 1569 magis
1411 1529 1467 1559 alia
1486 1549 1493 1562 ,
1517 1529 1650 1559 formosa
1670 1530 1703 1559 δε
1722 1529 1844 1560 illustris
1856 1549 1864 1563 ‚
1893 1528 1965 1561 sicut
1990 1532 2053 1562 haec

1089 1570 1135 1598 vis
1146 1588 1154 1602 ,
1166 1579 1231 1609 quae
1242 1570 1396 1600 scientiam
1407 1571 1569 1610 complexa
1579 1581 1689 1605 rerum,
1702 1571 1783 1601 sensa
1792 1573 1905 1602 mentis
1915 1592 1923 1606 ‚
1937 1573 1970 1603 δε
1978 1584 2050 1604 conu

1090 1608 1170 1644 filia,
1190 1609 1228 1641 fic
1242 1611 1341 1642 verbis
1360 1613 1507 1652 explicat,
1528 1622 1560 1643 ut
1576 1622 1649 1647 ρος,
1668 1615 1721 1654 qui
1740 1613 1886 1647 audiunt,
1906 1624 2057 1656 quocum-

1088 1663 1146 1694 que
1156 1653 1345 1688 incubuerit,
1364 1653 1452 1695 possit
1461 1655 1635 1695 impellere:
1657 1665 1723 1696 quae
1743 1665 1804 1696 quo
1823 1657 1921 1695 major
1939 1656 1982 1687 est
1995 1659 2054 1691 vis,

1087 1695 1147 1724 hoc
1163 1694 1207 1725 est
1225 1697 1320 1736 magis
1338 1696 1484 1736 probitate
1501 1696 1672 1738 jungenda,
1693 1697 1868 1738 summaque
1878 1698 2054 1738 prudentia:

1088 1747 1213 1778 quarum
1232 1739 1382 1769 virtutum
1401 1738 1574 1779 expertibus
1595 1737 1615 1767 si
1632 1738 1752 1769 dicendi
1770 1742 1889 1780 copiam
1901 1740 2055 1771 tradideri-

1087 1789 1173 1813 mus,
1193 1789 1259 1809 non
1269 1789 1319 1810 eos
1330 1781 1454 1822 quidem
1466 1789 1596 1811 oratores
1609 1779 1798 1811 effecerimus
1809 1802 1816 1816 ‚
1836 1781 2053 1821 sedfurentibus

1085 1821 1301 1864 qtmdamarma
1309 1822 1474 1852 dederimus.
1520 1825 1607 1853 Hanc
1617 1843 1626 1856 ,
1639 1825 1761 1864 inquam
1774 1844 1782 1857 ‚
1794 1824 1945 1865 cogitandi
1957 1845 1964 1857 ‚
1982 1834 2052 1865 pro—

1086 1864 1308 1904 nuntiandique
1325 1866 1472 1896 rationem
1486 1885 1494 1898 ‚
1517 1867 1642 1906 vimque
1663 1865 1803 1899 dicendi,
1833 1875 1946 1896 veteres
1966 1869 2051 1897 Grae-

1083 1908 1111 1936 ci
1131 1909 1351 1937 SAP1ENT1AM
1371 1907 1581 1937 nominabant.
1604 1907 1730 1937 hincilli
1742 1909 1888 1948 Lycurgi,
1907 1909 1980 1939 hinc
1990 1910 2053 1939 Pit-

1085 1949 1141 1978 taci
1152 1967 1160 1981 ,
1182 1949 1253 1978 hinc
1269 1949 1396 1978 Solones
1408 1969 1416 1981 ‚
1436 1958 1522 1989 atque
1542 1949 1577 1978 ab
1596 1949 1650 1978 hac
1660 1946 1857 1979 similitudine
1868 1952 2050 1982 Coruncanii

1084 1988 1198 2022 nostri,
1219 1989 1362 2023 Fabricii,
1387 1993 1513 2020 Catones
1525 2010 1533 2023 ,
1554 1991 1710 2029 Scipiones
1729 1989 1851 2020 fuerunt
1866 2012 1874 2023 ,
1904 2001 1968 2021 non
1987 2001 2049 2022 tam

1084 2029 1203 2060 fortasse
1213 2030 1296 2061 doen
1308 2051 1316 2065 ‚
1336 2031 1384 2061 sed
1396 2034 1511 2071 impetu
1522 2033 1633 2061 mentis
1644 2029 1738 2061 simili
1751 2031 1783 2062 85
1793 2032 1959 2062 voluntate.
1992 2036 2049 2064 Ea-

1086 2071 1156 2102 dem
1174 2081 1275 2102 autem
1293 2074 1345 2103 alii
1362 2073 1520 2113 prudentia
1531 2093 1539 2106 ,
1560 2072 1609 2103 sed
1619 2071 1746 2103 confilio
1757 2073 1792 2103 ad
1804 2076 1872 2104 vitae
1883 2073 1978 2104 studia
1989 2075 2049 2105 dis-

1084 2116 1167 2154 pari,
1189 2117 1323 2155 quietem
1333 2124 1420 2156 atque
1431 2116 1522 2144 oriam
1532 2116 1622 2145 secuti
1634 2135 1642 2148 ,
1666 2116 1902 2157 uththagoras,
1928 2119 2049 2146 Demo-

1083 2157 1174 2186 critus
1186 2177 1193 2189 ,
1215 2159 1404 2197 Anaxagoras
1417 2176 1424 2190 ,
1446 2156 1462 2186 a
1482 2156 1619 2198 regendis
1636 2156 1807 2186 civitatibus
1824 2166 1903 2187 totos
1914 2158 1942 2188 se
1950 2158 1986 2188 ad
1998 2169 2049 2189 co-

1083 2199 1256 2237 gnitionem
1267 2208 1366 2228 rerum
1378 2197 1605 2228 transtulerunt:
1629 2209 1694 2239 quae
1704 2200 1764 2228 vita
1772 2208 1893 2239 propter
1902 2201 2050 2241 tranquil-

1084 2243 1198 2270 litatem
1210 2259 1219 2273 ,
1240 2240 1273 2270 δε
1291 2249 1412 2280 propter
1430 2238 1519 2280 ipsius
1538 2240 1668 2271 scientiae
1686 2241 1861 2271 suavitatem
1873 2262 1881 2275 ,
1902 2252 1960 2282 qua
1969 2242 2047 2272 nihil

1084 2280 1127 2312 est
1136 2281 1486 2322 hominibusjucundius
1499 2302 1507 2316 ‚
1528 2282 1639 2322 plureis
1650 2302 1658 2316 ,
1681 2282 1773 2323 qu‘arn
1789 2283 1862 2313 utile
1881 2282 1940 2313 fuit
1961 2284 2049 2314 rebus

1082 2323 1230 2364 publicis,
1251 2323 1423 2354 delei-stavit.
1455 2327 1558 2365 Itaque
1570 2344 1578 2357 ‚
1599 2333 1632 2354 ut
1651 2326 1677 2354 ei
1689 2323 1787 2354 studio
1798 2325 1824 2354 se
1835 2324 2048 2355 excellentissi-

1084 2367 1144 2395 mis
1161 2367 1292 2407 ingeniis
1309 2367 1451 2396 homines
1470 2365 1667 2400 dediderunt,
1685 2376 1725 2396 ex
1743 2376 1776 2396 ea
1796 2367 1913 2396 summa
1928 2366 2049 2398 faculta-

1084 2417 1112 2438 te
1132 2410 1218 2438 vacui
1236 2418 1268 2438 ac
1288 2407 1375 2437 liberi
1394 2410 1560 2448 temporis,
1585 2409 1683 2438 multo
1702 2408 1785 2448 plura
1797 2428 1804 2440 ,
1825 2407 1914 2449 quam
1925 2418 1985 2439 erat
1993 2419 2046 2439 ne,

1084 2448 1158 2480 ceffe
1170 2469 1178 2483 ,
1198 2447 1514 2480 doCtiffimihomines
1526 2471 1534 2484 ‚
1555 2451 1620 2480 otio
1631 2451 1730 2479 nimio
1744 2469 1751 2481 ‚
1775 2450 1946 2491 &ingeniis
1959 2451 2047 2481 uber-

1083 2493 1170 2521 rimis
1185 2491 1341 2522 affluentes
1353 2512 1361 2524 ,
1384 2491 1512 2522 curanda
1529 2490 1583 2522 fibi
1603 2490 1680 2525 effe,
1702 2501 1734 2521 ac
1742 2492 1902 2531 querenda
1915 2512 1922 2526 ,
1946 2492 1978 2521 &5
1996 2495 2046 2522 in-

1083 2532 1254 2575 vestiganda
1282 2533 1446 2563 duxerunt.
1479 2535 1559 2562 Nam
1578 2542 1662 2563 vetus
1681 2533 1805 2573 quidem
1825 2534 1876 2563 illa
1894 2533 2044 2568 doch-ina,

1083 2574 1187 2606 eadem
1207 2574 1458 2606 videtur&re8te
1463 2574 1590 2614 faciendi
1602 2595 1610 2608 ‚
1629 2576 1661 2605 δε
1680 2573 1757 2604 bene
1776 2574 2046 2616 dicenclimagssm:

1084 2627 1181 2658 neque
1200 2617 1344 2658 disjunCti
1363 2616 1522 2650 dofitores,
1545 2616 1697 2646 sediidem
1707 2617 2047 2658 erantviwndipraece-

1083 2668 1181 2700 ptores
1192 2680 1200 2693 ,
1213 2668 1298 2700 atque
1308 2658 1429 2689 dicendi
1442 2669 1446 2686 ε
1459 2667 1491 2687 ut
1500 2658 1550 2687 ille
1560 2658 1636 2698 apud
1649 2660 1821 2688 Homerum
1832 2661 1961 2690 Phoenix
1971 2681 1980 2694 ,
1993 2662 2045 2701 qui

1086 2702 1112 2732 se
1131 2697 1149 2730 >t
1166 2701 1240 2731 Peleo
1253 2709 1336 2743 patre
1350 2700 1463 2730 Achilli
1470 2700 1579 2739 juveni
1589 2701 1736 2730 comitem
1747 2698 1805 2731 esse
1814 2701 1917 2731 datum
1928 2701 2043 2732 dicitad

1082 2743 1198 2773 bellum
1209 2764 1218 2778 ,
1242 2751 1275 2773 ut
1286 2743 1376 2772 illurn
1387 2740 1517 2772 efficeret
1526 2750 1674 2772 oratorem
1682 2742 1844 2772 verborum
1859 2763 1868 2777 ,
1891 2742 2042 2774 sisterem-

1082 2795 1140 2826 que
1153 2795 1266 2815 rerum.
1296 2784 1353 2815 Sed
1365 2793 1397 2814 ut
1406 2785 1548 2814 homines
1560 2783 1658 2814 labore
1669 2782 1782 2814 affiduo
1791 2805 1799 2818 ‚
1820 2785 1854 2814 &
1864 2785 2042 2826 quotidiano

1083 2825 1187 2858 assueti
1200 2847 1209 2861 ‚
1229 2826 1302 2858 cum
1321 2825 1500 2867 tempestatis
1521 2827 1603 2858 causa
1612 2835 1700 2867 opere
1709 2826 1926 2867 prohibentur,
1949 2827 1983 2857 ad
1995 2830 2043 2867 pi-

1389 2879 1391 2881 ·
1980 2870 2042 2899 lam

122 2980 146 2997 1.
164 2973 420 3007 Siepplqfinnempeeffs]
430 2974 470 2999 De
482 2981 511 2999 ea
522 2972 643 2999 Turiieb.
652 2973 702 3000 lib.
714 2982 811 3000 xxvxi.
824 2971 938 3000 Advers.
948 2982 1020 3010 capa
1028 2993 1034 2999 .
1073 2973 1158 3010 prima
1168 2970 1277 3008 praefert
1291 2990 1298 3002 ,
1310 2979 1382 3005 quam
1392 2970 1477 3003 alasque
1486 2975 1508 2992 te
1518 2978 1524 2992 ι
1534 2978 1578 2994 non
1587 2970 1662 2994 inviti
1670 2968 1761 3001 qum'm
1771 2967 1867 2993 adduci.

87 3015 147 3068 Ηζ.
165 3011 265 3034 Simulat
283 3009 390 3043 Fufium]
410 3008 741 3045 Palat.quart.sext.0&.
760 3019 844 3036 nonus
857 3029 866 3044 ‚
884 3012 968 3045 Fufius
987 3019 1036 3036 ex-

105 3053 113 3069 i
133 3050 187 3069 ent.

123 3086 148 3113 3.
169 3083 225 3105 Cum
233 3083 296 3105 aliar
305 3089 342 3106 res
352 3089 450 3114 agamur
460 3099 469 3113 ‚
487 3080 560 3115 quim
570 3089 593 3107 te
601 3084 677 3109 inviti
683 3082 840 3117 audiamm]
860 3081 931 3109 Illud
950 3082 1040 3108 audia-

1110 3016 1138 3042 4.
1158 3010 1251 3035 Reliffls
1262 3014 1287 3032 ut
1299 3009 1366 3031 rslms
1375 3003 1505 3037 omnihus]
1525 3004 1670 3030 Lambinus
1683 3003 1754 3029 tollit
1765 3005 1870 3028 omnibns
1883 3021 1891 3035 ,
1911 3009 2037 3036 tanquam

1076 3044 1306 3082 supervacaneum.
1317 3050 1345 3068 :it
1356 3051 1407 3076 ego
1417 3040 1509 3067 malim
1519 3040 1602 3067 abesse
1614 3042 1693 3071 rebus,
1706 3039 1818 3074 relinqui
1832 3049 1893 3065 vero
1904 3039 2018 3077 onitiibies.

1115 3091 1140 3114 5.
1162 3083 1244 3107 Verum
1263 3081 1322 3104 enim
1340 3078 1454 3111 orator-A]
1476 3077 1554 3102 Nihil
1573 3076 1722 3112 discrepant
1735 3075 1859 3101 Palatini.
1892 3073 2037 3100 [mumius

85 3124 149 3144 mus,
159 3114 184 3140 'in
195 3116 273 3142 nullis
284 3117 319 3143 est
330 3116 387 3143 mss.
398 3117 546 3144 nostrorum
558 3127 566 3148 3
579 3117 673 3153 quibus
684 3117 974 3153 oinnibusadeststuam
985 3126 1006 3143 tc
1016 3121 1041 3144 in
1078 3116 1163 3143 edidit
1174 3117 1237 3141 Vei-b.
1261 3114 1422 3141 Gulielmius
1434 3112 1547 3140 faciebat
1556 3117 1651 3146 Rerum,-
1662 3119 1689 3151 at
1700 3111 1763 3148 quid
1775 3111 1793 3138 si
1803 3121 1886 3138 verum
1896 3119 1955 3137 emm
1966 3108 2038 3134 dica—

86 3152 150 3176 mitia
159 3153 200 3185 ‘1¹1¹'
208 3161 218 3183 3
228 3151 277 3184 &c-
287 3160 381 3188 praeter
391 3151 517 3182 ofitavum
528 3162 536 3186 3
549 3162 576 3181 in
587 3163 640 3190 quo
652 3172 661 3189 ‚
675 3160 768 3190 quanta
776 3156 802 3183 in
812 3157 879 3183 vitia
887 3158 938 3191 qui,
957 3153 1042 3183 editio
1079 3162 1137 3181 inus
1147 3152 1259 3190 positum
1270 3160 1318 3189 pro
1328 3153 1464 3178 Enimvero.

1533 3185 1554 3212 P
1576 3194 1593 3211 2
1955 3182 2042 3205 !.Ilae
