2339 3379
561 143 1150 191 ΡΗιιῙΡ-ΡῙΕΛ

190 220 286 254 Vestae
294 219 437 254 custodiis
445 220 619 253 eontlnetu-i·
629 231 635 250 z
653 229 714 261 quo
724 219 805 250 salvo
814 239 822 253 ,
843 219 914 249 salvi
924 218 1028 250 sumus
1036 218 1140 249 futuri.

189 273 261 295 runc
275 266 322 296 vel
331 267 365 295 in
374 266 483 295 caelum
491 272 545 294 vos
556 283 564 296 ‚
581 261 602 292 si
613 261 676 292 fieri
706 263 804 295 oterit,
816 262 950 291 humeris
960 260 1069 290 nostris
1082 261 1142 290 tol-

188 307 287 337 lemus
298 307 482 347 :provincias
491 304 569 335 certe
578 304 664 345 digni
688 313 763 333 imas
772 303 859 333 vobis
868 302 1047 348 deligemus.
1059 311 1142 332 nunc

186 348 268 389 quod
279 350 382 389 agitur,
394 356 522 388 agamus.
544 347 640 387 agitur
648 354 747 376 autem
759 365 769 378 ,
789 345 915 374 liberine
927 353 1065 373 vivamus
1073 363 1081 377 ,
1102 352 1141 373 an

185 383 319 420 mortem
337 389 482 419 obeamus
497 398 503 417 t
525 397 591 428 quae
610 387 690 418 certe
708 388 843 417 servituti
863 385 1071 425 anteponenda
1087 383 1139 414 est.

185 431 270 472 Qid
279 429 298 460 fi
307 432 397 461 etiam
407 429 491 460 affert
500 429 667 460 tarditatem
677 428 729 459 ista
740 430 894 461 sententia,
903 428 938 458 ad
949 426 1141 456 Dolabellam

181 471 442 512 persequendum?
462 471 584 512 quando
593 472 677 501 enim
687 473 789 500 veniet
797 470 922 500 consul?
943 478 980 498 an
992 468 1022 498 id
1036 468 1140 508 exspe-

184 512 303 543 ‹stamus
312 533 322 547 ,
342 523 403 554 quo
414 523 453 543 ne
462 512 622 555 vestigium
633 512 756 553 quidem
768 511 839 542 Afiae
849 513 1005 541 civitatum
1016 529 1025 543 ‚
1050 518 1138 550 atque

181 554 303 585 urbium
314 558 517 596 relinquatur?
539 558 578 585 At
597 556 719 585 mittent
735 555 867 594 aliquem
880 552 917 583 de
926 552 979 581 suo
997 560 1138 598 numero.

182 595 277 626 Valde
288 597 491 637 mihiprobari
500 595 597 637 potest
607 616 615 630 ,
639 599 692 637 qui
701 596 803 636 paullo
821 603 888 625 ante
898 591 1137 640 clariffimo‘viro

180 639 297 677 privato
309 640 471 678 imperium
486 647 568 669 extra
585 638 725 668 ordinem
744 647 808 667 non
821 636 900 666 dedi.
922 638 962 664 At
976 636 1137 680 hominem

179 678 307 720 dignum
318 684 448 711 mittent.
469 683 554 710 Num
566 683 598 711 P.
608 680 736 710 Servilio
745 679 917 723 digniorem
930 679 979 722 ?-at
986 685 1058 705 eum
1067 685 1138 715 qui-

179 720 365 752 demciviras
374 732 438 752 non
453 722 548 753 habet.
573 721 663 763 Qod
674 730 742 761 ergo
752 721 813 759 ipse
827 727 952 764 ,nemml
968 725 1052 761 putat
1061 718 1136 746 dan-

179 761 274 796 dum,
295 765 360 794 nea
378 764 479 795 senatu
492 763 616 805 quidem
628 783 636 796 ‚
659 762 689 792 id
708 771 763 801 ego
780 768 864 789 umus
877 758 985 797 judicio
1000 758 1133 787 delatum

177 806 398 844 comprobem?
421 806 572 845 Expedito
589 803 679 834 nobis
697 803 822 831 homine
835 821 844 833 ,
869 800 902 830 &
916 807 1034 839 parato,
1045 802 1086 846 ¹P.
1100 802 1132 829 C.

179 854 257 885 opus
267 846 318 880 est,
335 848 368 877 δε
377 857 414 877 eo
423 867 431 881 ,
442 849 494 888 qui
502 847 664 885 imperium
675 844 849 884 legitimum
859 841 978 872 habeat:
999 851 1050 882 qui
1058 850 1134 889 prze-

179 895 258 918 terea
269 888 476 918 aue‘toritatem
488 908 496 921 ‚
516 896 631 917 nomen
640 905 648 919 ‚
670 886 837 914 exercitum
847 903 855 916 ,
868 881 1056 923 perspeGmm
1067 893 1133 913 ani-

110 922 130 959 '1
144 934 154 958 1
184 938 270 959 mum
281 931 314 960 iri
330 940 390 970 rep.
401 927 560 959 liberanda.
584 929 659 968 Qis
669 926 758 966 igitur
766 928 793 955 is
812 924 874 955 est?
892 933 942 955 aut
951 926 996 954 M.
1009 927 1127 958 Brutus,

177 979 226 1001 aut
236 973 269 1001 C.
283 970 401 1004 Caffius,
411 979 460 1000 aut
470 979 599 1010 uterque.
615 972 818 998 Decernerem
827 967 930 1006 plane,
943 965 1014 1013 ficut
1024 967 1129 1000 multa,

175 1013 332 1043 consulem
342 1013 468 1042 alterum
479 1031 488 1045 ,
505 1011 648 1041 ambosve
658 1030 666 1043 ,
685 1012 716 1039 ni
728 1012 854 1038 Brutum
866 1007 1086 1049 colliga-flemus
1096 1010 1129 1038 in

177 1056 290 1084 Graecia
301 1073 309 1087 ‚
329 1054 362 1083 δε
378 1054 442 1083 e'us
463 1054 613 1084 auxilium
630 1052 665 1082 ad
687 1052 805 1081 Italiam
828 1060 947 1091 vergere
959 1069 968 1083 ,
988 1060 1078 1090 quam
1092 1050 1128 1080 ad

175 1094 273 1126 Afiam
284 1064 452 1125 maluissem
458 1105 491 1124 us
503 1106 508 1124 ;
528 1099 537 1114 ¹
551 1104 616 1124 riori
626 1102 658 1124 ut
667 1103 704 1123 ex
716 1103 748 1123 ea
757 1095 820 1122 acie
828 1091 996 1132 respetstum
1008 1091 1130 1121 habere-

173 1146 263 1170 πως,
278 1136 328 1166 {ed
338 1137 439 1177 utipsa
452 1139 527 1167 acies
546 1134 710 1166 subsidium
725 1134 844 1164 haberet
854 1136 945 1164 etiam
959 1134 1129 1163 transmari-

174 1187 262 1209 num.
286 1181 423 1209 Praeterea
433 1181 464 1209 P.
476 1181 508 1209 C.
521 1180 565 1208 M.
577 1179 703 1207 Brutum
714 1177 821 1205 retinet
830 1177 919 1206 etiam
930 1186 1011 1205 nunc
1021 1178 1053 1204 C.
1063 1178 1128 1205 An-

172 1223 287 1254 tonius,
299 1223 350 1261 qui
364 1229 445 1250 tenet
454 1220 664 1260 Apolloniam,
676 1227 814 1258 magnam
826 1218 942 1250 urbem,
956 1217 1129 1264 &gravemz

171 1270 272 1296 tenet,
291 1263 413 1302 opinor,
426 1262 593 1302 Byllidem:
617 1269 698 1291 tenet
707 1262 879 1290 Amantiam
893 1270 898 1288 2
911 1258 1000 1289 instat
1017 1261 1109 1298 Epiro
1123 1270 1128 1288 :

172 1312 258 1344 urget
267 1304 423 1343 Illyricum
435 1316 440 1334 z
458 1304 545 1334 habet
554 1304 668 1344 aliquot
677 1303 838 1335 cohorteis,
851 1301 937 1332 habet
948 1303 1124 1342 equitatum.

171 1346 245 1375 hinc
255 1344 274 1374 si
284 1348 391 1376 Brutus
399 1348 455 1376 erit
465 1345 612 1376 traduatus
622 1345 657 1375 ad
667 1345 747 1375 aliud
759 1344 874 1373 bellum
886 1364 894 1377 ‚
907 1345 1054 1374 Graeciam
1063 1353 1128 1373 cei·-

171 1386 202 1417 te
216 1387 412 1417 amiserimus.
436 1387 487 1417 Est
504 1396 604 1417 autem
623 1389 713 1416 etiarn
727 1386 764 1416 de
775 1384 952 1418 Brundisio,
973 1394 1060 1426 atque
1077 1386 1128 1415 illa

171 1438 225 1458 ora
234 1428 325 1458 Italia:
334 1428 569 1468 providendum.
592 1438 775 1468 quamquam
788 1429 882 1457 miror
892 1427 1005 1457 tamdiu
1016 1429 1127 1457 morari

171 1471 356 1499 Antonium.
378 1470 453 1500 solet
466 1472 549 1499 enim
560 1473 690 1509 accipere
704 1470 764 1509 ipse
775 1479 905 1499 manicas
917 1489 926 1503 ,
947 1479 1002 1498 nec
1012 1468 1125 1500 diutius

168 1509 337 1541 obsidionis
350 1520 468 1542 metum
478 1511 629 1542 sustinere.
654 1511 743 1552 Qod
754 1509 774 1540 fi
785 1511 947 1541 confecerit
956 1513 1062 1540 Brutus
1073 1530 1081 1544 ,
1092 1511 1125 1541 &

170 1552 354 1583 intellexerit
362 1553 430 1593 plus
441 1553 469 1583 se
480 1555 552 1593 reip.
564 1553 756 1593 profuturum
766 1572 775 1586 ,
792 1551 816 1583 fi
828 1553 1019 1583 Dolabellam
1028 1553 1126 1593 perse-

167 1603 284 1635 quatur,
294 1594 385 1635 quam
397 1593 459 1625 siin
469 1597 582 1625 Graecia
592 1604 710 1625 maneat
723 1606 728 1624 :
748 1604 811 1635 aget
823 1595 883 1634 ipse
891 1603 938 1634 per
947 1595 1021 1634 fise,
1033 1604 1065 1625 ut
1074 1595 1126 1625 ad-

169 1637 229 1667 huc
246 1645 365 1678 quoque
378 1635 465 1667 fecit:
488 1647 585 1678 neque
600 1638 635 1667 in
648 1646 692 1667 tot
704 1636 853 1666 incendiis
864 1656 873 1669 ,
893 1638 1003 1677 quibus
1019 1636 1126 1667 confe-

169 1677 242 1708 stim
256 1678 485 1709 succurrendum
496 1679 548 1713 est,
558 1678 741 1719 exspe&abit
750 1679 896 1709 senatum.
915 1681 995 1709 Nam
1007 1679 1040 1709 &
1051 1682 1125 1709 Bru-

168 1728 236 1753 tus,
254 1720 288 1750 &
299 1719 407 1750 Caffius
422 1721 526 1751 multis
540 1722 606 1761 jam
625 1723 658 1751 in
667 1721 756 1751 rebus
773 1721 835 1761 ipse
851 1718 904 1750 fibi
918 1721 1034 1751 senatus
1052 1720 1120 1752 fuit.

168 1762 320 1792 Nzcnssn
338 1761 382 1792 est
399 1765 482 1793 enim
495 1766 527 1794 in
545 1772 623 1794 tanta
631 1760 826 1794 conversione
847 1762 880 1793 δε
903 1763 1124 1802 perturbatione

165 1812 279 1836 renim,
292 1805 478 1843 temporibus
486 1807 586 1845 potius
594 1805 800 1851 parere,quam
811 1805 959 1835 moribus.
971 1815 1027 1835 nec
1036 1807 1119 1835 enim

164 1853 249 1874 nunc
261 1844 396 1884 primum
406 1855 455 1877 aut
464 1849 570 1877 Brutus
582 1867 590 1880 ,
602 1856 653 1877 aut
661 1846 769 1877 Gallius
774 1846 899 1886 salutem
909 1866 918 1881 ,
938 1846 1121 1877 libertatem-

188 1895 224 1915 ue
231 1888 351 1926 patriae,
370 1887 467 1927 legem
476 1887 707 1922 sanstiffimam,
729 1889 892 1919 &morem
911 1890 1062 1928 optimum
1070 1890 1121 1929 ju-

187 1928 283 1958 icavit.
305 1931 408 1970 Itaque
421 1928 442 1959 si
460 1930 496 1960 ad
506 1940 562 1960 nos
571 1931 650 1961 nihil
660 1929 818 1961 referretur
828 1930 864 1960 de
874 1930 1034 1961 Dolabella
1050 1940 1120 1970 per-

163 1969 316 2010 sequendo
327 1990 336 2004 ,
355 1980 454 2001 tamen
465 1982 520 2013 ego
529 1982 584 2012 pro
598 1972 716 2002 decreto
725 1981 859 2012 putarem
867 1991 876 2005 2
887 1982 958 2002 cum
968 1970 1062 2002 essent
1074 1981 1119 2003 ta-

161 2010 206 2040 les
215 2013 325 2042 virtute
335 2032 344 2046 ,
365 2012 538 2044 auetoritate
549 2033 558 2048 ,
579 2014 737 2051 nobilitate
757 2014 870 2044 summi
887 2015 960 2043 viri:
985 2024 1117 2054 quorum

164 2052 284 2083 alterius
302 2054 361 2092 jam
379 2065 470 2086 notus
491 2056 583 2086 nobis
605 2055 647 2086 est
664 2058 831 2090 exercitus,
851 2056 971 2086 alterius
985 2055 1115 2086 auditus.

93 2095 116 2133 ,Ι
127 2097 144 2122 2
165 2095 239 2125 Non
248 2096 338 2136 igitur
347 2098 455 2127 Brutus
468 2097 649 2138 exspcfihzvit
667 2098 782 2128 decreta
791 2097 890 2128 nostra
901 2117 910 2131 ‚
932 2108 1003 2128 cum
1022 2097 1117 2129 studia

159 2135 268 2166 noffet.
290 2147 388 2178 neque
397 2140 479 2169 enim
501 2139 541 2169 est
556 2141 587 2169 in
604 2142 794 2179 provi-nciam
814 2140 896 2170 suam
908 2142 1026 2170 Cretam
1046 2149 1115 2180 pro-

158 2176 274 2208 festus:
298 2181 330 2208 in
341 2180 550 2211 Macedoniam
562 2182 691 2211 alienam
702 2182 868 2211 advolavit:
880 2183 985 2212 omnia
997 2182 1045 2212 sua
1057 2191 1113 2221 pu-

155 2220 244 2253 tavit,
264 2230 330 2261 quae
340 2231 394 2251 vos
404 2221 498 2252 vestra
506 2221 564 2253 effe
573 2224 689 2253 velletis
701 2234 706 2252 :
725 2223 860 2264 legiones
869 2222 1040 2263 conscripsit
1055 2234 1112 2253 no-

156 2270 226 2295 vas,
247 2264 505 2302 excepitveteres:
526 2266 691 2305 equitatum
702 2265 775 2295 adse
788 2264 915 2295 abduxit
931 2265 1108 2299 Dolabellae,

155 2311 245 2344 atque
259 2313 327 2334 eum
346 2305 484 2336 nondum
500 2315 584 2336 tanto
591 2306 753 2345 parricidio
763 2307 892 2336 oblitum
902 2325 912 2340 ,
931 2306 1051 2337 hostem
1062 2308 1111 2337 sua

153 2345 301 2375 sententia
315 2346 472 2385 judicavit.
494 2357 566 2379 nam
584 2350 617 2377 ni
627 2349 668 2377 ita
681 2347 770 2381 ess'et,
789 2358 850 2388 quo
866 2349 932 2388 jure
940 2350 1106 2389 equitatum

155 2385 303 2417 *aconsule
313 2387 488 2419 abduceret?
510 2389 610 2431 Qid?
627 2391 659 2419 C.
670 2388 797 2424 Caffius,
821 2392 881 2429 pari
900 2390 1106 2432 magnitudine

153 2429 249 2458 animi
264 2428 296 2458 δε
306 2428 583 2471 consiliipraeditus,
595 2441 700 2461 nonne
710 2441 747 2461 eo
759 2439 796 2461 ex
805 2431 889 2463 Italia
897 2430 1024 2462 confilio
1036 2442 1106 2472 pro—

151 2468 250 2500 fenus
259 2469 303 2500 est
311 2489 320 2504 ,
333 2473 546 2511 utprohiberet
553 2475 634 2513 Syria
643 2474 855 2504 Dolabellam?
874 2484 931 2515 qua
942 2474 1027 2515 lege?
1045 2484 1105 2515 quo

148 2511 216 2551 jure
229 2514 239 2540 ?
257 2521 304 2544 eo,
315 2522 375 2552 quo
389 2514 537 2555 Jume-:R
550 2516 610 2554 ipse
621 2515 720 2545 sanxit
729 2535 738 2548 ,
754 2524 786 2545 ut
796 2518 901 2546 omnia
911 2535 920 2550 ‚
931 2526 997 2557 quae
1006 2517 1106 2556 reipu-

149 2553 236 2583 blicae
245 2553 380 2584 salutaria
396 2554 506 2589 effem,
527 2557 660 2597 legitima
669 2576 677 2590 ,
700 2557 733 2587 δε
750 2556 827 2595 justa
842 2557 1031 2587 haberentur.
1055 2557 1107 2588 Est

149 2596 234 2624 enirn
245 2595 295 2624 lex
303 2596 384 2625 nibil
392 2596 473 2627 aliud
484 2617 492 2630 ,
503 2597 559 2627 nisi
568 2597 645 2628 reeta
655 2618 663 2631 ,
676 2599 708 2628 &
718 2597 733 2627 a
743 2600 870 2628 numine
879 2598 1005 2628 deorum
1018 2598 1106 2629 mista

148 2637 223 2666 ratio
234 2657 243 2669 ,
256 2638 404 2676 imperans
418 2638 558 2673 honesta,
572 2640 735 2679 prohibens
744 2641 898 2670 contraria.
923 2642 1104 2680 Huicigitur

145 2677 205 2719 legi
216 2683 314 2718 paruit
324 2677 431 2709 Caffius
442 2699 450 2712 ,
470 2690 539 2710 cum
552 2681 637 2710 estin
647 2683 761 2720 Syriam
778 2680 930 2720 profectus
941 2701 949 2715 ,
969 2682 1100 2712 alienam

145 2722 334 2759 provinciam
346 2740 355 2754 ,
371 2719 390 2750 si
402 2722 541 2751 homines
552 2723 666 2764 legibus
676 2723 790 2762 scriptis
800 2731 966 2752 uterentur:
991 2724 1036 2752 his
1048 2734 1099 2754 ve-

145 2759 181 2791 τὸ
200 2761 340 2802 oppreffis
353 2782 361 2795 ,
375 2763 459 2792 suam
471 2783 479 2797 ‚
500 2765 562 2805 lege
573 2773 693 2794 naturae.
718 2764 774 2794 Sed
782 2772 816 2794 ut
826 2774 863 2794 ex
876 2763 969 2794 vestra
977 2774 1098 2806 quoque

144 2802 317 2834 au&oritate
334 2803 488 2838 firmetur,
500 2806 623 2835 censeo:
647 2808 725 2836 Cuia
745 2809 777 2836 P.
791 2806 965 2839 Dolabella,
984 2809 1096 2847 quique

144 2844 209 2883 ejus
218 2845 423 2880 crudelissimi,
436 2847 468 2876 &
477 2849 630 2877 taetei·rimi
639 2846 781 2878 facinoris
792 2846 938 2880 ministri,
951 2848 1034 2881 socii,
1045 2848 1094 2878 ad—

141 2884 255 2925 jutores
272 2886 412 2921 fuerunt,
437 2888 535 2918 hostes
554 2889 659 2928 populi
670 2892 805 2919 Romani
823 2889 838 2919 a
852 2889 950 2919 senatu
970 2889 1094 2929 judicati

144 2924 219 2959 lint,
237 2937 364 2969 cumque
374 2929 490 2960 senatus
508 2933 538 2961 Ρ.
550 2931 742 2961 Dolabellam
763 2931 1092 2972 henotici-sequendum

142 2968 306 3003 censuerit,
315 2978 347 3000 ut
355 2972 392 3005 is,
402 2973 455 3012 qui
463 2974 569 3003 omnia
577 2973 714 3008 deorum,
728 2974 950 3013 hominumque
956 2975 1024 3013 jura
1034 2983 1092 3004 no-

1235 146 1766 196 UnnnchA.
2053 152 2147 214 617

1189 228 1230 250 vo
1241 239 1249 254 ,
1262 221 1415 256 inaudito,
1431 223 1574 264 expiabili
1586 224 1693 255 scelere
1703 226 1854 265 polluerit,
1865 225 2039 268 nefarioque
2046 229 2148 267 patriae

1189 262 1218 291 se
1228 264 1387 301 parricidio
1399 264 1610 300 obstrinxerit,
1624 275 1728 306 poenas
1741 268 1799 298 diis
1808 288 1816 302 ‚
1832 269 2068 310 hominibusque
2078 280 2147 300 me-

1189 304 1260 333 ritas
1282 304 1454 347 debitasque
1469 308 1633 347 persolvat:
1656 309 1769 339 senatui
1787 310 1919 349 placere,
1950 313 1982 341 C.
2002 309 2143 346 Caffium,

1187 347 1399 383 proconsulem
1423 351 1612 388 provinciam
1628 351 1744 390 Syriam
1762 352 1918 386 obtinere,
1943 355 1987 383 uti
2004 355 2056 394 qui
2075 364 2143 384 eam

1188 387 1308 424 optimo
1324 388 1389 426 jure
1398 392 1586 428 provinciam
1605 391 1787 423 obtinuerit:
1811 394 2146 435 cumqueaQMai·cio

1189 427 1303 466 Crispo,
1311 431 1502 467 proconsule,
1514 433 1549 461 L.
1559 435 1652 462 Statio
1663 435 1770 465 Murco
1778 436 1968 474 proconsule,
1978 437 2142 467 A.Allieno

1187 467 1283 508 legato
1293 488 1301 502 ,
1314 473 1462 501 exercitus
1474 474 1603 512 accipere
1615 494 1624 507 ,
1641 476 1748 516 eosque
1762 479 1788 506 ei
1798 477 1910 508 tradere
1926 488 1931 507 :
1954 488 2084 519 cumque
2095 479 2143 509 his

1187 511 1283 549 copiis
1295 529 1304 543 ,
1325 511 1358 540 &
1371 510 1390 541 fi
1402 522 1472 552 quas
1481 523 1619 553 praeterea
1628 520 1789 555 paraverit,
1809 518 1891 548 bello
1902 522 1933 550 P.
1948 520 2142 551 Dolabellam

1186 559 1259 580 terra
1268 571 1277 584 ,
1302 554 1435 593 marique
1445 556 1580 595 persequi
1592 567 1598 585 2
1620 558 1683 596 ejus
1695 558 1767 589 belli
1778 560 1901 599 gerendi
1910 562 1992 592 caula
2003 582 2012 595 ,
2030 562 2143 603 quibus

1185 593 1214 622 ei
1223 593 1361 623 videatur
1371 597 1472 624 naveis
1482 615 1491 628 ,
1503 606 1603 626 nautas
1614 617 1621 630 ‚
1634 601 1791 638 pecuniam
1804 621 1812 634 ‚
1824 611 1917 633 cetera
1926 623 1935 636 ,
1950 613 2016 644 quae
2026 604 2061 634 ad
2075 603 2143 634 bel-

1184 634 1250 664 lum
1261 635 1426 675 gerendum
1436 638 1603 676 pertineant
1615 658 1622 671 ,
1635 650 1667 669 ut
1675 642 1840 681 imperandi
1852 645 1885 673 in
1894 647 1987 684 Syria,
1999 644 2076 678 Asia,
2087 647 2140 675 Bi-

1186 675 1298 714 thynia,
1314 679 1411 707 Ponto
1422 698 1429 711 ,
1442 679 1490 717 jus
1501 698 1509 711 ‚
1524 679 1759 722 potestatemque
1773 684 1892 715 habeat:
1916 695 2018 727 utque,
2029 697 2136 728 quam-

1181 720 1355 758 cumquein
1368 722 1555 758 provinciam
1571 722 1634 759 ejus
1653 723 1724 752 belli
1738 726 1859 763 gerendi
1876 728 1961 758 causa
1969 728 2134 762 advenerit,

1182 758 1225 787 ibi
1236 760 1333 798 majus
1343 761 1507 800 imperium
1520 782 1528 795 ,
1542 765 1574 792 C.
1586 761 1688 796 Cassii,
1700 767 1814 803 procos.
1826 766 1859 796 sit
1869 788 1876 800 ,
1892 779 1981 808 quam
1994 771 2056 809 ejus
2067 773 2133 803 erit,

1180 801 1234 840 qui
1247 810 1314 830 eain
1324 804 1512 842 provinciam
1524 812 1588 834 tum
1601 804 1763 839 obtinebit,
1777 817 1847 838 cum
1857 812 1889 839 C.
1901 810 2009 841 Cassius
2018 813 2132 851 procos.

1181 843 1213 871 in
1224 852 1291 871 eam
1301 846 1489 882 provinciam
1499 847 1615 876 venerit
1626 857 1631 875 :
1652 857 1752 889 regem
1763 850 1940 888 Dejotarum
1957 861 2081 891 patrem,
2099 854 2133 884 δε

1176 893 1277 923 regem
1290 886 1466 925 Dejotarum
1480 885 1575 917 filium
1591 907 1599 921 ,
1619 886 1640 918 si
1650 909 1657 921 ,
1673 898 1707 918 ut
1719 890 1823 920 multis
1834 890 1921 921 bellis
1929 894 2133 933 saepenumero

1178 927 1342 964 imperium
1356 928 1461 967 populi
1472 930 1707 968 Rom-juverint
1717 951 1725 965 ,
1737 933 1809 962 item
1822 935 1854 962 C.
1867 932 1992 964 Caffium
2004 945 2135 975 procon-

1177 966 1274 996 sulem
1286 970 1382 1008 copiis
1395 970 1466 1002 suis,
1478 970 1793 1011 opibusquejuviffent
1802 994 1810 1006 ,
1824 975 1946 1009 senatui,
1961 978 2134 1018 populoque

1175 1010 1269 1039 Rom.
1278 1020 1396 1051 gratum
1407 1010 1465 1041 effe
1475 1011 1606 1043 fa8turos
1621 1024 1626 1042 :
1644 1016 1778 1055 itemque
1788 1015 1808 1045 fi
1819 1019 1908 1047 ceteri
1918 1027 1999 1059 reges
2011 1038 2018 1051 ,
2031 1027 2132 1049 tetrar-

1175 1052 1236 1080 chae
1252 1070 1261 1084 ,
1282 1051 1471 1093 dynastaeque
1489 1053 1643 1088 fecissent,
1661 1058 1731 1086 S.1³.
1744 1060 1830 1094 Q.R.
1850 1068 1956 1088 eorum
1968 1058 2062 1089 officii
2079 1071 2131 1089 mm

1174 1092 1362 1123 immemorem
1375 1094 1529 1125 futurum:
1553 1099 1654 1137 utique
1665 1100 1699 1127 C.
1711 1099 1800 1129 Pansa
1810 1120 1818 1134 ,
1832 1103 1870 1130 A.
1883 1103 2010 1136 Hirtius,
2021 1103 2132 1133 consu-

1173 1133 1227 1167 les,
1239 1135 1319 1169 alter,
1332 1136 1473 1170 ambove,
1484 1135 1504 1167 fi
1515 1140 1556 1167 eis
1567 1140 1724 1173 videretur,
1737 1150 1797 1180 rep.
1814 1152 1981 1182 recuperata
1992 1163 2000 1176 ‚
2013 1143 2049 1173 de
2058 1154 2130 1184 pro-

1172 1177 1280 1207 vinciis
1288 1178 1512 1212 consularibus,
1530 1182 1695 1219 praetoriis,
1716 1183 1750 1212 ad
1774 1184 1852 1213 hunc
1870 1184 2008 1215 ordinem
2027 1188 2130 1225 primo

1171 1228 1292 1259 quoque
1303 1228 1438 1260 tempore
1451 1220 1586 1252 referant.
1611 1224 1721 1254 interea
1738 1227 1902 1264 provincia:
1911 1226 1947 1256 ab
1962 1228 1999 1256 iis
2010 1247 2018 1260 ‚
2033 1228 2048 1257 εὶ
2059 1230 2129 1268 qui-

1173 1259 1228 1290 bus
1238 1261 1423 1296 obtinentur,
1436 1262 1639 1298 obtineantur,
1649 1267 1747 1306 quoad
1757 1268 1865 1307 cuique
1875 1277 1913 1297 ex
1923 1271 1951 1298 S.
1965 1271 1999 1299 C.
2013 1269 2130 1301 succes-

1172 1301 1236 1332 sum
1253 1301 1295 1332 sit.
1320 1305 1388 1333 Hoc
1398 1307 1425 1334 S.
1439 1305 1577 1336 consulto
1591 1306 1744 1338 ardentem
1763 1307 1990 1341 inflammabitis
2003 1332 2011 1345 ‚
2032 1311 2065 1341 &
2081 1322 2126 1342 ar-

1171 1353 1286 1374 matum
1301 1345 1454 1376 armabitis
1464 1345 1603 1377 Caffium.
1627 1358 1683 1379 nec
1700 1352 1784 1380 enim
1804 1353 1942 1382 animum
1960 1354 2024 1392 ejus
2042 1363 2128 1393 pote-

1171 1384 1223 1415 stis
1232 1388 1378 1428 ignorare,
1391 1398 1445 1418 nec
1454 1391 1564 1429 copias.
1576 1394 1590 1409 ²
1601 1393 1721 1421 animus
1732 1394 1756 1422 is
1772 1392 1824 1426 est,
1837 1403 1928 1434 quem
1939 1394 2047 1425 videtis
2059 1406 2127 1426 :co-

1169 1430 1224 1467 piae
1236 1448 1244 1461 ‚
1263 1439 1336 1469 quas
1348 1429 1468 1460 audi-stis
1479 1451 1487 1464 ,
1506 1430 1593 1461 fortis
1603 1451 1611 1466 ,
1628 1432 1660 1462 ὃ(
1674 1433 1837 1465 constantis
1848 1436 1905 1465 viri
1916 1455 1924 1469 ,
1942 1438 1995 1477 qui
2006 1446 2044 1466 ne
2053 1439 2127 1468 vivo

1169 1470 1292 1510 quidem
1307 1472 1466 1502 Trebonio
1480 1473 1647 1504 Dolabella:
1659 1475 1852 1506 latrocinium
1863 1478 1897 1506 in
1907 1479 2020 1517 Syriam
2031 1488 2126 1518 pene-

1168 1520 1241 1541 trare
1252 1511 1370 1543 siviss'et.
1386 1514 1535 1548 Allienus,
1545 1514 1713 1551 familiaris,
1724 1518 1756 1547 δε
1766 1517 1941 1548 necessarius
1950 1529 2046 1553 meus,
2058 1520 2126 1560 post

1168 1555 1325 1586 interitum
1336 1555 1485 1586 Trebonii
1499 1556 1652 1597 profeetus
1663 1578 1672 1592 ,
1691 1569 1729 1589 ne
1738 1559 1797 1590 dici
1808 1560 1932 1600 quidem
1951 1561 1979 1590 se
1991 1561 2125 1602 legatum

1169 1596 1338 1627 Dolabellae
1355 1597 1450 1628 volet.
1475 1597 1525 1629 Est
1541 1601 1704 1640 Qcaecilii
1717 1600 1792 1633 Bassi
1803 1621 1811 1635 ,
1828 1602 1940 1643 privati
1957 1602 2037 1633 illius
2055 1607 2127 1645 qui-

1169 1637 1251 1672 dem,
1262 1638 1311 1668 sed
1323 1638 1421 1673 fortis,
1433 1641 1465 1670 ὃς
1475 1642 1605 1680 praeclari
1615 1643 1683 1675 viri,
1695 1642 1844 1676 robustus,
1860 1644 1892 1674 ὅτ,
1901 1642 2000 1674 νίὲὶοῐ
2010 1648 2126 1676 exerci-

1169 1688 1232 1710 tus:
1256 1681 1392 1720 Dejotari
1402 1684 1478 1723 regis
1490 1682 1522 1712 &
1532 1685 1621 1723 patris
1630 1703 1639 1717 ,
1651 1684 1684 1714 δε
1696 1683 1769 1718 filii,
1783 1685 1815 1714 δε
1826 1695 1963 1726 magum,
1976 1686 2009 1717 &
2019 1687 2124 1718 nostro

1168 1732 1254 1752 more
1263 1722 1425 1754 instruzstus
1434 1727 1581 1755 exercitus
1593 1736 1599 1754 2
1611 1726 1729 1757 summa
1738 1729 1771 1757 in
1781 1725 1847 1757 filio
1856 1728 1932 1768 spes,
1943 1728 2062 1759 summa
2072 1731 2124 1759 in-

1163 1766 1245 1805 genii
1259 1764 1396 1800 indoles,
1414 1766 1591 1808 summaque
1610 1770 1713 1798 virtus.
1745 1769 1826 1810 Qid
1850 1770 1886 1799 de
1904 1779 1983 1809 patre
2000 1770 2098 1802 dicam
2110 1774 2123 1801 ?

1162 1807 1248 1846 cujus
1267 1806 1474 1838 benivolentia
1491 1811 1524 1839 in
1550 1810 1697 1850 populum
1717 1813 1811 1841 Rom.
1832 1810 1874 1841 est
1895 1809 1984 1851 ipfius
2001 1814 2124 1853 aequalis

1161 1850 1257 1878 aetati:
1278 1851 1403 1889 quinon
1412 1851 1513 1880 solum
1531 1852 1855 1892 sociusimperatorum
1866 1852 2039 1884 nostrorum
2060 1853 2120 1886 fuit

1161 1890 1194 1919 in
1205 1889 1293 1920 bellis
1303 1910 1312 1924 ‚
1324 1900 1429 1922 verum
1440 1894 1530 1923 etiam
1541 1893 1604 1923 dux
1613 1897 1766 1935 copiarum
1781 1894 1907 1924 suarum.
1931 1897 2005 1936 Qae
2014 1895 2050 1926 de
2061 1897 2120 1927 illo

2149 1325 2190 1358 13

1162 1933 1228 1961 viro
1237 1932 1337 1965 Sulla,
1355 1943 1420 1974 quae
1439 1936 1593 1968 Muraena,
1612 1946 1675 1976 quae
1693 1936 1854 1969 Servilius,
1875 1946 1941 1976 quae
1959 1938 2118 1972 Lucullus,
2147 1948 2151 1949 ⁷

1160 1972 1252 2014 quam
1264 1975 1367 2004 ornate
1379 1994 1388 2008 ‚
1401 1975 1492 2017 quam
1502 1976 1671 2007 honorifice
1682 1997 1691 2010 ‚
1709 1977 1799 2018 quam
1808 1980 1936 2018 graviter
1946 1978 2020 2018 saepe
2028 1981 2063 2009 in
2072 1980 2118 2010 se-

1159 2023 1230 2045 natu
1248 2015 1499 2055 praedicaverunt?
1521 2018 1603 2059 Qid
1623 2019 1658 2049 de
1677 2021 1733 2049 Cn.
1753 2021 1899 2059 Pompejo
1916 2020 2040 2060 loquar?
2062 2023 2117 2062 qui

1158 2066 1256 2087 unum
1266 2058 1446 2098 Dejotarum
1464 2060 1497 2089 in
1510 2068 1575 2090 toto
1589 2060 1661 2090 orbe
1670 2070 1811 2091 terrarum
1823 2072 1857 2090 ex
1866 2062 1960 2091 animo
1968 2064 2115 2097 amicum,

1157 2108 1284 2139 vereque
1294 2099 1471 2130 benivolum
1482 2120 1491 2134 ,
1510 2112 1604 2132 unum
1617 2101 1738 2133 fidelem
1756 2104 1871 2143 populo
1881 2106 2024 2134 Romano
2030 2105 2041 2143 j
2046 2103 2115 2135 udi-

1156 2142 1244 2171 cavit.
1267 2143 1394 2171 Fuimus
1405 2144 1600 2182 imperatores
1617 2154 1672 2185 ego
1686 2164 1695 2178 ,
1712 2144 1744 2174 δε
1755 2148 1799 2174 M.
1811 2145 2115 2186 Bibulusinpropin-

1158 2184 1226 2223 quis
1239 2202 1247 2216 ,
1258 2181 1455 2225 finitimisque
1465 2187 1641 2225 provinciis.
1663 2186 1700 2216 ab
1708 2186 1816 2217 eodem
1828 2196 1894 2228 rege
1904 2187 1997 2226 adjuti
2006 2188 2112 2218 sumus

1157 2226 1191 2254 &
1201 2226 1344 2265 equitatu,
1356 2225 1389 2255 ὃς
1397 2225 1582 2266 pedestribus
1594 2229 1700 2268 copiis.
1725 2229 1858 2258 secutum
1868 2228 1911 2259 est
1920 2230 1978 2259 hoc
1986 2229 2113 2260 acerbis—

1154 2264 1262 2296 simum
1275 2286 1284 2300 ‚
1303 2267 1336 2297 &
1353 2267 1641 2299 calamitofiss'imum
1656 2270 1746 2300 civile
1763 2270 1891 2300 bellum.
1914 2273 1946 2300 in
1960 2281 2021 2312 quo
2038 2271 2113 2312 quid

1153 2307 1323 2338 faciendum
1344 2311 1508 2349 Dejotaro?
1524 2311 1597 2351 quid
1615 2313 1747 2341 omnino
1767 2321 1911 2343 macnus
1932 2312 2023 2343 fuerit
2035 2333 2043 2347 ,
2062 2313 2111 2343 di-

1152 2359 1217 2380 cere
1229 2360 1292 2380 non
1300 2349 1344 2380 est
1352 2350 1467 2381 necess'e
1479 2362 1484 2380 :
1504 2353 1663 2391 praesertim
1675 2373 1683 2387 ,
1699 2364 1769 2384 cum
1781 2362 1894 2388 contra,
1906 2365 1938 2385 ac
1949 2355 2109 2394 Deiotarus

1150 2389 1255 2426 sensit,
1277 2391 1403 2423 vietoria
1419 2392 1491 2423 belli
1505 2394 1652 2433 judicarit.
1675 2405 1737 2436 quo
1760 2397 1793 2425 in
1803 2395 1884 2426 bello
1901 2395 1920 2426 si
1939 2395 1996 2426 fuit
2014 2406 2105 2429 error,

1151 2435 1328 2463 communis
1338 2435 1365 2464 ei
1378 2433 1437 2465 fuit
1448 2445 1519 2466 cum
1530 2436 1647 2467 senatu:
1669 2436 1712 2467 sin
1723 2437 1801 2468 reEta
1811 2438 1953 2468 sententia
1963 2457 1971 2472 ,
1986 2447 2030 2466 NE
2051 2448 2107 2468 vr-

1152 2483 1216 2504 crA
1227 2475 1352 2516 quidem
1362 2477 1446 2507 causa
1454 2478 1645 2517 vituperanda
1655 2478 1708 2508 est.
1731 2479 1778 2509 Ad
1789 2480 1839 2509 has
1858 2481 1956 2519 copias
1965 2479 2105 2510 accedent

1149 2517 1200 2546 alii
1209 2527 1305 2559 reges,
1331 2521 1422 2549 etiam
1431 2519 1563 2549 delestus
1574 2520 1722 2550 accedent.
1745 2530 1842 2560 neque
1853 2531 1923 2551 vero
1940 2519 2042 2550 classes
2051 2520 2105 2551 de·-

1150 2568 1252 2589 erunt:
1277 2562 1351 2589 tanti
1362 2563 1447 2600 Tyrii
1459 2559 1588 2591 Caffium
1599 2561 1729 2595 faciunt,
1751 2563 1824 2592 tanti
1835 2563 1899 2601 ejus
1910 2563 1943 2592 in
1953 2564 2035 2602 Syria
2045 2572 2103 2593 no-

1148 2610 1220 2631 men
1231 2621 1240 2635 ,
1259 2609 1346 2641 atque
1363 2604 1503 2632 Phoenice
1520 2601 1573 2632 est.
1618 2605 1752 2633 Paratum
1772 2603 1859 2633 habet
1876 2605 2098 2644 imperatorem,

1148 2645 1180 2672 C.
1191 2641 1332 2676 camum,
1345 2646 1373 2673 Ρ.
1386 2645 1417 2673 C.
1430 2644 1502 2683 resp.
1513 2652 1617 2674 contra
1627 2644 1830 2678 Dolabellam,
1844 2655 1899 2675 nec
1910 2654 2040 2686 paratum
2052 2647 2102 2677 so—

1145 2683 1225 2717 lum,
1236 2684 1283 2714 sed
1295 2686 1423 2723 peritum
1434 2704 1442 2718 ‚
1453 2694 1537 2725 atque
1546 2684 1669 2716 fortem.
1692 2696 1812 2728 magnas
1822 2687 1873 2717 ille
1885 2697 1929 2718 res
1939 2686 2023 2728 geffit
2031 2697 2101 2719 ante

1144 2726 1243 2755 Bibuli
1264 2726 1375 2755 summi
1388 2728 1444 2756 viri
1458 2727 1641 2761 adventum,
1664 2731 1758 2758 3cum
1777 2728 2098 2760 Dacorinobilifl'imos

1146 2767 1246 2800 duces,
1259 2768 1462 2809 maximasque
1472 2770 1572 2808 copias
1581 2768 1669 2803 fudit,
1680 2771 1826 2811 Syriamq3
1837 2772 1965 2801 immani
1975 2773 2100 2802 Partho-

1142 2818 1208 2838 rum
1220 2809 1490 2849 impetuliberavit.
1513 2813 1683 2841 Maximam
1695 2813 1776 2850 ejus,
1799 2814 1832 2843 &
1847 2812 2023 2854 singularem
2035 2814 2099 2844 lau-

1140 2850 1209 2879 dem
1220 2853 1425 2889 praetermitto.
1447 2852 1533 2891 cujus
1544 2854 1627 2882 enim
1646 2853 1815 2893 praedicatio
1832 2856 1973 2886 nondum
1992 2857 2097 2886 omni-

1141 2891 1195 2920 bus
1205 2901 1282 2931 grata
1293 2892 1334 2922 est
1345 2913 1352 2926 ‚
1373 2895 1450 2923 hane
1459 2896 1615 2924 memoriae
1625 2897 1726 2934 ponus
1739 2916 1747 2929 ,
1762 2896 1852 2937 quam
1863 2899 1946 2928 vocis
1956 2896 2094 2928 testimo-

1139 2934 1192 2962 nio
1202 2934 1421 2964 conservemus.
1446 2935 1671 2971 Animadverti,
1694 2940 1724 2968 P.
1738 2940 1770 2968 C.
1791 2938 1852 2968 dici
1866 2939 1954 2979 jaina
1970 2939 2096 2980 quibus·

1139 2974 1206 3004 bam
1217 2994 1224 3008 ‚
1237 2978 1376 3006 exornari
1385 2979 1475 3007 etiam
1484 2977 1619 3008 nimium
1631 2979 1647 3009 ὲ
1657 2989 1706 3009 me
1718 2982 1842 3011 Brutum
1854 3001 1862 3015 ,
1875 2981 2009 3011 nimium
2023 2981 2094 3012 Cas-

2018 3022 2095 3053 siurn

182 3077 206 3095 1.
226 3071 276 3094 Non
285 3076 312 3094 ut
321 3078 385 3094 exea
394 3074 443 3095 acie
451 3074 575 3105 respiciebam
591 3073 756 3107 habet-emm]
779 3074 903 3110 Explicat
913 3065 992 3099 hum
1002 3074 1088 3100 locuni
1114 3094 1116 3110 Ι
1141 3067 1202 3101 rarii
1216 3095 1223 3106 ‚
1243 3077 1288 3110 qui
1300 3083 1386 3102 tanuen
1398 3077 1510 3104 malebat
1522 3097 1530 3109 ,
1548 3081 1657 3113 vidistis,-
1676 3080 1774 3108 scilicet
1791 3082 1873 3106 Idibus
1883 3082 1985 3107 Alai-tiis
1997 3100 2004 3112 ,
2024 3079 2096 3115 quod

138 3104 247 3140 egregie
259 3112 350 3131 contra
367 3105 449 3132 Gabr.
460 3108 590 3135 lsaiiriiuin
600 3109 724 3135 Scliottus
735 3110 820 3136 iiossei·
834 3129 842 3142 ,
861 3110 929 3137 libro
942 3120 963 3137 i.
982 3111 1091 3137 Nodor.

99 3167 105 3170 ,
141 3141 268 3175 (ῥέαετιρ.
283 3149 324 3174 ις.
344 3167 346 3170 ,

174 3184 202 3203 2.
221 3179 324 3203 Animus
331 3177 351 3204 is
359 3180 394 3204 eff
400 3187 466 3213 quem
474 3180 587 3215 videtin]
610 3180 653 3208 Sic
662 3190 753 3209 omncs
763 3181 826 3211 libri
837 3182 917 3210 nosti-i
935 3189 1015 3220 atque
1025 3183 1046 3211 F
1047 3192 1092 3211 ci·-

1114 3116 1115 3120 *
1140 3111 1223 3146 ipsum
1236 3119 1311 3138 textu
1323 3113 1446 3147 diguatus
1458 3114 1613 3142 Lambinus.

1178 3156 1202 3182 3.
1224 3151 1282 3173 Cum
1291 3151 1376 3174 ‘Pacori
1393 3151 1534 3183 nubiliffimos
1552 3152 1648 3189 dmm]
1669 3152 1731 3181 ΜΠ.
1741 3161 1833 3181 omues
1843 3154 2004 3185 Parthorum5
2023 3150 2099 3188 quod-

1139 3191 1227 3215 tamen
1239 3183 1336 3220 respuit
1347 3184 1416 3213 linea
1425 3185 1545 3222 sequeus.

1519 3223 1588 3252 liii
1987 3228 2097 3251 „nm-0

2122 2615 2165 2648 14
