2360 3400
585 151 831 198 Eetsr.
890 167 979 198 AD
1035 153 1432 209 ΑττῑεσΜ,

1215 237 1349 269 laudatus
1366 238 1408 269 est
1427 258 1437 272 ‚
1466 238 1560 270 odiss'e
1578 243 1713 281 coeperit.
1745 241 1843 283 itaque
1863 243 1974 275 mirum
1992 242 2027 274 in
2043 242 2176 280 modum

215 237 272 269 ties
289 233 414 276 patriam
431 232 564 268 videret,
584 235 674 265 toties
694 234 722 265 se
740 234 923 267 beneficium
948 244 1052 266 meum
1069 236 1172 266 videre,

218 279 301 322 Qid
319 277 435 307 multa?
454 284 555 306 totum
576 277 657 306 hunc
668 276 768 306 locum
781 298 789 312 ,
813 283 823 298 ¹
835 287 926 320 quem
937 287 992 317 ego
1002 278 1083 308 varie
1095 281 1172 308 meis

216 318 422 352 orationibus,
441 327 565 359 quarum
588 326 619 348 tu
639 318 823 350 Aristarchus
842 330 891 354 es,
913 319 995 348 soleo
1001 321 1123 361 pingere
1134 319 1170 350 de

217 368 360 402 flamma,
382 368 419 399 de
438 368 537 402 ferro,
558 368 658 408 (nosti
676 369 741 399 illas
752 363 906 403 λεκύῖτυς
921 370 932 410 )
950 369 1035 400 valde
1043 371 1169 410 graviter

213 412 376 451 pertexuit.
401 410 567 441 2Proxime
586 412 766 451 Pompeium
783 411 934 441 sedebam.
956 411 1095 444 intellexi
1113 412 1170 441 ho-

216 454 338 482 minem
349 454 467 482 moveri
480 463 489 486 3
509 461 609 482 utrum
624 451 756 483 Crass'um
767 454 842 482 inire
852 463 917 482 eam
949 454 1049 483 ratiam
1061 472 1069 486 ‚
1080 462 1170 493 quam

213 494 278 534 ipse
296 491 521 533 praetermififfet
540 506 549 528 3
569 504 605 524 an
624 493 683 524 eise
699 503 794 524 tantas
811 504 856 524 tes
877 504 918 524 no
948 504 1007 528 τες,
1027 504 1093 534 quae
1108 502 1182 524 tam·

213 535 323 565 libenti
341 538 449 565 Senatu
467 534 656 566 laudarentur
675 555 683 570 ,
704 536 740 566 ab
759 546 796 565 eo
815 536 997 576 praesertim,
1018 538 1071 576 qui
1092 536 1169 565 mihi

212 576 335 607 laudem
344 577 428 607 illam
440 587 477 607 eo
485 580 588 607 minus
599 576 814 618 deberet‚quod
825 580 900 607 meis
911 576 1055 607 omnibus
1065 577 1170 608 litteris

213 619 250 649 in
269 621 451 658 Pompeiana
473 619 559 649 laude
573 619 744 660 perstrictus
764 618 843 649 esset.
869 621 929 649 Hic
949 619 1012 649 dies
1024 629 1074 648 me
1084 618 1170 648 valde

215 658 317 690 ci-ass‘o
326 661 480 700 adjunxit:
499 662 532 691 δε
541 671 642 692 tamen
653 682 662 695 ‚
679 664 691 688 3
704 661 803 691 abillo
814 661 924 700 aperte,
936 660 1012 690 tecte
1022 659 1171 701 quidquid

216 701 262 732 est
269 701 373 732 datum
385 723 394 736 ,
406 703 534 733 libenter
543 704 651 743 accepi.
667 712 722 744 ego
732 711 831 732 autern
842 703 902 741 ipse
915 722 925 736 ‚
943 702 987 732 dii
998 702 1072 732 boni
1085 704 1090 731 !
1108 711 1170 742 quo

210 754 307 785 modo
324 758 342 781 4
359 740 674 789 &asmpmpoeoa'plw
699 762 782 783 novo
799 753 927 783 auditori
940 752 1096 799 xPompejo
1112 755 1123 781 ?
1150 750 1171 781 si

186 822 190 826 .
210 806 360 846 umquam
373 795 453 823 mihi
465 813 474 826 ‚
494 796 508 819 5
520 788 665 833 πεῳῖοδὶη
677 818 686 832 ,
714 787 908 835 diffiniam-oei,
930 792 1169 836 ›iivvaciuffim

209 851 229 876 η
240 835 456 881 mmo-nobas
472 841 751 881 suppeditaverunt,
761 842 817 871 illo
825 851 971 882 tempore.
994 841 1076 882 Qid
1087 841 1169 871 mul-

211 899 261 927 ta?
279 896 434 926 clamores.
454 895 570 923 etenim
582 893 644 922 haec
653 900 713 921 erat
722 878 876 926 ἰἶπόῗῑῦπ
891 910 899 923 ‚
912 889 948 920 de
957 900 1103 931 gravitate
1117 903 1166 923 or-

211 938 313 971 dinis,
337 937 374 967 de
394 934 521 975 equestri
538 933 719 965 concordia,
743 931 780 961 de
799 930 1111 968 consenfionettaliae‚
1130 934 1167 965 de

208 980 386 1009 immortuis
402 977 536 1016 reliquiis
545 974 780 1013 conjurationis,
802 971 863 1002 ⁶de
878 974 1025 1008 utilitate,
1044 975 1081 1005 de
1090 980 1165 1006 otio.

207 1020 358 1060 nostijarn
374 1020 406 1048 in
417 1018 470 1047 hac
480 1016 714 1055 materiusbnitus
724 1014 842 1046 nostros
854 1025 859 1043 :
880 1016 954 1045 tanti
967 1015 1110 1051 fuerunt,
1132 1027 1164 1049 ut

208 1071 266 1103 ego
288 1071 324 1092 eo
335 1060 454 1090 brevior
462 1057 517 1088 fim
529 1079 538 1091 ‚
561 1057 643 1098 quod
655 1067 706 1087 eos
719 1058 809 1096 usque
827 1061 841 1084 7
853 1056 935 1086 istim
946 1059 1101 1089 exauditos
1111 1070 1168 1100 pu-

207 1111 281 1134 tem.
303 1104 452 1133 Romanae
469 1109 570 1130 autem
590 1100 618 1129 se
637 1108 683 1129 res
701 1098 881 1136 siqhabent.
903 1101 1028 1130 Senatus
1039 1098 1164 1146 αἶρε-,Θ

206 1147 328 1192 vm'295.
362 1152 440 1182 nihil
461 1150 651 1182 constantius
661 1169 671 1183 ‚
695 1149 773 1179 nihil
793 1149 921 1180 severius
931 1169 940 1183 ‚
959 1149 1164 1182 nihilfortius.

203 1202 277 1225 nam
296 1192 368 1224 curn
385 1193 448 1224 dies
472 1191 597 1223 venisset
609 1193 759 1231 rogationi
771 1201 808 1221 ex
820 1202 843 1221 s.
863 1201 891 1220 c.
910 1190 1045 1222 serendae
1058 1212 1066 1226 ‚
1087 1203 1163 1223 con-

205 1234 361 1265 cursabant
377 1235 521 1265 barbatuli
539 1235 685 1274 juvenes,
709 1242 789 1263 totus
800 1233 852 1262 ille
860 1243 930 1274 grex
945 1235 1081 1264 Catilina:
1090 1236 1165 1265 duce

197 1276 297 1316 filiola
307 1279 448 1307 Curionis
460 1289 468 1311 ς
485 1277 519 1306 &
528 1276 689 1316 populum,
701 1284 733 1305 ut
741 1277 917 1315 antiquaret,
927 1276 1076 1316 rogabant.
1096 1277 1164 1307 Piso

204 1328 308 1348 autern
319 1319 430 1349 Consul
444 1339 452 1352 ,
465 1320 538 1348 lator
548 1318 723 1357 rogationis,
735 1317 814 1346 idem
827 1326 885 1346 erat
896 1315 1048 1348 dissuasor.
1067 1328 1164 1358 operae

213 1360 370 1391 Clodianae
380 1362 499 1400 ponteis
509 1368 693 1399 occuparant.
717 1358 832 1388 tabellae
841 1358 1088 1389 ministrabantur
1100 1380 1109 1393 ,
1123 1362 1163 1390 ita

206 1411 242 1432 ut
262 1402 344 1432 nulla
363 1403 479 1432 daretur
489 1412 548 1431 uri
565 1409 683 1430 RooAs.
703 1398 753 1429 hic
764 1400 818 1429 tibi
829 1399 935 1430 Rostra
947 1404 1020 1431 Cato
1032 1401 1161 1435 advolat,

203 1438 403 1474 8convicium
416 1443 514 1474 Pisoni
527 1442 650 1472 Consuli
663 1440 828 1471 mirificum
840 1441 910 1472 facit
922 1454 930 1476 ς
942 1441 960 1472 si
972 1443 1002 1472 id
1014 1442 1055 1473 est
1064 1444 1162 1472 convi-

203 1485 282 1515 cium
293 1505 302 1518 ,
315 1494 378 1515 vox
389 1486 477 1525 plena
488 1486 650 1524 gravitatis,
660 1483 749 1523 plena
759 1482 942 1514 auctoritatis
952 1504 960 1518 ,
980 1485 1068 1524 plena
1077 1485 1164 1515 deni-

204 1536 263 1567 que
275 1527 385 1556 salutis.
405 1526 518 1557 accedit
528 1525 635 1556 eodem
647 1526 736 1554 etiam
748 1524 847 1554 noster
857 1525 1033 1555 Hortensius
1045 1546 1053 1560 ,
1074 1527 1164 1557 multi

203 1575 344 1608 praeterea
361 1567 446 1598 boni.
467 1566 591 1609 insignis
602 1565 674 1597 verb
685 1576 773 1606 opera
781 1569 907 1596 Favonii
918 1566 986 1598 fuit.
1010 1570 1080 1598 Hoc
1088 1578 1164 1599 con-

204 1610 292 1640 cursu
314 1611 500 1649 optimatum
519 1610 645 1639 comitia
662 1608 876 1638 dimittuntur:
895 1612 1020 1640 Senatus
1033 1620 1164 1641 vocatur.

204 1651 497 1682 esim-decerneretur
506 1651 657 1692 frequenti
665 1653 773 1681 Senatu
787 1670 796 1684 ‚
807 1659 909 1681 contra
918 1661 1067 1693 pugnante
1079 1653 1164 1683 Piso-

204 1702 245 1724 ne
256 1715 265 1727 ‚
284 1693 319 1723 ad
339 1693 428 1734 pedes
447 1695 591 1723 omnium
612 1691 784 1733 singillatim
803 1693 960 1723 accedente
979 1694 1089 1724 Clodio
1100 1715 1109 1728 ‚
1132 1703 1167 1725 ut

208 1735 357 1765 Consules
375 1735 522 1775 populum
533 1737 759 1765 cohortarentur
768 1734 804 1765 ad
815 1737 1005 1775 rogationem
1018 1738 1167 1776 accipien—

204 1776 275 1807 dam
288 1788 297 1812 ς
316 1777 459 1807 homines
469 1776 503 1807 ad
518 1787 572 1807 xv.
585 1778 711 1807 Curioni
727 1776 849 1806 nullum
861 1786 884 1805 s.
898 1786 929 1806 c.
940 1776 1064 1808 facienti
1073 1776 1166 1808 assen-

207 1819 326 1848 serunt:
349 1828 386 1848 ex
401 1818 489 1849 altera
500 1827 578 1858 parte
592 1817 679 1848 facile
698 1826 795 1846 cccc.
813 1816 946 1848 fuerunt.
965 1817 1028 1849 acta
1047 1829 1092 1849 res
1111 1819 1166 1850 est.

206 1857 338 1889 9Fufius
357 1859 441 1890 Trib.
462 1869 528 1890 turn
545 1857 695 1890 conceffit.
719 1859 844 1889 Clodius
861 1860 1026 1889 conciones
1045 1861 1166 1891 miseras

204 1900 332 1931 habebat
342 1921 350 1934 ,
373 1903 405 1931 in
418 1901 526 1942 quibus
536 1901 700 1932 Lucullum
711 1920 720 1933 ‚
741 1899 937 1930 Hortensium
946 1919 956 1934 .
967 1904 1000 1931 C.
1011 1903 1163 1936 Pisonem,

204 1940 376 1973 Messallam
395 1944 559 1973 Consulem
573 1941 795 1973 contumeliose
817 1941 960 1976 laedebat3
980 1953 1030 1973 me
1047 1952 1163 1974 tantum

201 1983 380 2025 comperisse
390 1987 495 2015 omnia
510 1984 734 2015 criminabatur.
757 1986 883 2013 Senatus
900 1984 933 2014 δε
944 1984 980 2014 de
997 1988 1164 2024 provinciis

200 2027 366 2057 Praetorum
379 2046 387 2060 ,
399 2026 431 2057 &
441 2027 478 2057 de
490 2025 702 2067 legationibus,
714 2025 746 2055 &
759 2025 796 2055 de
804 2027 908 2055 ceteris
921 2026 1010 2056 rebus
1022 2027 1164 2058 decerne-

201 2067 252 2099 bat
263 2087 271 2101 ‚
287 2076 320 2097 ut
327 2077 406 2102 ante,
418 2069 510 2109 quarn
522 2077 636 2108 rogatio
645 2068 700 2097 lata
710 2064 790 2100 esset,
802 2077 840 2096 ne
850 2067 923 2107 quid
934 2077 1075 2107 ageretur.
1100 2072 1163 2101 Ha-

201 2108 256 2140 bes
269 2119 314 2139 res
325 2112 489 2140 Romanas.
510 2110 558 2140 sed
570 2119 669 2140 tamen
680 2110 769 2138 etiam
789 2108 865 2139 illud
876 2128 885 2142 ,
899 2110 982 2149 quod
992 2121 1057 2141 non
1067 2112 1161 2151 spera-

201 2160 266 2181 ram
279 2170 288 2185 ‚
299 2151 378 2181 audi.
402 2150 536 2182 Mcffalla
545 2152 656 2181 Consul
666 2150 708 2181 est
716 2152 849 2191 egregius
861 2170 869 2184 ,
885 2150 970 2181 fortis
982 2172 990 2186 ‚
1009 2153 1161 2187 constans,

200 2193 442 2233 dihgensmostri
452 2193 869 2227 laudator‚amator‚imitator.
880 2192 932 2222 ille
942 2193 1014 2223 alter
1023 2205 1077 2224 uno
1087 2196 1161 2224 vitio

204 2235 312 2265 minus
322 2235 449 2265 vitiosus
459 2247 469 2269 3
481 2234 563 2276 quod
574 2237 663 2268 iners,
675 2232 756 2276 quod
767 2234 867 2264 somni
877 2234 996 2274 plenus,
1007 2235 1089 2278 quod
1099 2239 1159 2266 im—

195 2287 324 2327 peritus,
336 2284 418 2326 quod
429 2277 680 2317 dffloexw'wwa‘
691 2302 699 2315 2
715 2284 765 2315 sed
776 2284 929 2316 voluntate
939 2287 978 2316 ita
994 2279 1158 2325 «θιχέκτης,

198 2336 233 2359 ut
242 2331 315 2359 Pom
319 2329 365 2368 pej
370 2336 423 2357 um
435 2325 502 2366 post
512 2326 594 2356 illam
615 2329 646 2345 ¹0
654 2328 837 2357 concionem
847 2347 856 2362 ‚
875 2337 934 2368 qua
943 2327 979 2358 ab
989 2337 1026 2358 eo
1035 2330 1160 2359 Senatus

232 2451 244 2469 1
251 2460 258 2467 .
292 2442 366 2473 Qem
375 2450 409 2474 ego
424 2442 496 2467 ‘varie
512 2442 567 2467 meir
582 2443 753 2476 orationibus]
773 2442 854 2477 Vulg.
872 2452 939 2477 quem
955 2445 982 2468 in
990 2446 1160 2476 Aristrocraetia

204 2487 240 2512 ego
256 2477 328 2503 vari?
336 2478 401 2509 meis,
410 2478 460 2508 εἴγε.
478 2478 505 2504 iii
516 2477 686 2510 Beffarionis,
696 2478 878 2510 Cavalcantis,
888 2478 1028 2511 Tornaefin
1039 2479 1156 2506 Urbina-

197 2515 233 2541 tis
243 2513 409 2539 bibliothecae
419 2522 482 2545 uno,
493 2513 620 2541 Palatinae
629 2513 731 2541 duobus
742 2513 800 2541 mss‘.
810 2524 862 2541 non
873 2522 1029 2551 comparent
1037 2515 1092 2542 duo
1101 2516 1155 2542 haec

199 2548 337 2580 vocabula,
348 2551 374 2574 in
383 2551 549 2580 Aristocratia.

235 2594 263 2611 ι.
282 2585 558 2619 Prm‘mePompnjum]
570 2587 610 2611 Ita
619 2584 679 2611 Bos.
690 2594 723 2612 ex
734 2585 799 2613 scid.
809 2585 927 2612 Tornaes.
937 2586 966 2612 &
976 2586 1091 2614 Crusell.
1104 2597 1154 2614 ne-

197 2630 249 2658 que
260 2621 340 2648 aliter
348 2621 429 2647 etiam
439 2629 472 2646 ex
483 2621 542 2646 loco
552 2621 691 2647 Diomedis
703 2640 712 2653 ‚
723 2628 848 2658 corrupto
858 2628 945 2648 tamen
960 2641 969 2655 ,
979 2621 1004 2650 se
1014 2623 1152 2651 restituisse

197 2658 236 2684 ait
250 2657 394 2684 Lambinus
402 2676 407 2682 .
420 2656 527 2691 vulgata
533 2660 655 2689 proximus
664 2659 776 2691 Pompejo.

235 2701 248 2728 3
257 2714 263 2719 .
281 2695 319 2719 AL·
328 2694 364 2718 illo
373 2692 467 2725 aperte,
493 2692 575 2726 reela]
588 2693 688 2727 Junius
699 2702 732 2718 ex
745 2692 801 2719 mss.
814 2692 897 2719 Palat.
909 2694 983 2719 abillo
992 2695 1070 2727 aperte
1079 2697 1152 2721 tac'i'o.

196 2728 358 2756 Gulielmius
370 2727 495 2760 malebat,
512 2729 543 2754 ab
550 2729 586 2754 illo
595 2730 646 2760 reste
655 2735 735 2760 aperte
743 2729 860 2763 quidquid
866 2731 901 2755 εΗ
910 2731 1004 2761 datum,
1013 2731 1064 2760 &a

227 2776 261 2802 4.
280 2765 615 2805 E'vempmeoeou'faehu]
640 2769 683 2794 tta
693 2777 725 2794 ex
738 2769 849 2796 meliore
859 2768 904 2795 suo
914 2769 983 2796 libro
1001 2769 1152 2798 emendavit

197 2811 334 2840 Victorius
347 2833 356 2846 ,
374 2822 456 2850 quum
476 2819 555 2840 antea
576 2812 716 2839 haberetur
735 2807 1039 2848 {vewneyemifalwssui
1051 2812 1152 2840 accedit

198 2855 337 2884 Turnebus
355 2858 383 2884 d.
401 2867 459 2893 cap.
478 2866 505 2894 3.
524 2856 608 2885 editio
627 2856 723 2884 Lamb.
749 2846 1038 2897 ὶιεπῑρπερευσυίμᾶυ
1054 2858 1151 2890 habet5

197 2897 332 2932 quomodo
341 2898 482 2933 legendum
493 2898 649 2933 conjiciebat
659 2898 806 2924 Manutius.

237 2945 264 2970 5.
285 2933 420 2973 riselaofoi
442 2936 457 2967 ἢ
481 2937 641 2975 vanui.)
669 2938 745 2964 Olim
765 2937 904 2973 legebatur
920 2934 1152 2976 ’ὤῖηχε-ιρῆμςιτα,

200 2981 270 3016 quod
282 2991 315 3008 ex
327 2990 414 3009 vetere
424 2982 492 3009 libro
503 2983 654 3011 emendavit
662 2982 798 3010 Vitstorius
810 2981 836 3008 in
849 2978 985 3018 mgico‘bt
1000 2980 1015 3011 ἣ
1030 2980 1149 3019 ιιαρππὶ.

199 3027 254 3053 Soc.
274 3037 353 3063 quum
364 3035 450 3055 autem
461 3029 516 3064 post
525 3029 675 3056 Viaorium
696 3038 788 3058 vocem
799 3027 875 3054 illam
889 3024 994 3065 υρπυί
1006 3038 1057 3055 non
1069 3028 1150 3055 intel-

198 3071 306 3100 lexisset
316 3072 405 3099 Bosius
418 3091 426 3103 ,
437 3071 510 3099 ausus
519 3073 556 3100 est
565 3074 638 3101 illam
649 3074 676 3101 in
688 3072 816 3110 καμπαὶ
828 3081 932 3100 mutare
943 3081 952 3102 ;
971 3083 1049 3107 quam
1062 3079 1149 3098 muta-

199 3112 299 3139 tionem
310 3113 356 3139 etii
366 3119 468 3139 acutam
479 3109 705 3149 agndscatJunius
716 3134 725 3146 ‚
745 3122 832 3142 tamen
842 3124 876 3142 ex
887 3113 1012 3141 consensu
1023 3113 1080 3142 mss‘.
1091 3123 1148 3142 ma-

199 3152 259 3179 vult
271 3162 359 3178 rocem
372 3151 476 3185 aarum}
489 3170 499 3185 ,
521 3162 597 3188 quarn
608 3154 707 3183 ibidem
719 3155 835 3193 explicat
844 3166 853 3184 2
873 3162 902 3185 tu
915 3154 984 3183 vide.

230 3192 261 3219 6.
277 3196 312 3220 De
319 3193 449 3228 utilitum]
471 3192 552 3230 valg.
560 3195 666 3222 vilitate.

1491 156 1632 202 [ΑΒ.
1681 159 1768 204 Ι.’
2045 176 2157 225 ,777

1213 289 1322 310 ornnes
1336 280 1352 310 a
1361 281 1390 310 se
1400 281 1498 311 bonos
1508 281 1658 313 alienavit.
1670 293 1766 323 neque
1776 286 1807 315 id
1821 288 1914 326 magis
1928 287 2061 317 amicitia
2071 283 2173 323 Clodii

1198 321 1356 352 adduam
1365 320 1438 352 facit
1447 342 1455 355 ,
1474 324 1564 363 quam
1576 323 1674 354 studio
1692 325 1868 365 perditarum
1878 337 1969 357 rerum
1980 348 1988 362 ‚
2008 337 2094 369 atque
2106 337 2171 368 par-

1212 364 1300 392 tium.
1321 363 1369 393 sed
1389 364 1475 394 habet
1493 365 1537 394 sui
1550 363 1678 396 similem
1698 369 1730 396 in
1741 367 1959 409 magistratibus
1969 390 1977 403 ‚
1995 379 2101 409 praeter
2112 372 2170 399 Fu-

1214 402 1288 433 fium
1300 424 1308 437 ,
1321 407 1488 435 neminem.
1501 406 1588 436 bonis
1602 410 1714 439 utimur
1724 409 1871 440 Tribunis
1880 411 1958 450 pleb.
1972 414 2106 441 Cornuto
2117 421 2170 440 ve-

1211 444 1244 474 ro
1254 446 1484 485 Pseudocatone.
1508 448 1588 488 Qid
1598 452 1705 489 quaeris
1718 452 1728 479 ?
1743 454 1751 469 ¹
1759 454 1767 469 ¹
1782 461 1862 481 nunc
1872 453 1907 482 ad
1916 454 2028 492 privata
2036 453 2167 487 redeam.

1211 488 1359 541 Τεᾷκρλς
1374 495 1514 533 promissa
1531 501 1666 537 patravit.
1685 508 1716 529 tu
1731 500 1867 531 mandata
1888 500 1972 532 effice
1983 522 1992 535 ‚
2009 513 2075 543 quae
2089 512 2170 533 rece-

1210 533 1288 573 pisti.
1312 537 1444 577 Qintus
1453 536 1542 567 frater
1553 559 1560 571 ,
1577 542 1628 580 qui
1639 541 1802 581 Argiletani
1814 542 1935 574 aedificii
1946 545 2096 585 reliquum
2113 544 2170 574 do-

1209 575 1346 606 drantem
1357 579 1433 608 emit
1451 587 1506 608 ihs
1523 589 1657 611 Dccxxv
1674 601 1681 615 ,
1701 584 1907 615 Tusculanum
1927 586 2078 619 venditat.
2105 584 2168 615 utfi

1210 615 1306 656 possit,
1319 627 1399 648 emat
1409 620 1587 650 Pacilianam
1602 622 1740 653 domurn.
1767 628 1843 655 Cum
1855 628 1986 666 Luccejo
1997 629 2030 657 in
2043 629 2166 668 gratiam

1211 658 1284 688 redi.
1315 662 1343 678 ¹2
1361 660 1450 690 video
1461 661 1620 694 hominem
1632 665 1716 694 vaide
1727 669 1888 705 petiturire.
1905 669 2020 699 navabo
2030 678 2165 709 operam.

1207 702 1279 733 Tu,
1299 700 1371 740 quid
1385 711 1448 742 agas
1460 721 1468 733 ‚
1487 703 1539 731 ubi
1561 703 1613 737 sis,
1632 707 1802 744 cujusmodi
1824 708 1885 739 istae
1899 720 1944 740 res
1953 709 2029 745 sim,
2050 710 2096 742 t'ac
2115 720 2166 740 me

1210 751 1301 782 quam
1312 741 1536 783 diligentissime
1544 748 1712 776 certiorem.
1736 749 1839 778 Idibus
1851 751 1934 781 Febr.

1446 787 1635 817 CICERO
1658 791 1872 825 ATTICO,
1892 795 1922 823 S.

1213 828 1387 903 ASiAM
1405 832 1522 872 Qinto
1540 851 1549 864 ‚
1573 832 1742 864 suaviffimo
1761 834 1860 869 fratri,
1884 838 2021 880 obtigiffe
2043 839 2161 871 audisti:

1207 913 1211 918 ⁵
1244 914 1248 918 ι
1300 881 1364 901 non
1374 874 1458 902 enim
1467 873 1584 905 dubito,
1595 877 1667 914 quin
1679 876 1804 906 celerius
1815 878 1869 907 tibi
1885 880 1941 910 hoc
1951 892 2057 915 rumor,
2069 883 2161 923 quam

1203 912 1288 943 illius
1306 912 1443 944 nostrum
1461 914 1552 945 literae
1573 918 1751 948 nunti-arim.
1771 929 1852 950 nunc
1869 925 2012 961 quoniam
2026 924 2057 954 &
2070 923 2165 954 laudi&

1204 962 1367 994 avidiffimi
1380 965 1496 1005 semper
1506 964 1620 996 fuimus
1633 987 1641 1000 ‚
1654 967 1686 998 ὃς
1696 977 1799 1009 praeter
1808 979 1922 1001 ceteros
1934 966 2118 1009 φιλέλληνες
2128 974 2162 1004 Ec

1203 1007 1305 1036 sumus
1316 1026 1324 1040 ‚
1337 1006 1369 1036 &
1380 1007 1525 1037 habemur
1537 1028 1546 1041 ‚
1562 1009 1593 1039 &
1605 1010 1771 1041 multorum
1781 1012 1849 1041 odia
1858 1033 1866 1046 ‚
1887 1021 1973 1053 atque
1985 1014 2160 1045 inimicitiae

1200 1056 1344 1097 Reipubl.
1361 1057 1445 1088 causa
1457 1058 1657 1099 suscepimus3
1675 1056 1827 1090 πωπὶης
1838 1055 1950 1096 αἱρετῆς
1960 1057 2164 1098 μιμνήσκεο,

1204 1102 1231 1126 ¹3
1244 1108 1370 1140 curaque
1382 1097 1465 1129 effice
1476 1119 1484 1133 ‚
1508 1110 1540 1130 ut
1550 1101 1586 1131 ab
1597 1101 1742 1131 omnibus
1756 1101 1957 1133 &laudemur
1969 1103 2002 1133 &
2012 1113 2160 1134 amemur.

1203 1142 1260 1170 His
1281 1139 1318 1170 de
1328 1141 1416 1170 rebus
1425 1141 1510 1181 plura
1518 1143 1554 1172 ad
1567 1151 1593 1173 te
1605 1145 1636 1173 in
1649 1154 1680 1173 ea
1704 1143 1828 1183 epistola
1842 1144 1968 1175 scribam
1980 1165 1988 1178 ‚
2008 1155 2098 1185 quam
2110 1146 2162 1186 ipsi

1204 1185 1322 1221 Quinto
1338 1182 1425 1212 dabo.
1449 1186 1500 1213 Tu
1511 1194 1560 1226 mne
1570 1204 1578 1218 ,
1599 1186 1693 1215 velim
1706 1204 1714 1218 ‚
1742 1186 1901 1216 certiorem
1911 1186 2000 1216 facias
2014 1206 2022 1220 ‚
2041 1188 2114 1227 quid
2125 1188 2161 1218 de

1204 1226 1281 1254 meis
1299 1224 1447 1254 mandatis
1468 1227 1576 1267 egeris,
1597 1236 1684 1268 atque
1705 1229 1794 1256 etiarn
1809 1248 1817 1261 ‚
1834 1228 1953 1268 quidde
1964 1238 2017 1258 tuo
2028 1231 2160 1269 negotio.

1204 1276 1273 1296 nam
1289 1275 1322 1296 ut
1332 1265 1488 1296 Brundisio
1497 1267 1648 1307 profestus
1658 1279 1688 1298 es
1699 1289 1707 1302 ,
1723 1269 1813 1299 nullae
1827 1271 1904 1299 mihi
1919 1269 1969 1300 abs
1982 1280 2009 1299 te
2021 1270 2162 1301 suntred—

1203 1308 1382 1338 ditaeliterae.
1405 1312 1435 1335 ¹4
1448 1309 1639 1341 valdehaveo
1654 1311 1725 1341 scire
1735 1312 1806 1351 quid
1818 1321 1891 1353 agas.
1911 1312 1988 1342 Idib.
2000 1314 2074 1342 Mar.

1432 1360 1624 1390 CICERO
1647 1362 1875 1394 ATTICO,
1894 1362 1922 1391 S.

1298 1406 1420 1433 UAERIS
1430 1413 1469 1434 ex
1483 1415 1533 1435 me
1543 1426 1552 1439 ‚
1569 1405 1642 1446 quid
1651 1405 1793 1436 acciderit
1803 1405 1963 1446 dejudicio
1973 1426 1982 1440 ,
2005 1406 2087 1447 quod
2098 1416 2158 1436 tam

1297 1454 1401 1484 praeter
1417 1448 1598 1486 opinionem
1618 1449 1762 1477 omnium
1783 1446 1900 1478 saelum
1910 1447 1944 1478 fit
1956 1459 1961 1476 z
1974 1448 2006 1477 &
2017 1446 2159 1478 fimulvis

1202 1487 1350 1527 scire,quo
1359 1486 1454 1537 modo
1467 1499 1522 1529 ego
1533 1488 1638 1519 minus
1648 1498 1738 1530 quam
1748 1489 2027 1529 soleam‚proeliatus
2038 1488 2092 1519 sim
2100 1500 2105 1518 1
2113 1500 2161 1519 re-

1202 1537 1355 1577 spondebo
1365 1538 1421 1568 tibi
1432 1527 1542 1576 ²3st69'
1556 1532 1718 1577 πξᾴπξῳ
1728 1555 1737 1569 ς
1756 1530 1962 1572 σμηθικάῖς.
1984 1542 2049 1580 Ego
2058 1541 2158 1572 enim„

1202 1579 1292 1619 quam
1309 1579 1360 1609 diu
1370 1582 1492 1610 Senatus
1499 1577 1657 1608 autumas
1665 1579 1742 1608 mihi
1750 1577 1942 1609 defendenda
1950 1578 2021 1613 fuit,
2033 1578 2071 1610 fic
2082 1583 2158 1611 acri·

1201 1629 1263 1654 ter,
1288 1620 1321 1650 δε
1348 1621 1545 1651 vehementer
1564 1621 1718 1660 ptoeliatus
1737 1621 1826 1652 sum,
1855 1630 1888 1651 ut
1908 1621 2024 1651 clamor
2046 1642 2056 1654 ,
2085 1632 2161 1652 coti-

1203 1663 1362 1703 cursusque
1382 1664 1517 1692 maxima
1534 1672 1606 1693 cum
1623 1672 1691 1692 mea
1708 1661 1795 1700 laude
1814 1661 1928 1692 fierent.
1962 1663 2045 1704 quod
2065 1662 2086 1693 fi
2104 1664 2161 1694 tibi

1203 1714 1348 1745 umquam
1368 1704 1434 1734 sum
1444 1704 1525 1734 visus
1535 1705 1568 1734 in
1578 1704 1707 1744 Republ.
1728 1703 1815 1734 fortis
1825 1704 1904 1734 certe
1913 1714 1962 1734 me
1974 1707 2007 1735 in
2016 1705 2067 1735 illa
2076 1705 2161 1736 causa

1203 1746 1364 1776 admiratus
1386 1744 1471 1776 effes.
1489 1745 1562 1776 cum
1581 1748 1666 1775 enim
1686 1745 1739 1776 ille
1748 1745 1784 1776 ad
1794 1748 1958 1776 conciones
1970 1746 2160 1789 confugiffet;

1202 1788 1237 1818 in
1252 1788 1348 1829 iisque
1359 1798 1430 1818 meo
1440 1789 1569 1818 nomine
1578 1787 1614 1817 ad
1625 1787 1771 1817 invidiam
1786 1796 1917 1818 uteretur
1928 1788 1989 1821 „dii
1999 1790 2160 1819 immorta-

1203 1830 1246 1858 les
1254 1839 1325 1870 quas
1339 1839 1395 1869 ego
1404 1829 1566 1869 pugnas‚&
1576 1837 1698 1869 quantas
1711 1828 1816 1870 strages
1826 1829 1908 1858 edidi
1918 1831 1929 1858 ?
1938 1839 2014 1870 quos
2025 1828 2159 1870 impetus

1203 1872 1235 1900 in
1245 1871 1434 1904 Pisonem,in
1446 1872 1622 1904 Curionem,
1634 1871 1666 1899 in
1676 1879 1768 1900 totam
1778 1870 1862 1900 illam
1873 1880 1999 1901 manum
2007 1870 2067 1902 feci
2078 1875 2159 1912 ?qu0

1201 1912 1298 1942 modo
1310 1912 1376 1942 sum
1386 1911 1544 1942 insectatus
1556 1912 1709 1941 levitatem
1724 1911 1829 1941 senum
1841 1932 1851 1945 ,
1875 1912 2159 1952 libidinemjuven-

1202 1955 1294 1983 tutis?
1314 1953 1406 1993 saepe,
1428 1955 1468 1983 ita
1484 1963 1534 1983 me
1553 1952 1596 1983 dii
1614 1953 1741 1992 juvent,
1763 1962 1790 1983 te
1809 1963 1874 1983 non
1889 1953 1990 1984 solum
2000 1954 2156 1986 ειιιᾶοτεῑῐι

1202 1993 1402 2025 consiliorum
1425 2005 1564 2024 meorum
1580 2014 1589 2027 ,
1608 1994 1715 2024 verum
1735 1996 1824 2025 etiam
1836 1994 2030 2035 spectatorem
2041 2006 2157 2038 pugna—

1201 2047 1269 2067 rum
1291 2035 1492 2067 mirificarum
1512 2035 1683 2066 desideravi.
1702 2035 1803 2077 postea
1820 2036 1895 2067 vero
1918 2047 2009 2078 quam
2020 2040 2155 2068 Horten-

1200 2077 1258 2108 sius
1279 2080 1462 2119 excogitavit
1473 2098 1482 2112 ,
1501 2087 1535 2108 ut
1551 2077 1648 2117 legem
1668 2077 1704 2107 de
1723 2079 1869 2120 religione
1881 2078 1983 2109 Furius
1996 2080 2154 2110 Tribunus

1198 2120 1276 2160 pleb.
1300 2120 1407 2155 ferret3
1428 2121 1461 2150 in
1480 2129 1539 2160 qua
1557 2119 1725 2149 nihilaliud
1738 2120 1917 2150 aConsulari
1928 2122 2083 2163 rogatione
2093 2121 2156 2151 dif-

1198 2161 1312 2192 ferebat
1325 2182 1334 2196 ,
1359 2160 1414 2192 nisi
1427 2161 1559 2200 judicum
1571 2170 1679 2202 geter,
1704 2161 1759 2199 (in
1771 2171 1807 2191 eo
1825 2171 1925 2192 autem
1935 2172 2019 2193 erant
2036 2164 2155 2204 omnia)

1199 2206 1410 2244 pugnavitque,
1423 2213 1454 2233 ut
1464 2205 1503 2233 ita
1514 2202 1595 2233 sieret
1608 2215 1615 2236 ⁴,
1631 2202 1712 2243 quod
1726 2204 1757 2233 δε
1768 2202 1834 2237 sibi,
1848 2204 1880 2233 δε
1890 2204 1957 2234 aliis
1965 2205 2150 2244 persuaserat,

1198 2246 1292 2275 nullis
1308 2246 1399 2275 illum
1416 2243 1706 2285 judicibuseffiigere
1717 2244 1815 2285 posse:
1842 2247 1978 2277 contraxi
1988 2247 2069 2280 vela,
2087 2257 2155 2287 pei·-

1199 2287 1326 2327 spiciens
1352 2289 1488 2327 inopiam
1511 2286 1650 2326 judicum
1670 2298 1679 2319 2
1710 2297 1807 2327 neque
1835 2287 1901 2317 dixi
1919 2290 2078 2328 quicquam
2098 2298 2153 2328 pro

1197 2327 1374 2360 testimonio
1384 2348 1394 2364 ‚
1418 2327 1474 2360 nisi
1486 2328 1568 2369 quod
1577 2337 1636 2358 erat
1646 2329 1688 2358 ita
1698 2338 1808 2372 notum
1821 2349 1828 2362 .
1848 2339 1934 2370 atque
1944 2330 2078 2360 testatum
2088 2349 2096 2364 ‚
2119 2338 2153 2361 ut

2084 2382 2151 2403 non.

1230 2453 1258 2479 7.
1277 2444 1367 2478 lstim]
1389 2444 1478 2480 Vulgo
1488 2447 1558 2470 Hine.

1197 2485 1199 2487 ’
1230 2488 1257 2514 8.
1277 2490 1411 2514 Comitium
1421 2488 1525 2522 Pifimi]
1547 2487 1640 2514 Codex
1653 2486 1771 2513 Totins.
1785 2486 1863 2512 habet
1882 2487 2039 2512 eommulcium
2051 2504 2059 2517 ,
2069 2494 2148 2522 quam

1195 2523 1335 2551 leffionem
1346 2525 1454 2559 probam
1466 2523 1515 2550 effe
1527 2535 1532 2551 :
1557 2524 1583 2549 ὃῖ
1593 2523 1734 2558 genuinam
1745 2522 1946 2557 asseritJunius.

1227 2577 1257 2604 9.
1276 2571 1332 2602 Fuf.
1342 2570 1431 2594 tribun.
1443 2575 1493 2592 tum
1506 2568 1630 2600 conceffit.]
1653 2566 1695 2591 Sic
1707 2565 1796 2591 Bosius
1814 2575 1847 2591 ex
1860 2564 1978 2592 Tornoes.
1989 2565 2148 2597 Huraldno,

1192 2604 1219 2629 &
1232 2604 1348 2631 Crusell.
1359 2603 1429 2639 quod
1440 2602 1551 2639 probant
1563 2601 1699 2628 Manutius
1709 2601 1852 2635 &Juiiius.
1874 2601 1954 2636 vulgo
1967 2620 1976 2633 ‚
1988 2604 2084 2627 tertium
2094 2611 2150 2627 ton-

1192 2641 1250 2673 cefflt
1262 2659 1270 2672 ,
1291 2639 1360 2676 quod
1371 2639 1469 2665 Bess'ar.
1480 2640 1506 2664 8<
1520 2638 1628 2663 Cavalc.
1640 2637 1721 2663 libros
1739 2636 1834 2662 habere
1845 2637 1952 2664 testauir
1964 2638 2068 2663 Manut.
2080 2645 2109 2664 ut
2119 2638 2148 2663 ὃς

1192 2675 1291 2710 legitur
1310 2677 1336 2702 iii
1347 2675 1496 2710 antiquiore
1515 2673 1680 2699 tisim-iano.
1703 2671 1831 2699 octavius
1851 2672 2029 2708 Pantagathus
2050 2674 2077 2699 &
2088 2674 2149 2700 An-

1191 2718 1248 2737 ton.
1259 2711 1372 2746 August.
1385 2709 1569 2739 emendarunt,
1580 2711 1661 2742 Frqsim
1671 2710 1728 2734 trib.
1738 2709 1810 2741 plebis
1819 2711 1957 2743 interceffi15
1977 2718 2036 2744 quae
2054 2718 2148 2735 emen-

1191 2746 1264 2773 datio
1274 2757 1326 2773 non
1342 2746 1421 2782 usque
1431 2746 1587 2780 adeoJunio
1598 2745 1693 2780 placet.
1714 2744 1875 2771 Gulielmius
1886 2752 1995 2772 annotat
2007 2763 2015 2777 ,
2026 2744 2097 2773 forte
2107 2744 2148 2772 le-

1189 2782 1305 2819 gendum
1318 2792 1326 2813 3
1347 2785 1429 2817 szim
1439 2789 1471 2807 tr,
1484 2790 1536 2806 rum
1546 2782 1603 2814 Coff.
1615 2783 1684 2814 ctfft.

1228 2837 1269 2855 io.
1291 2830 1421 2853 Contionem
1431 2826 1505 2860 qum]
1527 2825 1606 2859 Vulg.
1619 2827 1751 2851 concionem
1759 2826 1785 2849 in
1794 2834 1853 2859 qua.

1228 2878 1236 2895 i
1247 2879 1267 2896 i.
1280 2872 1349 2894 Nunc
1357 2875 1384 2893 ut
1394 2868 1536 2899 adprivata
1545 2866 1648 2897 redeam,
1669 2874 1685 2893 ‘r
1692 2860 1830 2904 &new-1·
1843 2866 1923 2902 Vulg.
1933 2875 1997 2894 nunc
2006 2866 2146 2899 adprivm

1186 2911 1291 2945 redeam,
1311 2909 1441 2949 afflari&
1448 2931 1454 2938 .

1227 2970 1268 2987 iz.
1289 2962 1461 2987 Videliominem
1470 2960 1543 2986 valde
1558 2962 1692 2992 pniturirc.
1710 2960 1845 2995 ‘waabosl
1870 2950 1912 2987 F'st
1923 2959 2041 2987 Turnebi
2052 2968 2144 2987 eiren-

1186 2996 1260 3023 datio
1270 2998 1339 3023 libro
1353 3006 1393 3022 ix.
1405 2996 1476 3022 Λᾶν.
1487 3005 1544 3031 cap.
1556 3004 1581 3031 3.
1602 3005 1681 3031 quam
1694 2995 1836 3032 sequuntur
1848 2996 1937 3022 Rosius
1956 2997 1983 3022 &
1995 2995 2141 3021 Lambinus

1186 3042 1233 3059 nec
1253 3033 1331 3068 longe
1350 3033 1383 3058 ab
1401 3032 1448 3058 liae
1469 3031 1568 3058 recedit
1584 3032 1778 3059 Tornoetianus.
1798 3032 1879 3068 vulgo
1893 3052 1901 3065 ‚
1921 3032 2001 3059 Videre
2019 3034 2141 3062 hominem.

1185 3069 1258 3094 valde
1264 3072 1363 3101 petitur.
1376 3069 1507 3101 rena-mbo,
1522 3069 1574 3098 (ly-c,
1818 3096 1824 3102 ‚

1226 3119 1267 3147 13.
1288 3103 1398 3146 Curaqiac
1407 3111 1489 3146 effice]
1510 3111 1591 3146 Vulg.
1602 3114 1713 3146 Curaque
1722 3111 1751 3142 <27-
1759 3112 1826 3146 effice.

1227 3164 1269 3189 ¹4·
1290 3157 1360 3184 Valde
1370 3158 1442 3183 haveo
1453 3155 1553 3192 scira]
1573 3155 1644 3185 eod.
1664 3155 1784 3184 Tornaes.
1803 3157 1875 3183 valde
1892 3156 1962 3183 habco
1976 3154 2045 3190 stite.
2064 3153 2140 3187 vulg.

1188 3195 1275 3221 caveo.

1603 3226 1715 3256 rffff
2064 3226 2144 3251 idit-

2184 810 2222 840 ¹5
