2297 3389
26 143 121 224 ,Ὺ

78 1187 117 1221 31

616 127 942 172 Onna-10
999 140 1138 174 pito
1194 129 1248 177 L.
1299 130 1680 182 Miramur:

1159 221 1200 252 po
1211 232 1221 246 ,
1235 212 1273 243 de
1283 215 1316 245 C.
1329 214 1418 246 Gallo
1428 215 1526 247 dicere
1536 216 1600 248 haec
1607 216 1715 249 eadem
1728 225 1735 247 ς
1757 216 1806 250 fied
1817 225 1846 249 te
1855 215 1986 252 domum
1996 221 2060 262 jam
2071 222 2126 255 de—

147 213 259 258 gratia.
269 213 422 256 Supplices
432 208 525 252 aliqui
534 209 676 243 veniunt,
689 208 803 243 miseri,
817 207 851 240 δε
858 207 1021 239 calamitosi
1031 211 1042 238 ?
1053 210 1116 241 sce-

152 260 262 288 lemtus
271 277 280 291 ‚
300 258 333 287 δε
346 254 477 286 nefarius
488 252 583 282 fueris
594 271 603 285 ‚
620 250 641 281 fi
651 250 818 292 quidquam
829 270 838 285 ,
858 250 1048 290 mifiricordia
1064 251 1117 282 ad-

152 299 263 330 duaus
271 318 281 332 ‚
295 297 409 329 feceris.
433 297 551 325 Fatetur
560 293 669 334 aliquis
678 293 708 323 se
718 291 849 334 peccass'e
859 313 869 326 ‚
890 293 924 323 &
934 293 999 332 ejus
1009 291 1113 323 deliffi

152 343 275 372 veniam
285 340 380 381 petit?
399 335 549 367 nefarium
560 334 603 365 est
613 335 728 366 facinus
740 354 748 369 ‚
769 335 912 376 ignosbere.
935 336 976 364 At
985 333 1052 364 leve
1063 334 1116 364 de-

151 382 261 413 lictum
280 379 330 411 est.
353 380 460 409 omnia
475 385 594 418 peccata
613 377 632 408 s
629 385 683 407 unt
700 379 792 417 paria.
815 375 932 408 Dixisti
943 376 1111 418 quippiam.

153 423 268 457 fixum,
287 420 470 453 &statutum
480 419 532 450 est.
555 421 631 450 Non
650 429 681 450 re
698 418 805 449 duetus
824 428 854 449 es
866 439 876 452 ,
892 417 942 449 sed
953 419 1112 458 opinione.

150 467 265 506 sapiens
275 464 354 494 nihil
365 464 513 503 opinatur.
538 460 646 492 Errasti
665 461 765 502 aliqua
778 464 812 491 in
828 471 868 491 re.
892 459 972 491 male
986 459 1114 500 dicipu-

150 515 200 538 tat.
224 508 289 537 Hac
305 515 344 536 ex
359 504 518 545 disciplina
532 504 585 534 illa
597 502 688 534 nobis
708 504 785 534 sunt.
809 503 887 533 Dixi
901 503 934 532 in
948 501 1051 532 senatu
1064 511 1114 532 me

148 557 266 579 nomen
291 547 456 578 consularis
481 544 631 577 candidati
655 544 838 576 delaturum.
874 547 968 574 Iratus
996 542 1113 574 dixisti.

149 599 318 630 numquam
330 610 339 623 ,
354 590 474 629 inquit,
495 588 610 628 sapiens
628 588 771 617 irascitur.
795 590 836 617 At
852 586 998 626 temporis
1015 586 1110 616 causa.

147 631 303 671 Improbi,
318 633 435 672 inquit,
457 631 592 660 hominis
604 628 666 663 est,
686 628 848 659 mendacio
856 627 977 657 fallere:
997 635 1113 657 mutare

149 673 327 703 sententiam
341 693 350 707 ,
372 682 455 713 turpe
475 672 517 702 est
531 683 536 702 :
559 673 674 702 exorari
685 691 694 704 ‚
716 671 809 701 scelus
823 679 828 699 z
850 669 984 699 misereri
996 688 1005 702 ‚
1025 666 1112 709 flagi-

145 716 239 745 tium.
271 715 377 746 Nostri
393 723 495 745 autem
515 714 563 744 illi
582 713 711 752 (fatebor
731 713 814 742 enim
826 730 836 744 ,
858 713 930 741 Cato
942 730 952 742 ‚
971 719 1022 755 me
1031 719 1111 751 quo-

145 766 205 797 que
215 759 249 787 in
257 757 456 788 adolescentia
466 777 473 791 ‚
490 755 625 786 diffisum
637 755 761 795 ingenio
772 762 842 782 meo
854 772 863 786 ,
882 750 1015 792 quaefisse
1025 751 1110 790 adju-

145 806 244 828 menta
251 798 389 840 dostrinae)
401 798 515 832 nostri,
534 799 658 838 inquam
670 815 678 828 ‚
690 794 761 825 illia
779 794 904 826 Platone
915 814 924 827 ,
946 793 980 823 &
990 793 1109 824 Aristo-

145 841 204 871 tele
218 860 226 875 ‚
254 841 400 872 moderati
417 841 578 871 homines,
603 837 636 868 ὃς
652 838 833 877 temperati,
854 836 939 872 aiunt
957 855 966 869 ‚
991 838 1017 866 A
1029 845 1046 865 Ρ
1057 846 1108 866 vn

145 891 159 912 s
169 892 191 912 A
200 893 217 912 Ρ
229 893 240 912 1
251 893 272 913 ε
280 893 302 913 N
310 894 330 914 T
339 893 359 912 E
370 892 396 912 M
417 882 514 912 valere
531 879 694 921 aliquando
710 879 836 920 gratiam
848 887 854 907 :
878 879 936 908 viri
955 877 1030 908 boni
1050 876 1107 908 effe

145 925 281 955 misereri
293 935 298 954 :
316 922 455 955 distinaa
463 932 571 963 genera
580 919 637 951 esse
647 920 828 951 defletorum
838 939 847 954 ,
860 920 894 950 <Sc
903 919 1031 959 dispares
1039 929 1106 959 poe-

145 975 198 996 nas
214 977 220 995 :
247 965 305 996 effe
314 965 390 1006 apud
401 966 563 995 hominem
580 962 771 994 constantem
790 962 965 1003 ignoscendi
983 961 1104 991 locum:

143 1009 243 1048 ipsum
253 1008 417 1048 sapientem
428 1007 503 1047 saepe
514 1005 755 1048 aliquid'opinari
765 1024 775 1038 ,
787 1003 869 1044 quod
879 1003 988 1033 nesciat
1001 1013 1005 1031 z
1019 1004 1104 1034 irasci

142 1059 395 1091 nonnumquam:
409 1049 527 1079 exorari
536 1047 686 1081 eundem,
702 1046 735 1076 &
744 1047 850 1086 placari
862 1056 868 1074 z
885 1044 969 1086 quod
978 1045 1101 1080 dixerit,

140 1090 296 1122 interdum
307 1111 315 1125 ,
336 1089 357 1120 fi
365 1092 407 1121 ita
415 1088 526 1120 restius
535 1087 570 1120 fit
581 1109 590 1124 ,
608 1098 722 1119 mutare
734 1099 739 1117 :
757 1087 794 1118 de
805 1088 951 1118 sententia
960 1086 1102 1118 decedere

139 1132 320 1174 aliquando:
335 1133 455 1162 omneis
467 1133 593 1162 virtutes
607 1131 813 1162 mediocritate
825 1129 954 1171 quadam
964 1127 1021 1159 esse
1033 1139 1103 1160 mo-

142 1174 268 1206 deratas.
291 1177 358 1205 Hos
365 1173 401 1205 ad
413 1172 568 1216 magistros
579 1171 658 1214 siqua
668 1181 696 1203 te
705 1171 827 1202 fortuna
837 1192 846 1205 ‚
858 1174 931 1202 Cato
942 1190 951 1206 ‚
965 1181 1037 1202 cum
1048 1171 1101 1202 ista

141 1223 245 1248 natura
253 1215 405 1248 detulisset
417 1227 422 1245 :
443 1226 507 1246 non
518 1224 550 1246 tu
560 1215 684 1256 quidem
693 1216 741 1245 vir
752 1214 862 1245 melior
871 1212 942 1243 effes
953 1233 962 1246 ,
975 1223 1030 1243 nec
1039 1213 1101 1244 for-

140 1261 201 1291 tior
209 1279 219 1293 ,
236 1268 292 1290 nec
302 1259 517 1299 temperantior
528 1277 538 1291 ‚
555 1267 612 1288 nec
617 1257 629 1297 j
634 1256 728 1288 ustior
738 1276 747 1290 ‚
763 1255 873 1297 (neque
883 1257 967 1286 enim
979 1254 1036 1286 ess'e
1046 1265 1102 1296 po·-

140 1301 197 1341 tes)
212 1301 260 1331 sed
272 1301 372 1341 paullo
384 1300 422 1330 ad
433 1299 580 1330 lenitatem
590 1297 752 1341 propensior.
775 1308 841 1328 non
850 1298 998 1328 accusares
1006 1298 1100 1328 nullis

137 1342 286 1374 addustus
305 1343 492 1376 inimicitiis,
512 1342 596 1372 nulla
612 1339 759 1371 lacessitus
775 1340 886 1379 injuria
897 1360 906 1372 ,
922 1337 1101 1379 pudentiffi-

139 1394 228 1415 mum
245 1385 407 1415 hominem
419 1402 428 1417 ‚
446 1383 564 1413 summa
576 1382 720 1424 dignitate
731 1401 740 1416 ‚
759 1390 847 1422 atque
861 1380 1015 1411 honestate
1023 1391 1099 1422 prae-

138 1427 240 1457 ditum
253 1437 259 1455 :
271 1435 405 1466 putares,
423 1423 498 1455 cum
515 1426 548 1455 in
565 1423 700 1464 ejusdem
713 1425 785 1455 anni
798 1422 932 1454 custodia
943 1431 971 1453 te
982 1443 990 1457 ‚
1009 1432 1098 1465 atque

137 1470 177 1500 L.
188 1470 356 1498 Muraenam
362 1466 485 1498 fortuna
493 1464 637 1508 posuisset
645 1486 653 1500 ‚
665 1467 766 1507 aliquo
777 1475 823 1500 te,
833 1475 906 1496 cum
917 1466 974 1496 hoc
984 1485 993 1499 ‚
1003 1465 1097 1508 reipu-

136 1509 212 1540 blica
218 1509 335 1540 vinculo
349 1507 408 1540 effe
420 1509 490 1550 conj
495 1507 623 1539 un6mm
636 1518 641 1537 :
660 1508 742 1550 quod
751 1509 887 1539 atrociter
897 1509 930 1537 in
939 1508 1039 1538 senatu
1049 1507 1097 1538 di-

136 1551 208 1583 xisti
219 1571 228 1586 ,
240 1560 291 1582 aut
300 1561 365 1582 non
374 1549 497 1582 dixisses
507 1571 518 1584 ‚
540 1554 550 1570 ¹
561 1559 611 1581 aut
621 1548 796 1591 seposuisses
806 1570 814 1584 ,
828 1558 879 1580 aut
890 1551 1048 1580 mitiorem
1062 1552 1097 1580 in

134 1602 250 1636 partem
263 1595 485 1634 intepretarere.
508 1595 552 1623 Ac
562 1600 590 1623 te
600 1593 699 1633 ipsum
712 1592 869 1634 (quantum
879 1601 936 1633 ego
949 1593 1098 1632 opinione

135 1636 274 1678 auguror)
284 1646 366 1666 nunc
377 1636 410 1666 &
419 1637 516 1666 animi
524 1634 658 1676 quodam
669 1636 786 1675 impetu
795 1635 980 1664 concitatum
990 1654 998 1668 ‚
1022 1634 1056 1664 δι’
1064 1635 1096 1664 vi

135 1688 247 1710 naturae
256 1699 265 1713 ,
280 1687 367 1719 atque
382 1679 498 1719 ingenii
510 1678 621 1707 elatum
632 1697 641 1711 ‚
658 1677 692 1707 &
702 1676 869 1707 recentibus
878 1684 1096 1716 praeceptorutn

136 1720 244 1752 studiis
253 1719 425 1762 flagrantem
435 1720 498 1759 jam
508 1739 516 1753 ‚
528 1718 594 1758 usus
597 1717 709 1756 flesset,
719 1718 776 1748 dies
786 1719 869 1747 leniet
878 1738 887 1751 ,
898 1725 962 1748 atas
972 1718 1096 1759 mitiga-

135 1761 192 1792 bit.
215 1765 339 1793 Etenim
353 1761 401 1792 isti
414 1760 467 1802 ipfi
480 1762 559 1791 mihi
571 1761 711 1791 videntur
723 1759 812 1791 vestri
826 1769 1022 1809 praeceptores
1032 1780 1041 1793 ‚
1062 1760 1095 1790 &s

132 1805 255 1835 virtutis
268 1803 419 1846 magistri,
439 1802 527 1833 fineis
538 1801 714 1833 officiorum
722 1803 825 1843 paullo
838 1802 959 1844 longius
973 1823 981 1836 ,
1001 1802 1094 1843 quam

134 1855 240 1878 natura
247 1846 338 1877 vellet
346 1865 355 1880 ‚
365 1844 535 1887 protulisset
555 1854 587 1875 ur
598 1864 607 1879 ,
619 1844 692 1876 cum
701 1845 737 1875 ad
747 1845 894 1875 ultimum
904 1846 1009 1874 animo
1018 1854 1094 1875 con-

134 1886 333 1920 tendiffemus
343 1908 352 1922 ‚
363 1889 407 1918 ibi
415 1897 517 1918 tamen
526 1907 535 1921 ,
545 1890 560 1906 ²
570 1887 622 1917 ubi
630 1895 750 1927 oportet
757 1907 766 1921 ,
775 1885 1016 1917 consisteremus.
1034 1888 1094 1917 Ni-

133 1931 179 1962 hil
194 1931 356 1972 ignoveris.
379 1927 483 1960 Immo
495 1928 609 1969 aliquid
621 1949 630 1963 ,
645 1939 710 1959 non
727 1930 844 1959 omnia.
869 1932 883 1956 3
895 1929 984 1958 Nihil
996 1930 1095 1970 gratiae

133 1973 220 2004 causa
228 1972 345 2002 feceris.
368 1970 474 2001 Immo
483 1968 608 2000 resistito
614 1972 716 2011 gratiae
725 1990 733 2004 ‚
747 1969 820 2000 cum
833 1968 971 2000 officium
982 1989 991 2003 ‚
1011 1970 1045 2000 &
1055 1969 1094 2000 fi-

132 2014 185 2045 des
195 2013 367 2054 postulabit.
388 2016 407 2039 4
415 2011 619 2042 Misericordia
625 2021 802 2042 commotus
814 2021 851 2041 ne
861 2010 910 2041 fis.
931 2013 1048 2045 Etiam3
1059 2013 1092 2041 in

132 2055 322 2086 dissolvenda
331 2055 484 2084 severitate
496 2064 503 2083 z
518 2053 567 2083 sed
577 2062 679 2084 tamen
689 2053 731 2084 est
741 2054 803 2084 laus
814 2053 913 2095 aliqua
922 2054 1093 2083 humanita-

131 2099 181 2128 tis.
204 2100 240 2127 In
257 2097 403 2127 sententia
417 2103 601 2136 permaneto.
625 2098 640 2123 5
649 2094 751 2130 Vero3
772 2093 830 2125 nisi
844 2095 1022 2125 sententiam
1035 2095 1092 2126 alia

129 2141 238 2170 vicerit
254 2139 373 2169 melior.
397 2136 618 2177 Hujuscemodi
631 2139 733 2178 Scipio
745 2137 798 2167 ille
816 2136 875 2167 fuit
884 2157 893 2172 ,
935 2147 1007 2167 uem
1025 2147 1090 2167 non

128 2181 297 2222 poenitebat
306 2179 400 2210 facere
409 2179 492 2210 idem
503 2199 512 2213 ,
524 2179 606 2220 quod
617 2187 662 2213 tu,
672 2179 781 2210 habere
790 2179 900 2210 eruditi
937 2189 1024 2210 mum
1032 2180 1089 2210 ho—

130 2220 282 2257 minem,6
290 2222 322 2252 &
332 2221 422 2262 poene
431 2221 522 2250 domi:
529 2222 576 2260 cuj
580 2230 615 2250 us
623 2221 809 2255 oratione‚&
816 2223 1089 2262 praeceptis,quam,

128 2274 217 2306 quam
232 2272 315 2295 erant
327 2263 432 2293 eadem
446 2262 518 2297 ista,
534 2272 601 2304 quae
614 2271 642 2293 te
653 2262 803 2293 delectant
815 2283 824 2296 ‚
844 2271 946 2293 tamen
959 2264 1087 2303 asperior

126 2316 193 2338 non
205 2305 248 2336 est
259 2305 356 2336 sanstus
366 2325 374 2339 ‚
392 2304 442 2336 sed
455 2304 501 2344 (ut
512 2305 610 2345 accepi
624 2303 640 2335 a
653 2304 787 2346 senibus)
801 2303 983 2335 lenissimus.
1007 2306 1084 2344 Quis

124 2347 197 2379 vero
209 2351 242 2379 C.
251 2348 349 2378 Laelio
363 2349 503 2377 comior?
516 2348 584 2388 quis
593 2346 775 2386 jucundior,
796 2346 907 2377 eodem
924 2356 964 2377 ex
982 2346 1084 2378 studio

123 2389 181 2422 isto
192 2394 204 2420 3
219 2395 232 2419 7
240 2392 307 2432 quis
316 2389 372 2420 illo
380 2390 518 2430 gravior?
537 2388 718 2429 sapientior?
737 2387 860 2420 Possum
871 2388 908 2420 de
921 2390 948 2419 L
966 2389 1083 2430 Philip-

159 2536 169 2553 1
177 2547 183 2554 .
202 2526 412 2560 wetftpffuff’5,
422 2532 465 2552 aut
475 2524 614 2558 mitiorem]
637 2524 782 2551 Lambinus
794 2544 803 2556 ,
817 2525 1000 2560 amfipmuffis
1012 2545 1020 2558 ,
1031 2528 1078 2551 mi-

116 2565 208 2595 tiorem,
222 2562 293 2598 quod
303 2569 391 2589 tamen
401 2571 453 2589 non
464 2562 501 2589 est
511 2562 527 2588 ἐι
538 2561 613 2588 libris
623 2560 666 2587 secl
675 2560 830 2596 conjed'tura
840 2562 988 2588 Hotomani
1001 2562 1020 2588 l.
1034 2571 1044 2588 1
1053 2570 1076 2588 x.

116 2599 249 2626 observat.
268 2607 326 2634 cap.
339 2607 382 2624 12.
409 2606 468 2634 quae
484 2597 625 2624 neceffiria
642 2597 700 2624 heic
717 2607 770 2624 nou
789 2604 857 2624 erat.
885 2606 946 2623 nam
958 2598 1077 2631 Jkpomm-

115 2642 159 2660 rur
170 2655 178 2668 ,
197 2644 255 2671 quae
265 2634 381 2670 tegimus
392 2634 420 2660 &
428 2634 586 2662 oemlimus.
606 2633 727 2661 videatur
746 2632 794 2660 lib.
808 2642 831 2660 1.
848 2632 882 2659 de
892 2634 1021 2666 Oratore,
1031 2643 1076 2661 ca-

136 2679 173 2698 ite
226 2691 230 2696 .

115 2680 135 2721 *P
154 2680 197 2734 ιζ
203 2681 246 2734 [5Jbi
262 2713 347 2740 oportet
364 2705 557 2742 consistentium]
584 2706 677 2742 Apage
696 2705 757 2732 hinc
775 2705 900 2732 Lambini
920 2705 1073 2742 negativum

115 2751 162 2770 mn
178 2746 362 2778 confisteremm5
382 2750 476 2771 contra
493 2749 610 2770 mentem
627 2742 744 2770 auctoris
756 2762 764 2775 ,
784 2749 877 2769 contra
895 2742 1072 2770 membranas.

117 2789 202 2816 neque
223 2779 324 2816 aliquid
342 2780 414 2807 deest
424 2799 433 2812 ,
452 2786 483 2808 ut
503 2778 585 2807 visum
604 2779 770 2807 Hotomano.
791 2778 942 2806 consulatur
958 2779 1074 2816 Lipsius,

118 2816 328 2843 Manuduffione
338 2815 372 2843 ad
382 2817 482 2843 stoica.

155 2860 183 2887 3.
200 2855 365 2889 thlgratiae
373 2853 446 2887 causa
448 2852 562 2887 flecteris]
583 2851 627 2879 Sic
636 2861 706 2880 nunc
715 2850 824 2888 quidem
832 2851 936 2878 editur.
955 2859 1016 2878 ante
1026 2861 1073 2879 :m-

118 2896 166 2914 nos
176 2897 282 2916 centum
293 2888 432 2925 legebatur
442 2908 450 2921 ,
470 2890 534 2915 nihil
540 2892 627 2922 gratie
642 2890 782 2921 confeceris,-
799 2887 873 2925 quod
885 2889 915 2915 ὃ(
925 2888 954 2916 in
964 2888 1034 2916 Pali.
1044 2890 1072 2916 δε

119 2924 147 2950 S.
159 2924 286 2952 Victoris.
306 2926 377 2952 forte
390 2945 398 2958 ,
408 2925 537 2959 conceffiriae
547 2944 555 2958 ,
566 2925 655 2962 inquit
665 2924 839 2952 Gulielmius.

154 2967 182 2992 4-
201 2962 381 2994 &msericordias
390 2968 512 2988 commuue
519 2970 548 2987 ne
549 2962 595 2997 fis.
616 2964 716 2995 Etiam5
733 2964 760 2987 in
776 2961 921 2995 diffiilvendae
937 2961 1006 2996 ἀι]
1026 2962 1074 2988 In-

118 2996 303 3030 ter-punaione
322 3005 424 3025 mutata
434 3018 444 3030 a
462 2997 528 3024 forti
546 2996 650 3025 ’.ωᾶοή
660 2996 703 3024 sua
714 2996 818 3024 reddita
828 2998 864 3024 est
874 2997 1003 3025 sententia
1015 3007 1024 3028 ;
1044 3005 1075 3025 ut

120 3030 186 3058 velit
197 3042 203 3058 ι
223 3032 261 3060 ita
270 3034 316 3065 est,
325 3033 390 3061 absit
400 3033 580 3061 misericordia
588 3043 618 3061 ea
628 3043 686 3071 quae
694 3033 818 3061 dissolvat
827 3033 1008 3065 severitatem,
1018 3035 1072 3061 &c.

118 3067 265 3095 Lambinus
275 3069 377 3097 admisit
389 3070 738 3098 Hotomani-dirinationem
749 3081 757 3097 ε
777 3080 805 3096 ne
816 3072 862 3105 fis.
887 3071 929 3105 sed
941 3077 1021 3096 tamen
1039 3073 1075 3096 eff

114 3106 189 3129 eriam
199 3106 225 3130 in
234 3105 504 3139 dq‘ffblvendaseweritan
510 3108 568 3133 laus
576 3109 659 3143 aliqua
669 3125 680 3140 ,
694 3108 750 3142 ὰς.
766 3105 795 3133 d.
805 3116 863 3144 cap.
874 3114 920 3143 35.
938 3106 1019 3134 nimis
1038 3106 1073 3133 li-

117 3146 210 3166 center
221 3159 229 3171 ,
248 3141 276 3166 &
287 3140 373 3167 minus
383 3145 456 3168 vere.

154 3183 183 3211 5.
202 3177 275 3211 12³·b2·
293 3177 337 3212 mfi
345 3177 487 3212 sententiam
495 3179 548 3206 alia
555 3180 643 3206 vicerit
652 3178 757 3216 melion]
777 3178 822 3211 H}
831 3179 848 3209 ὰ
856 3178 928 3208 Past-
936 3177 1033 3208 nostris
1044 3178 1072 3206 St

1160 254 1270 285 ducam
1280 264 1375 288 tuam.
1384 260 1617 300 Qemquamne
1625 258 1781 291 existimas
1791 263 1905 292 Catone
1913 282 1922 296 ‚
1930 272 2043 303 proavo
2054 274 2122 301 tuo,

1157 290 1448 335 ⁸.c0mm0diorern‚
1467 302 1639 331 comior-em
1657 321 1667 336 ‚
1694 302 1932 335 moderatiorem
1951 304 2040 336 fuiss'e
2052 327 2060 341 ‚
2084 308 2121 339 ad

1156 346 1284 386 ornnem
1299 342 1447 372 rationem
1459 342 1679 374 humanitatis?
1694 343 1732 374 de
1746 345 1831 392 cujus
1845 345 1994 385 praestanti
2009 350 2122 380 virtute

1153 387 1228 408 cum
1238 380 1307 426 vere
1318 400 1326 414 ‚
1337 384 1522 424 graviterque
1532 384 1645 415 diceres
1656 405 1664 419 ,
1674 385 1851 423 domesticum
1861 397 1888 418 te
1899 388 2004 421 habere
2013 389 2119 422 dixisti

1155 428 1314 460 exemptum
1322 424 1357 453 ad
1369 425 1564 457 imitandum.
1588 426 1640 458 Est
1648 428 1724 459 illud
1735 428 1861 470 quidem
1870 431 2049 471 exemplum
2061 432 2120 464 tibi

1152 460 1339 511 propositum
1352 464 1438 495 dorni
1451 477 1456 495 ι
1476 467 1526 498 sed
1538 476 1639 499 tamen
1649 479 1762 501 naturae
1773 469 1941 503 similitudo
1948 474 2033 504 illius
2040 474 2077 506 ad
2090 483 2119 506 te

1154 513 1248 554 magls
1259 523 1268 537 ‚
1287 514 1340 545 qui
1355 505 1391 550 ab
1407 507 1462 536 illo
1477 517 1560 539 ortus
1574 520 1606 540 es
1616 530 1625 544 ,
1644 521 1736 552 quam
1750 512 1786 543 ad
1798 523 2049 557 unumquemque
2058 526 2119 547 no-

1153 543 1249 575 strum
1259 555 1417 586 pervenire
1428 551 1543 595 potuit:
1558 551 1593 581 ad
1604 553 1788 584 imitandum
1797 554 1870 585 vero
1885 566 1944 587 tam
1956 559 2034 588 mihi
2043 568 2118 599 pro·-

1151 586 1280 627 pofitum
1292 588 1433 630 exemplar
1442 590 1519 620 illud
1529 591 1572 622 est
1582 612 1591 625 ‚
1607 594 1698 633 quam
1709 596 1776 626 tibi.
1799 597 1856 628 Sed
1867 617 1876 631 ,
1893 597 1914 628 fi
1923 599 2006 630 illius
2015 602 2117 631 corni-

1151 637 1241 676 tatem
1253 649 1262 663 ,
1285 630 1318 660 &
1339 630 1513 662 facilitatem
1537 641 1594 663 tuae
1608 638 1742 674 gravitati
1752 657 1760 670 ,
1780 638 1986 682 severitatique
1997 641 2117 682 adsper-

1150 670 1220 700 seris
1230 681 1235 699 :
1251 681 1316 702 non
1326 672 1380 703 ista
1391 673 1517 713 quidem
1528 684 1617 705 erunt
1629 677 1755 708 meliora
1764 699 1772 712 ‚
1787 689 1853 720 quae
1863 691 1945 712 nunc
1954 683 2025 714 sunt
2033 686 2114 724 opti-

1149 721 1199 742 ma
1208 733 1217 746 ‚
1230 713 1280 744 sed
1290 715 1370 744 certe
1381 714 1494 744 condita
1496 716 1662 754 jucundius.
1716 729 1782 750 uate
1794 741 1801 754 „
1814 732 1846 752 ut
1857 723 1892 753 ad
1902 723 1932 754 id
1945 743 1953 758 ‚
1969 725 2052 766 quod
2063 728 2112 757 in-

1150 754 1232 785 stitui
1241 774 1250 789 ‚
1265 765 1394 787 revertar
1404 777 1412 790 ,
1430 757 1504 787 tolle
1516 759 1595 788 mihi
1606 758 1623 788 ἐ
1633 760 1718 790 causa
1727 771 1842 793 nomen
1852 767 1973 796 Catonis
1986 778 1991 796 :
2010 777 2114 799 remo-

1149 805 1185 827 ve
1196 816 1205 831 ,
1219 806 1252 827 ac
1264 800 1459 837 praetermitte
1478 808 1531 830 An
1542 809 1561 829 e
1571 810 1590 830 τ
1601 810 1619 830 0
1628 810 1650 830 R
1661 811 1671 831 1
1682 812 1702 831 τ
1713 811 1733 831 A
1743 813 1762 832 τ
1772 812 1791 832 ε
1801 813 1828 833 M
1838 824 1847 838 ‚
1868 816 1932 846 quae
1943 809 2113 848 injudiciis

1146 847 1197 868 aut
1212 840 1289 869 nihil
1304 840 1403 871 valere
1414 860 1423 874 ‚
1441 850 1490 871 aut
1504 841 1540 872 ad
1553 842 1679 873 salutem
1695 843 1783 874 debet
1795 847 1892 877 valere
1905 859 1910 876 z
1929 851 2113 891 congredere

1149 889 1271 911 mecum
1282 882 1463 913 criminibus
1474 882 1555 923 ipsis.
1578 884 1660 925 Qd
1670 886 1785 917 accusas
1797 907 1805 919 .
1826 890 1900 918 Cato
1913 891 1923 918 ?
1939 892 2013 930 quid
2025 891 2114 923 affers

1146 923 1177 951 in
1185 922 1338 962 judicium
1352 927 1365 953 ἓ
1384 924 1458 965 quid
1471 927 1568 967 arguis
1580 928 1591 954 ?
1607 927 1769 958 Ambitum
1778 930 1914 960 accusas?
1930 941 1995 962 non
2005 933 2111 965 desen—

1145 963 1196 993 do.
1216 967 1275 1012 'Me
1290 967 1482 1006 reprehendis
1494 987 1502 1001 ‚
1522 967 1605 1008 quod
1623 968 1706 999 idem
1725 969 1907 1006 defendam,
1928 974 2035 1014 quod⁹
2048 976 2112 1017 lege

1147 1008 1311 1046 punierim.
1336 1007 1597 1039 Puniviambimm
1607 1029 1615 1043 ,
1633 1021 1699 1041 non
1716 1013 1935 1044 innocentiam.
1958 1016 2110 1047 ambitum

1144 1048 1217 1078 vero
1226 1049 1326 1089 ipsum
1337 1051 1386 1080 vel
1397 1059 1497 1082 tecum
1507 1052 1649 1082 accusabo
1659 1073 1667 1086 ‚
1679 1051 1699 1083 si
1710 1054 1806 1085 voles.
1831 1055 1946 1087 Dixisti
1958 1076 1966 1090 ‚
1978 1058 2111 1089 senatus·

1143 1090 1317 1122 consultum
1330 1111 1339 1125 ‚
1360 1102 1412 1123 me
1423 1093 1570 1124 referente
1580 1113 1589 1127 ‚
1613 1093 1671 1125 esse
1681 1094 1795 1127 facium
1808 1117 1817 1131 ,
1841 1107 1854 1127 s
1866 1108 1878 1127 1
1903 1108 1930 1128 M
1941 1108 1961 1128 ε
1970 1108 1992 1129 n
2003 1108 2022 1129 c
2032 1109 2080 1130 ευ
2089 1110 2109 1130 ε

1145 1141 1164 1161 c
1174 1142 1193 1162 ο
1203 1142 1226 1162 R
1234 1142 1256 1162 R
1266 1143 1289 1164 o
1300 1144 1316 1163 1‘
1326 1144 1345 1164 'r
1356 1144 1368 1164 1
1381 1154 1390 1168 ,
1413 1135 1539 1166 obviam
1556 1135 1719 1167 candidatis
1736 1136 1826 1169 isl'ent
1837 1159 1846 1172 ,
1865 1138 1886 1170 fi
1898 1140 2044 1172 conduffl
2063 1142 2111 1172 se-

1144 1173 1303 1208 &arentun
1319 1174 1337 1205 fi
1349 1176 1563 1218 gladiatoribus
1579 1180 1607 1197 ¹0
1619 1178 1712 1220 vulgo
1726 1179 1811 1210 locus
1821 1181 1973 1215 tributim,
1988 1183 2111 1215 &item

1141 1216 1265 1256 prandia
1286 1216 1307 1247 si
1317 1218 1410 1261 vulgo
1419 1217 1515 1250 essent
1524 1219 1590 1250 data
1602 1231 1611 1254 5
1626 1230 1730 1252 contra
1748 1222 1846 1263 legem
1857 1224 2051 1265 Calpurniam
2063 1225 2112 1255 fi-

1143 1258 1228 1288 stum
1245 1258 1352 1290 videri.
1374 1263 1454 1302 Ergo
1463 1263 1505 1292 ita
1513 1262 1630 1292 senatus
1640 1263 1752 1302 judicat
1763 1284 1773 1298 ‚
1793 1274 1897 1296 contra
1915 1268 2013 1307 legem
2030 1266 2109 1299 fabia

1142 1300 1206 1330 haec
1224 1301 1339 1335 videri,
1359 1300 1381 1332 fi
1398 1302 1476 1333 fadi-a
1492 1302 1566 1333 sint:
1585 1303 1740 1339 decernit,
1760 1305 1842 1347 quod
1859 1308 1939 1338 nihil
1956 1318 2032 1349 opus
2049 1308 2105 1343 est.

1140 1341 1216 1372 dum
1229 1343 1392 1375 candidatis
1405 1355 1525 1376 morem
1535 1347 1622 1387 gerit.
1642 1356 1714 1377 nam
1723 1346 1838 1378 faEtum
1849 1347 1902 1384 sit,
1917 1360 2014 1380 necne
2024 1371 2033 1385 ,
2052 1361 2110 1382 ve-

1140 1384 1299 1417 hementer
1311 1388 1462 1427 quaeritur.
1485 1385 1507 1417 fi
1520 1387 1634 1418 faistum
1651 1387 1704 1423 fit,
1723 1392 1799 1431 quin
1816 1400 1922 1422 contra
1942 1392 1970 1421 le
1991 1402 2041 1423 em
2060 1392 2106 1428 sit,

1138 1425 1273 1458 dubitare
1290 1437 1385 1459 nemo
1408 1428 1516 1470 potest.
1539 1429 1591 1461 Est
1602 1432 1863 1471 igiturridiculutn
1875 1452 1884 1467 ‚
1902 1443 1943 1474 qu
1997 1433 2041 1465 est
2049 1434 2107 1465 du-

1139 1467 1225 1501 bium
1236 1489 1244 1503 ‚
1265 1469 1297 1500 id
1311 1471 1483 1511 relinquere
1495 1473 1645 1503 incertum
1659 1483 1664 1501 :
1684 1474 1767 1514 quod
1776 1477 1896 1505 nemini
1906 1475 2035 1507 dubium
2047 1486 2105 1517 po-

1136 1509 1192 1541 test
1205 1509 1263 1541 esse
1273 1531 1282 1545 ‚
1301 1511 1333 1542 id
1346 1512 1488 1551 judicare.
1510 1517 1609 1554 Atque
1620 1514 1651 1544 id
1662 1514 1834 1547 decernitur
1844 1517 1990 1548 omnibus
1999 1517 2107 1559 postu-

1136 1551 1268 1583 lantibus
1277 1554 1441 1585 candidatis
1452 1565 1458 1584 :
1482 1564 1516 1586 ut
1525 1565 1563 1585 ex
1572 1558 1602 1586 S.
1615 1558 1647 1586 C.
1658 1566 1756 1598 neque
1766 1559 1851 1598 cujus
1860 1557 1974 1590 interfit
1984 1580 1993 1594 ,
2005 1570 2106 1602 neque

1136 1603 1240 1625 contra
1248 1605 1341 1636 quem
1350 1595 1385 1626 fit
1394 1616 1403 1631 ‚
1416 1597 1546 1639 intelligi
1557 1596 1656 1638 possit.
1678 1601 1775 1638 Qare
1785 1600 1861 1631 doce
1870 1620 1879 1635 ,
1891 1600 1908 1632 a
1918 1603 1954 1632 L.
1965 1603 2104 1634 Muraenz

1137 1636 1188 1667 illa
1197 1634 1254 1683 esse
1262 1636 1433 1669 commissa.
1456 1647 1523 1669 tum
1533 1649 1656 1681 egomet
1665 1641 1722 1671 tibi
1731 1643 1836 1673 contra
1845 1643 1944 1685 legem
1951 1644 2103 1675 commis-

1136 1678 1165 1709 sa
1178 1677 1237 1709 este
1254 1679 1428 1711 concedam.
1452 1681 1547 1711 Multi
1565 1681 1690 1712 obviam
1702 1683 1880 1724 prodierunt
1891 1684 1929 1715 de
1946 1687 2102 1726 provincia

1137 1719 1295 1752 decedenti
1311 1741 1320 1755 ‚
1348 1722 1539 1754 consulatum
1559 1726 1685 1765 petenti.
1707 1725 1785 1756 Solet
1794 1725 1871 1765 fieri.
1894 1729 1978 1757 eccui
1997 1736 2100 1760 autem

1136 1772 1203 1793 non
1219 1761 1359 1803 proditur
1370 1767 1556 1796 revertenti?
1581 1775 1648 1807 quae
1662 1765 1723 1797 fuit
1740 1767 1795 1799 ista
1812 1768 1983 1800 multitudo
2003 1772 2015 1799 ?
2036 1772 2106 1801 Pri-

1138 1814 1226 1835 mum
1238 1825 1247 1839 ‚
1260 1804 1281 1835 sl
1290 1806 1346 1836 tibi
1355 1805 1443 1838 istam
1451 1809 1602 1838 rationem
1612 1818 1677 1839 non
1685 1807 1797 1849 possim
1804 1810 1928 1841 reddere
1939 1821 1945 1841 ε
1963 1812 2037 1853 quid
2047 1813 2103 1843 ha-

1137 1846 1188 1877 bet
1195 1847 1404 1881 admirationis
1415 1870 1424 1883 ,
1439 1850 1490 1881 tali
1499 1851 1565 1880 viro
1577 1849 1762 1886 advenienti,
1772 1852 1930 1891 candidato
1936 1854 2100 1889 consulari.

1136 1888 1257 1919 obviam
1266 1890 1383 1931 prodtffiae
1392 1892 1507 1922 multos
1520 1895 1530 1921 ?
1544 1891 1626 1932 quod
1636 1891 1691 1922 nisi
1705 1891 1776 1923 esset
1784 1893 1899 1924 fastum
1910 1914 1919 1929 ,
1934 1898 2027 1937 magis
2037 1898 2101 1926 mi-

1133 1930 1264 1961 randum
1273 1932 1436 1963 videretur.
1454 1933 1548 1974 Qid,
1559 1932 1580 1964 si
1590 1935 1681 1963 etiam
1691 1935 1769 1965 illud
1778 1935 1896 1970 addam,
1906 1939 1989 1978 quod
2000 1941 2015 1967 a
2024 1948 2102 1968 con-

1134 1972 1292 2003 suetudine
1308 1983 1374 2004 non
1390 1974 1548 2009 abhorret,
1568 1981 1677 2015 rogatos
1691 1974 1739 2013 ff
1751 1975 1854 2006 multos
1865 1981 1878 2006 Ξ
1895 1988 1970 2009 num
1983 1987 2031 2009 aut
2043 1981 2103 2010 cri-

1124 2014 1292 2044 'minosum
1311 2013 1363 2049 fit,
1386 2024 1437 2046 aut
1452 2015 1628 2046 mirandum
1639 2035 1648 2050 ,
1666 2019 1772 2058 quain
1783 2020 1903 2049 civitate
1916 2021 2011 2062 rogati
2025 2019 2099 2051 infi-

1135 2065 1259 2086 morum
1277 2057 1445 2087 hominum
1471 2055 1554 2088 filios
1580 2057 1674 2098 prope
1691 2058 1729 2089 de
1744 2059 1837 2090 nodie
1852 2065 1891 2092 'ex
1907 2061 2016 2093 ultima
2025 2062 2101 2103 saepe

1134 2096 1206 2127 urbe
1218 2096 1384 2128 dedustum
1397 2100 1501 2129 venire
1514 2100 1663 2131 soleamus
1674 2120 1683 2134 2
1700 2105 1734 2131 in
1749 2111 1783 2133 ea
1801 2112 1866 2135 non
1886 2101 1943 2134 efl‘e
1963 2114 2099 2146 gravatos

1132 2139 1277 2169 homines
1287 2140 1407 2180 prodire
1419 2141 1491 2171 hora
1501 2143 1587 2173 tertia
1596 2143 1629 2172 in
1640 2152 1783 2184 campum
1793 2145 1937 2176 Martium
1948 2166 1958 2180 ‚
1976 2146 2099 2186 praeser—

1132 2182 1187 2210 tim
1206 2181 1273 2212 talis
1288 2184 1346 2212 viri
1362 2184 1492 2213 nomine
1508 2186 1649 2224 rogatos?
1666 2185 1749 2226 Qid
1760 2205 1769 2219 ‚
1789 2183 1810 2215 fi
1820 2196 1930 2217 omnes
1941 2187 2097 2219 societates

1130 2232 1278 2254 venerunt
1295 2242 1305 2257 ,
1327 2233 1455 2265 quarum
1473 2234 1512 2255 ex
1528 2235 1658 2256 numero
1676 2227 1768 2257 multi
1783 2225 1832 2258 hic
1847 2228 1950 2259 sedent
1964 2229 2096 2268 judices?

1151 2265 1202 2295 uid
1213 2285 1222 2299 ,
1243 2263 1264 2295 fi
1274 2266 1365 2296 multi
1376 2267 1519 2297 homines
1528 2266 1624 2298 nostri
1634 2268 1751 2299 ordinis
1761 2269 1965 2302 honestissimi
1978 2274 1989 2301 ?
2008 2272 2093 2312 quid.

1142 2316 1151 2336 ι
1163 2307 1215 2337 illa
1226 2306 1444 2338 officiofiflima
1455 2328 1463 2343 ‚
1475 2319 1541 2350 quae
1552 2311 1711 2340 neminem
1721 2312 1842 2351 patitur,
1852 2323 1916 2343 non
1927 2314 2051 2345 honeste
2063 2316 2097 2345 in

1128 2348 1235 2379 urbem
1255 2351 1401 2384 introire,
1418 2359 1481 2381 tota
1492 2351 1569 2381 natio
1581 2351 1794 2383 cas-uiduarum
1813 2357 1823 2384 ἓ
1846 2353 1868 2384 si
1886 2355 2017 2396 denique
2033 2357 2096 2396 ipse

1126 2391 1276 2422 accusator
1285 2391 1387 2423 noster
1396 2391 1567 2424 Postumius
1578 2393 1700 2426 obviarn
1711 2405 1784 2426 curn
1796 2395 1872 2427 bene
1885 2407 1992 2438 magna
2001 2406 2096 2428 cater-

1992 2449 2028 2469 va
2037 2439 2088 2471 sua

1119 2527 1147 2553 S.
1158 2525 1276 2552 Vie'toris
1287 2526 1360 2562 prius
1372 2526 1424 2552 cusi
1436 2546 1444 2558 ‚
1457 2527 1583 2553 Enim-verb
1600 2527 1765 2560 mjisi’ztenna
1777 2529 1829 2550 aare
1840 2543 1848 2555 ‚
1857 2525 1910 2554 &a

1156 2562 1183 2588 6.
1203 2565 1300 2595 Etpcn?
1309 2563 1394 2598 domi]
1416 2562 1530 2598 Vulgata
1545 2564 1655 2596 ‚sy-pene
1670 2562 1855 2587 divinumdomc'.
1873 2559 1918 2586 sed
1929 2559 1997 2586 illud
2013 2559 2088 2588 domi

1119 2608 1172 2625 non
1183 2598 1256 2625 estin
1268 2598 1386 2625 editione
1395 2599 1483 2635 prima
1495 2618 1502 2631 ,
1514 2600 1623 2625 divinum·
1633 2599 1697 2624 zeti>
1708 2600 1734 2624 iu
1749 2598 1843 2628 altem,
1854 2605 1940 2633 neque
1951 2595 2028 2623 habet
2038 2596 2087 2624 ad-

1118 2644 1150 2662 eo
1161 2634 1247 2662 codex
1259 2636 1286 2661 S.
1298 2635 1415 2661 Vistoris
1428 2654 1436 2666 ,
1457 2643 1503 2662 aut
1514 2634 1570 2661 Pal.
1581 2633 1631 2661 sec.
1642 2641 1706 2661 tert.
1719 2633 1775 2660 ῡξὶ.
1786 2640 1862 2663 extat
1872 2634 1898 2659 in
1916 2633 2003 2668 primo
2014 2652 2023 2666 ,
2042 2632 2087 2660 sed

1116 2671 1138 2698 is
1150 2680 1257 2707 quoque
1276 2671 1388 2698 exclusit
1405 2672 1474 2698 domi.
1504 2671 1569 2697 Vult
1586 2671 1712 2697 nimirum
1732 2689 1739 2700 ‚
1759 2670 1904 2696 Panaetium
1917 2675 2021 2696 tautum
2032 2679 2085 2696 non

1117 2706 1241 2734 habitasse
1260 2716 1321 2733 cum
1341 2707 1464 2744 Scipione
1475 2708 1535 2735 unis
1543 2706 1653 2734 aedibus.
1676 2705 1760 2743 poss'ct
1771 2706 1850 2734 etiam
1862 2704 1915 2741 legi
1921 2706 2003 2739 plane.
2023 2714 2084 2734 uam

1118 2746 1146 2770 S.
1157 2743 1275 2770 ViStoris
1287 2743 1443 2777 habetpaent.

1152 2788 1181 2815 7.
1201 2781 1259 2813 Qis
1268 2782 1304 2806 illo
1309 2781 1437 2815 gra-viad]
1459 2780 1523 2806 Non
1535 2779 1624 2816 inepte
1636 2778 1747 2814 conjicit
1758 2778 1933 2811 Gulielmius,
1949 2778 2088 2813 :rhagra-

1116 2819 1169 2842 τίον
1179 2821 1190 2843 ,2
1206 2826 1259 2852 ego
1268 2825 1395 2853 praeterea
1406 2817 1513 2843 mallem
1526 2835 1533 2847 ,
1547 2826 1571 2849 g.
1578 2819 1640 2841 atior
1651 2821 1661 2842 ,Ι

1153 2852 1180 2879 8.
1200 2853 1373 2879 Commodiorem
1383 2852 1524 2886 remim-cm]
1541 2854 1567 2878 S.
1581 2851 1655 2879 Vidi.
1665 2854 1849 2884 communiorem,
1861 2850 1932 2887 quod
1943 2850 1971 2877 ὅ(
1982 2849 2008 2877 in
2020 2849 2082 2879 Pal.

1116 2888 1166 2916 sec.
1178 2896 1242 2916 tert.
1252 2888 1308 2916 οξὶ.
1318 2889 1382 2916 item
1393 2888 1511 2916 editione
1523 2896 1736 2915 ccccnxxxuz.
1757 2889 1784 2914 ὃ(
1804 2897 1878 2923 :eque
1889 2887 1947 2914 heic
1956 2887 2084 2916 convenit

1120 2934 1198 2962 quam
1209 2925 1335 2952 alterum.

1151 2970 1181 2998 9.
1202 2964 1260 2995 Lege
1274 2963 1402 2995 ptmierim.
1421 2960 1538 2995 Puni-ei]
1560 2959 1705 2990 Lambinus
1724 2960 1783 2986 heic
1792 2958 1897 2987 secutus
1916 2959 1953 2987 est
1968 2959 2081 2996 scriptu·

1118 3007 1172 3025 ram
1184 2998 1343 3034 exemplaris
1355 2999 1381 3023 S.
1392 2996 1522 3029 Vitioris,
1529 3000 1648 3031 poenierim
1656 2999 1762 3023 Paeniwi.
1782 2997 1882 3031 majora
1890 2997 1941 3023 alia
1949 2995 2010 3023 sunt
2020 3005 2079 3032 quae

1115 3042 1193 3062 erant
1208 3033 1358 3061 redonnnda
1377 3033 1502 3060 Ciceroni
1515 3053 1524 3065 ‚
1542 3035 1624 3070 quam
1636 3041 1710 3060 vetus
1722 3032 1852 3060 scribendi
1863 3033 1942 3060 ratio.
1961 3032 2077 3069 ideoque

1117 3071 1185 3099 tanti
1196 3081 1247 3097 non
1259 3069 1336 3097 habui
1350 3089 1357 3101 ,
1377 3077 1407 3096 ut
1418 3070 1548 3098 imitarer.

1158 3115 1198 3133 ιο.
1219 3107 1287 3139 ιἰιΙὲο
1297 3108 1359 3131 locm
1368 3107 1503 3141 tributim]
1515 3107 1580 3134 Non
1591 3105 1670 3133 aliter
1682 3105 1751 3132 Pau.
1761 3105 1842 3132 nostri
1854 3105 1882 3131 &
1892 3104 1958 3132 olim
1965 3101 2078 3135 edim&

1117 3143 1144 3169 S.
1155 3142 1272 3171 Vistoris
1292 3142 1388 3171 codex.
1408 3142 1516 3180 vulgata
1528 3161 1538 3178 ,
1553 3144 1672 3176 tribum,-
1699 3141 1771 3179 quod
1788 3143 1815 3169 St
1833 3140 1972 3171 dauiuarat
1983 3140 2077 3166 Hoto-

1117 3187 1219 3208 manus.

1563 3215 1646 3253 §gg
1663 3222 1680 3243 ι
1983 3211 2082 3240 μυί-π

2032 154 2131 209 419

2123 1698 2165 1733 33
