2379 3400
271 84 395 149 1328
655 77 1155 127 MTrsLLM

262 165 400 203 Phorcyn
414 183 422 196 ,
445 165 603 193 Srturnuin
616 179 624 192 ‚
650 159 682 189 δε
691 161 793 198 'Opem
806 167 811 186 :
832 157 973 197 deinceps
980 158 1090 199 Jovem
1104 176 1113 190 ,
1136 164 1222 197 atque

261 206 417 246 junonem
430 224 438 237 ,
453 204 582 243 reliquos
593 221 601 235 ,
613 210 689 241 quos
697 199 799 229 fratres
809 201 887 229 inter
897 200 937 232 se,
948 199 1126 240 agnatosque
1138 199 1224 228 usur-

263 257 331 287 pare
345 267 352 278 ,
363 255 448 285 atque
459 243 602 282 appellare
613 242 751 272 Videmus
762 261 770 275 ,
786 241 818 271 &
829 251 936 270 eorum
948 261 957 275 ,
972 250 1003 271 ut
1013 250 1132 271 utamur
1143 248 1225 270 vete-

264 291 289 317 ri
302 288 391 317 verbo
404 285 590 326 ,prosapiam
614 283 745 322 Quando
760 285 848 324 igitur
857 292 966 313 omnes
979 302 988 317 ‚
1013 283 1046 313 &
1058 284 1111 323 qui
1126 303 1134 316 ‚
1155 290 1225 311 mo-

262 338 370 358 ventur
382 347 390 359 ‚
410 328 568 367 palamque
588 325 810 358 ostenduntur,
835 324 926 364 &qui
938 334 1060 355 eatenus
1073 324 1161 353 nobis
1171 323 1225 353 de-

261 370 407 400 clarantur
418 389 425 402 ‚
440 378 501 409 quo
512 366 563 407 ipsi
575 368 699 400 volunt,
711 368 801 397 creati
813 366 889 396 sunt:
902 376 967 396 tum
978 366 1014 396 ad
1027 376 1078 396 eos
1090 368 1115 395 is
1126 368 1223 398 Deus,

262 415 313 450 qui
324 412 427 440 omnia
436 412 559 452 genuit,
577 408 672 440 fatur.
695 411 783 439 Hrec
796 417 869 441 VOS,
893 410 945 449 qui
958 408 1085 438 deorum
1097 408 1155 437 satu
1167 409 1226 437 orti

262 451 332 482 estis
343 472 351 485 ,
362 452 505 482 attendite
517 462 523 481 2
540 461 678 492 ⁴quorum
689 460 816 491 operum
829 460 884 491 ego
894 460 998 489 parens
1010 470 1019 483 ‚
1041 448 1225 490 effeetorque

262 494 329 524 sum
344 513 352 526 ‚
377 504 441 534 quae
461 503 512 533 per
531 503 581 523 rrie
605 492 680 523 faeta
695 512 704 526 ‚
725 502 788 522 non
800 491 1014 522 suntssdissoluta
1025 512 1034 525 ,
1055 501 1105 521 me
1116 493 1227 520 invito:

261 545 442 576 quamquam
464 545 558 565 omne
577 536 752 576 colligatum
774 534 850 564 solvi
869 533 982 573 potest:
1005 533 1054 564 sed
1068 532 1144 562 haud
1152 542 1225 573 qua-

263 587 352 618 quam
361 577 423 606 boni
433 577 485 610 eff,
498 577 605 606 rarione
617 575 749 606 mustum
759 577 827 605 velte
836 575 986 614 diſjnlvm,
1010 576 1066 606 Sed
1076 584 1223 616 quoniam

264 622 323 648 orti
335 618 403 649 estis
414 639 422 652 ,
442 620 630 649 immortales
648 628 703 649 vos
717 618 841 659 quidem
858 617 933 651 effe,
960 616 1225 648 &indissolubiles

263 670 329 691 non
340 660 478 701 potestis:
496 664 671 701 neutiquam
684 670 784 690 tamen
797 657 1024 693 dissolvemini,
1037 669 1092 689 nec
1102 669 1157 689 vos
1166 659 1226 688 ulla

264 706 374 732 mortis
384 702 439 733 fata
458 705 609 743 periment
623 723 632 736 ,
656 713 703 731 nec
714 701 792 739 fi‘aus
803 701 941 731 valentior
953 722 961 736 ‚
983 711 1072 743 quam
1083 700 1227 742 confilium

263 754 369 778 meum,
386 745 465 785 quod
477 745 531 785 maj
538 755 569 774 us
580 743 622 774 est
633 745 792 774 vinculum
804 744 838 773 ad
848 745 1074 784 perpetuitatem
1085 743 1223 776 vestram,

263 788 354 827 quiam
367 788 417 817 illa
428 807 435 820 ‚
446 787 556 827 quibus
566 786 636 816 estis
646 796 711 816 tum
724 806 733 819 ,
753 784 824 816 cuin
836 786 1064 826 gignebamini,
1079 786 1224 824 colligati.

265 828 348 869 Qud
358 829 481 859 sentiam
494 832 592 870 igitur,
603 829 785 870 cognoscite.
808 830 882 858 Tria
894 828 983 857 nobis
994 837 1102 870 genera
1114 828 1226 867 reliqua

265 871 334 901 sunt
346 891 354 904 ‚
375 881 466 912 eaque
479 871 633 901 mortalia:
654 870 765 911 quibus
777 868 975 910 praeteimiffis
987 890 994 902 ,
1006 870 1070 899 caeli
1079 869 1229 899 absolutio

265 911 395 952 perfeEta
406 923 467 943 non
480 915 545 943 erit.
569 915 673 942 omnia
694 914 778 942 enim
797 922 924 952 genera,
946 912 1125 942 animalium
1143 921 1230 941 corn-

265 956 359 994 plexu
379 965 442 985 non
457 955 588 985 tenebit:
608 963 705 984 teneat
722 963 822 983 autem
834 955 1002 994 oportebit,
1028 962 1059 984 ut
1070 953 1178 983 eodem
1192 963 1228 982 ne

266 996 340 1037 quid
350 995 421 1027 absit
433 1018 440 1030 ‚
451 1007 516 1038 quae
527 997 542 1027 a
554 1006 604 1026 me
613 997 678 1036 ipso
690 994 794 1025 effeeta
804 993 859 1026 sint
871 1015 879 1029 ‚
904 996 985 1036 quod
996 995 1124 1025 deorum
1136 997 1228 1025 vitam

265 1037 353 1078 poffit
363 1038 523 1079 adaequare.
547 1041 590 1068 Ut
611 1040 700 1078 igitur
719 1038 836 1067 mortali
853 1046 1034 1078 generentur
1043 1037 1231 1069 conditione,

265 1090 322 1110 vos
333 1081 469 1120 suscipite
483 1101 491 1113 ,
511 1089 543 1110 ut
565 1081 616 1110 illa
628 1081 755 1121 gignatis
770 1099 777 1112 ‚
799 1080 1031 1120 imiteminique
1040 1082 1105 1110 vim
1118 1089 1229 1111 meam,

264 1132 325 1163 qua
335 1125 367 1152 in
379 1122 476 1152 vestro
484 1131 551 1153 ortu
565 1133 613 1152 me
624 1123 710 1152 usum
722 1120 780 1151 effe
790 1121 975 1151 meministis
994 1133 999 1150 z
1018 1123 1048 1151 in
1059 1122 1168 1162 quibus
1180 1131 1231 1161 qui

264 1165 338 1195 tales
348 1174 483 1194 creantur
492 1185 501 1198 ,
527 1174 560 1194 ut
571 1164 698 1195 deorum
716 1165 937 1194 immortalium
948 1161 1026 1205 quasi
1036 1164 1163 1205 gentiles
1175 1160 1230 1192 effe

264 1206 393 1237 debeant
404 1227 412 1241 ,
436 1207 659 1247 divinigeneris
669 1206 856 1246 appellentur
866 1226 874 1239 ‚
895 1215 1074 1247 teneantque
1087 1206 1229 1235 omniurn
1247 1224 1249 1228 »

268 1252 472 1280 animantium
483 1251 684 1290 principatum
697 1248 844 1288 vobisque
854 1250 920 1288 jure
933 1248 965 1278 δε
975 1249 1039 1289 lege
1050 1247 1172 1276 volentes
1179 1255 1230 1288 pa-

265 1300 346 1322 reant
355 1304 366 1318 .·
379 1302 509 1333 quorum
520 1292 607 1321 vobis
621 1292 745 1321 initium
758 1310 766 1324 ,
779 1289 927 1331 statusque
939 1291 1062 1321 traditur
1072 1290 1086 1320 ἐι
1097 1299 1147 1319 me
1159 1313 1164 1318 .
1177 1299 1232 1319 vos

266 1343 365 1364 autem
378 1335 413 1364 ad
431 1334 461 1364 id
474 1354 481 1367 ‚
493 1333 574 1374 quod
586 1342 641 1363 erit
652 1333 825 1362 immortale
836 1353 843 1366 ‚
856 1341 968 1373 partem
981 1334 1136 1363 attexitote
1148 1341 1231 1360 mor-

267 1377 368 1406 talem.
392 1379 435 1406 Ita
447 1377 583 1407 orientur
592 1377 760 1405 animantes
771 1394 778 1408 ,
790 1384 867 1414 quos
878 1375 911 1404 &
921 1378 1009 1405 vivos
1020 1375 1102 1404 alatis
1113 1374 1146 1403 &
1157 1382 1230 1403 con-

269 1419 384 1449 sumtos
396 1417 458 1448 sinu
480 1419 637 1457 recipiatis
662 1419 734 1446 Haec
753 1417 805 1446 ille
825 1418 915 1448 dixit.
938 1416 1059 1446 Deinde
1070 1416 1105 1445 ad
1117 1424 1233 1455 tempe-

266 1462 416 1490 rationem
428 1461 607 1500 superioi·em
620 1460 756 1489 revertit:
768 1460 800 1488 in
809 1469 866 1501 qua
875 1468 1002 1489 ornnem
1013 1460 1150 1488 animum
1161 1459 1233 1487 uni—

266 1504 358 1533 versae
379 1510 489 1532 naturae
507 1510 676 1540 temperans
693 1501 907 1540 permiscebat,
927 1501 1146 1541 superiorique
1165 1509 1229 1539 per-

264 1546 430 1574 mixtionis
440 1545 576 1582 reliquias
585 1542 718 1572 fundens
726 1544 859 1583 aequabat
870 1563 879 1576 ,
891 1542 999 1573 eodem
1017 1542 1113 1571 modo
1120 1540 1230 1573 ferme,

268 1585 325 1617 nisi
336 1585 419 1627 quod
445 1594 509 1614 nori
529 1586 567 1614 ita
585 1586 770 1622 incorruptas
782 1603 791 1616 ‚
813 1595 845 1614 ut
854 1594 905 1617 ea,
926 1594 992 1623 quae
1011 1584 1126 1622 semper
1136 1582 1229 1612 idem.

270 1628 411 1660 sedadiis
423 1626 586 1658 secundum
608 1625 762 1659 sumebat,
785 1634 872 1666 atque
889 1628 1023 1655 tertium.
1047 1627 1131 1653 Toto
1142 1625 1231 1663 igitur

268 1672 403 1701 omnino
419 1667 602 1700 constituto,
621 1665 764 1697 sideribus
782 1677 882 1706 parem
903 1675 1066 1696 numerum
1078 1664 1230 1694 distribuit

266 1715 441 1743 animorum
454 1729 462 1742 ,
475 1710 507 1739 &
518 1707 648 1749 fingulos
658 1707 798 1746 adjunxit
808 1708 843 1738 ad
854 1707 965 1747 singula
977 1727 985 1741 ,
1006 1716 1092 1747 atque
1102 1709 1141 1735 ita
1148 1705 1228 1746 quasi

270 1765 310 1786 :N
331 1762 479 1784 cunnum
498 1759 768 1780 trNivERnrA-ris
789 1749 936 1789 imposuit
954 1768 962 1782 ,
1008 1746 1230 1777 commonstra—

268 1800 371 1837 vitque
381 1792 582 1836 legesfataleia,
597 1801 628 1821 ac
638 1789 808 1821 necessarias
818 1811 827 1825 ‚
845 1791 877 1821 δε
888 1789 1021 1820 ostendit
1032 1792 1167 1830 primurn
1179 1799 1228 1818 or-

266 1848 334 1870 tum
344 1847 440 1868 unum
454 1835 518 1865 fore
530 1833 686 1866 omnibus,
697 1843 828 1874 eumque
837 1832 1028 1863 ,moderatum
1043 1852 1051 1866 ,
1061 1841 1146 1872 atque
1155 1841 1228 1861 con-

268 1881 396 1912 stantem
410 1899 418 1912 ‚
440 1887 494 1908 nec
512 1877 548 1907 ab
568 1876 632 1906 ullo
642 1876 846 1905 imminutum
860 1886 865 1903 z
879 1875 950 1905 >sitis
968 1883 1066 1904 autem
1080 1894 1089 1908 ‚
1112 1871 1233 1914 &quasi

263 1921 369 1963 sparsis
377 1921 487 1952 animis
496 1940 508 1953 ‚
523 1919 587 1948 fore
597 1919 641 1947 uti
651 1919 738 1947 certis
750 1926 921 1957 temporum
932 1916 1097 1946 intervallis
1106 1918 1235 1946 oriretur

269 1964 395 1997 animal,
407 1961 489 2004 quod
498 1959 569 1991 ess'et
577 1961 615 1990 ad
623 1959 732 1989 cultum
743 1962 869 1989 Deorum
878 1957 1064 2000 aptiffimum.
1087 1957 1144 1988 Sed
1155 1967 1226 1987 cum

271 2007 384 2046 duplex
396 2003 466 2034 ess'et
486 2013 587 2033 natura
598 2011 713 2043 generis
724 2003 870 2035 humani,
881 2001 919 2030 sic
930 2002 959 2031 se
968 2010 1013 2030 res
1024 2000 1171 2030 habebant
1179 2020 1187 2033 ‚
1199 2009 1232 2030 ut

268 2047 452 2090 praestantius
462 2055 557 2087 genus
567 2043 639 2074 esset
648 2053 753 2073 eorum
765 2063 773 2076 ‚
785 2045 837 2084 qui
847 2042 939 2073 essent
949 2041 1043 2072 futuri
1054 2043 1123 2071 viri.
1148 2041 1228 2072 Ctim

267 2099 368 2121 autem
379 2091 491 2119 animis
507 2096 632 2126 corpora
648 2095 718 2115 curn
731 2084 896 2115 necestitate
908 2082 1060 2114 inseviss'et
1071 2104 1079 2118 ‚
1099 2084 1231 2125 cumque

267 2133 304 2163 ad
315 2140 440 2171 corpora
457 2127 622 2160 necessitate
644 2137 707 2157 tum
728 2126 851 2157 acceflio
873 2125 974 2160 fieret,
995 2135 1059 2156 tum
1079 2126 1231 2160 abscess'io,

269 2172 386 2206 neceffe
407 2181 489 2205 erat,
513 2171 635 2201 sensum
654 2168 792 2199 exsistere
811 2179 906 2199 unum
928 2188 937 2203 ,
971 2178 1234 2209 communemque

270 2217 414 2246 omnium
426 2214 655 2244 vehementiore
666 2221 753 2241 motu
764 2213 897 2241 excitato
908 2231 917 2244 ,
929 2210 1169 2251 conjunctioque
1180 2220 1230 2241 na-

265 2268 343 2288 rurae
354 2268 359 2286 z
370 2256 480 2287 deinde
489 2255 639 2294 voluptate
652 2274 660 2287 ‚
670 2253 703 2283 ὃς
714 2252 851 2283 molestia
863 2256 994 2282 miiitum
1005 2262 1152 2283 amorem:
1166 2251 1232 2293 post

269 2302 344 2331 iram
359 2320 367 2333 2
381 2299 412 2329 &c
424 2306 540 2327 metui-n
554 2317 563 2330 ‚
579 2296 611 2326 &
622 2297 754 2335 reliquos
763 2304 867 2325 motus
876 2297 972 2325 animi
984 2315 993 2329 ,
1008 2298 1137 2325 comites
1148 2296 1232 2335 supe—

272 2344 388 2373 riorum
402 2360 410 2374 ,
431 2341 464 2370 δε
483 2340 529 2368 his
539 2340 629 2368 etiam
640 2338 807 2368 contrarios
817 2335 1020 2367 diffidenteis:
1039 2347 1114 2378 quos
1124 2339 1175 2378 qui
1188 2347 1232 2367 ra-

268 2386 356 2415 tione
366 2384 492 2414 rexerit,
505 2379 579 2418 juste
593 2381 715 2410 vixerit:
737 2381 789 2421 qui
800 2388 899 2408 autem
913 2380 958 2408 'nis
973 2379 999 2408 se
1010 2379 1168 2413 dediderit,
1183 2382 1230 2409 in·

268 2425 360 2467 juste.
385 2428 481 2465 Atque
492 2423 542 2452 ille
554 2442 562 2456 ,
573 2424 624 2462 qui
637 2420 716 2451 re&e
727 2441 736 2454 ,
750 2424 781 2451 dc
793 2420 918 2451 honeste
928 2421 1111 2451 curriculum
1124 2423 1231 2452 viven-

270 2468 305 2498 di
328 2468 344 2497 a
364 2476 466 2496 natura
483 2465 586 2495 datum
606 2463 768 2493 confecerit
789 2463 824 2492 ad
843 2463 920 2493 illud
938 2462 1048 2493 astrum
1059 2482 1068 2497 2
1089 2473 1151 2504 quo
1161 2473 1230 2493 cum

274 2519 360 2550 aptus
369 2508 459 2538 fuerit
470 2527 478 2541 ,
500 2515 669 2536 revertetur.
694 2507 745 2545 qui
756 2513 854 2534 autem
867 2504 1109 2535 immoderate&
1120 2507 1231 2535 intem-

273 2552 372 2592 perate
384 2551 510 2583 vixerit,
530 2557 601 2578 eum
622 2546 769 2577 sccundus
785 2556 868 2577 ortus
883 2549 913 2576 iri
926 2546 1054 2586 figuram
1072 2545 1234 2576 muliebrem

274 2593 440 2623 transferet.
453 2591 486 2621 δε
496 2590 516 2620 si
528 2600 565 2620 ne
577 2599 641 2619 tum
653 2588 776 2630 quidem
789 2588 881 2618 finem
896 2591 1040 2618 vitiorum
1050 2588 1142 2620 faciet
1152 2599 1158 2618 τ
1168 2599 1232 2629 gra-

237 2663 243 2667 ,
274 2637 343 2665 vius
353 2637 443 2664 etiam
454 2632 610 2672 jaetabitur
622 2651 631 2665 ,
643 2632 676 2661 ὃ(
686 2634 717 2660 in
728 2631 786 2660 suis
797 2631 934 2661 moribus
949 2629 1235 2672 fimillimasfiguras

275 2676 424 2716 pecudum
439 2696 447 2708 ‚
460 2675 491 2705 &
501 2674 627 2703 ferarum
642 2671 832 2703 transferetur
845 2684 849 2701 ;
865 2683 962 2713 neque
972 2674 1120 2703 malorum
1131 2675 1233 2703 termi-

279 2728 353 2747 num
363 2720 443 2758 pr'ius
455 2717 614 2756 adspiciet,
634 2715 725 2755 qua—m
744 2715 827 2744 illam
839 2715 918 2755 sequi
930 2715 1232 2754 coeperitconversio-

279 2769 351 2789 nem
363 2779 370 2792 ‚
383 2769 471 2799 quim
486 2758 608 2788 habebat
620 2767 650 2787 in
662 2758 758 2797 seipse
769 2776 777 2790 ,
801 2757 934 2796 ejusdem
947 2777 955 2790 ,
982 2757 1014 2786 δε
1026 2758 1114 2787 unius
1127 2777 1134 2790 ,
1148 2756 1235 2787 simul

279 2802 412 2831 innatam
425 2821 433 2834 ,
454 2801 486 2830 ὃς
508 2798 637 2829 insitam.
660 2799 747 2836 Quod
761 2808 824 2828 tum
835 2808 955 2828 eveniet
965 2818 974 2832 ,
990 2798 1066 2828 rcuni
1078 2799 1128 2829 illa
1138 2819 1146 2834 ,
1169 2809 1234 2839 quae

281 2851 320 2872 ex
334 2843 401 2883 igne
413 2861 421 2875 ,
438 2843 478 2871 aei
487 2852 502 2870 e
512 2861 520 2875 ,
540 2852 612 2881 aqua
622 2860 630 2874 ‚
655 2850 741 2882 atque
754 2850 827 2870 terra
838 2861 846 2873 ‚
867 2840 1036 2870 turbulenta
1048 2861 1057 2874 ‚
1068 2841 1102 2870 &
1113 2842 1237 2871 rationis

281 2884 413 2922 expertia
425 2883 585 2912 insederint
596 2903 604 2916 ,
616 2883 748 2923 denique
759 2884 872 2912 ratione
882 2882 1074 2922 depulerint,
1082 2884 1117 2913 &
1127 2883 1161 2913 ad
1173 2886 1234 2923 pri—

219 2935 260 2968 13
282 2934 376 2958 mam,
386 2933 471 2963 atque
481 2926 624 2962 optimam
637 2923 828 2954 ..ffce'tionem
840 2926 933 2953 animi
946 2927 1144 2963 pervenerint.
1160 2928 1233 2964 Qua:

281 2966 352 2997 curn
365 2969 403 2995 ita
412 2963 582 3004 defign<ffet
594 2985 601 2997 ‚
617 2966 735 3006 seseque
744 2986 752 3000 ,
760 2966 787 3006 si
795 2965 1068 3006 quidposteafl‘audu
1078 2987 1086 3000 ,
1101 2974 1154 2996 aut
1164 2967 1235 2996 vitii

279 3006 406 3045 evemffet
415 3027 421 3039 ,
430 3014 510 3034 extra
520 3016 624 3034 omnem
634 3017 745 3047 cuipam
754 3028 761 3041 ,
775 3008 944 3049 causamque
953 3007 1084 3049 posuiffizt
1096 3020 1101 3038 :
1113 3009 1187 3039 alios
1198 3011 1230 3038 in

278 3060 350 3080 terra
361 3069 369 3083 ,
389 3049 464 3079 alios
484 3047 597 3076 iiiluna
610 3067 618 3079 ,
638 3049 713 3078 alios
732 3059 763 3078 in
773 3051 900 3090 reliquas
910 3049 1019 3080 mundi
1030 3053 1135 3090 parteis
1146 3071 1153 3083 ,
1166 3060 1231 3091 quae

270 3093 340 3128 sunt
354 3091 390 3126 ad
410 3091 571 3133 spatiorum
583 3092 727 3128 temporis
738 3089 986 3131 significationem
996 3101 1078 3126 notae
1087 3091 1233 3125 constitu-

1237 76 1783 127 CicE'Rours

1268 167 1304 189 tae
1317 178 1325 193 ,
1348 158 1484 201 spargens
1503 158 1581 199 quasi
1594 159 1714 190 serebat.
1736 157 1806 190 Post
1817 166 1915 190 autem
1926 160 2070 193 sationem
2084 168 2151 193 eam
2160 159 2222 196 diis,

1269 210 1301 230 ut
1311 210 1349 231 ita
1358 201 1455 231 dicam
1468 221 1476 235 ‚
1495 200 1651 237 iunioribus
1662 199 1805 240 permisit,
1817 209 1849 231 ut
1858 211 1980 241 corpora
1989 204 2125 235 mortalia
2135 203 2224 234 effin-

1267 252 1387 284 gerent,
1408 251 1613 284 quantumque
1636 241 1707 273 esset
1724 243 1876 283 reliquum
1898 252 1937 272 ex
1955 244 2087 276 humano
2104 248 2222 280 animo,

1268 284 1349 325 quod
1360 285 1481 315 deberet
1492 285 1628 315 accedere
1637 305 1646 319 ,
1669 284 1698 314 id
1709 293 1802 314 omne
1811 304 1820 318 ,
1842 284 1948 324 &quae
1958 285 2107 326 sequentia
2119 286 2225 322 essent,

1267 327 1452 366 perpolirent
1461 346 1469 360 ,
1483 326 1515 357 δε
1526 326 1731 357 absolverent:
1745 325 1855 356 deinde
1866 334 1898 355 ut
1909 326 1978 356 huic
1987 329 2131 359 animanti
2140 331 2227 369 prin-

1268 370 1366 408 cipem
1378 368 1406 398 se
1418 387 1428 402 ‚
1439 368 1607 409 ducemque
1618 368 1759 408 praeberet
1769 387 1777 401 ‚
1788 369 1941 408 vitamque
1952 368 2017 407 ejus
2025 369 2225 407 pulcherrime

1270 418 1402 451 regeret,
1422 410 1454 440 &
1467 410 1660 451 gubernaret:
1682 408 1736 440 nisi
1755 417 1901 450 quatenus
1918 410 1978 449 ipse
1996 409 2166 442 benefaskus
2178 412 2229 443 sua

1269 453 1355 492 culpa
1365 450 1417 482 sibi
1429 452 1541 492 aliquid
1553 452 1679 482 miseriae
1692 459 1842 492 quaereret.
1866 453 1964 491 Atque
1975 452 2000 480 is
2012 450 2135 490 quidem
2147 472 2156 486 ‚
2174 455 2226 495 qui

1270 493 1377 524 cunda
1387 495 1558 534 composuit
1570 514 1578 527 ,
1599 492 1749 530 constanter
1759 494 1788 522 in
1799 493 1850 533 suo
1861 491 1993 522 manebat
2001 492 2092 529 statu.
2114 495 2227 533 quiau-

1273 546 1334 566 tem
1346 544 1428 566 erant
1437 536 1474 566 ab
1483 546 1519 566 eo
1526 544 1625 569 creati,
1635 535 1706 565 cum
1716 536 1847 576 parentis
1857 535 1997 564 ordinem
2009 533 2227 574 cognovissent,

1273 579 1352 608 hunc
1362 578 1568 619 sequebantur.
1586 580 1688 618 Itaque
1697 577 1769 607 cum
1778 574 1954 616 accepissent
1964 577 2136 607 immortale
2147 578 2232 616 prin-

1270 622 1385 659 cipium
1406 620 1541 650 mortalis
1554 621 1719 649 animantis
1732 639 1742 652 ,
1766 618 2091 658 imitantesgenitorem‚
2111 618 2143 648 δε
2157 616 2232 648 effe-

1273 661 1388 691 &orem
1400 661 1444 692 sui
1456 681 1464 695 ‚
1483 661 1639 702 particulas
1650 662 1728 700 ignis
1740 680 1749 694 ,
1770 661 1802 690 &
1813 669 1894 690 terrae
1905 680 1913 692 ,
1931 661 1963 690 ὃς
1973 670 2053 700 aquae
2065 680 2074 693 ,
2086 660 2119 689 &
2130 661 2205 690 aeris
2215 659 2232 691 ὲ

1273 703 1390 733 mundo
1401 723 1409 737 ,
1432 713 1503 744 quas
1514 703 1612 733 rursus
1623 703 1797 734 redderent,
1820 701 2032 732 mutuabantur
2042 721 2050 734 ,
2070 701 2175 741 easque
2186 702 2236 732 in-

1273 755 1317 775 ter
1331 746 1358 775 se
1372 745 1553 786 copulabant
1563 765 1571 778 ‚
1592 744 1669 775 haud
1682 744 1787 774 iisdem
1802 744 1948 777 vinculis,
1968 743 2076 783 quibus
2088 743 2139 783 ipsi
2149 751 2234 773 erant

1272 788 1425 828 colligati,
1445 788 1493 817 sed
1505 787 1612 817 talibus
1623 806 1631 820 ,
1652 796 1717 827 quae
1731 787 1814 816 cerni
1829 795 1891 815 non
1905 783 2023 824 possent
2035 794 2155 824 propter
2169 795 2236 825 par-

1275 831 1396 859 vitatem
1408 849 1417 863 ,
1438 829 1548 859 crebris
1568 828 1647 869 quasi
1666 828 1802 858 cuneolis
1817 826 1937 866 injeEtis
1950 836 2046 856 unum
2066 825 2236 858 efficiebant

1274 881 1312 902 ex
1322 872 1471 901 omnibus
1482 880 1605 911 corpus:
1621 873 1752 910 itemque
1764 871 1796 898 in
1806 879 1843 899 eo
1852 867 1998 898 influente
2008 878 2095 909 atque
2106 868 2236 899 effluen-

1276 923 1302 944 te
1320 915 1426 943 animo
1443 913 1551 944 divino
1569 913 1700 942 ambitus
1714 910 1878 951 illigabant.
1901 911 2104 950 Itaqueilliin
2115 909 2234 941 flumen

1276 954 1409 985 immersi
1420 975 1428 988 ,
1441 965 1536 995 neque
1548 954 1687 984 tenebant
1699 973 1707 987 ,
1719 962 1815 993 neque
1826 953 2008 983 tenebantur.
2030 953 2078 982 sed
2089 954 2117 982 vi
2130 963 2237 994 magna

1276 1006 1339 1027 turn
1352 996 1502 1030 ferebant,
1528 1005 1593 1025 tum
1605 994 1783 1025 ferebantur.
1806 997 1850 1024 Ita
1860 1003 1956 1024 torum
1968 995 2078 1024 animal
2090 996 2235 1026 moveba-

1276 1048 1324 1069 tur
1333 1038 1408 1068 illud
1418 1038 1555 1079 quidem,
1568 1037 1616 1068 sed
1628 1037 1825 1067 immoderate
1839 1055 1847 1068 ,
1859 1035 2027 1066 &fortuitu
2039 1055 2047 1070 ,
2060 1045 2091 1066 ut
2103 1036 2153 1067 sex
2164 1047 2233 1067 mo-

1278 1081 1358 1111 tibus
1377 1082 1542 1111 veheretur.
1567 1089 1636 1109 narn
1652 1078 1780 1111 &ante,
1801 1077 1924 1117 &pone
1935 1097 1943 1110 ,
1962 1077 1997 1106 ad
2017 1077 2112 1108 levam
2126 1099 2135 1111 ‚
2154 1078 2232 1110 &ad

1276 1122 1423 1156 dextram,
1436 1122 1469 1153 ὃς
1478 1121 1606 1156 sursum,
1619 1121 1651 1151 &
1662 1120 1814 1154 deorsum,
1825 1118 1919 1149 modo
1931 1120 1999 1153 huc,
2011 1118 2106 1150 modo
2117 1121 2198 1151 illuc.

1581 1204 1634 1236 sex
1644 1215 1727 1277 orasd,
1740 1205 1935 1276 iggionesque
1945 1203 2046 1235 versus
2055 1213 2154 1236 errans
2161 1214 2234 1246 pro-

1670 1257 1703 1278 ce
1726 1256 1743 1277 e
1765 1256 1792 1276 at
1804 1267 1813 1280 ,

1625 1332 1739 1372 Defimt
1746 1331 1885 1361 nonnulla.

1272 1418 1340 1459 Jam
1351 1416 1423 1447 vei-b
1435 1426 1535 1448 earum
1549 1417 1717 1457 imaginum
1732 1436 1741 1449 ,
1760 1425 1825 1456 quae
1837 1413 2009 1456 finguntur,
2028 1413 2062 1445 &
2071 1414 2234 1446 redduntur

1275 1463 1307 1490 in
1320 1460 1444 1499 speculis
1457 1479 1465 1494 ,
1478 1468 1643 1498 eorumque
1655 1478 1664 1491 ‚
1676 1467 1742 1498 quae
1754 1457 1906 1497 splendida
1922 1476 1930 1490 ,
1944 1457 1976 1486 δε
1987 1458 2072 1486 laevia
2082 1457 2150 1487 sunt
2161 1477 2169 1491 ,
2188 1467 2234 1488 ra-

1275 1505 1391 1532 tionem
1404 1502 1578 1541 perspicere,
1591 1499 1669 1529 haud
1682 1497 1806 1528 difficile
1815 1499 1866 1529 est.
1890 1501 1970 1528 Nam
1983 1508 2020 1527 ex
2030 1498 2109 1538 ignis
2124 1499 2233 1529 utrius-

1274 1553 1331 1584 que
1344 1545 1464 1572 eXterni
1475 1561 1483 1575 ,
1504 1550 1590 1580 atque
1602 1541 2029 1569 internicommunioneinter
2039 1540 2118 1578 ipsos
2130 1559 2138 1573 ‚
2157 1539 2231 1570 cum

1275 1594 1351 1613 unus
1363 1593 1413 1622 per
1424 1581 1550 1622 lingulas
1559 1583 1667 1621 parteis
1677 1578 1800 1610 effedlms
1812 1601 1820 1614 ,
1835 1582 1866 1611 ὅ(
1878 1581 1984 1612 multis
1993 1582 2094 1611 modis
2104 1589 2231 1612 concors

1274 1626 1306 1656 δε
1319 1634 1403 1665 aptus
1415 1624 1548 1653 redditus
1560 1625 1596 1652 in
1606 1623 1716 1652 laevore
1725 1623 1871 1653 consedit.

1314 1706 1371 1737 Sed
1385 1704 1405 1735 fi
1421 1707 1451 1735 in
1463 1704 1619 1744 splendore
1630 1703 1781 1735 consedit:
1793 1713 1859 1735 tum
1869 1704 1917 1736 vel
1926 1704 2030 1736 eadem
2041 1704 2150 1746 species
2162 1726 2172 1742 ,
2183 1706 2231 1737 vel

1273 1747 1428 1779 interdum
1440 1749 1597 1778 immutata
1607 1745 1752 1777 redditur.

1663 1831 1829 1872 omniaque
1838 1829 2015 1870 hujusmodi
2026 1829 2188 1862 necess‘ar'io
2198 1832 2231 1863 in

1860 1873 1981 1913 speculo
1990 1871 2168 1908 referuntur,

1495 1915 1566 1947 curn
1583 1915 1664 1957 ignis
1682 1915 1841 1946 oculorum
1861 1913 1933 1946 cum
1953 1924 1991 1945 eo
2008 1916 2097 1956 igne,
2117 1917 2171 1957 qui
2189 1914 2232 1947 est

1276 1959 1316 1991 ob
1334 1968 1370 1990 os
1389 1957 1513 1989 offusus.

1485 2044 1518 2074 in
1529 2052 1559 2073 re
1570 2042 1631 2073 levi
1643 2062 1652 2077 ,
1665 2041 1697 2073 δε
1708 2040 1873 2082 splendida,

1278 2128 1306 2158 se
1318 2126 1473 2160 confudit,
1485 2125 1517 2156 δε
1527 2126 1666 2157 contulit·
1681 2127 1794 2156 Dextra
1805 2134 1905 2156 autem
1916 2124 2057 2156 videntur
2067 2146 2075 2160 ,
2086 2136 2151 2167 quae
2161 2125 2234 2158 laeva

1278 2172 1346 2200 sunt
1356 2190 1365 2204 ,
1379 2172 1447 2210 quia
1457 2170 1613 2199 contrariis
1622 2168 1755 2209 partibus
1765 2168 1924 2199 oculorum
1935 2188 1944 2203 ‚
1958 2170 2118 2199 contrarias
2127 2171 2234 2209 parteis

1277 2214 1440 2252 attingunt.

1553 2302 1659 2336 praeter
1677 2304 1795 2326 morer-n
1814 2292 1956 2326 usitatum
1975 2294 2153 2337 adjeffionis
2170 2304 2180 2329 ,
2201 2295 2235 2327 δε

1278 2335 1492 2369 commissurae.

2254 1717 2297 1749 14

1280 2421 1476 2462 Respondent
1486 2430 1584 2452 autem
1596 2421 1698 2453 dextra
1708 2421 1821 2452 dextris
1831 2443 1839 2455 ,
1862 2422 1934 2452 laeva
1946 2421 2030 2452 laevis
2042 2419 2236 2452 conversione
2257 2440 2260 2443 Δ

1280 2465 1434 2494 luminum
1447 2483 1456 2497 ,
1475 2463 1546 2494 cum
1559 2474 1591 2494 ea
1606 2466 1682 2493 inter
1694 2465 1723 2494 se
1733 2474 1796 2494 non
1810 2465 2024 2494 cohaerescunt.
2044 2463 2079 2493 Id
2091 2462 2146 2497 fit,
2163 2462 2235 2494 cum

1281 2507 1468 2545 speculorum
1490 2506 1602 2536 laevitas
1619 2507 1690 2536 hinc
1701 2526 1708 2539 ,
1728 2506 1874 2546 illincque
1889 2505 2079 2535 altitudinem
2095 2503 2236 2538 assumsit,

1279 2549 1364 2578 &ita
1378 2548 1480 2577 dexrra
1490 2547 1611 2578 detrusit
1622 2550 1652 2577 in
1666 2548 1768 2577 laevam
1780 2557 1892 2587 partem
1904 2547 2061 2577 oculorum
2075 2567 2083 2580 ,
2105 2547 2238 2587 laevaque

1281 2593 1312 2620 in
1330 2590 1476 2620 dextram.
1500 2592 1610 2629 Supina
1621 2591 1710 2620 etiam
1725 2599 1775 2619 ora
1787 2598 1949 2619 cernuntur
1958 2587 2130 2628 depulsione
2142 2589 2236 2618 lumi-

1281 2642 1356 2662 num
1367 2643 1371 2660 z
1384 2642 1449 2671 quae
1458 2640 1638 2662 convertens
1647 2630 1790 2661 inferiora
1803 2630 1916 2663 reddit,
1926 2640 1990 2671 quae
2002 2631 2068 2660 sunt
2078 2630 2234 2670 superiora.

1281 2676 1371 2714 Atqui
1382 2675 1444 2703 haec
1453 2675 1558 2703 omnia
1568 2683 1606 2703 ex
1615 2683 1653 2703 eo
1663 2683 1771 2714 genere
1785 2673 1850 2702 sunt
1864 2693 1872 2705 ,
1892 2683 1958 2712 quae
1977 2682 2074 2702 rerum
2093 2672 2234 2709 adjuvant

1278 2716 1390 2746 causas.
1413 2715 1531 2756 Qibus
1547 2713 1826 2745 utiturministeriis
1835 2717 1918 2744 Deus
1930 2734 1938 2747 ‚
1957 2713 2028 2743 cum
2047 2715 2155 2753 optimi
2169 2712 2234 2751 spe-

1279 2760 1357 2788 ciem
1370 2778 1378 2791 ,
1397 2756 1495 2797 quoad
1510 2755 1576 2786 fieri
1592 2755 1705 2796 potest,
1725 2754 1827 2786 efficit.
1850 2756 1905 2786 Sed
1916 2755 2088 2785 existimant
2099 2756 2233 2793 plerique

1282 2800 1417 2830 non-haec
1429 2798 1757 2835 adjuvantiacausarum
1772 2818 1780 2830 ,
1803 2797 1850 2827 sed
1869 2799 1919 2827 has
1932 2798 2007 2837 ipsas
2020 2794 2076 2825 effe
2086 2796 2232 2824 omnium

1283 2842 1379 2872 causas
1389 2842 1549 2881 ‚ssquaevim
1562 2841 1686 2870 habeant
1695 2839 1813 2879 frigoris
1823 2860 1831 2872 ‚
1843 2840 1874 2869 &
1884 2839 2006 2869 caloris:
2017 2838 2233 2870 concretionis,

1282 2884 1450 2923 &liquoris
1464 2894 1468 2911 2
1483 2891 1602 2912 careant
1610 2891 1709 2912 autem
1722 2881 2015 2920 omniintelligentia
2026 2898 2033 2911 ‚
2049 2887 2134 2917 atque
2145 2880 2236 2908 ratio·

1281 2935 1317 2954 ne
1330 2945 1338 2958 ,
1359 2935 1423 2965 quae
1435 2943 1443 2958 ,
1465 2922 1519 2954 nisi
1538 2926 1570 2955 in
1584 2926 1690 2953 animo
1706 2924 1788 2952 nulla
1804 2923 1860 2951 alia
1874 2923 1905 2950 iri
1925 2928 2024 2950 natura
2042 2921 2236 2959 reperiantur.

1280 2970 1409 2997 Animus
1421 2975 1519 2995 autem
1531 2966 1648 2996 sensui-n
1659 2973 1786 2994 omnem
1798 2960 1902 3001 effugit
1912 2961 2081 2991 oculorum.
2098 2964 2135 2990 At
2146 2963 2234 3002 ignis,

1281 3009 1312 3038 &
1323 3019 1393 3049 aqua
1406 3028 1414 3041 ,
1430 3008 1463 3037 ὅ(
1473 3016 1566 3041 terra,
1589 3008 1621 3037 δε
1631 3007 1678 3037 ε’έι·
1688 3026 1697 3039 ,
1718 3014 1841 3043 corpora
1853 3004 1921 3034 sunt
1930 3023 1938 3036 ,
1961 3013 2051 3042 eaque
2062 3012 2234 3033 cernuntur.

1277 3048 1370 3080 lliu'rn
1382 3059 1481 3079 autem
1495 3069 1503 3082 ‚
1516 3052 1566 3090 qui
1579 3047 1784 3087 intelligentiae
1793 3065 1800 3078 ,
1814 3045 2022 3085 sapientiaeque
2033 3044 2059 3074 se
2070 3053 2234 3075 amatorem

1273 3091 1448 3133 profitetur,
1464 3089 1587 3123 ,neceffe
1600 3088 1642 3120 est
1652 3109 1661 3124 ,
1678 3087 1875 3128 intelligentis
1886 3107 1895 3121 ,
1918 3086 2113 3127 sapientisque
2122 3095 2235 3131 naturae

1292 3151 1298 3156 -
2126 3135 2236 3167 primas
