2337 3400
151 705 186 730 11

160 2003 202 2027 ¹2

193 152 294 216 484
597 147 1101 196 M.Tut.1.it

198 237 288 268 sentis
298 235 404 266 honori
415 231 524 266 fuisti-t,
536 232 562 261 ei
575 241 654 261 meas
662 229 793 271 praeftntis
802 238 901 268 preces
911 237 974 258 non
987 235 1070 267 putas
1080 235 1151 266 pro-

200 277 289 308 fuisse
300 281 309 298 >
333 281 380 306 An
392 274 613 304 Minturnenses
623 274 746 305 coloni,
757 270 839 312 quod
851 272 884 300 C.
896 271 1027 299 Marium
1043 272 1051 287 ¹
1065 277 1101 297 ex
1112 269 1155 297 ci-

202 321 258 349 vili
269 328 363 348 errore
375 338 383 350 ‚
404 325 490 357 atque
499 325 536 345 ex
548 316 649 354 impiis
660 313 799 343 manibus
809 315 1000 351 eripuerunt,
1019 308 1102 349 quod
1113 319 1156 339 te-

205 360 255 390 &i
273 368 461 398 receperunt:
481 356 563 397 quod
578 354 684 386 fess‘iim
698 354 814 388 inedia,
835 352 1034 393 fluctibusque
1048 360 1157 381 recrea-

205 411 276 432 runt
289 411 293 428 :
312 399 393 441 quod
409 402 552 429 viaticum
563 395 771 438 congess'erunt
784 406 789 425 z
810 394 892 436 quod
904 397 1058 436 navigium
1068 392 1158 423 dede-

205 452 291 473 runt:
312 441 395 482 quod
412 451 482 470 eum
497 441 686 480 linquentem
699 448 804 468 teriam
816 447 881 467 eam
895 457 904 469 ‚
923 445 1014 477 quam
1026 436 1158 465 servave-

204 493 247 514 rat
259 504 267 517 ‚
286 484 423 522 lacrymis
434 503 442 516 ‚
464 485 478 501 ²
492 483 625 522 »forisque
637 479 780 510 omnibus
791 479 938 519 prosecuti
949 478 1034 511 sunt,
1053 485 1160 507 aeterna

206 527 239 556 in
251 525 336 555 laude
347 525 513 554 versantur:
533 524 654 554 Plancio
664 542 673 556 ‚
684 521 767 562 quod
777 531 826 551 me
837 520 883 550 vel
893 530 924 550 vi
935 519 1053 559 pulsum
1067 539 1074 552 ,
1090 522 1102 545 3
1114 517 1160 547 vel

205 569 319 598 ratione
329 566 486 597 cedentem
504 566 663 604 receperit,
683 564 811 603 juverit,
831 560 1021 594 custodierit,
1043 562 1107 593 his,
1129 559 1161 589 &

208 609 339 641 senatui,
360 608 532 649 populoque
551 609 646 636 Rom.
667 614 699 636 ut
717 605 858 635 haberent
875 603 955 644 quod
977 602 1161 634 reducerent,

207 651 406 680 conservarit:
425 651 534 679 honori
544 649 618 678 hanc
630 646 719 678 fidem
732 667 740 680 ,
753 646 990 676 misericordiam
999 664 1007 678 ,
1019 646 1160 674 viitutem

209 691 424 722 fuiss'emiraris
441 694 451 720 ?
474 693 553 720 Vitia
564 689 734 719 mehercule
746 709 754 722 ,
773 698 817 718 res
829 689 872 717 ha:
883 707 891 720 ‚
912 690 965 716 Cn.
977 686 1106 718 Plancii,
1126 684 1161 714 de

211 735 320 775 quibus
331 734 414 766 dixi,
427 742 521 773 tegere
532 740 693 772 potuerunt
706 741 710 760 :
723 740 761 760 ne
775 731 849 759 tuin
861 739 892 758 ea
902 738 961 758 vita
972 748 980 761 ‚
992 728 1028 757 de
1037 728 1162 772 quajam
1186 731 1187 741 ¹

211 778 308 806 dicam
321 795 329 808 ‚
343 784 386 805 toi
397 795 404 808 ‚
418 766 538 804 &tanta
546 773 736 813 adjumenta,
749 773 819 801 huic
830 791 838 804 ‚
854 772 963 799 honori
976 768 1061 799 ruisie
1074 777 1163 797 mire-

209 827 250 848 re.
276 819 334 847 Hic
345 816 386 846 est
395 818 491 849 enim,
503 817 554 856 qui
563 813 798 844 adolescentulus
807 822 878 841 cum
890 814 914 841 A
929 815 1082 851 Torquato
1094 819 1164 848 pro-

207 858 307 889 fectus
325 861 359 888 in
371 857 503 888 Africam
515 878 522 891 ‚
543 855 580 886 sic
592 856 628 886 ab
641 856 696 885 illo
709 852 877 895 graViffimo
888 873 896 886 ,
919 853 951 882 &
971 850 1162 883 sanfftiffimm

210 910 297 942 atque
315 903 402 930 omni
422 899 506 930 laude
518 920 526 932 ,
547 899 578 928 &
590 899 703 927 bonore
715 894 887 937 digniffimo
897 897 962 924 viro
973 893 1100 923 (11166105
1113 891 1165 924 est,

210 952 245 973 ut
264 943 296 973 &
309 940 479 972 contubernii
496 937 675 970 necessitudo
686 958 694 972 ‚
714 935 969 967 &adolescentuli
987 931 1166 964 111οά611011-

212 987 258 1014 mi
274 984 369 1024 pudor
386 982 561 1023 postulabat.
584 982 661 1020 4qui
677 979 696 1009 si
710 976 836 1009 adess'et:
856 987 920 1008 non
931 975 1035 1006 minus
1051 976 1101 1005 ille
1115 974 1166 1005 de—

211 1027 333 1056 clararet
343 1046 351 1059 ,
371 1026 461 1066 quiim
476 1025 525 1052 hie
540 1024 621 1052 illius
631 1020 865 1060 iraterpatruelis
875 1040 883 1053 ,
905 1019 937 1049 &
949 1019 1028 1048 socer
1039 1020 1077 1047 T.
1089 1019 1169 1047 Tor-

211 1077 336 1109 quatus,
355 1068 400 1096 illi
416 1067 503 1095 omni
518 1066 646 1096 virtute,
667 1063 700 1092 &
718 1061 802 1092 laude.
821 1071 889 1101 par:
910 1061 963 1101 qui
980 1059 1022 1089 cst
1042 1059 1167 1100 quidem

213 1120 284 1140 cum
299 1109 352 1138 illo
364 1108 508 1138 maximis
521 1105 653 1135 vinculis
664 1105 696 1134 &
706 1105 936 1144 propinquitatis
948 1121 956 1135 ,
977 1102 1008 1130 &
1018 1100 1170 1130 affinitatis
1192 1112 1193 1119 .

215 1149 416 1186 conjunstus:
437 1148 486 1178 sed
504 1148 545 1177 ita
565 1148 666 1187 magni
683 1148 795 1176 amoris
807 1165 815 1178 ,
835 1144 935 1175 utillae
946 1140 1168 1173 neceffitudinis
1193 1152 1194 1166 1

212 1193 304 1224 causae
316 1212 324 1225 ,
344 1193 423 1220 leves
433 1188 488 1219 csse
499 1189 666 1219 videantur.
691 1189 758 1217 Fuit
768 1189 799 1216 in
811 1189 894 1216 Creta
902 1184 1002 1225 postea
1011 1182 1171 1213 contuber-

214 1235 290 1264 nalis
309 1233 479 1265 Saturnini,
497 1232 660 1270 propinqui
681 1229 726 1259 sui
748 1239 754 1257 :
777 1228 864 1257 miles
885 1228 973 1265 liujus
1155 1261 1162 1267 .

214 1276 326 1316 quibus
334 1273 405 1305 cum
415 1273 505 1303 fuerit
514 1269 882 1312 probatiffimus‚hodique
893 1266 942 1297 sit:
960 1265 1105 1296 omnibus
1115 1262 1172 1294 efle

215 1319 245 1349 se
255 1317 412 1357 probatum
422 1315 511 1345 debet
522 1314 641 1354 sperare.
667 1315 702 1342 In
720 1322 752 1341 ea
770 1312 922 1351 provincia
940 1309 1052 1348 legatus
1069 1306 1172 1336 fuitc.

213 1359 357 1390 Sacerdos
369 1369 374 1387 1
389 1367 447 1398 qua
454 1359 564 1386 virtute
576 1375 584 1389 ‚
597 1365 654 1396 qua
662 1353 827 1384 constantia
837 1354 901 1382 vir?
927 1351 1087 1380 L.Flaccus
1099 1358 1104 1377 :
1120 1349 1172 1388 qui

216 1402 336 1431 homo?
354 1402 406 1440 qui
417 1400 513 1428 civis?
533 1397 653 1438 qualem
664 1397 744 1425 hunc
753 1403 875 1434 putent:
896 1390 1057 1422 affiduitate
1067 1409 1076 1424 ,
1091 1389 1174 1420 testi·-

218 1444 388 1482 monioque
400 1441 558 1470 declarant.
572 1442 609 1469 In
619 1437 799 1468 Macedonia
809 1435 947 1465 tribunus
958 1433 1095 1463 militum
1106 1431 1173 1461 fuit:

215 1486 250 1515 in
271 1484 374 1514 eadem
395 1483 550 1522 provincia
568 1479 668 1521 postea
685 1477 823 1519 quaestor.
846 1475 985 1507 Primum
996 1473 1175 1504 Macedonia

216 1525 256 1556 fic
269 1535 340 1556 eum
354 1525 471 1565 diligit,
491 1523 667 1554 utindicant
676 1522 708 1551 hi
717 1521 866 1560 principes
874 1519 1032 1547 civitatum
1044 1515 1172 1545 suarum:

217 1570 271 1609 qui
285 1567 356 1598 ci'im
371 1564 448 1596 miffi
458 1564 513 1594 sint
523 1565 563 1594 ob
572 1564 660 1594 aliam
670 1562 784 1593 causam
796 1580 804 1594 ‚
825 1568 926 1590 tamen
939 1559 1028 1597 hujus
1042 1557 1174 1596 repenti-

216 1620 259 1640 no
279 1609 411 1649 periculo
429 1608 579 1638 commoti
595 1625 603 1639 ,
624 1605 694 1634 huic
711 1602 833 1633 assident
848 1622 856 1635 ‚
880 1610 933 1641 pro
952 1601 1011 1629 hoc
1028 1599 1171 1628 laborant:

216 1652 287 1681 huic
307 1649 327 1680 si
345 1649 451 1691 praesto
470 1648 583 1679 fuerint
594 1668 602 1680 ‚
622 1648 730 1687 gratius
745 1645 772 1675 se
785 1643 956 1674 civitatibus
971 1642 1029 1672 suis
1043 1639 1172 1670 13810105

217 1701 341 1734 putant,
363 1692 454 1733 quam
472 1689 492 1720 si
511 1691 691 1731 legationem
703 1707 711 1721 ‚
734 1685 913 1717 &mandata
923 1684 971 1714 sua
981 1681 1176 1714 confecerint.

218 1738 255 1766 L.
266 1734 338 1764 vero
348 1734 491 1774 Apuleius
502 1733 581 1762 hunc
591 1733 665 1761 tanti
675 1729 745 1760 facit
756 1749 764 1763 ‚
784 1737 817 1758 ut
834 1737 953 1757 morem
970 1727 1060 1756 illum
1079 1725 1177 1764 majo-

217 1787 286 1808 rum
298 1796 306 1810 ‚
318 1778 369 1817 qui
379 1774 538 1815 praescribit
547 1793 555 1807 ,
567 1776 598 1802 in
608 1779 756 1808 parentum
764 1778 820 1799 loco
830 1768 1027 1810 quaestoribus
1036 1768 1094 1797 suis
1103 1776 1178 1806 prae-

221 1827 301 1849 tores
322 1816 378 1847 effe
397 1824 553 1856 oportere,
577 1813 686 1844 officiis
706 1833 714 1846 ‚
739 1811 1010 1850 benevolentiaque
1028 1809 1177 1848 superarit.

219 1860 376 1890 Tribunus
400 1858 495 1898 plebis
509 1856 568 1886 fuit
584 1865 647 1886 non
667 1852 787 1885 fortafl‘e
806 1863 864 1884 tam
883 1853 1067 1884 vehemens,
1087 1849 1178 1889 quarn

221 1901 270 1932 isti
283 1922 291 1935 ,
312 1905 407 1942 5quos
417 1909 449 1929 tu
461 1899 522 1935 jure
532 1897 632 1928 laudas
645 1907 649 1925 ε
669 1896 718 1927 sed
727 1895 804 1925 certe
816 1896 882 1925 talis
894 1914 902 1928 ,
924 1893 1027 1933 quales
1037 1890 1055 1920 si
1067 1900 1176 1921 omnes

219 1944 334 1983 semper
343 1936 465 1972 iuist'ent
475 1960 483 1975 ,
502 1949 670 1980 numquam
682 1936 859 1968 desideratus
870 1936 1035 1965 vehemens
1045 1932 1177 1964 61161111-

221 1985 332 2016 bunus.
357 1985 474 2014 Omitto
483 1982 533 2013 illa
545 2002 554 2016 ,
569 1980 583 2002 ⁶
592 1991 657 2023 quae
668 1979 689 2010 si
698 1982 801 2009 minus
812 1980 844 2008 in
855 1978 940 2009 scena
949 1977 1018 2009 sunt
1028 1995 1037 2012 ‚
1049 1985 1078 2008 at
1087 1974 1178 2011 certe,
1199 1997 1201 2000 -

220 2026 292 2058 cum
305 2026 514 2068 suntprolata,
534 2025 708 2056 laudantur:
731 2031 762 2053 ut
773 2023 854 2052 vivat
864 2031 934 2051 cum
945 2022 1016 2052 suis:
1042 2018 1178 2061 primum
1199 2034 1201 2041 ·

221 2080 292 2100 cum
304 2079 424 2109 parente
434 2068 517 2108 (nam
537 2077 607 2098 meo
622 2067 737 2108 judicio
756 2073 872 2096 rim-As
887 2062 1122 2094 fundamentum
1137 2062 1179 2093 est

219 2114 363 2142 omnium
375 2111 535 2151 virtutum)
548 2120 638 2151 quern
652 2117 784 2142 veretur,
801 2117 833 2138 ut
842 2108 934 2138 deum
948 2127 956 2141 ‚
972 2106 1083 2147 (neque
1093 2106 1177 2135 enim

219 2155 320 2183 multo
331 2154 411 2183 secus
420 2152 644 2192 parensliberis)
654 2149 814 2181 amarvero
824 2170 833 2183 ‚
853 2158 885 2179 ut
900 2149 1032 2179 sodalem
1045 2168 1052 2181 ‚
1071 2156 1104 2177 ut
1118 2146 1177 2177 fra-

218 2205 296 2226 trem
308 2215 316 2228 ,
338 2204 370 2224 ut
378 2194 533 2234 aequalem.
556 2193 638 2235 Qid
649 2193 746 2223 dicam
761 2202 830 2222 cum
848 2192 974 2231 patruo?
994 2200 1066 2220 cum
1077 2187 1177 2219 affini-

219 2237 295 2268 bus?
315 2246 385 2266 cum
396 2237 588 2276 propinquis?
611 2244 681 2265 cum
694 2235 750 2264 hoc
765 2236 820 2263 Cn.
830 2234 991 2263 Saturnino
1003 2252 1012 2266 ,,
1032 2229 1178 2261 ornatissi-

221 2288 276 2308 mo
293 2280 380 2307 viro?
399 2278 483 2316 cujus
497 2285 636 2317 quantam
652 2276 777 2305 honoris
787 2275 876 2313 hujus
885 2273 1078 2313 cupiditatem
1089 2270 1177 2302 fuiffe

221 2319 342 2351 creditis
356 2339 364 2353 ‚
383 2318 454 2348 cum
467 2319 592 2348 videatis
602 2316 700 2347 luctus
712 2317 879 2346 societatem
891 2318 902 2343 ?
925 2315 1006 2356 Qid
1018 2315 1054 2344 de
1069 2324 1119 2343 me
1132 2314 1179 2343 di-

221 2371 288 2392 cam
303 2364 313 2390 ?
329 2362 381 2402 qui
393 2361 469 2390 mihi
482 2362 513 2389 in
524 2360 614 2399 hujus
622 2358 758 2399 periculo
767 2366 833 2386 reus
844 2354 900 2385 ess'e
910 2357 1034 2385 videor?
1051 2355 1125 2395 quid
1142 2354 1180 2384 de

222 2404 270 2433 his
281 2411 326 2433 tot
335 2403 407 2433 viris
420 2401 529 2432 talibus
540 2421 548 2435 ‚
567 2410 643 2441 quos
653 2399 761 2430 videtis
771 2397 850 2428 veste
861 2399 994 2426 mutata?
1017 2397 1110 2436 Atqui
1118 2397 1180 2425 haec

220 2443 409 2476 suntindicia
419 2443 528 2476 solida,
538 2443 652 2482 judices
667 2461 675 2475 ,
693 2441 725 2471 86
746 2436 879 2480 expressa
892 2450 900 2472 ·,
914 2439 979 2468 haec
990 2436 1068 2478 figna
1077 2437 1182 2476 probi—

222 2488 288 2517 tatis
299 2506 307 2520 ,
320 2495 382 2516 non
385 2485 492 2524 fucata
501 2483 610 2514 forensi
627 2484 721 2523 specie
733 2502 740 2515 ,
753 2482 802 2512 sed
812 2479 986 2511 domesticis
996 2478 1094 2509 inusta
1103 2480 1183 2508 notis

222 2529 366 2558 veritatis.
387 2526 483 2557 facilis
497 2525 539 2556 est
552 2526 604 2555 illa
614 2525 776 2556 occursatio
788 2543 796 2557 ‚
818 2523 851 2552 &
863 2521 1006 2552 blanditia
1014 2521 1182 2561 popularis:

223 2569 383 2610 adspicitur
391 2588 400 2603 ‚
413 2566 654 2599 non-attrectatur
666 2578 671 2596 ι
682 2566 786 2607 procul
797 2573 932 2604 apparet,
944 2573 1008 2593 non
1019 2565 1183 2593 excutitur:

219 2655 316 2664 »—

993 1223 1170 1264 QMetelli.
1194 1229 1195 1234 ¹

1181 146 1724 197 Crcanon1s

1179 243 1182 277 3
1204 239 1269 259 non
1287 231 1318 259 in
1337 238 1445 260 manus
1463 230 1599 262 sumitur.
1628 232 1782 263 Omnibus
1800 232 1891 274 igitur
1906 229 1993 262 rebus
2010 238 2153 262 ornatum

1204 272 1362 318 hominem
1376 292 1384 305 ,
1401 271 1481 312 7qua
1490 274 1622 304 externis
1634 293 1643 307 ,
1661 275 1718 315 qua
1726 274 1899 305 domesticis
1912 285 1917 303 z
1936 273 2098 303 nonnullis
2105 283 2153 303 re·

1204 312 1258 343 bus
1268 318 1441 343 interiorem
1454 333 1463 347 ‚
1473 313 1564 361 quam
1575 323 1602 345 te
1612 334 1622 348 ‚
1632 317 1789 356 generis&
1800 317 1935 346 nominis
1944 335 1952 349 ,
1965 314 2033 344 dico
2044 324 2050 343 τ
2069 315 2156 354 supe-

1204 355 1313 384 riorem
1324 355 1389 385 aliis
1400 374 1409 388 ,
1424 356 1614 395 municipum
1628 376 1637 391 ‚
1650 359 1822 388 vicinorum
1832 377 1840 392 ‚
1856 358 2030 388 societatum
2041 354 2154 389 studio,
2186 370 2190 374 -

1204 404 1374 436 temporum
1386 406 1526 426 meorum
1538 399 1686 428 memoria
1698 409 1704 427 2
1725 394 1739 418 ⁸
1748 409 1848 444 parem
1857 401 1966 429 virtute
1977 419 1985 432 ,
2001 398 2157 438 integrita-

1181 462 1183 484 1
1205 446 1231 484 te
1245 457 1252 470 ,
1274 437 1419 468 modestia
1433 449 1439 470 3
1459 438 1576 468 aedilem
1586 437 1700 470 13610111
1711 439 1768 470 efle
1781 443 1916 470 miraris?
1939 442 2030 470 Hunc
2043 448 2075 469 tu
2087 439 2159 470 vitae

1181 488 1183 519 1
1207 479 1395 518 iplendorem
1411 480 1535 509 maculis
1552 480 1698 522 adspergis
1715 481 1799 511 istis?
1819 483 1898 522 Jacis
1910 481 2069 514 adulteria,
2089 489 2157 520 quae

1182 523 1184 546 1
1207 531 1300 550 nemo
1313 524 1328 546 9
1339 531 1401 550 non
1413 520 1508 550 modo
1519 524 1646 552 nomine
1654 542 1663 556 ‚
1674 523 1723 553 sed
1733 533 1770 552 ne
1781 524 1946 562 suspicione
1954 523 2077 562 quidem
2088 521 2160 562 pos-

1182 576 1184 582 *
1207 560 1240 592 sit
1249 563 1413 610 agnoscere.
1439 565 1468 582 ¹0
1479 564 1657 593 Bimaritum
1667 564 1794 604 appellas
1805 583 1814 597 ,
1827 572 1860 593 ut
1869 563 1955 593 verba
1966 562 2057 603 fingas
2070 582 2079 596 ,
2091 572 2157 592 non

1184 641 1185 645 Ἰ
1208 604 1306 634 solum
1316 606 1453 634 crimina.
1475 603 1613 634 Dubium
1622 604 1679 634 ess'e
1693 607 1729 635 ab
1740 615 1775 634 eo
1785 607 1818 634 in
1827 605 2014 645 provinciam
2026 604 2160 644 aliquem

1184 664 1186 690 3
1208 645 1283 676 dicis
1295 666 1302 680 ‚
1315 646 1451 676 libidinis
1461 646 1551 676 causa.
1574 646 1655 687 quod
1666 656 1730 676 non
1739 648 1856 677 crimen
1865 645 1970 680 est‚sed
1990 650 2013 665 ¹¹
2025 647 2162 684 impuni-

1211 697 1275 717 tum
1299 690 1330 717 in
1354 687 1502 718 maledico
1528 688 1732 718 mendacium.
1765 690 1891 728 Raptam
1910 685 1968 717 esse
1984 687 2160 717 mimulam.

1186 747 1187 750 =
1209 729 1291 770 quod
1309 729 1418 759 dicitur
1437 731 1537 759 Atina:
1554 728 1668 759 fastum
1687 731 1704 760 a
1726 730 1833 765 iuvene
1845 749 1853 763 ,
1873 738 1971 760 vetere
1983 728 2114 769 quodam
2130 730 2162 758 'in

1212 771 1344 800 scenicos
1353 771 1418 810 jure
1430 791 1438 803 ‚
1451 773 1644 812 maximeque
1654 771 1815 811 oppidano.
1832 773 1859 801 O
1868 770 2094 801 adolescentiam
2106 779 2163 799 tra-

1211 811 1331 842 duttam
1350 813 1514 853 eleganter!
1533 814 1580 842 cui
1593 813 1718 853 quidem
1732 812 1822 846 cum,
1841 813 1923 853 quod
1934 812 2065 846 licuerit,
2083 811 2165 851 obji-

1210 862 1302 884 ciatur
1313 874 1320 887 ‚
1342 863 1444 883 tamen
1464 853 1493 883 id
1513 854 1612 894 ipsum
1631 853 1737 884 falsum
1758 857 1933 894 reperiatur.
1961 851 2092 884 Emissus
2110 853 2168 883 ali-

1189 921 1190 927 ,
1211 897 1277 935 quis
1295 895 1310 924 e
1323 905 1432 925 carcere
1445 915 1453 928 ‚
1476 895 1508 924 &
1519 896 1642 936 quidem
1655 894 1777 925 emissus
1787 894 2002 936 (utcognost'is)
2013 893 2166 924 necessarii

1215 938 1352 966 hominis
1365 956 1372 970 ‚
1393 938 1562 977 optimique
1571 937 1766 967 adolescentis
1777 946 1877 978 rogatu
1893 948 1899 966 z
1921 937 2004 966 idem
2026 939 2052 956 ¹²
2064 934 2166 976 postea

1214 978 1421 1018 praemandatis
1440 977 1607 1018 requisitus.
1638 981 1736 1020 Atque
1754 980 1835 1012 haec,
1856 989 1910 1008 nec
1927 978 1988 1008 ulla
2004 978 2078 1010 alia,
2098 977 2166 1008 sunt

1215 1019 1350 1058 conjecta
1360 1019 1517 1050 maledieta
1526 1021 1559 1049 in
1571 1020 1633 1059 ejus
1644 1022 1736 1050 vitam
1749 1040 1758 1053 ‚
1771 1020 1807 1051 de
1817 1021 1901 1060 cujus
1910 1030 1965 1050 vos
1974 1019 2087 1059 pudore
2097 1038 2106 1052 ‚
2118 1028 2167 1048 16-

1215 1061 1329 1100 ligione
1342 1080 1350 1094 ,
1368 1063 1536 1101 integritate
1554 1061 1706 1091 dubitetis.
1729 1065 1811 1092 Pater
1824 1061 1914 1095 vero,
1937 1063 2055 1102 inquit,
2074 1062 2166 1090 etiam

1217 1101 1297 1138 obesse
1299 1101 1363 1140 filio
1373 1102 1471 1131 debet.
1496 1105 1522 1132 O
1533 1112 1639 1132 vocem
1649 1103 1765 1136 duram,
1777 1113 1862 1143 atque
1873 1103 2029 1144 indignam
2040 1111 2088 1132 tua
2095 1111 2168 1141 pro-

1193 1168 1194 1177 .
1219 1144 1307 1172 bitate
1318 1163 1326 1176 ,
1348 1142 1528 1175 Laterensis!
1553 1146 1634 1173 Pater
1647 1154 1679 1173 ut
1691 1144 1846 1183 injudicio
1856 1147 1959 1184 capitis
1971 1164 1979 1176 ,
1999 1145 2166 1183 paterutin

1193 1212 1195 1220 ,
1216 1184 1412 1228 dimicatione
1430 1183 1618 1214 fortunarum
1628 1204 1637 1218 ,
1657 1193 1737 1224 pateiv
1749 1194 1781 1215 ut
1793 1185 1872 1224 apud
1885 1186 1966 1215 taleis
1977 1187 2059 1214 viros
2069 1183 2169 1214 obesse

1218 1226 1283 1255 ulio
1293 1225 1416 1255 debeat?
1430 1224 1513 1265 quisi
1523 1223 1594 1255 ess'et
1603 1224 1785 1265 turpiffimus
1796 1246 1804 1259 ,
1815 1225 2032 1256 sordidiffimus
2045 1237 2050 1255 ;
2067 1235 2170 1256 tamen

1217 1267 1282 1307 ipso
1292 1268 1420 1297 nomine
1431 1268 1527 1306 patrio
1537 1267 1646 1297 valeret
1654 1267 1731 1307 apud
1739 1268 1914 1298 clementeis
1920 1267 2036 1308 judices
2045 1287 2055 1301 ‚
2066 1267 2098 1297 ὃς
2109 1268 2172 1296 mi-

1217 1309 1394 1339 sericordes:
1406 1309 1517 1339 valeret
1527 1328 1537 1342 ‚
1547 1310 1670 1349 inquam
1681 1329 1691 1343 ‚
1703 1311 1862 1339 communi
1872 1310 1958 1340 sensu
1968 1311 2122 1343 omnium,
2135 1308 2170 1339 8ε

1218 1348 1385 1380 dulciffima
1398 1350 1631 1380 commendatione
1644 1359 1756 1380 natura.
1779 1351 1836 1381 Sed
1844 1350 1914 1381 cum
1925 1350 1958 1381 sit
1967 1354 2021 1382 Cn.
2031 1351 2171 1382 Plancius

1219 1395 1244 1422 is
1262 1402 1351 1433 eques
1361 1394 1455 1422 Rom.
1469 1402 1501 1422 ea
1518 1391 1652 1432 primurn
1667 1392 1812 1424 vetustate
1824 1392 1966 1434 equestris
1983 1393 2098 1423 ordinis
2109 1411 2118 1426 ,
2138 1400 2173 1424 ut

1218 1443 1298 1475 pater
1307 1454 1316 1467 ‚
1329 1442 1361 1464 ut
1370 1444 1442 1464 avus
1454 1454 1463 1468 ‚
1483 1443 1516 1463 ur
1525 1435 1654 1474 majores
1663 1436 1727 1473 ejus
1737 1445 1844 1465 omnes
1853 1455 1861 1468 ‚
1876 1436 1992 1475 equites
1999 1437 2093 1465 Rom.
2104 1432 2174 1464 fue·

1218 1477 1296 1508 rint,
1317 1476 1471 1505 summum
1483 1476 1517 1505 in
1527 1475 1701 1515 praefec'tura
1710 1475 1916 1506 florentiffima
1924 1476 2049 1517 gradum
2067 1485 2175 1506 tenue-

1220 1519 1280 1547 rint
1290 1517 1483 1558 &dignitatis
1494 1537 1503 1550 ,
1519 1518 1552 1547 &
1569 1520 1682 1559 gratiae:
1701 1517 1809 1548 deinde
1820 1538 1828 1552 ,
1847 1527 1880 1548 ut
1888 1520 1949 1558 ipse
1958 1520 1990 1547 in
2000 1517 2174 1559 legionibus

1220 1562 1253 1590 P.
1263 1557 1350 1588 Craffi
1360 1578 1369 1592 ,
1388 1560 1574 1598 imperatoris
1584 1579 1593 1592 ,
1609 1561 1687 1589 inter
1698 1559 1897 1590 ornatiffimos
1907 1561 2048 1590 homines
2058 1579 2067 1593 2
2085 1560 2175 1599 equi-

1196 1629 1199 1646 Ῑ
1220 1610 1262 1631 tes
1274 1603 1365 1632 Rom.
1378 1600 1499 1630 summo
1510 1600 1668 1640 splendore
1678 1601 1782 1631 fuerit:
1800 1611 1831 1631 ut
1839 1601 1939 1641 postea
1948 1603 2084 1641 princeps
2093 1602 2173 1630 intei-

1196 1653 1198 1693 1
1221 1643 1306 1675 suos:
1324 1642 1523 1683 plurimarum
1536 1652 1634 1675 rerum
1653 1641 1870 1676 sanffiffimus,
1889 1643 1922 1673 &
1935 1641 2112 1682 justiffirnus
2124 1642 2176 1681 ju-

1196 1702 1199 1742 *
1221 1685 1295 1717 dex:
1317 1686 1518 1716 maximarum
1538 1684 1711 1714 societatum
1730 1683 1833 1717 306101
1845 1695 1850 1713 ;
1869 1685 2067 1724 plurimarum
2079 1685 2177 1724 magi-

1197 1748 1199 1774 1
1224 1727 1296 1759 ster:
1307 1725 1328 1756 si
1338 1736 1401 1756 non
1413 1724 1507 1756 modo
1517 1727 1550 1755 in
1562 1736 1596 1755 eo
1607 1726 1825 1768 nihilumquam
1834 1727 1955 1767 reprehen
1953 1726 2019 1764 sum
2029 1745 2037 1759 ‚
2047 1724 2097 1755 sed
2108 1725 2174 1754 lau-

1197 1779 1200 1812 1
1223 1769 1288 1799 data
1298 1769 1365 1798 sunt
1375 1770 1479 1797 omnia
1491 1778 1496 1796 :
1518 1776 1619 1797 tamen
1632 1769 1657 1797 is
1672 1768 1768 1798 oberit
1781 1766 1988 1797 honestissimo
2002 1765 2067 1796 filio
2079 1774 2174 1805 pater,

1198 1823 1200 1849 ,¹
1222 1812 1274 1850 qui
1287 1810 1335 1840 vel
1350 1807 1455 1839 mini‘is
1468 1808 1629 1839 honestum
1641 1828 1650 1842 ‚
1671 1809 1704 1839 &
1714 1810 1848 1839 alienum
1858 1811 1933 1839 tueri
1941 1808 1990 1838 vel
2000 1807 2177 1838 austeritate

1199 1861 1200 1869 ¹
1225 1853 1273 1882 sua
1283 1871 1292 1885 ‚
1301 1851 1349 1881 vel
1359 1853 1447 1892 gratia
1456 1848 1564 1889 possit?
1587 1850 1726 1889 Asperius
1737 1871 1746 1884 ,
1757 1853 1872 1892 inquit,
1884 1851 2002 1880 locutus
2012 1849 2054 1879 est
2064 1848 2178 1890 aliquid

1222 1893 1396 1933 aliquando.
1420 1890 1524 1921 Immo
1537 1890 1654 1922 fortass'e
1667 1892 1806 1923 liberius.
1829 1895 1869 1922 At
1884 1892 1916 1922 id
1932 1892 2049 1932 ipsum,
2066 1892 2178 1931 inquit,

1225 1945 1289 1964 non
1307 1933 1349 1964 est
1362 1930 1532 1963 ferendum.
1558 1936 1635 1974 Ergo
1652 1934 1684 1963 hi
1702 1933 1817 1964 ferendi
1834 1935 1926 1968 sunt„
1940 1935 2176 1974 quiqueruntur,

1224 1977 1390 2008 libertatem
1406 1976 1514 2016 equitis
1527 1977 1621 2008 Rom·
1636 1975 1665 2008 se
1681 1974 1756 2007 ferre
1776 1987 1841 2006 non
1858 1974 1961 2016 poss'e?
1984 1976 2107 2005 ubinam
2126 1974 2180 2004 ille

1226 2024 1316 2054 mos?
1335 2018 1385 2051 ubi
1398 2018 1446 2051 ill-i
1457 2022 1577 2060 aequitas
1589 2020 1682 2055 iuris?
1701 2019 1755 2051 ubi
1765 2019 1816 2050 illa
1824 2019 1948 2060 antiqua
1957 2015 2072 2046 libertas
2082 2036 2093 2049 ,
2111 2025 2179 2056 quae

1225 2064 1314 2095 malis
1325 2062 1457 2104 oppressii
1466 2062 1608 2093 civilibus
1618 2063 1762 2092 extollere
1768 2063 1831 2103 jam
1846 2069 1930 2102 caput
1940 2080 1949 2093 ‚
1970 2060 2002 2089 &
2017 2057 2179 2100 aliquando

1224 2115 1349 2137 recreata
1362 2128 1373 2140 ,
1390 2106 1419 2137 se
1436 2107 1476 2135 eri
1499 2115 1546 2135 ere
1564 2104 1710 2135 debebat?
1726 2106 1861 2145 equitum
1873 2112 1928 2144 ego
1938 2104 2032 2132 Rom.
2043 2101 2179 2130 etiamin

1225 2150 1367 2179 homines
1376 2148 1485 2178 nobilil
1501 2156 1580 2176 imos
1592 2145 1760 2180 maledicta,
1770 2146 2001 2186 publicanorum
2011 2144 2044 2173 in
2054 2144 2180 2182 QScae-

1223 2191 1325 2220 volam
1338 2210 1347 2224 ,
1358 2192 1458 2220 virum
1469 2189 1615 2219 omnibus
1625 2190 1750 2230 ingenio
1760 2209 1768 2222 ,
1781 2187 1892 2228 justitia
1903 2207 1912 2219 ,
1928 2186 2093 2226 integritate
2102 2192 2180 2222 prae-

1226 2232 1351 2262 stantem
1365 2252 1373 2266 ‚
1395 2231 1493 2272 aspere.
1504 2251 1512 2264 ‚
1534 2231 1566 2260 ὃ(
1576 2230 1715 2261 ferociter
1724 2250 1733 2264 ‚
1750 2228 1885 2260 &libere
1897 2226 1976 2256 dieta
1984 2233 2178 2255 commemo-

1224 2276 1309 2303 rem?
1333 2274 1456 2304 Consuli
1472 2276 1505 2303 P.
1517 2271 1627 2302 Nasicae
1645 2281 1742 2311 praeco
1756 2271 1904 2302 Granius,
1923 2267 2026 2297 medio
2045 2269 2078 2296 in
2096 2265 2177 2302 foro,

1225 2314 1296 2345 cum
1307 2315 1359 2344 ille
1367 2334 1376 2348 ,
1387 2312 1611 2352 6ἀ1ἐ10101ὶ1110
1621 2333 1629 2346 ,
1642 2313 1771 2342 domum
1782 2309 1964 2341 descendens
1972 2307 2096 2350 rogaffet
2105 2309 2179 2337 Gra-

1227 2357 1315 2385 nium
1327 2375 1334 2389 ,
1347 2355 1418 2397 quid
1432 2353 1522 2384 tristis
1531 2352 1600 2383 ess'et
1613 2365 1617 2382 :
1639 2363 1675 2383 an
1685 2353 1767 2394 quod
1776 2352 1930 2383 auctiones
1941 2349 2053 2381 essent?
2075 2348 2179 2380 Immo

1226 2396 1300 2426 verb
1312 2416 1320 2428 ‚
1343 2397 1442 2436 inquit
1454 2415 1462 2428 ,
1482 2394 1564 2436 quod
1575 2395 1721 2436 legiones.
1744 2394 1966 2425 Idemtribuno
1979 2391 2059 2432 pleb.
2073 2401 2181 2432 poten-

1229 2436 1340 2467 tiffimo
1352 2439 1471 2467 homini
1483 2457 1491 2471 ,
1504 2439 1546 2467 M.
1559 2437 1659 2467 Druso
1669 2457 1677 2471 ,
1693 2437 1741 2467 sed
1752 2437 1846 2466 multa
1856 2438 1888 2466 in
1899 2434 2034 2475 rempub.
2045 2434 2182 2463 molien-

1231 2481 1251 2509 ti
1262 2499 1270 2513 ‚
1285 2479 1356 2509 cum
1369 2480 1419 2509 ille
1430 2489 1500 2509 eum
1512 2477 1656 2509 salutasset
1665 2500 1673 2512 ‚
1695 2488 1727 2509 ut
1738 2477 1771 2509 fit
1781 2499 1789 2512 ,
1809 2476 1987 2518 dixissetque
1999 2496 2007 2510 ‚
2028 2475 2109 2518 Qid
2120 2477 2184 2517 agis

1232 2523 1345 2553 Grani?
1368 2521 1537 2560 Respondit
1547 2540 1556 2554 ,
1577 2519 1681 2550 Immo
1689 2520 1762 2551 vero
1773 2541 1782 2554 ,
1795 2524 1820 2548 ¹3
1833 2530 1863 2550 tu
1880 2519 1975 2549 Druse
1986 2538 1995 2552 ,
2014 2518 2087 2558 quid
2100 2527 2161 2559 agis
2171 2519 2184 2546 ?

1231 2563 1283 2592 ille
1294 2561 1442 2596 nciam,
1458 2563 1505 2592 illi
1515 2565 1692 2593 MAntonii
1703 2562 1890 2593 voluntatem
1899 2560 2094 2601 asperioribus
2104 2559 2184 2590 face-

2135 2610 2185 2632 tiis

254 2684 288 2714 ⁴1.
312 2678 350 2700 Ex
361 2677 425 2701 civili
435 2676 536 2710 errore]
561 2675 616 2702 Pal.
628 2675 752 2712 lei-tinius
765 2676 832 2700 cirili
843 2684 905 2700 crum
914 2684 935 2705 e,
946 2672 1055 2701 1111611Ἱο
1065 2684 1103 2706 cx,
1115 2671 1184 2708 quc-:l

224 2710 344 2746 alioquin
356 2711 476 2737 omnibus
491 2711 557 2738 abest
570 2711 627 2737 mss.

261 2756 290 2773 ⁴..
310 2749 411 2782 litisque
420 2749 523 2773 ommim
537 2748 678 2782 proficue-⁵]
701 2746 844 2773 Lambinus
857 2765 865 2778 ,
879 2746 948 2771 'votis
959 2745 1123 2779 ominibusyne.
1143 2742 1187 2769 secl

228 2793 279 2810 nou
288 2784 382 2817 juvant
394 2783 454 2810 libri
467 2792 474 2813 3
497 2793 580 2819 ireque
591 2793 654 2820 opus
665 2783 712 2810 est.

265 2827 290 2854 3.
310 2822 351 2845 ΡΗ
358 2823 444 2845 ratium
455 2820 712 2853 ce.3.;n1cmrec1pcrir.]
736 2819 806 2850 Eieci
826 2817 972 2844 diffinirem
983 2823 1090 2849 tempere,
1101 2815 1187 2842 1116111-

227 2862 311 2881 eatam
324 2863 426 2891 patruni
437 2865 503 2882 azio.
515 2865 574 2882 iiam
586 2865 610 2882 iii
624 2855 723 2882 vetuste
734 2855 841 2887 culis,iii
853 2853 950 2881 i‘ailin
961 2853 1074 2880 aliorum
1085 2851 1188 2886 scriptis

228 2900 280 2918 nou
293 2899 438 2926 comparet.

264 2935 292 2959 4.
312 2928 394 2959 Qist
405 2928 514 2961 aiixsfit]
535 2929 575 2954 113
593 2927 699 2963 aliquot-
717 2927 786 2954 1‘211.
805 2924 941 2963 quomodo
961 2923 1111 2959 conjecerat
1121 2923 1189 2950 Ant.

229 2963 405 2998 Augustinus
428 2965 598 2997 vulgo.qiivd.

229 3010 231 3012 >
270 3008 295 3031 5.
315 3001 376 3030 §.gos
387 2999 471 3032 injure
481 3000 593 3033 saud-u]
615 2999 671 3026 Alii
683 2999 828 3034 conjiciunt
837 2998 960 3024 dilaudas.
975 3004 1003 3024 at
1016 2994 1190 3026 Gulielmius,
1210 3016 1211 3019 ,

231 3036 287 3060 miri
302 3035 398 3059 laudas.

232 3073 234 3076 '
268 3070 297 3096 6.
316 3071 525 3102 Qaefiminmin
539 3070 612 3103 siena
633 3071 702 3103 unu]
727 3069 806 3096 Haud
818 3070 896 3096 :iliter
906 3070 985 3096 ctiam
997 3066 1088 3104 scripti
1098 3066 1189 3098 nosti-i,

231 3115 285 3133 riou
296 3104 431 3142 quomodo
442 3105 523 3139 vulgo
535 3105 586 3130 61111
598 3115 603 3131 :
629 3108 707 3131 minut
717 3108 848 3138 necijuria
858 3107 928 3138 sitm.

267 3149 295 3175 7.
315 3141 369 3174 aasz
388 3143 489 3167 externis

1228 2679 1275 2698 ext.
1286 2671 1358 2705 quiim
1368 2672 1426 2697 dom.
1447 2681 1505 2698 nam
1517 2671 1611 2697 ceteris
1629 2670 1762 2696 adllael'ent
1774 2679 1782 2693 1
1791 2669 1886 2703 ulgatae
1897 2688 1905 2700 ,
1916 2678 1983 2702 quem
1990 2675 2038 2694 ext.
2049 2677 2114 2702 quem
2124 2667 2182 2692 dvm.

1266 2707 1295 2734 S.
1313 2711 1400 2733 ‘Parem
1409 2710 1501 2732 <ji-nite
1513 2727 1521 2739 ,
1539 2708 1607 2741 dnn]
1628 2706 1747 2733 Debetur
1765 2698 1832 2732 istud
1843 2704 2019 2732 Erfurdienfi.
2039 2712 2100 2730 nam
2119 2701 2186 2729 editi

1206 2767 1207 2771 .
1228 2744 1329 2778 int-pte,
1341 2744 1417 2776 pati-is
1427 2751 1531 2775 virtute,
1545 2745 1596 2774 (gre.
1778 2754 1783 2755 ν

1206 2785 1209 2818 ξ
1264 2789 1292 2814 9.
1314 2783 1366 2805 Non
1375 2780 1435 2804 modo
1445 2789 1545 2810 nomme,
1551 2779 1595 2812 Jed
1603 2788 1643 2810 nc,
1655 2777 1721 2811 ἀνα]
1735 2777 1853 2811 Conjicit
1863 2775 2006 2802 Lambinus
2019 2776 2114 2799 crimine
2122 2784 2132 2805 ,-
2140 2771 2188 2799 scd

1207 2819 1209 2849 ξ
1230 2815 1336 2842 frustra.
1357 2825 1438 2841 nomen
1448 2815 1517 2841 6111111
1529 2814 1600 2840 idem
1611 2813 1682 2849 quoii
1694 2816 1781 2839 crimen
1793 2833 1801 2845 ,
1820 2820 1849 2839 ut
1858 2811 1977 2848 pluribus
1988 2809 2087 2837 ostendi
2106 2810 2133 2835 in
2144 2808 2187 2836 su-

1208 2869 1210 2893 3
1228 2851 1385 2888 spicionibus
1396 2851 1426 2876 ad
1439 2852 1542 2877 36116666.
1553 2850 1694 2886 Epiilolam
1706 2857 1766 2875 crv-

1269 2897 1310 2914 10.
1334 2890 1475 2912 Biniaritum
1485 2886 1718 2919 appetiqucute.
1731 2893 1815 2920 neque
1826 2883 1903 2910 aliter
1914 2882 2086 2918 Turiugicus.
2097 2881 2188 2909 minus

1231 2923 1303 2950 ret‘te
1315 2922 1441 2949 hactenus
1453 2922 1578 2958 impressi,
1590 2924 1710 2947 Alarirum
1719 2922 1832 2954 appellas,
1841 2920 1892 2949 &a

1269 2968 1278 2986 i
1289 2969 1310 2985 1.
1328 2961 1470 2991 Impuniium
1488 2962 1514 2984 in
1532 2958 1641 2983 maledico
1658 2957 1750 2989 mend]
1771 2956 1814 2981 Sic
1824 2964 1897 2981 01110.
1909 2953 1979 2980 Pali.
1991 2953 2023 2979 116
2033 2952 2095 2979 edd.
2116 2959 2187 2979 vett.

1230 2995 1285 3022 inio
1295 2996 1322 3021 sc
1335 2995 1497 3021 metm-iana.
1521 2992 1630 3020 Erfurd.
1642 2992 1771 3017 maledifflo.
1792 2991 1922 3017 recentius
1933 2989 2021 3016 excusi
2030 2992 2056 3015 in
2065 2990 2188 3023 maleficio.

1272 3040 1301 3057 12
1308 3032 1394 3061 ‚Pasira
1403 3029 1570 3063 praemandatis
1580 3028 1729 3062 requisitum]
1743 3027 1883 3053 Turnebus
1893 3025 2000 3059 conjicit
2009 3025 2111 3059 praetoris
2120 3033 2191 3051 man-

1231 3068 1304 3099 dam,
1316 3065 1393 3101 *idque
1405 3066 1522 3102 lcqiiitur
1534 3064 1677 3091 Lambinus
1688 3073 1695 3094 'a
1719 3063 1804 3089 minus
1816 3061 1970 3089 necessario.

1274 3112 1282 3128 i
1290 3111 1315 3137 3.
1336 3104 1368 3127 Tu
1379 3104 1462 3136 Druse,
1473 3102 1531 3135 quid
1539 3101 1614 3134 aigin]
1628 3101 1713 3135 jocus
1724 3098 1831 3124 acerbus
1842 3099 1867 3124 iii
1879 3097 1996 3124 formula
2006 3096 2052 3122 est.
2074 3105 2125 3132 qua
2136 3104 2189 3122 non

502 3160 510 3173 ,
529 3140 578 3175 qud
597 3141 745 3174 Amisimus]
769 3142 811 3167 1⁵.st
825 3152 839 3167 a
861 3141 992 3167 Lambiiio
1011 3140 1057 3175 qui
1076 3138 1158 3165 hausit
1178 3139 1193 3164 ἐι
1235 3147 1313 3164 0113111
1324 3137 1422 3164 adrem
1443 3136 1595 3164 utebantur.
1616 3144 1674 3162 nani
1687 3135 1714 3160 ὃ(
1733 3134 1824 3160 obvios
1844 3135 1881 3160 'ita
1890 3131 2102 3168 compellabant,
2120 3129 2192 3166 quasi

232 3177 387 3214 conjectura
397 3178 528 3209 Puteania
549 3177 591 3204 cui
603 3176 704 3205 accedit
716 3184 858 3213 utcumque
869 3177 925 3205 i’ai.
946 3177 996 3205 sec.
1014 3177 1042 3205 iii
1053 3185 1105 3213 quo
1123 3174 1195 3211 quim
1237 3173 1499 3211 quaei-e1‘eut„saan¹
1513 3173 1610 3209 sal-m?
1628 3172 1657 3199 ὃς
1676 3180 1742 3207 quos
1761 3169 1986 3208 reprehenderent
2001 3167 2094 3197 jifflem
2105 3166 2191 3207 gerbis

2103 3209 2192 3230 mere·

2189 1152 2230 1185 ¹3

2200 2280 2242 2313 14
