2379 3400
269 120 396 183 '1312
675 108 1194 163 M.Tu1.1.‘11‘

1271 111 1814 162 Crcznonrs

965 251 996 306 1
1070 253 1130 308 N
1205 251 1260 307 D
1335 251 1382 306 E
1458 253 1517 307 x

271 360 939 431 LIERORUM
1010 359 2222 446 PHILOSOPHICORUM,

693 463 775 516 ΒΦ
852 461 1187 518 TULLII

1268 464 1811 525 CICERONI&

533 571 783 637 Qorum
808 565 1060 640 deinceps
1084 566 1466 640 subsequuntur
1489 566 1534 620 F
1546 585 1586 620 R
1602 586 1639 620 A
1653 584 1688 620 G
1703 583 1752 619 M
1766 584 1798 619 E
1812 585 1854 621 N
1867 584 1899 620 'r
1915 585 1971 620 A.

273 682 479 714 oeconomica
490 681 506 712 ὲ
517 683 721 722 Xenophonte
731 701 740 717 ,
761 681 831 712 libri
841 684 896 712 111.

272 729 445 765 Protagoras
457 744 465 757 ‚
478 725 657 754 exPlatone.

272 770 323 798 De
333 766 434 806 repub.
446 766 498 796 lib.
510 768 562 796 VI.
574 768 607 796 in
625 775 758 807 quorum
778 766 890 798 ultimo
908 765 986 800 inest
996 768 1160 800 somnium
1171 769 1235 801 Sci-

368 817 481 847 pionis.

273 851 397 890 Dejure
410 849 494 879 civili
506 849 590 880 liber.

273 895 324 922 De
334 893 462 932 auguriis
473 891 527 921 lib.

273 931 471 966 Hortensius,
485 933 554 967 vel,
567 933 603 963 de
614 933 815 974 Philosophia.

271 977 321 1005 M.
334 978 406 1006 Cato
419 994 427 1008 ,
441 975 488 1005 seu
498 994 506 1008 ‚
519 977 596 1005 Laus
609 977 652 1006 M.
663 977 798 1008 Catonis.

273 1019 324 1048 De
334 1018 427 1056 gloria
442 1016 496 1046 lib.
510 1019 549 1047 ΙΙ.

276 1060 326 1090 De
336 1057 553 1091 consolatione.

712 1179 794 1232 BL
872 1177 1216 1233 TULL11

1278 686 1326 713 De
1336 683 1395 714 suis
1409 681 1552 713 confiliis.

1277 728 1326 755 De
1336 725 1507 755 virtutibus.

1278 770 1326 797 De
1338 769 1428 797 notis.

1278 810 1513 849 Chorographia.

1278 854 1417 881 Pi-aeterea
1427 851 1592 891 fragmenta
1609 850 1758 883 nonnulla
1767 848 1915 882 librorum
1925 849 2186 883 Academicorum.

1280 895 1327 922 De
1338 902 1439 922 natura
1453 895 1602 922 Deorum.

1282 937 1329 964 De
1341 934 1540 965 divinatione.

1281 979 1328 1005 De
1338 976 1462 1016 legibus.

1282 1019 1329 1046 De
1341 1018 1412 1047 fato.

1281 1061 1395 1090 Timaei
1405 1078 1414 1094 ,
1426 1069 1465 1090 ex
1477 1060 1611 1091 Platone.

1297 1179 1797 1234 CJCERONIS

390 1280 2126 1340 OECONONHCORUNImtXENOPHONTE

838 1386 1149 1432 LIBER

315 1492 487 1524 Paisolib.
503 1493 548 1535 8.]
581 1495 690 1524 Homo
708 1504 747 1524 ex
766 1503 803 1524 eo
821 1502 951 1524 numero
967 1493 1137 1523 'hominum
1149 1512 1158 1527 ,
1185 1493 1237 1534 qui

273 1535 353 1574 apud
365 1545 420 1564 nos
433 1536 490 1564 hoc
500 1538 628 1565 nomine
639 1536 809 1577 dignantur.

322 1578 456 1606 COLUM.
467 1576 517 1604 lib.
532 1585 652 1617 12.-«cap.
668 1577 710 1617 1.]
725 1578 860 1607 Maritale
868 1578 1058 1618 conjugium,
1071 1575 1109 1606 fic
1117 1585 1238 1616 compa-

275 1625 375 1648 ratum
388 1617 429 1647 est
440 1628 552 1651 natura,
568 1627 673 1648 utnon
684 1618 782 1648 solum
795 1617 1019 1657 jucundissima,
1031 1617 1136 1648 vei-um
1147 1620 1238 1647 etiam

276 1657 432 1689 utiliffima
450 1662 518 1689 vitae
541 1660 661 1690 societas
681 1661 828 1694 iniretur,
849 1662 881 1691 δε
899 1670 937 1690 ne
956 1670 1050 1701 genus
1069 1661 1236 1689 humanum

278 1703 423 1740 temporis
445 1702 662 1741 longinquitate
679 1702 838 1731 occideret.
871 1710 990 1741 propter
1014 1702 1071 1730 hoc
1088 1710 1152 1729 mas
1169 1709 1239 1730 cum

277 1741 402 1772 faemina
414 1741 455 1772 est
465 1742 667 1779 conjunctus:
688 1742 797 1772 deinde
817 1752 849 1772 ut
867 1753 904 1772 ex
916 1744 972 1772 hac
988 1742 1092 1771 eadem
1103 1742 1240 1771 societate

278 1784 458 1814 mortalibus
478 1784 624 1823 adjutoria
636 1783 795 1814 sene-§tutis
806 1803 815 1817 ,
837 1794 891 1814 nec
903 1793 1007 1814 minus
1020 1783 1241 1823 propugnacula

277 1834 479 1866 praeparentur
493 1837 498 1854 :
525 1835 589 1855 tum
609 1828 699 1855 etiam
712 1845 720 1859 ‚
739 1825 811 1855 cum
831 1825 929 1856 vidtus
941 1825 972 1855 &
983 1827 1080 1856 cultus
1092 1826 1242 1854 humanus

276 1877 344 1898 non
353 1887 362 1900 ‚
376 1869 419 1897 uti
430 1867 499 1897 feris
510 1887 518 1901 ‚
530 1870 562 1897 in
574 1868 730 1908 propatulo
740 1887 748 1901 ‚
761 1878 793 1898 ac
801 1866 982 1898 silvestribus
991 1867 1082 1901 locis,
1095 1866 1146 1897 sed
1154 1867 1240 1896 domi

277 1910 335 1940 sub
345 1909 425 1939 ῑεᾶὶο
444 1910 624 1940 accurandus
645 1908 733 1943 effer,
752 1907 948 1940 necessarlum
966 1908 1045 1942 fuit,
1065 1909 1239 1939 alterutrum

277 1950 353 1982 foris
365 1952 417 1981 sub
428 1951 479 1981 dio
490 1950 548 1981 effe
560 1972 569 1985 ‚
583 1954 635 1993 qui
645 1952 744 1982 labore
754 1971 762 1985 ‚
787 1951 819 1981 δε
830 1950 975 1981 industria
983 1960 1165 1991 compararet
1177 1961 1182 1979 :
1195 1952 1242 1980 in—

280 2002 328 2024 tus
338 2014 346 2026 ,
368 1996 419 2034 qui
431 1993 517 2024 testis
527 1994 700 2024 reconderet
711 2014 720 2028 ‚
739 2003 826 2035 atque
836 1993 1014 2024 custodiret:
1029 1992 1048 2022 fi
1059 1993 1182 2034 quidem
1193 1992 1241 2022 vel

279 2035 413 2066 rusticari
427 2056 434 2069 ‚
456 2036 502 2065 vel
512 2037 648 2077 navigare
659 2055 667 2069 ,
689 2037 736 2066 vel
747 2039 837 2066 etiam
848 2036 909 2065 alio
918 2045 1024 2076 genere
1034 2037 1178 2075 negotiari
1189 2045 1240 2064 ne-

279 2075 357 2109 cess'e
370 2086 449 2111 erat,
477 2086 509 2107 ut
530 2078 644 2118 aliquas
662 2077 812 2108 facultates
825 2079 1054 2118 acquireremus.
1079 2076 1158 2107 cum
1171 2075 1242 2106 verb

279 2128 384 2160 paratae
394 2130 439 2149 res
452 2120 504 2149 sub
516 2119 628 2149 tedium
640 2118 733 2150 essent
742 2119 889 2160 congestae
901 2140 909 2153 ‚
922 2120 1016 2149 alium
1027 2116 1086 2149 effe
1095 2121 1241 2159 oportuit,

279 2163 334 2202 qui
353 2161 385 2190 δε
407 2162 500 2191 illatas
518 2161 698 2195 custodiret,
724 2161 756 2191 &
774 2172 869 2192 cetera
878 2159 1038 2191 conficeret
1047 2170 1153 2201 opera,
1176 2170 1240 2201 quae

280 2204 368 2234 dorni
389 2202 532 2232 deberent
547 2203 756 2234 administrari.
780 2214 849 2234 nain
862 2204 1001 2244 &fruges
1012 2223 1020 2236 ‚
1044 2203 1180 2233 &cetera
1190 2204 1243 2233 ali-

281 2253 385 2277 menta
395 2244 537 2275 terrestria
547 2245 721 2285 indigebant
730 2245 808 2275 tecto
821 2257 825 2274 z
838 2246 869 2275 &
880 2255 986 2275 ovrum
999 2265 1007 2278 ‚
1019 2254 1244 2285 ceterarumque

280 2286 432 2328 pecudum
444 2286 527 2316 faetus
539 2307 547 2321 ‚
567 2297 652 2328 atque
668 2287 783 2318 studius
800 2286 928 2318 claustro
945 2286 1243 2319 custodiendaerant,

283 2339 342 2360 nec
366 2328 469 2358 minus
492 2329 605 2369 reliqua
625 2328 778 2363 utensilia,
802 2329 910 2370 quibus
920 2338 967 2359 aut
980 2329 1068 2358 alitur
1077 2330 1242 2358 hominum

305 2379 379 2402 enus
389 2390 398 2403 ,
418 2372 566 2400 autetiam
578 2372 736 2401 excolitur.
760 2371 936 2413 Qarecum
949 2372 981 2401 &
995 2380 1114 2410 operam
1131 2391 1139 2404 ‚
1152 2370 1184 2400 &
1195 2371 1244 2400 di-

281 2381 442 2455 {gentiam
455 2422 486 2442 ea
498 2432 506 2445 ‚
521 2422 585 2452 quae
595 2414 805 2453 proposuimus
817 2433 825 2446 ‚
844 2412 1039 2443 defiderarent
1050 2433 1059 2445 ,
1071 2422 1126 2442 nec
1135 2414 1243 2451 exigua

284 2465 355 2486 cura
377 2454 450 2483 foris
465 2457 685 2494 acquirerentur
698 2475 706 2488 ,
727 2465 793 2495 quae
817 2454 902 2484 domi
922 2454 1064 2484 custodiri
1083 2462 1242 2493 oporteret:

282 2497 350 2537 jure
358 2517 366 2530 ‚
390 2504 421 2525 ut
433 2496 497 2525 dixi
506 2515 513 2528 ‚
535 2497 550 2526 a
560 2505 663 2526 natura
672 2505 838 2536 comparata
848 2496 891 2526 est
898 2505 986 2536 opera
997 2496 1134 2525 mulieris
1143 2495 1177 2525 ad
1189 2495 1242 2525 do-

284 2538 441 2569 mesticam
453 2538 654 2578 diligentiam,
666 2540 723 2568 viri
732 2548 831 2568 autem
842 2538 876 2568 ad
884 2540 1131 2568 exercitationem
1144 2536 1244 2567 foren-

285 2580 348 2611 sem
361 2601 369 2613 ,
393 2580 425 2609 &
437 2589 618 2610 extraneam.
642 2582 740 2621 itaque
749 2582 815 2610 viro
824 2581 935 2610 calores
951 2600 959 2613 ‚
979 2579 1130 2621 &frigora
1141 2589 1243 2619 perpe-

286 2623 387 2652 tienda
399 2641 407 2654 ‚
421 2631 486 2651 tum
502 2624 593 2651 etiam
608 2624 712 2652 itinera
723 2641 731 2655 ‚
745 2622 902 2652 &labores
912 2624 990 2661 pacis
1001 2631 1033 2651 ac
1045 2622 1115 2651 belli
1128 2641 1136 2654 ,
1148 2621 1177 2651 id
1189 2620 1241 2655 est,

285 2663 488 2694 rusticationis
507 2684 515 2696 ‚
549 2664 582 2693 δε
605 2664 784 2693 militarium
804 2663 1022 2704 stipendiorum
1035 2682 1043 2696 ,
1070 2662 1239 2693 distribuit:

286 2707 410 2735 mulieri
420 2705 561 2745 deinceps
573 2725 581 2739 ,
600 2704 682 2746 quod
697 2705 841 2735 omnibus
856 2706 902 2734 his
912 2706 996 2734 rebus
1006 2705 1115 2735 fecerat
1125 2705 1240 2735 inhabi-

287 2745 362 2779 lem,
375 2746 537 2777 domestica
548 2750 665 2787 negotia
675 2747 802 2777 curanda
813 2747 944 2777 tradidit.
959 2750 996 2777 Et
1005 2749 1151 2787 quoniam
1163 2748 1243 2777 hunc

290 2786 395 2817 sexum
406 2788 546 2819 custodiae
560 2790 591 2818 δε
602 2789 765 2829 diligentiae
774 2787 974 2829 ass'ignavcrat,
987 2789 1097 2818 idcirco
1105 2788 1246 2818 timidio-

291 2837 356 2858 rem
367 2830 513 2863 reddidit,
534 2840 624 2870 quam
645 2831 775 2860 virilem.
799 2841 869 2860 nam
882 2840 979 2860 metus
990 2830 1157 2870 plurimum
1171 2840 1242 2860 con-

291 2868 393 2900 feitad
405 2871 590 2908 diligentiam
610 2871 809 2901 custodiendi.
833 2871 924 2912 Qibd
942 2881 1040 2902 autem
1060 2870 1246 2902 necess‘eerat

293 2910 369 2940 foris
381 2931 389 2943 ,
412 2911 443 2940 δε
464 2922 495 2940 iii
505 2922 604 2951 aperto
618 2912 731 2942 viCtum
743 2913 942 2954 quaerentibus
953 2923 1185 2954 nonnumquam
1199 2916 1244 2943 in-

291 2954 403 2993 juriam
424 2954 590 2991 propulsare
602 2974 610 2987 ‚
631 2956 740 2984 idcirco
764 2958 863 2985 virum
875 2976 882 2989 ,
903 2956 993 2995 quam
1007 2957 1166 2985 mulierem
1177 2954 1248 2986 fecit

293 2993 494 3024 audaciorem.
519 2996 595 3034 Qia
616 2994 687 3024 vero
712 3000 798 3035 partis
816 2997 924 3036 opibus
933 3001 1019 3038 aeque
1028 2997 1171 3036 fuitopus
1184 3007 1245 3026 rne—

288 3037 393 3067 ‘moria
404 3055 412 3068 ,
434 3034 465 3064 &
477 3034 647 3074 diligentia:
671 3047 732 3066 non
745 3042 895 3068 minorem
906 3038 1037 3068 faeminae
1048 3058 1056 3071 ,
1070 3039 1158 3078 quam
1172 3042 1246 3072 viro,

293 3087 395 3107 earum
406 3086 504 3106 reriiin
517 3077 619 3105 tribuit
634 3077 854 3115 posscfl'ionem.
878 3083 960 3110 Tum
972 3083 1073 3113 ctiam,
1086 3080 1167 3120 quod
1180 3079 1246 3109 sirn-

292 3119 366 3159 plex
377 3127 478 3150 natura
494 3127 557 3148 non
579 3121 697 3149 omneis
715 3129 761 3149 res
780 3122 956 3152 commodas
967 3121 1107 3162 amplecti
1118 3122 1246 3157 volebat,

1259 1385 1678 1432 PRIMUS.

1275 1492 1386 1524 idcirco
1404 1494 1531 1525 alterum
1549 1494 1667 1524 alterius
1689 1493 1822 1535 indigere
1832 1493 1947 1524 voluit:
1966 1493 2112 1534 quoniam
2123 1511 2132 1526 ‚
2152 1492 2235 1533 quod

1275 1535 1359 1565 alteri
1373 1535 1454 1565 deest
1465 1555 1473 1569 ‚
1492 1534 1599 1574 praesto
1609 1535 1786 1575 plerumque
1797 1534 1838 1565 est
1847 1535 1941 1565 alteri.

1317 1576 1507 1606 Conurvrlib.
1522 1586 1567 1606 12.
1579 1587 1601 1605 c.
1613 1586 1642 1605 2.
1686 1578 1766 1606 Nam
1788 1586 1873 1607 vetus
1894 1575 1937 1606 est
1955 1575 2147 1615 proverbium
2155 1583 2235 1617 pauo

1273 1624 1411 1658 pertatem
1422 1617 1601 1656 certrffimam
1610 1627 1623 1645 e
1646 1627 1658 1645 e
1666 1637 1675 1650 ,
1697 1628 1762 1646 cum
1771 1617 1895 1656 alicujm
1908 1617 2030 1657 indigem
2041 1638 2049 1651 ‚
2070 1619 2112 1647 uti
2124 1628 2160 1647 eo
2170 1628 2235 1649 non

1276 1657 1358 1698 poss'e
1371 1679 1379 1693 ,
1392 1662 1461 1699 quia
1472 1662 1624 1699 ignoretur
1636 1678 1645 1690 ,
1657 1658 1707 1688 ubi
1718 1658 1888 1698 projectum
1896 1660 1988 1697 jaceat
1998 1658 2078 1699 quod
2086 1657 2234 1689 defidere-

1277 1709 1332 1729 tur.
1356 1702 1454 1741 itaque
1476 1702 1510 1729 in
1531 1710 1560 1729 re
1572 1699 1713 1729 familiari
1725 1698 1896 1729 laboriosior
1905 1699 1948 1729 est
1957 1701 2136 1740 negligentia
2144 1710 2236 1740 quam

1276 1740 1439 1782 diligentia.
1463 1743 1539 1783 Qis
1549 1742 1634 1771 enim
1646 1740 1773 1775 dubitet,
1784 1741 1861 1770 nihil
1872 1739 1928 1770 effe
1940 1742 2092 1781 pulchrius
2103 1742 2135 1770 in
2147 1743 2237 1772 omni

1275 1785 1389 1813 ratione
1399 1785 1468 1813 vitae
1478 1803 1486 1816 ,
1497 1781 1691 1823 dispofitione
1701 1801 1709 1816 ‚
1719 1792 1805 1824 atque
1815 1783 1942 1813 ordine?
1962 1782 2043 1823 quod
2055 1784 2145 1813 etiam
2156 1783 2238 1813 ludi-

1276 1826 1334 1854 cris
1345 1824 1518 1865 speaaculis
1541 1826 1611 1855 licet
1621 1824 1692 1864 saepe
1702 1824 1890 1866 cognoscere.
1915 1827 1995 1854 Nam
2009 1824 2059 1854 ubi
2069 1825 2177 1855 chorus
2187 1834 2239 1855 ca-

1278 1876 1417 1897 nentium
1432 1886 1440 1901 ,
1455 1877 1518 1896 non
1528 1868 1615 1897 certis
1626 1866 1737 1900 modis,
1751 1876 1847 1906 neque
1856 1868 1991 1896 numeris
2003 1868 2161 1906 praeeuntis
2172 1876 2238 1897 ma—

1276 1908 1357 1950 gistri
1368 1907 1533 1942 consenfit,
1554 1906 1708 1938 diss'onum
1720 1909 1862 1949 quiddam
1874 1928 1883 1942 ‚
1902 1918 1934 1938 ac
1951 1907 2172 1938 tumultuosum
2184 1917 2238 1938 au-

1277 1951 1432 1981 dientibus
1441 1960 1544 1981 canere
1566 1950 1694 1980 videtur.
1718 1954 1757 1980 At
1776 1949 1924 1980 ubicertis
1935 1951 2070 1980 numeris
2081 1969 2090 1983 ,
2110 1959 2143 1980 ac
2152 1950 2239 1990 pedi-

1279 1993 1352 2027 bus,
1371 1994 1453 2024 velut
1470 1992 1546 2023 facila
1555 1993 1775 2032 conspiratione
1784 1990 1953 2025 consensit,
1973 2001 2001 2021 at
2025 2001 2060 2021 ue
2069 1992 2237 2022 concinuit:

1278 2045 1315 2065 ex
1324 2034 1473 2075 ejusmodi
1484 2044 1596 2065 vocum
1607 2034 1781 2066 concordia,
1789 2043 1855 2063 non
1865 2033 1961 2064 solum
1973 2035 2003 2073 ip
2016 2043 2039 2062 is
2048 2033 2237 2067 canentibus,

1278 2080 1410 2108 amicum
1421 2077 1563 2117 quiddam
1584 2076 1617 2106 &
1636 2076 1723 2106 dulce
1733 2076 1849 2105 resonat
1858 2095 1867 2109 ‚
1885 2074 1991 2105 verum
2003 2077 2092 2104 etiam
2103 2073 2238 2114 [perstan-

1279 2128 1322 2149 tes
1332 2139 1341 2153 ‚
1352 2119 1564 2159 audientesque
1575 2116 1723 2148 laetifl'ima
1731 2118 1883 2157 voluptate
1892 2117 2125 2157 permulcentur.

1321 2164 1452 2191 DONAT.
1464 2162 1493 2190 in
1502 2160 1580 2201 Ter]
1604 2159 1686 2201 Qid
1707 2161 1813 2200 igitur,
1835 2158 1890 2199 pro
1899 2157 1991 2189 desim
2003 2157 2238 2193 immortalium,

1281 2202 1405 2245 prmum
1417 2213 1485 2233 eam
1508 2202 1659 2232 docebas?
1680 2202 1788 2242 quaeso.

1325 2245 1475 2285 Commi]
1499 2245 1667 2284 Praeparatis
1687 2243 1807 2274 idoneis
1825 2244 1900 2274 locis
1911 2263 1920 2277 ‚
1944 2242 2180 2274 instrumentum
2200 2242 2235 2273 δε

1282 2287 1498 2327 supelleffilem
1510 2286 1686 2317 distribuere
1696 2288 1843 2326 coepimus
1854 2305 1862 2319 ‚
1882 2297 1913 2316 ac
1922 2288 2000 2325 prim
2006 2285 2058 2315 um
2071 2295 2103 2316 ea
2113 2285 2240 2315 secrevi-

1282 2339 1352 2360 mus
1365 2350 1374 2363 ,
1387 2329 1496 2370 quibus
1505 2328 1541 2359 ad
1564 2339 1609 2358 res
1619 2328 1737 2358 divinas
1748 2330 1791 2358 uti
1801 2328 1949 2358 solemus:
1971 2327 2071 2368 postea
2084 2326 2238 2357 mundum

1280 2371 1474 2404 muliebrem,
1484 2374 1536 2412 qui
1547 2371 1582 2400 ad
1596 2370 1659 2400 dies
1668 2369 1757 2400 festos
1766 2379 1954 2410 comparatur
1967 2380 1972 2398 :
1985 2369 2094 2399 deinde
2103 2369 2237 2402 virilem,

1282 2417 1354 2443 item
1368 2412 1486 2442 dierum
1497 2413 1694 2442 sollemnium
1705 2421 1842 2442 ornatum
1855 2433 1864 2445 ‚
1881 2421 1935 2441 nec
1945 2413 2048 2441 minus
2056 2411 2242 2440 calceamen-

1282 2465 1309 2485 ta
1321 2456 1437 2495 utrique
1449 2455 1532 2484 sexui
1546 2455 1775 2485 convenientia:
1797 2463 1861 2484 tum
1872 2454 1931 2491 jam
1943 2453 2073 2483 seorsum
2084 2461 2163 2482 arma
2175 2470 2183 2485 ,
2206 2460 2242 2481 ae

1283 2497 1338 2527 tela
1350 2496 1576 2536 seponebantui·,
1589 2496 1621 2526 &
1633 2498 1665 2525 in
1676 2495 1764 2525 altera
1773 2505 1852 2535 parte
1864 2494 2073 2527 instrumenta,
2082 2493 2192 2534 quibus
2202 2491 2239 2523 ad

1283 2537 1411 2568 lanificia
1430 2547 1554 2567 utuntur
1569 2548 1574 2566 ε
1591 2536 1659 2577 post
1678 2546 1742 2577 quae
1760 2537 1795 2567 ad
1814 2537 1917 2567 cibum
1935 2534 2159 2567 conficiendum
2173 2534 2238 2564 vasa

1281 2583 1327 2619 (ut
1342 2579 1479 2619 affolent)
1495 2578 1768 2610 constituebantur:
1796 2578 1866 2609 inde
1877 2599 1885 2612 ,
1906 2588 1970 2619 quae
1989 2577 2024 2607 ad
2040 2577 2236 2609 lavationem,

1280 2633 1346 2663 quae
1357 2622 1392 2651 ad
1406 2623 1638 2652 exornationem
1651 2640 1659 2654 ‚
1680 2630 1746 2661 quae
1757 2620 1792 2651 ad
1803 2620 1938 2650 mensam
1948 2619 2153 2660 quotidianam
2166 2637 2175 2651 ,
2195 2624 2238 2646 at·

1280 2675 1337 2705 que
1349 2664 1550 2703 epulationem
1561 2666 1743 2703 pertinerent
1753 2682 1761 2696 ,
1781 2662 2009 2702 exponebantur
2032 2659 2134 2700 ¹postea
2142 2668 2179 2689 ex
2188 2659 2237 2690 iis»

1281 2706 1392 2746 quibus
1402 2705 1539 2746 quotidie
1552 2707 1667 2734 utimur
1676 2725 1686 2737 ,
1705 2704 1787 2744 quod
1798 2703 1985 2734 menstruum
1996 2701 2067 2732 effer
2079 2722 2087 2734 ,
2109 2698 2238 2740 seposui-

1283 2757 1350 2777 mus
1365 2746 1462 2787 :quod
1474 2756 1609 2777 annuum
1620 2756 1739 2786 quoque
1750 2748 1782 2775 in
1793 2745 1864 2776 duas
1876 2748 1982 2785 parteis
1992 2743 2154 2774 divisimus.
2164 2750 2236 2771 nam

1283 2787 1320 2819 sic
1331 2787 1433 2818 minus
1443 2787 1520 2818 fallit
1530 2809 1537 2822 ‚
1552 2790 1604 2828 qui
1615 2790 1713 2817 exitus
1723 2787 1840 2817 futurus
1850 2786 1889 2817 sit.
1916 2789 1989 2817 Haec
1999 2783 2153 2825 postquam
2165 2790 2237 2811 orn-

1284 2832 1332 2860 nia
1342 2830 1523 2860 secrevimus
1534 2850 1542 2862 ‚
1557 2840 1621 2859 tum
1634 2830 1686 2859 suo
1704 2839 1829 2870 quaeque
1841 2830 1909 2859 loco
1917 2826 2118 2867 disposuimus
2131 2834 2136 2851 τ
2149 2822 2236 2853 dein-

1282 2872 1436 2912 dequibus
1445 2871 1581 2912 quotidie
1601 2871 1709 2901 servuli
1721 2880 1843 2900 utuntur
1852 2890 1861 2904 ‚
1881 2879 1947 2910 quae
1958 2867 1992 2897 ad
2002 2864 2130 2896 lanificia
2141 2885 2149 2897 ‚
2171 2875 2237 2911 q'uae

1283 2913 1317 2944 ad
1330 2914 1437 2943 cibaria
1444 2913 1600 2954 coquenda
1623 2912 1655 2942 &
1665 2911 1852 2943 conficienda
1861 2913 2011 2950 pertinent
2021 2927 2029 2940 ‚
2051 2908 2110 2936 haec
2121 2906 2178 2946 ipsa
2187 2909 2237 2941 iis,

1288 2957 1394 2995 quiuti
1413 2955 1507 2984 solent
1520 2975 1527 2988 ‚
1552 2954 1751 2987 tradidimus,
1767 2954 1799 2982 &
1819 2952 1870 2981 ubi
1892 2960 1922 2979 ea
1932 2958 2095 2989 ponerent,
2108 2948 2238 2978 demon-

1287 2997 1444 3027 stravimus
1456 3017 1465 3029 ,
1487 2996 1519 3025 δε
1530 3005 1562 3025 ut
1570 2996 1645 3026 salva
1656 2994 1748 3024 essent
1758 3013 1766 3027 ,
1777 3000 1982 3032 praecepimus.
2007 2990 2123 3031 Qibus
2136 3000 2237 3020 autem

1284 3038 1319 3068 ad
1330 3039 1393 3068 dies
1403 3037 1494 3067 festos
1506 3058 1514 3071 ,
1530 3038 1562 3067 &
1572 3037 1605 3066 ad
1618 3036 1767 3075 hospitum
1778 3034 1940 3064 adventum
1952 3042 2086 3065 utimur,
2105 3032 2167 3061 haec
2177 3033 2239 3072 pri-

1288 3091 1339 3109 mo
1351 3079 1528 3109 tradidimus
1538 3099 1546 3112 ‚
1573 3078 1605 3107 ὅτ.
1625 3078 1689 3106 loca
1699 3075 1809 3116 singula
1819 3073 2092 3117 demonstravimus
2104 3092 2112 3106 ‚
2131 3073 2164 3103 &
2173 3075 2239 3103 ciii-

1285 3132 1342 3163 que
1352 3123 1403 3154 sua
1417 3121 1683 3153 annumeravimus
1694 3139 1703 3153 ‚
1725 3128 1811 3160 atquc
1824 3125 2015 3149 annumerata
2025 3117 2075 3156 ipli
2086 3113 2238 3154 exscripsi-

2157 3165 2238 3191 mus,
