2360 3400
700 74 1573 122 FRAGMENTA.

146 153 383 193 diximus‚-nihi]
393 154 449 188 effe
460 153 658 191 bonum,‘nifi
669 155 750 198 quod
762 154 921 187 honestum
933 166 938 186 z
952 156 1028 187 nihil
1042 165 1104 187 ma-

1991 86 2108 135 1321

1194 157 1282 187 NON.
1296 156 1461 198 Inani'ma]
1484 158 1565 187 Nam
1580 154 1652 186 cum
1670 153 1773 185 omnis
1789 152 1922 187 sollertia
1937 153 2108 185 admiranda

144 203 211 233 lum
221 221 231 236 ‚
241 199 296 231 nifi
306 201 387 242 quod
397 210 480 240 turpe
492 199 524 231 sit
537 211 542 229 :
559 198 638 229 certe
649 208 772 239 uterque
782 197 909 229 istorum
921 197 964 228 est
976 198 1106 229 miserri-
1149 197 1192 229 est
1203 218 1211 231 ‚
1231 207 1297 228 tum
1308 209 1340 229 ea
1351 219 1360 233 ,
1378 208 1446 240 quae
1454 197 1546 229 efficit
1555 218 1565 233 ,
1590 207 1624 229 ut
1635 200 1770 228 inanima
1780 206 1846 238 quae
1855 197 1923 228 sunt
1934 216 1944 231 ,
1963 198 2063 228 vivere
2075 197 2108 227 δι’

146 253 217 273 mus
227 262 236 277 ,
253 252 383 283 quorum
398 245 517 283 utrique
528 242 644 280 semper
651 242 751 280 patriae
764 239 838 271 salus
848 260 857 274 ,
870 240 902 270 ὃς
913 240 1040 281 dignitas
1049 249 1105 280 po·
1151 241 1255 280 spirare
1266 240 1432 271 videantur.

145 283 251 316 sterior
261 284 310 314 sua
320 284 531 314 dominatione
544 302 552 317 ‚
566 282 600 313 &
609 281 784 312 domesticis
792 282 967 312 commodis
977 281 1045 312 fuit.

193 335 240 364 15.
265 326 372 357 Filiola
391 335 439 356 tua
457 335 485 356 te
499 323 638 355 dele&ari
652 324 735 354 laetor
748 343 756 357 ,
775 323 932 362 &probari
948 323 1003 353 tibi
1017 324 1105 358 ςοργὴν

149 369 252 401 φυσικὴν
261 366 319 397 ess'e
329 370 371 398 τὴν
381 373 442 403 πεὲς
452 370 487 393 τὰ
497 369 583 393 τέκνα·
607 367 729 396 Etenim
742 384 750 398 ‚
765 363 786 394 fi
798 366 860 395 haec
871 374 933 394 non
944 363 986 395 est
997 384 1006 398 ‚
1022 363 1105 393 nulla

145 407 245 449 potest
254 409 375 439 homini
386 406 444 438 effe
453 407 488 438 ad
501 409 661 437 hominem
673 416 783 437 naturae
793 405 958 445 adJ'unffio:
969 415 1026 446 qua
1037 405 1106 436 sub-

143 451 202 481 lata
214 470 222 484 ‚
240 452 310 481 vitae
327 451 447 481 societas
465 450 592 479 tollitur.
615 449 695 478 Bene
713 450 850 482 eveniat,
871 451 972 489 inquit
982 450 1106 478 Carnea—

148 491 211 522 des.
235 492 343 532 Spurce
357 502 362 521 ε
381 491 431 521 sed
441 499 540 522 tamen
550 489 728 531 prudentius
740 510 749 524 ‚
768 500 857 531 quam
869 491 981 519 Lucius
991 488 1102 522 noster,

145 533 181 564 &
192 536 277 565 Patro
287 554 295 568 ,
311 536 362 575 qui
372 533 443 563 cum
453 534 559 563 omnia
567 533 602 563 ad
614 532 641 562 se
650 531 797 565 referant,
812 531 975 572 quidquam
987 532 1106 562 alterius

145 576 229 606 causa
241 574 437 616 fieriputent:
456 574 528 605 cuin
546 584 579 605 ea
596 583 627 604 re
646 574 762 604 bonurn
778 576 878 604 virum
898 582 1034 613 oportere
1047 571 1106 602 esse

147 617 257 648 dicant.
282 628 320 648 ne
332 618 445 647 malurn
458 617 561 647 habeat
572 636 580 649 ‚
600 626 663 646 non
680 625 741 656 quo
757 615 786 645 id
802 624 905 645 natura
923 614 1038 645 re&um
1053 613 1087 645 fit
1102 624 1107 643 :

148 667 213 689 non
223 660 413 700 intelligunt,
425 659 474 689 sed
484 659 520 688 de
529 658 640 688 callido
651 659 777 687 homine
789 657 871 697 loqui
882 677 892 690 ‚
904 667 967 687 non
976 657 1012 687 de
1022 657 1106 686 bono

145 701 223 730 viro.
246 700 301 731 Sed
312 702 374 730 haec
385 720 393 734 ,
412 703 524 740 opinor
535 719 543 733 ‚
568 700 635 730 sunt
650 701 732 729 iniis
749 699 821 729 libis
831 718 841 732 ‚
861 708 936 739 quos
951 698 1108 729 dilaudan-

147 741 189 772 do
201 761 209 775 ‚
225 743 344 772 animos
356 742 434 771 mihi
444 740 594 772 addidisti.

190 784 239 813 16.
262 785 416 825 Qioniam
428 784 569 823 scriptum
582 782 624 814 est
637 783 652 813 a
667 792 694 813 te
708 782 744 813 de
759 783 879 822 optimo
893 781 999 821 reipub
1019 780 1104 815 statu,

144 825 333 865 consequens
342 824 400 855 ess'e
409 826 544 858 videtur,
565 834 596 855 ut
608 825 713 855 scribas
724 834 755 854 tu
766 825 847 854 idem
859 824 896 854 de
909 824 1033 865 legibus.
1055 826 1104 854 Sic

145 868 230 896 enim
242 865 343 896 fecifl'e
352 866 442 897 video
450 867 609 896 Platonem
621 867 710 896 illum
723 875 807 896 tuum
815 886 822 895 .

193 918 240 948 ¹7-
263 910 420 946 Quoniam
440 909 518 949 leges
536 908 644 938 damus
660 908 762 938 liberis
775 907 913 948 populis,
933 917 1058 949 quaequc
1067 907 1104 938 de

146 959 263 990 optima
273 960 333 990 rep.
344 950 534 983 sentiremus,
547 952 578 980 in
589 951 639 980 sex
651 949 734 979 libris
744 952 811 980 ante
822 950 969 982 diximus,
984 959 1086 980 accom
1095 966 1107 971 -

145 991 342 1022 modabimus
353 993 410 1022 hoc
421 1000 555 1032 tempore
565 992 645 1032 leges
655 991 690 1022 ad
700 992 789 1021 ilium
805 1011 813 1024 ‚
828 1001 918 1032 quem
929 991 1103 1031 probamus,

143 1035 276 1065 civitatis
288 1032 407 1064 statum.

190 1075 238 1106 18.
263 1078 289 1106 A
310 1085 337 1106 te
356 1085 425 1115 peto
443 1074 555 1116 (inquit
574 1076 775 1116 Pomponius)
798 1084 830 1105 ut
852 1074 958 1106 scribas
979 1074 1101 1116 aliquid.

136 1116 323 1158 jampridem
343 1119 426 1147 enim
445 1120 657 1148 conticuerunt
678 1118 780 1147 litterae
798 1126 864 1147 tuae.
889 1119 969 1147 Nam
987 1126 1019 1147 ut
1033 1118 1104 1146 illos

143 1159 182 1190 de
193 1169 252 1200 rep.
265 1159 359 1189 libros
368 1158 500 1193 edidisti,
512 1160 590 1189 nihil
601 1162 617 1190 a
626 1168 654 1189 te
664 1159 730 1189 sane
741 1158 842 1199 postea
852 1161 1033 1198 accepimus,
1041 1159 1104 1189 eis-

142 1211 204 1243 que
217 1199 391 1241 nosmetipfi
407 1201 442 1231 ad
462 1211 561 1231 rerum
580 1201 760 1231 naturalium
775 1210 955 1230 memor-iam
966 1210 1104 1240 compre-

138 1243 332 1274 hendendam
353 1241 471 1283 impulfi
482 1263 491 1276 ‚
512 1251 599 1283 atque
617 1241 732 1273 incensi
755 1243 867 1273 sumus.
888 1241 947 1273 Sed
966 1243 1019 1273 illa
1030 1242 1102 1274 cum

139 1287 254 1325 poteris
266 1304 275 1318 ‚
289 1294 375 1325 atque
385 1295 416 1314 ut
427 1283 515 1325 poffis
527 1305 534 1317 ,
547 1295 629 1326 rogo.

188 1336 233 1365 19.
256 1326 349 1368 Qiod
361 1329 393 1357 iri
404 1326 578 1357 civitatibus
589 1327 702 1356 ratione
712 1326 839 1367 quadam
852 1346 860 1359 ‚
872 1326 908 1357 de
919 1336 976 1367 qua
988 1326 1104 1357 dicetur

142 1368 259 1400 idoneo
269 1369 339 1398 loco
351 1388 360 1401 ,
379 1368 588 1409 agnationibus
603 1367 784 1398 familiarum
804 1367 1029 1408 distinguuntur
1049 1367 1103 1398 sta—

138 1420 188 1441 tus
198 1430 206 1444 ‚
226 1410 257 1439 id
268 1411 300 1439 in
312 1419 411 1439 rerum
425 1419 525 1439 natura
537 1418 618 1439 tanto
629 1409 671 1439 est
681 1409 926 1450 magnificentius
939 1429 947 1443 ,
963 1419 1104 1450 tantoque

137 1452 324 1493 praeclarius,
347 1459 380 1481 ut
400 1452 544 1481 homines
560 1451 687 1480 deorum
706 1453 884 1491 agnatione,
907 1451 939 1482 &
954 1461 1041 1492 gente
1059 1461 1103 1481 te-

138 1503 278 1525 neantur.
846 1514 850 1516 —

175 1545 231 1566 20.
253 1533 310 1565 Sed
322 1534 394 1563 heus
405 1541 455 1566 tu,
476 1534 555 1567 πυρὶ,-
573 1533 681 1565 εἶςὲἤμον
691 1532 828 1562 Athenis.
851 1533 946 1571 placet
957 1535 1014 1562 hoc
1026 1534 1102 1573 tibi?

137 1576 199 1608 Etsi
210 1585 275 1606 non
286 1574 562 1614 impediebantmei
580 1575 658 1604 certe
675 1574 756 1605 libri.
781 1583 844 1603 non
856 1576 940 1604 enim
951 1573 1101 1616 istalargi-

136 1621 183 1650 tio
192 1617 251 1649 fuit
260 1619 292 1647 in
303 1619 395 1646 civeis
406 1636 416 1649 ‚
429 1616 476 1646 sed
488 1618 518 1645 in
529 1617 660 1655 hospites
673 1615 842 1645 liberalitas.

181 1669 232 1690 21.
255 1658 310 1689 Sed
321 1658 357 1688 de
367 1658 426 1687 hoc
434 1667 541 1697 genere
555 1666 619 1687 toto
630 1659 663 1687 in
673 1659 711 1687 iis
720 1656 804 1686 libris
815 1675 824 1690 ,
846 1666 922 1697 quos
939 1656 976 1687 de
995 1658 1099 1698 repub.

137 1699 236 1742 scripsi
248 1720 256 1735 ‚
267 1700 428 1740 diligenter
437 1697 683 1738 estd-isputatum.

179 1753 233 1773 22.
255 1745 300 1772 Ut
316 1739 528 1780 cupiditatibus
545 1741 717 1780 principum
730 1758 739 1772 ,
763 1739 796 1770 &
817 1739 901 1769 vitiis
922 1738 1005 1769 infici
1027 1739 1101 1771 solet

135 1793 201 1817 tcta
209 1786 332 1824 civitas,
349 1781 385 1812 fic
396 1781 547 1812 emendari
559 1781 592 1811 δε
601 1783 710 1822 corrigi
719 1782 915 1812 continentia.
939 1780 1010 1811 Post
1019 1801 1028 1815 ‚
1042 1782 1100 1811 ali-

136 1834 210 1869 quot
219 1824 380 1866 interpofitio
389 1822 521 1864 verfibus.

178 1877 229 1908 ²3·
252 1868 309 1898 Sed
320 1869 382 1897 haec
393 1864 426 1895 &
438 1875 519 1895 nunc
529 1864 615 1900 satis,
635 1865 781 1896 &inillis
795 1864 879 1896 libris
896 1862 1013 1896 tractata
1030 1864 1100 1896 sunt

136 1909 326 1951 diligentius.

178 1960 230 1989 24.
255 1953 329 1981 Non
338 1947 421 1991 quod
432 1950 490 1980 hoc
499 1949 614 1990 populo
622 1949 751 1980 obtineri
762 1947 847 1989 poffit
857 1969 865 1983 ‚
878 1948 925 1979 sed
935 1948 1008 1990 quid
1019 1950 1097 1990 opti-

135 2003 226 2024 mum
245 1991 298 2026 sit,
320 1993 374 2023 tibi
392 1991 556 2022 dicendum
576 2001 660 2032 puto.
684 1993 763 2021 Nam
778 1991 875 2021 Caffia:
887 1991 960 2033 legis
977 1992 1096 2032 cuipam

137 2037 242 2076 Scipio
252 2043 321 2065 tuus
331 2032 473 2067 sustinet,
485 2043 546 2074 quo
555 2032 675 2063 amitere
686 2031 806 2063 lataess'e
815 2033 935 2063 dicitur.
972 2034 1018 2062 M.
1035 2036 1099 2064 Vos

135 2077 264 2108 demum
275 2096 283 2110 ‚
299 2085 331 2106 ut
341 2075 431 2105 video
440 2095 448 2108 ‚
468 2075 564 2116 legem
574 2074 748 2116 antiquastis
759 2073 818 2104 sinc
830 2074 944 2105 tabella.
969 2074 1019 2104 sed
1028 2085 1097 2116 ego,

134 2117 188 2150 etfi
199 2119 265 2149 satis
275 2117 355 2148 dixit
363 2127 418 2157 pro
430 2117 457 2147 se
467 2118 500 2147 in
510 2117 572 2146 illis
583 2117 668 2146 libris
678 2118 778 2156 Scipio
788 2137 797 2150 ‚
816 2126 915 2147 tamen
928 2116 1098 2147 libertatem

135 2159 226 2191 istam
237 2161 344 2201 largior
353 2158 467 2199 populo
480 2178 488 2192 ,
513 2158 587 2188 ut&
596 2157 769 2188 auetoritate
780 2159 913 2191 valeant,
934 2158 966 2188 &
981 2167 1100 2189 utantur

136 2202 241 2233 bonis.
264 2200 302 2231 fic
311 2203 395 2231 enim
407 2202 422 2230 a
434 2210 482 2230 me
495 2202 611 2230 recitata
622 2201 671 2230 lex
681 2199 723 2230 est
734 2200 769 2230 de
779 2197 941 2240 suffragiis:
960 2201 1099 2241 Optima-

136 2243 219 2276 tibus
229 2252 300 2274 nota
309 2262 318 2276 ‚
331 2242 411 2282 plebi
424 2243 516 2271 libera
528 2242 624 2273 sunto.

299 2286 458 2314 Maacx
481 2287 656 2314 TULLil
680 2286 939 2314 ciel-:nouis

236 2330 268 2357 D
306 2329 332 2357 E
392 2327 411 2367 J
452 2328 480 2355 U
520 2328 548 2356 R
589 2328 613 2356 E
676 2327 700 2356 c
741 2328 756 2355 1
796 2329 823 2355 v
862 2327 1004 2356 11,L

179 2367 316 2409 CAR1s.]
341 2368 453 2408 Aliquo
463 2368 629 2397 excellente
640 2387 647 2401 ‚
661 2377 693 2397 ac
704 2367 801 2397 nobili
813 2369 892 2397 viro.

181 2413 264 2442 Gar...
279 2410 328 2439 lib.
342 2419 371 2449 7.
383 2417 442 2450 cap.
454 2419 493 2439 22
506 2410 521 2450 j
546 2411 611 2439 Nec
627 2408 700 2439 verb
717 2409 922 2448 scientiajuris
933 2409 1098 2449 majoribus

134 2452 197 2485 suis
207 2452 348 2493 QAElius
360 2452 484 2481 Tubero
493 2450 589 2480 defuit
600 2471 609 2484 ‚
621 2450 757 2481 doetrina
766 2460 855 2481 etiam
868 2450 1022 2491 superfuit.

298 2495 452 2522 MARci
478 2495 651 2522 Tuiinii
674 2494 881 2522 cicnnon
898 2502 934 2522 is

271 2538 301 2565 D
345 2537 369 2564 E
459 2537 486 2563 A
530 2536 560 2564 U
603 2535 630 2564 G
675 2536 706 2565 U
747 2536 775 2564 R
819 2536 833 2564 1
876 2536 890 2564 1
931 2536 960 2565 S.

179 2580 303 2607 OiviuiA
314 2578 360 2605 Ex
370 2575 499 2616 Cariſsa]
523 2576 629 2606 Oscen.

179 2622 240 2650 Avi
251 2621 371 2648 incerta.

180 2661 310 2692 Oscinis.

300 2704 457 2732 MARcl
481 2703 628 2732 Turni
644 2711 655 2731 1
677 2703 931 2733 CICERONJS

588 2753 608 2773 n
628 2753 648 2774 ε

166 2786 545 2819 PHILOSOPHUS,
569 2795 607 2814 ει
623 2795 674 2816 νε
699 2787 1056 2818 HORTENSIUS.

179 2831 266 2859 NON.
282 2827 449 2869 Occupare]
474 2826 490 2840 '¹‘
513 2827 695 2858 EtPaullum
708 2827 1048 2869 Marcellioccupawss‘e.

179 2872 268 2901 Non.
282 2870 448 2909 tAnnuereJ
469 2870 558 2908 Quod
568 2868 638 2899 cum
652 2878 775 2908 uterque
787 2868 923 2899 nostrum
932 2869 1092 2905 annuisset,

136 2912 303 2952 omnesque
317 2912 353 2942 ad
374 2911 403 2941 id
423 2920 558 2951 tempus,
580 2911 661 2950 quod
681 2920 741 2941 erat
759 2910 876 2941 dietum
888 2931 896 2946 ‚
915 2911 1032 2951 postero
1043 2912 1092 2942 die

135 2951 337 2986 venissemus.

180 2995 343 3036 Faouro]
362 2995 495 3026 Lucullo
503 2995 628 3036 quidem
640 2993 738 3025 noster
748 2994 892 3026 adventus
904 2994 937 3026 &
955 3004 1050 3037 gratus
1060 2995 1093 3027 &

134 3037 289 3075 ‚iucundus
297 3036 395 3068 fuiss‘e.

177 3079 285 3120 Idem]
309 3079 366 3110 Hic
375 3078 513 3121 primum
524 3079 647 3112 Catulus
658 3077 819 3110 delestatur
832 3079 897 3120 ipso
908 3079 983 3111 loco.

1192 284 1223 311 N
1226 291 1281 311 ou.
1295 282 1416 323 Effera]
1439 280 1456 296 '
1477 289 1583 322 praeter
1591 289 1700 312 ceteras
1710 279 1812 312 nostra
1820 280 1929 311 extulit
1938 281 2052 311 civitas.

1191 325 1279 353 Nori.
1293 324 1428 364 Lentus]
1451 322 1468 337 ⁴¹
1490 325 1571 354 hunc
1585 321 1717 353 Crassum
1734 343 1743 356 ‚
1786 325 1816 352 ui
1835 324 1934 352 lentus
1952 322 1997 361 (ut
2016 320 2108 360 scitis)

1148 364 1244 395 dicere
1259 365 1391 399 solebat,
1414 365 1449 396 ad
1463 367 1667 396 imitationem
1679 386 1690 400 ‚
1707 375 1763 406 qua
1777 375 1784 395 i
1801 363 1891 395 nostri
1905 365 2020 406 generis
2032 373 2113 397 con-1

1149 405 1283 436 tendisse.

1192 448 1419 478 NoN.1mbuere
1433 469 1440 483 ,
1450 449 1600 491 ficffi'ccre]
1624 451 1717 483 Utii,
1739 447 1936 490 quicombibi
1947 455 2108 488 purpuram

1151 490 1278 524 volunt,
1300 490 1451 521 sufficiunt
1469 490 1552 531 prius
1565 491 1663 521 lanam
1678 491 1907 521 medicamentis
1917 489 2108 531 quibusdam,

1151 530 1190 561 sic
1201 532 1306 562 litteris
1317 553 1326 566 ,
1350 532 1514 573 talibusque
1524 531 1670 563 dostrinis
1681 534 1749 563 ante
1759 532 1858 563 excoli
1869 533 1987 562 animos
2000 552 2009 565 ,
2029 532 2060 562 δε
2072 531 2109 562 ad

1152 574 1324 614 sapientiam
1335 573 1567 614 concipiendam
1578 575 1677 605 imbui
1688 595 1696 609 ‚
1707 575 1740 605 &
1749 575 1902 615 praeparari
1913 574 2006 603 decet.

1194 617 1280 645 Nou.
1299 615 1434 656 Subigere
1447 617 1578 658 segetes]
1603 620 1646 647 Ut
1657 618 1742 647 enim
1758 617 1868 657 segetes
1879 615 2014 657 agricolae
2029 613 2109 645 subi·

1154 666 1230 697 gunt
1239 660 1338 688 aratris
1348 660 1449 688 multo
1459 660 1526 688 aute
1536 659 1627 698 quam
1638 659 1743 689 serant.

1193 700 1279 728 NON.
1294 700 1615 741 Grave‚.Acre‚.Mnet]
1627 700 1707 740 Qid
1717 701 1801 730 enim
1813 707 1862 729 aut
1871 698 2030 729 Herodoto
2040 696 2109 727 dul-

1150 741 1279 774 cius‚aut
1288 741 1468 781 Thucydide
1477 743 1606 781 gravius,
1618 751 1667 771 aut
1678 741 1801 772 Philisto
1813 741 1943 774 brevius,
1955 741 2110 770 autTheo-‹

1150 791 1266 822 pompo
1276 785 1370 813 acrius
1381 803 1390 816 ‚
1410 792 1458 813 aut
1469 781 1678 823 Theophrasto
1693 785 1799 813 mitius
1810 785 1939 813 inveniri
1950 780 2069 822 potest?

1193 825 1282 854 NON.
1301 825 1478 865 Cognoscere,
1500 824 1623 865 Grave]
1648 825 1738 855 Unde
1756 834 1856 855 autem
1880 823 1999 854 facilius
2017 825 2107 862 quam

1151 875 1189 895 ex
1198 867 1353 897 annalium
1366 876 1576 897 monumentis
1587 886 1595 900 ‚
1606 876 1655 896 aut
1666 877 1710 896 res
1723 866 1840 900 bellica,
1861 875 1910 897 aut
1919 866 2024 895 omnis
2035 874 2107 904 reip.

1149 907 1306 948 disciplina
1322 909 1535 950 cognoscitur?
1552 908 1634 938 unde
1646 908 1681 938 ad
1694 908 1841 948 agendum
1855 928 1862 941 ‚
1883 917 1933 938 aut
1944 907 2108 937 dicendum

1148 951 1235 989 copia
1254 950 1392 990 depromi
1409 951 1506 987 maior
1523 948 1762 991 gravissimorum
1778 950 1988 990 exemplorum
1999 969 2007 983 ‚
2029 946 2109 989 quasi

1147 992 1394 1031 incorruptorum
1407 991 1654 1022 testimoniorum
1666 990 1784 1031 potest?

1191 1035 1278 1062 Nou.
1302 1033 1471 1075 Exorsum]
1502 1036 1592 1074 Perge
1608 1053 1616 1068 ‚
1640 1034 1739 1074 quaeso
1754 1053 1763 1068 ,
1790 1044 1845 1064 nec
1860 1034 1948 1064 enim
1968 1030 2107 1072 imperite

1150 1075 1273 1105 exorsus
1285 1085 1327 1105 es.
1355 1092 1358 1094 -

1190 1119 1278 1146 Nou.
1302 1117 1493 1159 contendere]
1517 1119 1626 1159 Magna
1639 1118 1728 1148 etiarn
1745 1119 1839 1148 animi
1852 1117 2010 1148 contentio
2023 1114 2109 1146 adhi—

1147 1157 1245 1189 benda
1254 1157 1296 1189 est
1306 1161 1338 1189 in
1349 1160 1531 1199 explicando
1542 1159 1666 1190 Aristot.
1678 1159 1698 1189 fi
1710 1161 1824 1201 legeris.

1189 1203 1275 1231 NoN.
1291 1200 1420 1242 Comeli]
1443 1205 1480 1232 Se
1496 1202 1531 1232 ad
1549 1211 1720 1232 exrremum
1740 1201 1898 1241 pollicetur
1910 1200 2109 1241 prolaturum,

1146 1252 1212 1283 quae
1226 1243 1316 1283 seipsa
1326 1243 1449 1274 comest.
1473 1243 1554 1284 quod
1565 1242 1891 1274 efficitdialefficorum
1905 1252 1988 1273 ratio.

1190 1285 1277 1314 Nou.
1293 1286 1410 1315 Relaxo.
1435 1286 1592 1326 Remitto]
1617 1287 1727 1326 Qaero
1737 1288 1821 1315 enirn
1834 1305 1843 1319 ‚
1865 1295 1929 1314 non
1940 1283 2108 1324 quibusin—

1148 1326 1267 1356 tendam
1280 1327 1368 1357 rebus
1378 1329 1516 1357 animum
1530 1347 1538 1362 ‚
1554 1328 1601 1358 scd
1612 1328 1722 1368 quibus
1734 1327 1864 1356 relaxem
1876 1346 1885 1360 ,
1899 1326 1931 1356 &
1941 1328 2107 1355 remittam.

1189 1369 1294 1398 LAcr.
1309 1367 1393 1409 lib.3.
1405 1378 1464 1410 cap.
1474 1369 1537 1410 15.]
1549 1369 1677 1410 Qando
1688 1369 1862 1408 philosophi
1873 1366 1929 1397 effe
1938 1369 2110 1407 coeperunt?

1147 1410 1258 1440 Thales
1267 1430 1275 1443 ‚
1288 1420 1320 1440 ut
1330 1420 1459 1450 opinor,
1472 1413 1600 1450 primus.
1624 1420 1727 1440 recens
1738 1411 1799 1440 haec
1809 1409 1933 1450 quidem
1944 1419 2022 1440 aetas.

1188 1453 1231 1480 D.
1243 1455 1329 1482 Auo.
1348 1451 1397 1481 tib.
1412 1461 1437 1492 3.
1450 1460 1546 1482 contra
1554 1451 1670 1492 ,ΛΜΗ
1695 1451 1728 1482 ld
1740 1453 1823 1481 enim
1838 1450 1880 1481 est
1891 1452 2028 1491 sapientis
2036 1459 2110 1491 pro-

1146 1492 1247 1523 videre
1257 1504 1262 1522 :
1272 1503 1309 1523 ex
1319 1503 1381 1534 quo
1393 1492 1534 1534 sapientia
1542 1493 1585 1524 est
1594 1494 1736 1533 appellata
1744 1512 1753 1527 ,
1765 1493 1931 1533 prudentia.

1186 1535 1359 1574 SERVIUS]
1383 1537 1521 1575 Epicurei
1533 1536 1645 1574 plureis
1656 1535 1767 1563 volunt
1775 1532 1832 1563 esse
1843 1534 1942 1563 caelos.

1187 1577 1274 1604 Nou.
1289 1577 1411 1616 Urgeo]
1435 1579 1535 1616 Itaque
1546 1585 1618 1606 tunc
1627 1577 1801 1605 Democriti
1813 1584 1921 1606 manus
1937 1574 2103 1615 urgebatur.

1144 1614 1188 1646 est
1197 1618 1281 1646 enim
1291 1626 1356 1647 non
1365 1627 1486 1658 magna-

1184 1660 1271 1689 senv
1278 1668 1331 1689 1th
1349 1660 1379 1688 in
1402 1669 1427 1689 1·
1447 1659 1483 1692 &¹
1497 1669 1526 1689 2.
1546 1658 1689 1700 ‹AEneidj
1713 1658 1730 1673 ²*
1750 1669 1864 1690 annum
1885 1668 2029 1700 magnum
2048 1657 2106 1689 ess'e

1145 1699 1308 1729 voluerunt
1321 1700 1465 1730 omnibus
1481 1702 1607 1740 planetis
1622 1703 1655 1731 in
1668 1700 1798 1731 eundem
1817 1701 2037 1731 recurrentibus
2057 1702 2107 1730 lo-

1144 1749 1213 1770 cum
1225 1759 1234 1774 ,
1253 1741 1336 1781 quod
1355 1740 1388 1772 fit
1405 1740 1473 1782 post
1492 1744 1564 1772 ΧΠ.
1583 1742 1683 1772 millia
1703 1751 1875 1784 nongentos
1891 1744 2109 1783 quinquaginta

1144 1791 1286 1822 quattuor
1296 1792 1403 1813 annos.

1187 1825 1228 1853 D.
1240 1826 1379 1855 Aut-‚usin
1394 1823 1444 1855 lib.
1460 1834 1505 1855 12.
1517 1832 1576 1866 cap.
1587 1832 1615 1863 4.
1627 1825 1725 1867 Trim]
1748 1826 1829 1857 Beati
1841 1825 1917 1857 certe
1929 1835 2038 1858 omnes
2048 1823 2107 1857 effe

1144 1865 1299 1896 volumus.

1187 1909 1277 1938 Nori.
1302 1907 1459 1951 Differre]
1491 1911 1647 1948 Quantum
1668 1911 1748 1940 inter
1772 1910 1800 1940 se
1825 1911 1968 1941 homines
1985 1908 2103 1945 studiis,

1145 1949 1284 1980 moribus
1296 1969 1305 1984 ‚
1317 1951 1349 1981 &
1359 1954 1446 1981 omni
1458 1953 1525 1982 vitae
1537 1953 1650 1982 ratione
1659 1950 1807 1983 differant.

1187 1994 1273 2023 Nou.
1288 1992 1495 2034 Praesidium]
1521 1995 1776 2024 Huic-contrarius
1787 1994 1887 2025 Aristo
1896 1995 1992 2025 Chius
2003 2015 2012 2029 ,
2032 2004 2106 2035 prz—

1144 2033 1275 2106 gafluss}
1289 2033 1403 2066 ferreus
1415 2054 1424 2069 ‚
1436 2035 1514 2065 nihil
1526 2035 1643 2066 bonum
1656 2055 1665 2070 ,
1677 2035 1733 2067 nisi
1745 2036 1826 2077 quod
1836 2036 1952 2067 redium
1964 2037 1997 2067 &
2008 2038 2106 2068 hone-

1172 2082 1249 2106 um&
1278 2097 1285 2104 .

1185 2120 1319 2148 1).Αυ<;.
1336 2117 1387 2148 lib.
1403 2127 1448 2159 ¹3·
1459 2126 1519 2161 cap.
1535 2129 1565 2158 5.
1577 2119 1675 2160 Trin.]
1700 2122 1883 2151 Ecccautem
1895 2131 1958 2152 non
1969 2121 2105 2162 philoso-

1144 2160 1196 2200 phi
1209 2159 1257 2190 illi
1268 2160 1392 2201 quidem
1403 2180 1413 2195 ‚
1434 2161 1482 2191 sed
1493 2163 1605 2201 promti
1617 2170 1717 2192 tamen
1728 2162 1763 2192 ad
1774 2161 1988 2202 disputandum
2000 2164 2107 2194 homi-

1145 2210 1199 2231 nes
1210 2221 1218 2235 ‚
1241 2211 1350 2232 omnes
1366 2202 1451 2241 ajunt
1468 2202 1527 2233 effe
1539 2203 1640 2233 beatos
1652 2223 1661 2236 ,
1683 2206 1734 2244 qui
1746 2206 1868 2238 vivant,
1892 2213 1923 2235 ut
1935 2203 1986 2245 ipfi
1997 2206 2104 2236 velint.

1145 2243 1262 2273 Falsum
1274 2244 1304 2274 id
1314 2244 1447 2285 quidem.
1472 2245 1558 2275 Velle
1567 2247 1650 2275 enim
1662 2245 1744 2286 quod
1756 2255 1820 2276 non
1832 2246 1932 2276 deceat
1943 2267 1950 2279 ,
1963 2246 1993 2276 id
2002 2247 2102 2287 ipsum

1146 2285 1351 2316 miserrimum
1363 2285 1420 2316 est:
1442 2296 1497 2317 nec
1511 2295 1569 2317 tam
1581 2287 1724 2317 miserum
1738 2287 1779 2317 est
1790 2307 1798 2321 ‚
1815 2297 1878 2318 non
1888 2288 2011 2329 adipisci
2021 2289 2104 2330 quod

1143 2327 1218 2357 velis
1230 2346 1238 2361 ,
1250 2327 1339 2368 quam
1349 2327 1470 2368 adipisci
1481 2329 1558 2358 velle
1567 2328 1648 2369 quod
1659 2338 1725 2359 non
1737 2339 1879 2369 oporteat.

1188 2370 1290 2398 Lacr.
1304 2369 1355 2398 lib.
1372 2379 1397 2398 i.
1410 2377 1470 2411 cap.
1483 2370 1530 2411 7.]
1552 2373 1583 2401 Si
1593 2373 1678 2401 Deus
1689 2381 1768 2402 unus
1778 2371 1820 2402 est
1829 2391 1838 2405 ,
1851 2373 1919 2412 quis
1930 2371 2032 2403 beatus
2043 2370 2101 2403 effe

1142 2410 1177 2440 in
1188 2411 1352 2442 solitudine
1359 2415 1466 2452 queat?

1185 2454 1271 2482 Nori.
1286 2453 1457 2495 Praecrpere]
1481 2455 1660 2494 Praecipiunt
1670 2455 1728 2485 hoc
1739 2453 1788 2485 isti
1800 2475 1808 2488 ‚
1820 2454 1853 2486 &
1863 2453 1933 2486 facit
1943 2465 2047 2485 nemo.

1183 2496 1288 2525 Lac-r.
1302 2494 1351 2523 lib.
1366 2504 1393 2535 3.
1406 2503 1465 2536 cap.
1479 2496 1542 2536 16.]
1566 2495 1706 2527 Ρῐοξεᾶὸ
1716 2499 1820 2527 omnis
1832 2497 1957 2527 istorum
1968 2497 2099 2537 disputa·-

1143 2536 1186 2565 tio
1199 2555 1208 2569 ,
1229 2546 1412 2577 quamquam
1434 2537 1603 2568 uberrimos
1621 2537 1735 2568 fonteis
1752 2539 1872 2568 virtutis
1886 2559 1895 2573 ,
1915 2539 1948 2569 &
1967 2539 2099 2570 scientiae

1139 2579 1294 2608 contineat
1304 2599 1313 2612 ,
1329 2587 1429 2609 tamen
1440 2598 1449 2613 ,
1469 2579 1576 2610 collata
1585 2590 1655 2610 cum
1666 2581 1775 2610 horum
1787 2579 1858 2610 atstis
1871 2600 1879 2614 ,
1899 2579 2100 2622 perfefflsque

1143 2619 1230 2649 rebus
1241 2640 1249 2653 ,
1270 2630 1378 2650 vereor
1390 2630 1427 2650 ne
1442 2622 1559 2651 tantum
1571 2621 1705 2652 videatur
1713 2620 1841 2653 attuliss‘e
1854 2624 1984 2663 negotiis
1995 2624 2099 2654 homi—

1140 2671 1214 2691 num
1227 2663 1375 2702 quandam
1387 2661 1625 2693 obleetationem
1636 2665 1703 2694 otii.

1183 2704 1270 2733 Nori.
1284 2704 1442 2745 Laurum]
1466 2706 1540 2745 Qae
1556 2704 1598 2736 est
1613 2706 1703 2745 igitur
1716 2705 1906 2746 philosophia
1916 2726 1925 2739 ‚
1942 2709 2074 2738 Socrates
2084 2710 2099 2730 ³>

1139 2753 1194 2774 ncc
1204 2744 1311 2776 dubito
1322 2766 1329 2779 ,
1344 2748 1417 2786 quin
1430 2766 1438 2779 ‚
1453 2755 1650 2788 quaecumque
1660 2746 1693 2777 fit
1704 2768 1713 2781 ,
1734 2749 1847 2778 lautum
1862 2748 1980 2778 vibium
1992 2749 2026 2779 &
2037 2750 2099 2780 ele-

1137 2796 1257 2826 gantem
1269 2807 1279 2819 ‚
1301 2786 1460 2829 magnifice
1472 2807 1481 2822 ,
1501 2798 1599 2829 neque
1620 2788 1726 2820 minsis
1741 2790 1832 2831 quam
1847 2790 1980 2825 deceret,
1998 2791 2098 2822 colere

1139 2827 1320 2859 instituisset.

1182 2872 1268 2901 Nou.
1281 2871 1313 2900 de
1322 2870 1393 2901 άοὲἶ.
1405 2871 1481 2913 ind]
1494 2873 1567 2903 Vidi
1586 2874 1617 2903 in
1628 2873 1733 2904 dolore
1743 2874 1879 2915 podagrae
1894 2875 1942 2905 vel
1952 2876 2096 2905 omnium

1138 2914 1311 2943 maximum
1325 2916 1494 2944 Stoicorum
1506 2913 1710 2946 Poffidonium
1721 2935 1731 2950 ,
1750 2917 1849 2946 nihilo
1862 2916 1958 2956 ipsum
1972 2937 1981 2951 ‚
2002 2917 2094 2958 quam

1139 2955 1363 2985 Nicomachum
1375 2957 1505 2995 Tyrium
1519 2976 1528 2989 .
1542 2957 1691 2997 hospitem
1702 2967 1805 2988 meum
1818 2978 1827 2991 ‚
1841 2956 2010 2989 fortiorem.

1179 2998 1265 3027 NoN.
1279 2996 1461 3038 Sublatam]
1485 2995 1711 3039 *eloquentiam
1729 3001 1824 3033 tueri,
1844 3010 1933 3040 quam
1946 3010 1976 3031 tu
1991 3003 2022 3030 in
2032 3009 2093 3031 σατ-

1137 3038 1214 3072 lum,
1228 3037 1380 3076 Hortensi,
1389 3041 1490 3074 credo,
1501 3049 1533 3070 ut
1542 3040 1604 3081 ipse
1612 3051 1682 3072 cum
1691 3051 1725 3073 ea
1734 3040 1822 3073 fimul
1831 3042 2032 3076 adscenderes,
2044 3043 2093 3073 su—

1102 3107 1106 3110 .
1137 3078 1275 3112 stuliffes.

1413 3126 1618 3155 Eeeeeeee
2008 3127 2094 3156 Now.
