2297 3389
12 150 86 242 x

625 145 940 190 OnATr‘o
998 156 1134 190 ruo
1191 142 1244 189 L.
1295 140 1617 190 FLA·⁷cco;

2006 155 2108 210 425

152 229 272 263 Triduo
284 228 335 262 lex
344 227 379 260 ad
388 231 543 269 praetorem
566 221 693 259 deferri,
711 223 851 264 judicum
869 221 958 266 fignis
972 222 1112 265 obsignari
1153 222 1295 262 prodatur
1307 241 1316 257 ,
1337 223 1545 263 pertimescam
1557 242 1566 257 .
1590 224 1624 254 in
1641 231 1703 265 quo
1716 243 1726 258 ‚
1746 221 1837 255 etiam
1856 221 1877 254 fi
1893 223 1967 266 quid
1985 226 2114 263 errasset,

153 271 246 312 jubet.
270 269 418 304 tricefimo
435 269 485 299 die
501 269 556 298 vix
570 266 756 297 deferuntur.
779 267 992 305 Necorrumpi
1002 267 1108 296 tabulae
1155 274 1262 295 omnes
1273 265 1347 295 boni
1357 265 1560 295 connivendum
1570 264 1627 297 effe
1637 265 1868 297 arbitrarentur?
1884 267 1977 308 Qod
1986 269 2113 309 quidem

149 314 238 346 facile
248 313 357 354 poffint
367 332 376 345 ‚
386 310 500 341 idcirco
511 310 561 340 lex
570 307 733 350 obsignatas
742 310 775 338 in
783 308 907 348 publico
913 309 988 347 poni
998 308 1108 337 voluit.

150 360 192 387 At
200 355 389 398 obsignantur
398 360 557 392 corruptae.
580 351 662 393 Qid
673 349 760 380 refert
775 351 865 390 igitur
873 368 883 384 ‚
902 356 985 380 tanto
994 347 1061 388 post
1070 348 1106 378 ad

143 398 262 438 judices
273 395 441 426 deferantur
449 413 458 428 ‚
479 403 517 424 an
528 395 659 424 omnino
671 401 736 422 non
745 391 937 422 deferantur?
959 389 1041 432 Qid
1052 409 1061 423 ‚
1083 388 1104 418 fi

148 439 271 471 testium
290 436 424 468 studium
443 445 514 465 cum
530 435 694 465 accusatore
713 434 859 464 sociatum
879 431 922 463 est
935 435 945 462 ?
965 441 1105 463 tamenne

88 491 131 518 10
148 478 293 512 istit-estes
302 477 511 509 habebuntur?
533 477 595 507 Ubi
606 475 648 507 est
657 477 748 517 igitur
756 476 807 505 illa
816 473 1014 515 exspedkatio,
1034 483 1100 514 quae

74 2035 112 2060 11

148 521 255 555 versari
264 522 298 550 in
304 519 426 560 judiciis
435 519 510 549 solet
521 521 532 548 ?
547 528 618 549 nam
629 527 715 549 antea
726 537 734 551 ,
747 515 822 548 cum
832 517 946 546 dixerat
956 516 1103 546 accusator

144 565 265 596 acriter,
283 562 537 595 &vehementer‚
555 570 686 601 cumque
695 558 834 591 defensor
843 559 1014 599 supplIciter
1024 577 1032 592 ,
1049 556 1102 587 de-

146 603 293 645 miffeque
302 602 491 644 responderat
502 613 510 637 3
521 604 624 633 tertius
634 604 685 632 ille
696 610 757 632 erat
765 600 950 640 exspedhitus
959 601 1044 629 locus
1054 607 1098 628 te-

145 646 238 678 stium
251 666 259 679 ,
275 648 326 687 qui
335 655 385 676 aut
394 644 455 676 fine
464 646 517 675 ullo
524 643 617 681 studio
627 644 765 675 dicebant
774 663 782 676 ‚
801 650 851 673 aut
859 651 929 672 curn
939 640 1098 679 diffimula-

141 689 218 720 tione
234 688 332 728 aliqua
349 687 527 728 cupiditatis.
551 689 621 717 Hoc
637 684 710 716 vero
727 683 800 725 quid
818 682 881 713 est?
903 683 973 713 Una
985 681 1096 714 sedent,

140 740 181 762 ex
196 730 398 760 accusatorum
416 729 562 759 subselliis
576 729 697 770 surgunt
706 747 714 761 ‚
735 735 800 756 non
809 722 995 754 diffimulant
1003 743 1011 757 ‚
1031 733 1097 754 non

140 780 284 804 verentur
295 782 300 800 :
319 771 356 802 de
366 771 513 801 subselliis
522 779 629 811 queror
640 772 650 798 ?
670 778 729 799 una
738 777 776 797 ex
786 766 882 796 domo
891 765 1051 806 prodeunt.
1075 763 1096 794 si

139 812 235 845 verbo
243 813 409 846 titubarint,
418 811 480 853 quo
491 819 676 842 revertantur
684 829 693 843 ,
705 818 769 839 non
777 807 938 838 habebunt.
954 809 1002 837 An
1012 808 1095 847 quis-

137 864 231 897 quam
250 853 310 884 effe
325 853 406 886 testis
423 852 537 894 potest,
558 861 650 893 quem
661 851 808 882 accusator
817 848 879 879 fine
887 858 956 879 cura
966 851 1094 879 interro-

137 906 204 940 get:
221 906 277 927 nec
285 904 397 927 metuat
405 915 413 929 ,
430 905 468 925 ne
478 893 530 924 fibi
540 893 654 934 aliquid
665 913 674 926 ,
693 891 775 934 quod
783 891 846 932 ipse
857 892 952 924 nolit,
970 890 1092 930 respon-

138 941 206 971 deat
218 941 228 969 ?
249 937 312 968 Ubi
324 936 367 968 est
380 938 469 979 igitur
479 936 531 966 illa
544 936 607 966 laus
627 936 752 965 oratoris
761 954 770 968 ,
789 943 856 975 quae
875 934 922 963 vel
936 934 969 962 in
979 933 1094 963 accusa·

136 990 203 1012 tore
216 988 317 1013 antea,
336 979 386 1009 vel
404 981 438 1008 in
453 986 580 1018 patrono
595 976 718 1018 speEtari
734 976 847 1007 solebat
860 977 871 1003 ?
893 977 972 1005 Bene
988 973 1093 1005 testem

137 1022 334 1062 interrogavit
344 1031 350 1049 ε
360 1019 467 1051 callide
479 1017 592 1050 acceffit
603 1029 608 1047 :
619 1018 825 1059 reprehendit:
841 1016 902 1058 quo
914 1017 1012 1047 voluit
1023 1037 1031 1050 .
1043 1016 1095 1047 ad-

137 1063 244 1096 duxit:
258 1063 409 1096 convicit,
430 1062 464 1092 &
473 1061 629 1103 elinguem
639 1060 780 1091 reddidit.
804 1058 886 1100 Qid
898 1067 928 1089 tu
939 1057 1030 1089 istum
1043 1068 1095 1088 ro-

135 1115 188 1147 ges
197 1125 207 1140 ,
220 1104 312 1137 Laeli,
324 1105 395 1145 qui,
406 1104 578 1144 priusquam
589 1103 647 1133 hoc
656 1122 664 1137 ‚
689 1105 741 1133 Tr.
754 1111 841 1132 Rooo
851 1120 859 1135 ,
883 1100 996 1131 dixeris
1006 1120 1013 1133 ,
1025 1101 1094 1140 plu-

135 1157 169 1179 ra
180 1148 273 1177 etiam
286 1144 444 1179 effundet,
491 1145 561 1175 uam
579 1153 612 1175 tu
628 1145 656 1174 ei
676 1143 762 1174 domi
780 1143 849 1174 ante
867 1142 1095 1182 praescripseris?

136 1188 221 1230 Qud
239 1197 294 1230 ego
311 1195 412 1218 autem
431 1186 468 1217 de
484 1187 570 1217 ensor
585 1187 713 1228 rogem?
734 1195 804 1216 nam
818 1184 969 1215 autoratio
984 1182 1096 1220 testium

132 1225 220 1271 resilii
231 1230 315 1269 βία,
341 1236 396 1259 aut
412 1229 479 1258 vita
495 1229 563 1257 laedi.
586 1231 652 1270 Qa
660 1228 861 1268 disputatione
871 1229 1040 1257 orationem
1050 1236 1097 1256 re—

132 1271 238 1304 fellam
249 1273 274 1311 ej
279 1281 312 1301 us
322 1291 331 1305 ,
341 1272 394 1312 qui
405 1270 477 1302 dicit
486 1291 494 1305 ,
506 1270 658 1300 Dedimus
669 1280 675 1299 :
686 1270 764 1300 nihil
775 1267 927 1309 amplius?
947 1271 983 1306 In
992 1269 1097 1298 homi-

133 1324 209 1345 nem
228 1312 392 1344 dicendum
411 1312 454 1344 est
466 1314 556 1353 igitur
564 1332 573 1346 ,
592 1311 665 1342 cum
684 1313 781 1342 oratio
799 1311 1095 1352 argumentationem

133 1365 201 1387 non
210 1355 309 1386 habet.
332 1355 413 1396 Qid
423 1355 522 1385 dicam
533 1356 566 1383 in
576 1355 716 1395 ignotum
727 1358 737 1384 ?
756 1351 953 1394 Qerendum
962 1351 1003 1382 est
1011 1362 1091 1393 ergo,

133 1398 170 1429 &
179 1395 396 1436 deplorandum
406 1416 415 1430 ‚
426 1395 458 1426 id
467 1395 549 1437 quod
556 1395 739 1434 jamdudum
749 1393 826 1425 facio
838 1414 847 1428 ,
858 1393 896 1424 de
910 1395 997 1424 omni
1007 1403 1093 1424 accu-

134 1439 259 1471 sationis
275 1439 452 1478 iniquitate:
465 1436 602 1477 primum
616 1436 654 1467 de
670 1438 833 1467 communi
841 1445 948 1477 genere
959 1434 1090 1466 testium.

134 1480 210 1511 dicit
226 1480 309 1510 enim
319 1480 403 1509 natio
414 1479 546 1509 minime
557 1480 589 1508 in
604 1478 788 1510 testimoniis
798 1477 934 1509 dicendis
943 1477 1090 1519 religiosa.

129 1520 256 1563 propius
267 1520 384 1551 accedo.
407 1531 485 1561 nego
496 1519 552 1550 esse
562 1519 616 1551 ista
626 1520 799 1552 testimonia
809 1540 818 1554 ‚
835 1530 900 1561 quae
913 1528 944 1550 tu
954 1521 1016 1559 ipse
1025 1520 1091 1559 pse-

131 1564 280 1605 phismata
291 1563 418 1603 appellas
429 1574 435 1592 2
455 1562 506 1592 sed
517 1562 550 1593 &
559 1561 720 1593 fremitum
729 1563 884 1604 egentium
897 1582 906 1596 ‚
923 1561 957 1592 &
967 1571 1090 1592 motum

129 1605 284 1648 quendam
303 1606 497 1635 temerarium
510 1604 655 1635 Graeculae
669 1605 841 1635 concionis.
864 1603 985 1634 Intrabo
997 1605 1089 1634 etiam

132 1649 237 1689 magis.
259 1648 311 1687 qui
320 1645 405 1688 geffit
414 1666 423 1681 ,
444 1656 509 1677 non
516 1645 612 1677 adest:
634 1648 687 1688 qui
696 1644 864 1677 numerasse
873 1645 984 1676 dicitur
994 1665 1003 1680 ‚
1025 1654 1090 1676 non

131 1688 176 1721 ost
185 1688 347 1720 deduems:
366 1691 486 1729 privatae
500 1688 605 1719 litterae
622 1689 714 1719 nullae
732 1687 944 1730 proferuntur,
963 1687 1090 1728 publicae

130 1739 253 1762 retentae
265 1731 374 1762 suntin
385 1731 587 1761 accusatorum
597 1730 750 1771 potestate.
772 1731 891 1761 summa
903 1729 946 1760 est
957 1732 991 1760 in
1008 1728 1091 1760 testi-

132 1773 199 1805 bus.
221 1773 251 1801 hi
259 1773 370 1802 vivunt
378 1782 442 1802 cum
454 1772 592 1801 inimicis:
606 1773 791 1803 adsuntcum
801 1771 982 1803 adversariis.
1004 1771 1091 1802 habi-

131 1822 195 1846 tant
204 1824 275 1845 cum
284 1813 627 1845 accusatoribusUtrum
637 1813 687 1845 hic
697 1814 819 1845 tandem
829 1813 1090 1854 disceptationem,

134 1856 169 1886 &
179 1858 386 1896 cognitionem
400 1857 551 1890 veritatis,
573 1866 611 1887 an
624 1857 809 1887 innocentiae
825 1855 925 1886 labem
946 1856 1090 1897 aliquam.

132 1907 183 1929 aut
192 1900 309 1928 ruinam
320 1897 385 1927 fore
393 1899 523 1938 putatis?
544 1898 643 1928 Multa
652 1900 737 1929 enim
747 1899 817 1929 sunt
825 1897 976 1938 ejusmodi
988 1917 997 1932 ,
1008 1898 1091 1938 judi-

131 1950 181 1971 ces
190 1960 198 1974 ‚
211 1948 244 1970 ut
251 1940 342 1970 etiam
353 1937 373 1968 fi
382 1940 417 1969 in
425 1941 555 1970 homine
565 1940 630 1979 ipso
639 1960 649 1973 ,
668 1940 705 1970 de
714 1950 776 1981 quo
785 1942 880 1982 agitur
889 1959 898 1974 ‚
914 1939 1093 1981 negligenda

133 1980 190 2012 fint
199 2002 208 2016 ‚
222 1990 322 2011 tamen
332 1982 367 2010 in
376 1980 569 2014 conditione,
586 1989 673 2021 atque
683 1982 717 2011 in
727 1982 848 2022 exemplo
857 1980 1093 2021 pertimescenda

133 2024 300 2055 videantur.
323 2023 354 2052 Si
373 2032 465 2062 quem
482 2020 592 2052 infimo
607 2023 677 2052 loco
689 2032 794 2053 natum
807 2043 815 2057 ‚
835 2023 923 2053 nullo
933 2022 1092 2062 splendore

130 2067 201 2096 vitae
214 2085 222 2099 ,
233 2064 318 2094 nulla
326 2063 596 2095 commendatione
606 2063 694 2094 famae
704 2063 900 2094 defenderem
912 2074 917 2093 z
936 2072 1038 2094 tamen
1048 2065 1093 2094 ci-

128 2117 201 2138 vem
218 2106 234 2137 a
246 2105 368 2136 civibus
379 2107 556 2137 communis
568 2106 765 2136 humanitatis
773 2108 839 2147 jure
848 2126 860 2140 ‚
879 2116 911 2136 ac
921 2105 1093 2136 misericor-

129 2148 179 2179 dia
189 2148 359 2189 deprecarer
369 2166 378 2180 ,
399 2157 437 2177 ne
450 2148 565 2188 ignotis
575 2146 699 2178 testibus
708 2167 718 2182 ,
738 2158 778 2178 ne
787 2149 918 2179 incitatis
929 2168 939 2183 ‚
958 2157 996 2178 ne
1007 2157 1092 2178 accu-

129 2190 235 2222 satoris
245 2187 466 2219 consessoribus
476 2208 486 2223 ‚
505 2190 646 2220 convivis
654 2209 663 2223 ‚
685 2189 964 2221 contubernalibus:
987 2199 1026 2220 ne
1035 2190 1091 2219 ho-

129 2231 268 2263 minibus
279 2251 288 2265 ,
307 2231 427 2261 levitate
437 2231 549 2261 Graecis
559 2250 569 2264 ,
591 2231 766 2262 crudelitate
774 2231 905 2263 barbaris
915 2251 923 2266 ,
946 2232 1047 2262 civem
1057 2240 1091 2261 ac

127 2274 294 2314 supplicem
305 2271 438 2303 vestrum
445 2272 593 2303 dederetis
603 2282 610 2302 ι
620 2282 660 2303 ne
670 2274 871 2313 periculosam
883 2274 1091 2304 imitationem

128 2315 263 2355 exempli
272 2314 396 2355 reliquis
406 2315 438 2344 in
447 2312 602 2354 posterum
615 2313 791 2354 proderetis.
807 2315 855 2346 sed
866 2335 874 2349 ,
887 2313 958 2346 cum
968 2315 1092 2346 L.Flac-

127 2358 157 2389 ci
166 2367 212 2388 res
218 2365 320 2398 agatur
330 2375 338 2390 ‚
358 2356 406 2395 cuj
411 2365 445 2386 us
455 2365 492 2386 ex
502 2355 618 2386 familia
627 2357 680 2397 qui
688 2358 805 2397 primus
816 2357 922 2388 consul
929 2356 1026 2387 faCtus
1035 2356 1088 2391 est,

126 2400 244 2441 primus
253 2401 286 2428 in
296 2399 350 2428 hac
358 2399 478 2429 civitate
487 2398 593 2429 consul
602 2396 662 2429 fuit
673 2409 679 2427 :
690 2400 776 2439 qu'us
786 2400 894 2430 virtute
904 2399 1023 2440 regibus
1034 2408 1090 2429 ex-

125 2442 294 2471 terminatis
306 2459 315 2474 ,
337 2438 452 2469 libertas
461 2441 492 2470 in
507 2439 612 2480 repub.
623 2439 785 2472 constituta
793 2439 836 2471 est
848 2451 854 2471 z
874 2451 941 2482 quae
950 2441 1041 2482 usque
1052 2440 1088 2472 ad

123 2483 183 2514 hoc
193 2491 311 2522 tempus
327 2485 338 2500 ¹
349 2481 519 2512 honoribus
531 2502 540 2515 ‚
552 2483 683 2522 imperio
692 2502 700 2516 ‚
712 2492 812 2513 rerum
822 2482 968 2524 gestarum
979 2484 1086 2524 gloria,

122 2527 296 2556 continuata
304 2522 481 2563 permansit:
500 2533 631 2564 cumque
645 2524 682 2554 ab
697 2525 752 2556 hac
759 2527 897 2565 peremni
907 2545 915 2559 .
939 2523 1088 2556 contesta-

121 2575 209 2608 taque
219 2567 327 2596 virtute
338 2566 488 2605 majorum
499 2585 508 2599 ,
527 2575 592 2596 non
603 2565 699 2596 modo
711 2577 764 2596 mn
773 2567 946 2607 degenerarit
955 2569 991 2597 L.
1003 2566 1088 2598 Flac-

120 2618 175 2639 cus
185 2628 193 2643 ,
209 2611 223 2628 ²
234 2607 294 2641 sed,
307 2606 337 2636 id
347 2606 428 2648 quod
439 2607 575 2638 maxime
590 2606 698 2637 florere
709 2609 742 2638 in
751 2610 869 2649 generis
879 2608 923 2638 sui
934 2608 1030 2650 gloria
1037 2610 1085 2639 vi-

119 2649 221 2684 derat,
238 2649 358 2679 laudem
368 2651 467 2689 patriae
479 2651 512 2679 in
522 2649 690 2680 libertatem
701 2649 891 2680 vindicandae
910 2658 1017 2690 praetor
1034 2649 1086 2681 ad-

116 2693 241 2725 amarit:
263 2692 297 2722 in
306 2692 366 2721 hoc
384 2700 439 2733 ego
455 2701 508 2723 reo
525 2700 565 2722 ne
582 2691 664 2733 quod
681 2691 889 2733 perniciosum
907 2692 1085 2735 exemplum

1153 316 1208 346 ego
1218 316 1283 337 non
1294 306 1389 337 modo
1401 317 1464 337 non
1475 307 1596 348 postulo
1607 328 1616 342 ,
1636 307 1684 339 sed
1695 317 1799 339 contra
1807 328 1818 342 ,
1829 308 1945 348 judices
1953 328 1963 343 ‚
1978 320 2034 340 vos
2043 321 2111 346 oro,

1153 347 1186 376 &
1195 347 1336 382 obtestor,
1347 357 1380 379 ut
1391 358 1486 379 totam
1495 350 1611 380 causam
1622 349 1712 391 quam
1723 349 1859 381 maxime
1867 352 1993 382 intentis
2002 353 2112 387 oculis,

1149 385 1194 426 (ut
1203 389 1297 429 ajunt)
1317 390 1461 420 acerrime
1471 392 1737 432 contemplemini.
1766 392 1846 422 nihil
1862 393 2010 435 religione
2027 393 2114 425 testa·

1149 437 1214 459 tum
1228 449 1236 463 ‚
1259 432 1337 461 nihil
1356 434 1477 462 veritate
1494 431 1655 464 fundatum
1671 453 1679 468 ,
1700 434 1779 464 nihil
1796 434 1900 465 dolore
1920 433 2091 476 expressum
2102 444 2112 467 ι

1147 479 1311 518 contraque
1321 475 1426 503 otnnia
1434 483 1570 514 corrupta
1579 474 1708 505 libidine
1718 495 1726 509 .
1737 475 1887 507 iracundia
1895 496 1903 510 ‚
1915 475 2015 507 studio
2024 496 2033 511 ‚
2042 487 2111 518 pre-

1147 514 1210 546 tio,
1233 514 1366 552 perjurio
1384 516 1577 553 reperientur.
1602 519 1725 547 Etenim
1742 518 1806 557 jam
1825 519 1964 550 universa
1979 518 2108 551 istorum
2131 533 2176 561 ῖς,

1150 556 1270 596 cognita
1279 554 1439 594 cupiditate
1448 575 1457 588 ‚
1471 557 1608 587 accedam
1619 557 1654 587 ad
1664 557 1789 599 singulas
1798 560 1932 600 querelas
1941 580 1949 595 ,
1964 563 2110 593 crimina-

1145 596 1302 637 tionesque
1313 598 1499 626 Graecorum.
1515 597 1613 627 Claffis
1624 603 1754 630 nomine
1764 603 1924 640 pecuniam
1934 604 2108 635 civitatibus

1146 640 1321 678 imperatam
1335 646 1511 678 queruntur.
1534 639 1614 679 quod
1627 650 1681 670 nos
1696 640 1811 672 fa&um
1822 663 1831 676 ‚
1849 643 1965 683 iudices
1976 664 1985 677 2
2004 643 2105 677 confi-

1147 687 1257 710 temur.
1282 678 1338 710 Sed
1350 699 1359 713 ‚
1380 677 1401 708 si
1410 680 1467 709 hoc
1477 681 1594 710 crimen
1603 679 1646 711 est
1659 692 1664 710 2
1685 685 1777 713 autin
1786 694 1824 714 eo
1833 684 1875 715 est
1884 704 1892 718 ‚
1911 685 1995 727 quod
2004 697 2055 716 non
2064 687 2106 716 li-

1146 722 1236 750 cumr
1247 722 1405 762 imperare:
1416 729 1465 751 aut
1476 723 1507 751 in
1518 731 1566 756 eo,
1578 722 1659 763 quod
1669 733 1721 751 non
1731 731 1795 764 opus
1805 725 1895 757 fuerit
1903 727 2029 758 navibus
2039 739 2044 758 :
2055 736 2106 760 aut

1147 765 1227 793 ineo
1237 782 1245 796 ,
1261 762 1345 804 quod
1356 763 1438 793 nulla
1448 782 1456 796 ‚
1472 764 1530 793 hoc
1538 772 1680 803 praetore,
1696 764 1787 795 ciaifis
1798 769 1950 808 navigarit.
1972 769 2107 801 Licuiss'e

1148 814 1180 835 ut
1191 805 1342 845 intelligas
1350 824 1359 839 ‚
1375 805 1522 846 cognosce
1533 825 1543 837 .
1555 805 1627 846 quid
1637 824 1646 839 ,
1662 815 1712 836 me
1721 807 1844 837 consule
1857 827 1865 842 ,
1876 810 1991 841 senatus
2000 812 2106 843 decre-

1144 848 1221 877 verit
1231 866 1239 880 ,
1259 845 1332 877 curn
1343 846 1467 887 quidem
1481 847 1559 876 nihil
1572 852 1588 877 a
1602 847 1803 887 superioribus
1815 852 2031 884 continuorum
2048 863 2108 884 an·-

1145 898 1257 919 norum
1275 888 1399 918 decretis
1415 886 1581 918 decesserit.
1604 891 1973 922 Sanarvscousum-um.
1996 897 2106 926 Proxi=

1145 940 1233 960 mum
1243 929 1286 961 est
1295 940 1365 971 ergo
1374 950 1383 964 ,
1403 938 1436 961 ut
1445 950 1454 964 ,
1475 940 1550 970 opus
1561 929 1652 961 fuerit
1663 929 1749 962 classe
1760 952 1770 965 .
1791 941 1886 962 necne
1897 953 1905 966 ‚
1924 944 2102 975 quaeramus.

1144 971 1256 1003 Utrum
1268 974 1356 1013 igitur
1365 974 1423 1002 hoc
1433 974 1529 1003 Graeci
1538 971 1666 1003 statuent
1673 993 1683 1007 ‚
1695 981 1745 1004 aut
1755 974 1823 1005 ullae
1833 983 1940 1005 exter-:e
1950 979 2101 1013 nationes.

1143 1024 1180 1044 an
1194 1017 1206 1041 3
1216 1013 1305 1044 vestri
1314 1022 1466 1055 praetores,
1476 1013 1565 1044 vestri
1574 1014 1674 1048 duces.
1685 1014 1774 1046 vestri
1783 1017 1977 1056 imperatores
1989 1023 1998 1048 ἓ
2008 1021 2103 1060 Equi-

1141 1055 1214 1087 dem
1224 1055 1368 1086 existimo
1380 1075 1388 1090 ,
1400 1058 1432 1086 in
1440 1056 1591 1095 ejusmodi.
1600 1059 1723 1097 regione
1733 1076 1742 1091 ,
1753 1066 1840 1099 atque
1846 1061 2003 1098 provincia
2013 1080 2022 1093 ,
2055 1071 2102 1093 uae

1141 1100 1216 1128 mari
1224 1097 1322 1129 cintiia
1335 1117 1344 1132 ,
1364 1098 1526 1137 4portibus
1535 1097 1690 1131 distin&a.
1711 1099 1816 1130 insulis
1826 1100 2006 1132 circumdata
2016 1111 2032 1131 e
2057 1101 2100 1137 et,

1139 1149 1204 1170 non
1214 1139 1315 1170 solum
1324 1139 1459 1182 prestasti,
1474 1140 1624 1170 sedetiam
1643 1150 1798 1171 ommuni
1815 1151 1958 1173 utemur
1974 1152 2099 1178 causi«.

1139 1183 1342 1223 navigandum
1359 1179 1457 1212 fuisse.
1480 1184 1554 1212 Haec
1569 1183 1654 1213 enim
1670 1186 1745 1214 ratio
1762 1203 1770 1217 ,
1791 1193 1824 1214 ac
1839 1185 2017 1225 magnitudo
2033 1188 2104 1216 anie

1141 1234 1262 1255 morum
1274 1244 1282 1257 ‚
1304 1226 1338 1253 in
1348 1223 1514 1263 majoribus
1525 1222 1635 1254 nostris
1645 1223 1722 1255 fuit:
1746 1234 1779 1255 ut
1798 1235 1868 1256 cum
1885 1235 1923 1256 1N
1937 1236 2104 1259 PRIVATIS

1139 1267 1248 1299 rebus,
1268 1266 1385 1307 suisque
1403 1267 1571 1300 sumtibus,
1591 1267 1728 1297 minimo
1746 1269 1899 1302 contenti,
1922 1267 2102 1300 tenuissimo

1138 1308 1220 1339 cultu
1238 1316 1376 1338 viverent
1395 1318 1402 1336 t
1428 1309 1463 1337 in
1481 1309 1611 1347 irnperio
1627 1327 1636 1342 ,
1662 1317 1747 1350 atque
1768 1310 1802 1339 in
1819 1309 1938 1350 publica
1955 1310 2102 1352 dignitate

1139 1351 1246 1381 omnia
1262 1349 1299 1380 ad
1315 1350 1460 1391 gloriam,
1481 1350 1732 1391 splendoremque
1741 1360 1926 1382 revocarent„
1948 1354 2102 1395 Qaeritur

1137 1393 1268 1423 enimin
1278 1401 1307 1421 re
1318 1390 1483 1423 domestica
1493 1411 1502 1425 ‚
1522 1392 1694 1422 continencia
1702 1393 1783 1424 laus:
1801 1394 1836 1422 in
1846 1393 1966 1433 publica
1975 1413 1984 1428 ,
2003 1395 2103 1435 digni-

1136 1441 1209 1464 tato.
1234 1434 1325 1474 Qod
1336 1432 1358 1463 si
1370 1435 1461 1464 etiam
1469 1432 1597 1473 praesidii
1607 1434 1691 1464 causa
1699 1433 1819 1465 claffem
1830 1435 1935 1466 habuit
1945 1455 1953 1469 ‚
1963 1437 2031 1476 quis
2041 1438 2102 1468 erit

1136 1485 1198 1507 tam
1207 1478 1342 1517 iniquus,
1350 1477 1403 1516 qui
1413 1476 1625 1515 reprehendat?
1634 1477 1722 1507 Nulli
1732 1486 1814 1507 erant
1823 1477 1988 1517 praedones.
1999 1478 2099 1518 Qid?

1137 1519 1240 1549 nullos
1256 1520 1321 1548 iore
1332 1536 1341 1551 ‚
1360 1518 1428 1558 quis
1437 1517 1570 1557 praestare
1579 1523 1714 1558 poterat?
1735 1520 1855 1549 Minuis
1866 1539 1875 1553 ‚
1892 1521 2011 1560 inquit.
2029 1520 2100 1561 glo-

1135 1563 1211 1591 riam
1222 1561 1371 1599 Pompeii.
1395 1559 1499 1589 Immo
1510 1568 1541 1589 tu
1551 1569 1637 1601 auges
1647 1559 1829 1591 molestiam.
1853 1561 1909 1591 Ille
1923 1562 2007 1591 enim
2023 1562 2100 1593 clas-

1134 1602 1189 1634 seis
1199 1601 1389 1642 praedonum,
1401 1600 1512 1635 urbeis,
1523 1610 1640 1641 portus,
1651 1602 1834 1642 receptacula
1843 1601 1976 1633 sustulit:
1989 1612 2097 1644 pacem

1137 1647 1321 1675 maritimam
1338 1644 1457 1674 summa
1473 1645 1583 1674 virtute
1601 1663 1610 1677 ‚
1633 1651 1721 1684 atque
1747 1644 1920 1675 incredibili
1945 1645 2098 1676 celeritate

1134 1685 1284 1717 confecit:
1304 1685 1382 1716 illud
1400 1683 1473 1715 verb
1492 1695 1589 1725 neque
1608 1685 1753 1725 suscepit,
1773 1695 1871 1727 neque
1885 1686 2029 1727 suscipere
2043 1687 2096 1718 de-

1136 1728 1211 1762 buit,
1225 1736 1274 1762 ut,
1286 1726 1366 1769 siqua
1374 1727 1489 1768 uspiam
1500 1726 1637 1757 navicula
1641 1726 1799 1769 predonum
1805 1726 1981 1768 apparuisset
1989 1748 1998 1763 ‚
2008 1739 2098 1760 accu-

1133 1770 1242 1802 sandus
1250 1769 1410 1801 videretur.
1429 1771 1530 1810 Itaque
1542 1769 1646 1809 ipsein
1655 1767 1720 1801 Asia
1728 1789 1737 1804 ,
1748 1767 1821 1800 etim
1831 1772 1936 1802 omnia
1941 1771 2005 1810 jam
2016 1771 2097 1803 bella

1132 1821 1227 1846 terra,
1247 1813 1384 1852 marique
1402 1809 1595 1845 confecisset,
1615 1808 1735 1841 claffem
1746 1820 1848 1842 tamen
1857 1812 1966 1843 iisdem
1976 1812 2040 1844 istis
2050 1814 2096 1843 ci-

1136 1855 1277 1885 vitatibus
1293 1855 1461 1894 imperavit.
1491 1852 1582 1893 de
1595 1851 1617 1883 si
1630 1861 1697 1884 tum
1710 1852 1811 1884 statuit
1828 1863 1904 1894 opus
1921 1852 1998 1889 esse,
2018 1854 2093 1887 cum

1138 1894 1228 1937 ipfius
1243 1896 1396 1937 praesentis
1415 1897 1544 1926 nomine
1562 1904 1624 1925 tuta
1642 1897 1765 1929 omnia,
1789 1895 1822 1926 &
1831 1904 1930 1935 pacata
1939 1895 1995 1927 effe
2005 1906 2093 1937 pote—

1136 1946 1203 1969 rant
1214 1949 1219 1968 :
1230 1938 1315 1980 quid,
1326 1946 1397 1968 cum
1408 1937 1461 1967 ille
1471 1935 1643 1971 decessiss'et,
1657 1937 1763 1968 Flacco
1770 1937 1949 1968 existimatis
1958 1937 2091 1969 statuerim

1135 1979 1211 2011 dum
1222 2000 1232 2014 ,
1252 1980 1285 2010 &
1305 1978 1479 2010 faciendum
1496 1977 1586 2008 fuiffe
1603 1980 1614 2007 Ξ
1640 1978 1722 2019 Qid
1740 1988 1796 2010 nos
1813 1978 1884 2010 hic?
1901 1988 2005 2009 nonne
2024 1979 2090 2020 ipso

1137 2022 1286 2061 Pompejo
1299 2020 1420 2051 aue‘tore
1429 2039 1438 2054 ,
1459 2019 1561 2050 Silano
1571 2038 1580 2053 ,
1601 2019 1634 2050 &
1644 2022 1779 2051 Muraeua
1788 2021 1873 2050 Coss.
1882 2019 2090 2055 decrevimus.

1137 2072 1171 2093 ut
1181 2061 1277 2093 clallis
1286 2063 1319 2092 in
1328 2062 1412 2092 Italia
1419 2062 1590 2103 navigaret?
1611 2071 1717 2092 nonne
1726 2071 1763 2092 eo
1772 2062 1838 2102 ipso
1848 2071 1983 2103 tempore
1992 2083 2001 2096 ,
2013 2063 2090 2094 cuin

1137 2107 1173 2136 L.
1185 2105 1306 2135 Flaccus
1314 2105 1348 2134 in
1357 2102 1423 2134 Afia
1432 2105 1560 2144 remiges
1569 2103 1736 2143 imperabat
1744 2123 1753 2137 ,
1766 2113 1822 2134 nos
1833 2102 1884 2134 hic
1897 2106 1931 2135 in
1944 2114 2024 2135 mare
2037 2105 2089 2136 su-

1136 2156 1242 2188 perum
1255 2166 1264 2181 ‚
1288 2144 1463 2176 &inferum
1484 2148 1499 2173 5
1507 2143 1673 2177 sestertium
1685 2154 1728 2176 ter
1738 2146 1771 2176 &
1782 2145 1954 2188 quadragies
1964 2147 2089 2188 rogaba-

1138 2193 1228 2219 mus?
1280 2198 1298 2218 u

1135 2231 1205 2261 tilio
1215 2190 1411 2271 quffiioribus
1420 2249 1429 2263 ,
1440 2229 1559 2270 pecunia
1569 2229 1598 2258 in
1604 2228 1716 2266 clafflm
1726 2228 1768 2260 est
1777 2237 1893 2271 erogata
1903 2229 1996 2271 ?quid
2006 2230 2017 2257 ?
2026 2231 2087 2261 hoc

1135 2274 1223 2302 omni
1233 2280 1370 2312 tempore
1379 2274 1494 2312 equites
1504 2272 1537 2300 in
1552 2280 1603 2301 ora
1616 2272 1767 2302 maritima
1780 2281 1846 2301 non
1858 2270 1981 2303 fuerunt
1997 2275 2010 2302 ?
2030 2272 2089 2305 Illa

1133 2313 1176 2344 est
1192 2317 1278 2344 enim
1295 2314 1390 2354 gloria
1406 2313 1510 2343 divina
1519 2314 1674 2353 Pompeii:
1692 2311 1828 2353 primum
1847 2313 2003 2354 praedones
2018 2324 2085 2348 eos.

1133 2358 1281 2398 quitum,
1304 2354 1376 2386 cum
1396 2355 1443 2385 illi
1455 2354 1571 2385 bellum
1588 2356 1778 2385 maritimum
1794 2354 1962 2397 gerendum
1980 2355 2085 2388 datum

1132 2397 1175 2429 est
1183 2417 1192 2432 ,
1205 2406 1271 2428 toto
1281 2398 1358 2427 mari
1369 2394 1490 2437 dispersi
1499 2396 1694 2438 vagabantur,
1706 2396 1840 2428 redaaos
1849 2396 1907 2427 effe
1918 2398 2038 2427 omneis
2048 2399 2084 2428 in

1130 2439 1309 2480 potestatem
1320 2450 1326 2469 :
1346 2438 1456 2469 deinde
1465 2440 1581 2478 Syriam
1591 2436 1649 2468 esse
1659 2438 1790 2470 nostram
1802 2459 1810 2473 ‚
1826 2439 1964 2469 Ciliciam
1975 2441 2083 2474 teneri,

1130 2485 1264 2522 Cyprum
1280 2491 1333 2522 per
1350 2481 1552 2512 Ptolem-atum
1572 2490 1673 2522 regem
1692 2481 1771 2511 nihil
1789 2480 1894 2511 audere
1914 2491 1919 2509 ;
1944 2488 2085 2520 praeterea

1133 2527 1252 2555 Cretam
1264 2523 1383 2554 Metelli
1393 2525 1502 2553 virtute
1513 2519 1571 2552 effe
1581 2521 1712 2553 nostram
1724 2533 1730 2551 :
1749 2522 1828 2552 nihil
1839 2520 1897 2552 effe
1906 2542 1915 2556 ,
1930 2522 2011 2552 unde
2015 2530 2083 2564 pro-

1124 2565 1295 2606 ficiscuntur
1303 2578 1314 2593 .·
1323 2565 1401 2595 nihil
1411 2563 1472 2605 quo
1483 2571 1680 2593 revertantur:
1691 2566 1811 2594 omneis
1820 2561 1899 2593 sinus
1911 2584 1919 2597 .
1929 2573 2081 2604 promon-

1129 2610 1205 2640 toria
1214 2628 1223 2642 ‚
1239 2608 1325 2638 litora
1335 2627 1344 2641 ,
1363 2607 1472 2637 insulas
1484 2625 1492 2639 ,
1507 2605 1607 2635 urbeis
1617 2607 1784 2635 maritimas
1795 2625 1804 2638 ,
1815 2605 1949 2636 claustris
1958 2607 2081 2647 imperii

1129 2649 1223 2681 nostri
1232 2651 1391 2681 contineri.
1415 2646 1506 2687 Quod
1519 2645 1538 2675 fi
1550 2667 1558 2680 ‚
1580 2647 1684 2678 Flacco
1694 2656 1817 2687 praetore
1826 2666 1835 2681 ‚
1856 2656 1950 2677 nemo
1959 2649 1993 2677 in
2003 2650 2081 2679 mari

1127 2691 1228 2734 praedo
1244 2689 1344 2723 fuiss'et
1355 2710 1363 2726 ‚
1384 2699 1485 2721 tamen
1496 2688 1584 2729 hujus
1594 2688 1750 2731 diligentia
1760 2688 2003 2730 reprehendenda
2013 2699 2079 2761 39η

1994 2742 2009 2762 e
2037 2740 2077 2764 et.

150 2835 177 2853 1.
197 2829 329 2854 Honorihm·
339 2847 347 2860 ‚
356 2829 450 2861 imperio
461 2845 471 2859 ,
488 2836 567 2853 rerum
572 2828 716 2862 gestarum]
730 2829 772 2854 Ita
781 2826 865 2854 solum
876 2836 943 2854 unus
955 2827 1013 2854 Pax.
1024 2837 1074 2854 nn-
1109 2827 1202 2861 judices
1214 2845 1223 2859 ,
1240 2826 1311 2859 nostri
1320 2829 1395 2859 lmpp.
1406 2825 1486 2853 etiam
1501 2826 1528 2851 S.
1539 2822 1656 2851 Viftoris
1667 2823 1763 2858 judices
1780 2821 1900 2859 prccfert.
1919 2820 2076 2852 examinent

115 2869 191 2889 mero
201 2862 249 2890 sec.
259 2864 341 2890 ceteri
351 2872 443 2890 omnes
455 2882 463 2895 ‚
477 2870 507 2889 ut
517 2864 545 2889 &
556 2865 638 2890 Grut.
648 2866 757 2897 imperii,
779 2872 827 2891 nec
835 2863 967 2900 displicet.
988 2865 1015 2890 S.
1027 2864 1075 2891 Vi·
1115 2863 1263 2890 otiofiores.

115 2897 198 2925 &oris
209 2899 287 2926 habet
295 2901 398 2933 imperiis
408 2918 416 2931 ‚
429 2898 500 2935 quod
511 2899 645 2927 Lambino
654 2899 766 2936 placuit.

154 2942 182 2960 2.
199 2936 244 2961 6'ed
254 2955 262 2968 ,
269 2937 296 2962 id
304 2936 365 2970 quod
371 2939 472 2962 maxime
477 2937 564 2970 florere
571 2939 597 2961 in
602 2937 704 2970 generis,
714 2936 782 2971 ἐκ]
802 2937 844 2963 lta
855 2935 939 2963 editio
947 2935 1075 2968 vmorii,

116 2968 147 2995 &
157 2970 217 2996 anni
227 2980 438 2999 ccccnxxxrn.
458 2981 517 2999 nam
528 2972 601 3008 prior
613 2991 621 3004 ,
633 2972 679 3005 sed
685 2975 711 2998 in
719 2981 769 3006 qua
778 2981 845 2998 max.
858 2974 891 3008 fl.
909 2973 1074 3006 ingenti-isfiu‘

112 3006 213 3038 gloriam
221 3007 327 3034 viderat.
347 3007 417 3043 quod
428 3009 455 3034 δῦ
466 3007 494 3034 in
504 3007 602 3043 septem
613 3007 681 3034 Pau.
698 3007 750 3034 sine
761 3008 810 3034 illo
818 3011 846 3034 in
858 3028 865 3041 ,
884 3008 1036 3044 recepitque
1047 3009 1073 3034 in

115 3048 274 3081 contextum
285 3043 430 3070 Lambinus
443 3052 451 3075 ;
472 3053 524 3070 non
533 3053 594 3084 ego.
615 3044 693 3070 restat
703 3044 773 3070 enim
786 3044 893 3080 vulgata
903 3044 929 3071 in
941 3046 968 3071 S.
978 3044 1074 3071 Vieto-

115 3084 156 3116 ris
166 3076 234 3103 libro
244 3096 254 3110 ,
271 3079 390 3107 omnium
399 3078 610 3107 emendatissimo
622 3090 628 3107 ε
649 3079 729 3107 restat
737 3080 766 3107 in
776 3080 834 3108 Pal.
845 3080 952 3108 secund.
968 3081 984 3108 :i
994 3089 1074 3107 manu

115 3121 214 3148 prima.

155 3157 181 3183 3.
201 3150 384 3182 Vestripraetores
395 3170 403 3183 ,
413 3153 487 3185 vestri
495 3152 592 3187 ὤκει]
612 3152 655 3178 Sic
665 3151 752 3179 solnm
763 3153 845 3180 Gnit.
856 3153 884 3180 &
895 3152 955 3180 Pal.
965 3151 1016 3179 stc.
1027 3161 1070 3178 cc-

114 3184 168 3233 ζθῐί
177 3185 283 3220 ‚judices
295 3194 304 3219 i
323 3189 338 3214 ὲ
347 3186 441 3222 quibus
451 3188 538 3225 quint.
549 3187 619 3219 sext.
628 3188 761 3226 sepho&
774 3191 960 3224 mfiripraetores
969 3207 980 3225 ,
1002 3190 1074 3224 nqssra'
1112 3185 1221 3217 tendere
1231 3186 1382 3216 debeamus.

1149 2906 1178 2932 4.
1197 2900 1311 2925 Portibus·
1319 2897 1454 2932 distinHa]
1468 2895 1547 2923 Haud
1557 2895 1635 2925 aliter
1645 2895 1769 2925 meliores
1779 2894 1836 2922 mis.
1852 2894 1908 2922 imo
1920 2895 1947 2921 δε
1961 2891 2077 2920 veterri-

1116 2944 1158 2962 ma
1167 2935 1252 2962 editio
1264 2954 1271 2966 ,
1284 2944 1335 2961 non
1344 2935 1468 2967 portubus.

1153 2981 1179 3006 5.
1199 2971 1330 3005 Sestertirim
1338 2978 1375 2995 ter
1384 2970 1527 3003 quadragies
1542 2970 1680 3003 rogabamus·
1689 2969 1723 3003 ἒ]
1743 2967 1851 2994 Scilicet
1857 2968 1976 3000 populum.
1997 2965 2075 3006 ideo-

1115 3017 1166 3043 que
1176 3017 1228 3034 non
1239 3005 1435 3033 admittendum
1446 3005 1569 3032 Lambini
1580 3007 1740 3038 erogabamm,
1749 3011 1840 3031 contra
1851 3003 1944 3030 libros.
1954 3002 1990 3030 est
2000 3010 2076 3029 emm

1115 3043 1234 3070 Tui-nebi
1245 3041 1443 3076 conjefitaneum
1457 3041 1503 3068 lib.
1518 3051 1568 3068 xx.
1578 3040 1691 3068 Advers.
1702 3050 1759 3076 cap.
1770 3040 1818 3067 28.

1147 3080 1175 3106 6.
1195 3082 1251 3108 ‹9²1-
1262 3081 1332 3105 Curio
1344 3097 1352 3109 ,
1361 3081 1392 3103 P.
1405 3078 1526 3112 Sextilio]
1550 3077 1610 3104 Mss’.
1624 3077 1704 3104 nostri
1715 3076 1769 3103 fere
1782 3080 1823 3103 M.
1834 3078 1915 3102 Curtio
1927 3094 1934 3106 ,
1944 3078 1976 3100 P.
1986 3073 2074 3107 sestul-

1109 3117 1148 3156 lr'o.
1167 3113 1326 3157 §ruQero
1335 3118 1374 3154 M.
1386 3115 1608 3155 Cicero-7²35erpill11
1618 3133 1627 3146 ,
1637 3113 1679 3140 sed
1690 3113 1765 3149 plura
1776 3112 1832 3154 lane
1843 3110 2033 3152 restantnadhuc
2042 3110 2070 3136 in

1112 3151 1187 3177 libris
1199 3150 1380 3185 manuscriptis
1393 3168 1401 3183 ‚
1420 3159 1528 3187 majoris
1547 3159 1586 3177 rei
1599 3168 1607 3181 ,
1627 3158 1709 3185 quam
1720 3156 1750 3178 ut
1761 3155 1867 3178 veritati
1878 3154 2017 3176 nominum
2028 3152 2073 3186 atj
2104 3183 2107 3185 ‚

1554 3221 1582 3251 H
1597 3221 1615 3248 h
1623 3220 1640 3250 h
1943 3226 1955 3246 ι
1964 3237 1969 3244 .
1979 3213 2074 3253 onii-3

1301 2187 1332 2218 id
1341 2186 1496 2228 postremo
1506 2189 1606 2217 anno?
1621 2196 1725 2217 nonne
1737 2185 1752 2208 ⁶
1762 2189 1903 2218 M.Curio
1912 2207 1921 2222 ,
1934 2187 1968 2218 &
1979 2191 2087 2220 Psex-
2109 2199 2120 2223 1
2134 2199 2149 2232 3
