2337 3400
164 2196 179 2229 υ)

197 114 318 162 1006
540 111 637 158 -M.
732 107 1121 154 TunLtt·

192 195 343 226 scutirent.
365 190 526 233 quodcum
537 187 697 222 dixissent,
718 188 770 218 ille
779 188 890 219 conti-ii.
914 186 962 218 scd
979 185 1143 228 quiaudie-

192 238 274 268 bant,
285 236 381 275 quoad
392 241 540 272 poterant,
550 229 751 260 defendebant
761 230 938 260 sententiam
948 230 1041 259 suam.
1061 226 1150 269 Apud

193 286 306 308 ceteros
316 284 413 305 autem
425 273 633 312 philosophos,
644 274 695 311 qui
704 270 836 312 quaesivit
846 271 958 311 aliquid
969 280 1053 301 tacet.
1065 269 1148 312 quod

193 317 383 356 quidemjam
396 313 427 344 fit
437 316 526 344 etiam
536 316 567 343 in
577 313 736 344 academia.
760 313 823 344 Ubi
833 323 917 343 enim
930 315 954 342 is
965 332 973 346 ,
987 315 1039 353 qui
1050 311 1151 343 audire

194 359 278 391 vult,
302 360 340 386 ita
358 357 435 386 dixit
446 375 454 389 ‚
477 364 647 385 'sonneras
667 364 913 385 M1H1vxDETOR
924 364 995 384 iassr.
1005 362 1150 385 summum

195 399 330 429 noxum}
349 406 488 437 perpetua
507 399 642 426 oratione
653 398 755 427 conti-11
765 397 945 436 disputatur:
965 396 1092 427 utfacile
1104 397 1152 425 in-

196 441 288 480 telligi
303 437 406 479 possit,
422 448 492 471 eos,
508 440 559 478 qui
578 437 751 479 aliquidsibi
762 438 980 471 murmurant,
997 448 1062 469 non
1073 437 1152 479 ipsos

195 484 228 512 in
240 492 272 511 ea
283 482 426 511 sententia
437 479 505 514 esse,
516 480 616 510 audire
628 481 704 510 velle
714 482 946 510 contraria-Nos
955 478 1151 511 commodius

195 526 321 562 agimus.
344 532 408 552 non
421 524 505 552 enim
521 521 619 551 solum
635 525 808 562 Torquatus
822 522 899 552 dixit
913 542 921 556 ,
937 522 1008 563 quid
1020 522 1150 554 sentiret,

195 565 245 595 led
257 567 346 595 etiam
361 574 432 594 cur:
453 574 507 604 ego
518 572 617 593 autem
627 564 751 594 arbitror
762 584 770 597 ‚
791 573 975 605 quamquam
984 563 1150 594 admodum

195 605 360 637 delectatus
372 606 436 636 sum
449 607 513 645 ejus
523 607 657 636 oratione
667 615 804 646 perpetua
815 625 824 639 ‚
836 616 936 636 tamen
945 604 1151 638 commodius,

194 647 266 678 cum
284 650 314 678 in
326 648 411 678 rebus
424 646 545 688 singulis
556 646 668 678 insistas
680 668 688 681 ‚
713 648 904 689 &intelligas
915 668 922 682 ‚
943 648 1015 688 quid
1026 646 1151 689 quisque

194 733 279 766 lis,&
290 731 325 761 ad
337 734 453 761 exitum
465 732 628 770 perveniri.
639 730 710 761 cum
724 741 817 761 ΕΝῙΜ
827 730 1012 772 fertur-,quasi
1026 740 1151 764 torrens,

194 774 443 813 oratio‚quamvis
454 773 550 802 multa
558 773 787 813 cujusquemodi
797 776 900 813 rapiat:
910 774 986 803 nihil
998 783 1098 803 tamen
1109 781 1153 802 te—

195 826 276 849 neu,
290 815 367 844 nihil
377 813 737 855 apprehendas‚nusquam
747 817 917 845 orationem
927 815 1059 855 rapidam
1069 816 1152 845 coer—

194 859 377 888 ceas.omnis
386 865 486 886 autem
496 857 527 886 in
538 857 780 897 quaerendo,quae
793 859 840 887 via
849 857 1026 898 quadam‚&
1037 858 1154 888 ratione

194 899 498 937 habetur‚oratio,prae
505 898 771 938 scribereprimum
783 899 883 932 debet,
896 902 905 917 ¹
920 899 964 937 (ut
974 898 1154 939 quibusdam

195 940 379 971 informulis
395 959 403 973 ‚
426 949 468 968 EA
481 949 537 970 Res
549 949 682 969 ,tior-,rurt
698 941 728 979 ,)
746 949 778 970 ut
794 960 802 974 ‚
821 942 897 970 inter
906 950 982 981 quos
992 939 1152 974 distentum

196 983 375 1014 conveniat,
395 982 467 1022 quid
479 980 549 1011 sitid
562 1001 570 1014 ‚
593 981 630 1012 de
640 992 701 1022 quo
711 981 873 1012 disseratur.
898 983 965 1013 Hoc
975 980 1101 1023 positum
1120 984 1152 1012 in

197 1024 322 1056 Phaedro
333 1024 348 1054 a
360 1023 484 1054 Platone
492 1023 628 1062 probavit
638 1025 800 1063 Epicurus:
813 1022 930 1065 sensitq3
943 1025 971 1053 in
979 1025 1053 1053 omni
1062 1024 1155 1063 dispu-

192 1074 301 1096 tatione
311 1065 341 1095 id
354 1063 415 1094 fieri
435 1074 583 1104 oportere.
607 1065 657 1095 sed
667 1065 748 1106 quod
759 1068 935 1106 proximum
946 1066 1004 1096 fuit
1013 1086 1021 1099 ,
1036 1076 1098 1096 non
1108 1068 1155 1096 vi—

194 1108 250 1138 dit.
270 1116 355 1148 negat
365 1108 449 1136 enim
460 1106 569 1144 definiri
582 1117 637 1135 rem
646 1108 773 1147 placere:
788 1106 848 1138 fine
858 1117 919 1148 quo
929 1107 992 1137 fieri
1003 1107 1153 1137 interdum

195 1159 259 1180 non
270 1148 366 1189 potest
377 1168 385 1181 ,
407 1149 526 1178 utinter
535 1158 586 1178 eos
599 1168 607 1181 ‚
626 1149 864 1191 quiambigunt‚
883 1151 1062 1182 conveniat,
1081 1150 1155 1189 quid

196 1190 230 1220 sit
251 1192 282 1220 id
292 1210 300 1224 ‚
318 1190 355 1221 de
374 1200 435 1230 quo
448 1198 571 1230 agatur:
589 1191 672 1221 velut
686 1191 720 1221 in
731 1192 859 1231 hocipso
871 1211 880 1225 ‚
900 1191 936 1221 de
946 1201 1007 1231 quo
1017 1200 1099 1220 nunc
1108 1191 1156 1221 di-

195 1233 360 1273 sputamus.
383 1234 544 1272 quaerimus
563 1233 648 1262 enim
672 1242 787 1263 mmm
798 1231 1157 1272 nouonumzpossumus-
1177 1242 1179 1250 ’

195 1284 234 1304 ne
248 1275 320 1304 scire
331 1294 339 1307 ,
350 1274 409 1303 hoc
418 1293 426 1306 ,
447 1274 532 1314 quale
544 1272 577 1303 fit
587 1294 595 1307 ,
617 1272 672 1303 nisi
682 1275 901 1305 contulerimus
911 1277 988 1304 inter
996 1284 1052 1304 nos
1063 1294 1071 1308 ‚
1083 1273 1156 1305 cum

192 1316 289 1346 finem
313 1316 466 1346 bonorum
485 1315 653 1346 dixerimus
664 1336 673 1350 ‚
691 1316 764 1357 quid
784 1314 853 1346 finis
866 1336 874 1349 ,
886 1315 958 1357 quid
969 1317 1058 1346 etiam
1069 1314 1158 1356 sitip—

198 1358 266 1388 sum
277 1358 394 1388 bonum
409 1362 418 1388 ?
430 1358 523 1397 Atqui
536 1357 599 1388 haec
609 1357 767 1397 patefactio
776 1357 855 1399 quasi
865 1368 964 1388 rerum
975 1367 1156 1398 operrarum‚

197 1401 272 1430 cum
282 1400 354 1439 quid
364 1397 495 1439 quidque
506 1397 539 1429 fit
550 1419 559 1432 ‚
582 1401 710 1440 aperitur
720 1420 728 1434 ,
753 1399 878 1439 definitio
888 1399 945 1430 est:
958 1410 1015 1441 qua
1024 1409 1056 1430 tu
1065 1402 1156 1430 etiam

195 1441 375 1481 ,imprudens
393 1441 511 1471 utebare
529 1450 774 1483 nonnumquam.
798 1452 868 1472 nam
893 1443 974 1472 hunc
985 1441 1083 1482 ipsum
1096 1441 1155 1472 five

196 1492 218 1512 P
236 1493 247 1512 1
261 1492 281 1512 N
294 1492 313 1512 ε
326 1493 352 1512 iu
364 1502 372 1515 ‚
399 1481 458 1512 sive
476 1491 648 1516 extremum
659 1503 667 1517 ‚
687 1482 745 1514 five
765 1484 910 1514 ultimum
920 1482 1082 1514 definiebas
1093 1503 1102 1518 ,
1125 1483 1157 1514 id

197 1523 256 1554 effe
276 1543 285 1558 ‚
313 1523 374 1564 quo
394 1526 500 1553 omnia
512 1544 520 1557 ‚
566 1535 609 1555 uae
628 1524 708 1555 ιἙΕὶὲ
730 1524 834 1555 fierent
844 1545 853 1559 ,
883 1524 1062 1555 referrentur
1071 1545 1079 1559 ‚
1104 1535 1158 1555 ne-

196 1575 255 1606 (jue
266 1565 295 1595 id
307 1565 405 1604 ipsum
416 1566 539 1605 usquam
582 1562 715 1596 ferretur.
729 1567 867 1597 Praeclare
879 1569 936 1597 hoc
944 1567 1078 1608 quidem.
1096 1569 1156 1597 Bo—

197 1616 273 1636 reum
285 1607 382 1646 ipsum
391 1609 482 1636 etiam
496 1607 567 1647 quid
577 1606 648 1638 ess‘et
664 1628 672 1641 ,
691 1606 810 1638 fortasse
823 1629 831 1642 ‚
852 1607 872 1638 si
884 1618 958 1649 opus
971 1607 1072 1638 fuiss'et
1084 1629 1092 1642 ,
1106 1609 1156 1639 de-

199 1647 327 1679 finisl'cs:
348 1657 416 1681 aut,
442 1648 523 1688 quod
543 1647 613 1679 ess'et
633 1659 734 1680 natura
751 1649 970 1690 appetendum:
989 1659 1056 1683 aut,
1077 1650 1158 1691 quod

196 1688 358 1731 prodesset:
372 1699 431 1723 aut,
443 1690 656 1730 quodjuvaret:
667 1692 806 1732 autquod
818 1692 924 1722 liberet
933 1695 947 1711 ²
959 1692 1063 1722 modo.
1076 1702 1157 1722 nunc

197 1733 281 1762 idem
299 1729 366 1769 (nisi
376 1730 540 1761 molestum
551 1731 604 1771 est)
613 1735 759 1773 quoniam
771 1733 825 1763 tibi
836 1743 900 1763 non
911 1736 1041 1763 omnino
1053 1734 1158 1773 displi-

197 1772 381 1804 cetdefinire
392 1791 401 1806 ‚
429 1772 504 1802 &id
519 1772 593 1803 facis
605 1774 677 1804 cum
691 1776 754 1809 vis3
779 1775 873 1804 velim
886 1774 1027 1808 definias,
1043 1775 1114 1815 quid
1126 1774 1159 1805 sit

200 1823 383 1845 votur-ms:
405 1813 441 1844 de
460 1823 521 1854 quo
540 1817 642 1845 omnis
660 1817 724 1846 haec
742 1815 866 1856 quaestio
876 1815 927 1846 est.
952 1820 964 1843 3
976 1817 1064 1857 Qasr
1074 1819 1155 1857 quis,

196 1858 318 1897 inquit,
340 1854 393 1889 fic,
409 1857 479 1896 qui,
500 1856 573 1896 quid
583 1855 781 1897 sitvoluptas‚
802 1857 928 1888 nesciat:
949 1859 1079 1899 autqui,
1096 1868 1157 1898 quo

196 1899 292 1939 magis
309 1897 339 1927 id
360 1898 507 1939 intelligat
517 1918 525 1931 ‚
547 1896 760 1929 definitionem
779 1899 909 1940 aliquam
931 1898 1082 1930 defideret.
1106 1901 1158 1929 Me

194 1940 294 1980 ipsum
305 1937 364 1970 esse
373 1938 505 1969 dicerem
516 1959 524 1973 ,
548 1941 674 1981 inquam
686 1960 694 1974 ,
710 1940 766 1970 nifi
777 1942 854 1971 mihi
864 1941 981 1971 viderer
991 1941 1096 1971 habere
1107 1941 1158 1970 be—

194 1991 236 2012 ne
246 1983 398 2023 cognitam
408 1981 594 2022 voluptatem
610 2001 618 2015 ‚
632 1982 664 2012 &
675 1983 744 2013 satis
754 1981 842 2012 firme
852 1992 1028 2023 conceptam
1039 1985 1155 2017 animo,

194 2031 283 2063 atque
291 2023 549 2062 comprehensam.
574 2033 655 2054 nunc
663 2033 764 2054 autem
776 2025 845 2055 dico
857 2044 865 2058 ‚
883 2024 979 2064 ipsum
991 2027 1154 2065 Epicurum

195 2065 309 2095 nescire
320 2085 328 2099 ‚
341 2064 373 2094 &
386 2065 419 2094 in
429 2075 466 2095 eo
477 2074 578 2095 nutare
594 2075 737 2106 :eumque
746 2068 798 2106 qui
812 2066 916 2097 crebro
926 2066 1004 2097 dicat
1013 2087 1021 2100 ‚
1034 2067 1154 2107 diligen-

193 2114 236 2136 nr
253 2115 370 2147 oportere
380 2107 521 2148 exprimi,
538 2117 596 2148 qua
608 2107 828 2149 vissubjec‘bafit
837 2107 952 2137 vocibus
963 2128 971 2142 ,
991 2119 1055 2138 non
1066 2109 1156 2139 intel-

194 2148 287 2188 ligere
310 2147 458 2178 interdum
472 2168 480 2182 ‚
501 2149 573 2190 quid
596 2149 683 2179 sonet
691 2151 752 2180 haec
762 2160 824 2180 vox
835 2150 997 2190 voluptatis
1009 2170 1017 2184 ,
1039 2150 1094 2180 4id
1102 2150 1154 2184 est,

197 2198 262 2230 quae
271 2199 315 2219 res
325 2190 394 2219 huic
404 2192 472 2219 voci
484 2191 663 2229 subjiciatur.
687 2194 778 2221 Tunc
787 2192 839 2221 ille
849 2192 949 2222 ridens
961 2211 969 2225 ‚
992 2191 1061 2222 Hoc
1071 2191 1154 2226 vero,

198 2231 316 2270 inquit,
337 2231 489 2270 optimum
502 2252 510 2265 ‚
526 2240 558 2261 ut
568 2234 592 2262 is
603 2252 611 2266 ‚
627 2234 678 2272 qui
690 2231 785 2263 finem
796 2243 894 2264 rerum
909 2235 1155 2273 expetendarum,

194 2273 382 2313 voluptatem
394 2293 403 2309 2
426 2271 484 2304 cfl'e
494 2273 571 2304 dicat
583 2294 592 2308 ,
607 2274 636 2304 id
648 2283 820 2306 extremum
833 2295 842 2310 ‚
859 2275 888 2305 id
902 2275 1047 2307 ultimum
1057 2276 1158 2307 bono-

200 2385 313 2439 1.U·T
324 2387 461 2421 quibusdam
482 2389 588 2421 formulis
611 2397 647 2415 [A
672 2398 728 2415 nes
750 2391 915 2423 imarum]
946 2391 1064 2426 Expreffi
1087 2390 1159 2426 quod

292 2430 347 2449 erat
358 2424 384 2450 in
397 2424 453 2450 Pal.
471 2433 514 2459 pr.
535 2423 727 2460 videbaturque
747 2426 825 2451 etiam
847 2426 922 2453 fnisse
934 2427 958 2453 in
971 2427 1021 2452 sec.
1037 2436 1096 2453 nam
1108 2434 1162 2453 tres
1188 2433 1189 2438 ¹

196 2458 241 2484 alii
252 2466 348 2491 agatur.
367 2467 476 2494 quartus
489 2469 551 2486 vcro
562 2469 640 2494 agum-
651 2480 659 2493 ‚
681 2461 816 2496 quomodo
827 2461 880 2497 legi
907 2462 1010 2488 volebat
1021 2462 1162 2489 Turnebus

198 2494 244 2520 lib.
261 2494 547 2532 ii.Advcrs.cap.17.
568 2506 652 2532 neque
663 2506 726 2523 vero
738 2496 795 2524 sane
807 2498 870 2532 quin
885 2499 941 2524 herc
953 2498 1160 2530 introduc-”itum

199 2529 346 2558 dummodo
363 2532 462 2558 constet
474 2541 529 2558 rem
540 2534 632 2559 eodeni
644 2533 721 2569 plane
740 2532 828 2560 redire
841 2552 849 2566 ,
869 2534 917 2560 hoc
927 2533 1009 2560 illore
1032 2534 1112 2561 inodo
1123 2533 1162 2561 le·

199 2575 303 2600 gainus.
462 2583 470 2589 .

237 2601 266 2628 ὁ..
283 2604 363 2628 Μυλῖι.
384 2611 445 2628 nun:
455 2602 514 2628 idem
528 2623 535 2635 ,
547 2604 567 2634 (ζ-
580 2613 597 2630 ,·.
617 2607 690 2631 velim
702 2605 827 2639 definiam]
849 2605 996 2633 obsecutus
1008 2605 1062 2632 sum
1075 2606 1162 2633 rursus

203 2638 329 2670 xstajcstssltl
341 2639 552 2665 membranarum
567 2640 744 2668 Palatinarum
757 2641 826 2677 quod
838 2641 869 2667 :id
883 2651 957 2668 voces
972 2661 979 2673 ‚
998 2651 1056 2669 uam
1068 2641 1162 2671 distin-

202 2675 257 2699 ctio
268 2674 302 2700 est
314 2675 389 2701 Pauli
400 2675 527 2702 Munatii.
553 2693 558 2700 ι
570 2676 652 2712 ulgati
663 2678 733 2704 enini
747 2688 752 2703 :
778 2679 846 2704 Modo
855 2677 915 2704 idem
928 2698 935 2710 ‚
946 2679 996 2709 ‚fij-c.
1015 2681 1088 2705 velim
1104 2680 1163 2713 ᾱςῇ-

206 2718 270 2734 ΤΛΙῙιἹ
277 2729 281 2734 .

239 2752 265 2783 5.
284 2744 355 2785 §.141st
362 2746 414 2780 quis
426 2765 435 2778 ,
444 2749 521 2780 inquit
535 2747 603 2782 ,fit.]
626 2749 713 2775 Locus
726 2748 796 2776 forte
807 2759 859 2777 non
872 2749 931 2777 satis
942 2750 1028 2778 finus.
1046 2750 1163 2778 Palatini

202 2787 273 2818 enini
285 2786 498 2816 quinque,1'›.⁷quit
508 2787 550 2810 eff.
572 2785 671 2820 primus
685 2794 760 2816 vero,
770 2787 822 2820 quit
834 2788 932 2820 quamfi
941 2790 1018 2821 inquit
1030 2790 1074 2813 eff.
1094 2797 1163 2823 pun·

204 2816 304 2856 ⁶5¹¹fls³⁰
317 2816 439 2845 subdubia
450 2818 576 2853 syllabast
587 2841 594 2852 ,
605 2829 730 2856 tanquam
742 2821 827 2857 superi
836 2831 909 2849 acua.
932 2831 961 2849 ut
973 2823 1024 2858 legi
1037 2823 1164 2855 voluerit,

203 2854 428 2891 §Qusfflm'mlnqnit
438 2857 472 2879 ef}
482 2858 534 2888 qui,
545 2856 595 2886 ἐς.
608 2866 653 2891 per
663 2857 901 2893 interrogationem
915 2858 1019 2886 Victor.
1030 2858 1166 2896 expreffit,

206 2886 373 2927 Qtsquamfi:
384 2891 470 2922 inquit,
482 2894 533 2923 qui.
554 2892 639 2918 media
651 2893 731 2920 lestko
741 2894 847 2920 videtur
858 2895 970 2930 optima.

239 2929 266 2952 4·
288 2922 315 2945 ld
324 2925 358 2946 et!
367 2933 413 2955 quae
433 2934 467 2949 res
478 2927 532 2951 huic
550 2932 603 2953 voci
616 2929 789 2963 fishjictatur]
809 2930 894 2956 Verba
912 2930 998 2957 isthaec
1015 2923 1105 2958 omina
1115 2940 1163 2967 pro

205 2956 297 2991 {putris
309 2956 386 2983 habet
396 2959 488 2985 Petrus
501 2962 583 2989 Faber
594 2964 663 2990 libro
676 2974 712 2991 ιι.
732 2965 901 2993 Samniti-inm
922 2974 1034 3007 can-24.
1060 2968 1087 2993 Sc
1102 2969 1163 2994 vero
1186 2969 1187 2975 ¹

205 3002 257 3032 '1⁰¹¹
268 2991 409 3032 admodum
431 2994 530 3023 faciunt
548 2999 579 3024 ad
591 3009 645 3026 rein
658 3009 666 3029 ;
688 3000 729 3026 sed
742 3009 828 3028 tamen
850 3012 900 3029 non
913 3012 1023 3030 omnino
1046 3003 1166 3030 hocloco

205 3030 452 3079 {qntlupe-rvacuw
466 3031 522 3069 ‘ubi
541 3036 678 3062 contendit
697 3037 859 3065 adversarius
873 3057 881 3071 ,
902 3039 929 3064 &
949 3039 1065 3066 inculcat
1074 3039 1165 3067 cadem

208 3073 268 3090 ains
279 3064 387 3099 aliilque
402 3064 496 3091 rui-bis.

241 3108 266 3131 5.
284 3100 395 3140 ldfpfitm
404 3102 495 3141 qusdfit
509 3121 515 3131 ,
525 3104 629 3136 qualefir
642 3124 649 3135 ‚
661 3108 773 3142 ›tqfciatfl
802 3110 836 3136 Et
850 3109 915 3137 xstud
926 3111 1015 3145 arguit
1027 3110 1067 3138 scu
1080 3111 1167 3139 minus

199 3140 295 3172 purum
308 3135 364 3163 l‘al·
376 3145 416 3172 ps.
431 3146 456 3164 ln
468 3146 533 3173 quo,
543 3139 568 3164 131
579 3141 653 3174 :ssim
662 3143 754 3175 quedem
764 3147 881 3180 2>*“⁴'l'-'fi'³
893 3148 988 3181 nfiiat.
1015 3147 1113 3175 Probo.

1184 108 1724 160 thssnouts

1194 198 1281 219 rum:
1301 188 1352 219 5id
1364 188 1460 228 ipsum
1472 209 1481 223 ,
1501 189 1573 231 quid
1584 189 1635 226 sit,
1657 193 1742 234 quale
1753 191 1787 226 fit
1796 212 1805 229 ,
1826 191 1944 226 nesciat.
1970 191 2059 236 Atqui
2072 213 2082 228 ,
2103 193 2154 226 ln·

1194 240 1303 271 quam,
1325 240 1374 260 aut
1384 232 1547 270 Epicurus,
1568 233 1640 272 quid
1651 232 1684 264 fit
1692 235 1846 276 voluptas,
1865 246 1914 267 aut
1924 246 2032 267 omnes
2041 245 2154 267 morta-

1197 274 1255 306 les,
1282 273 1334 313 qui
1345 272 1456 313 ubique
1468 272 1535 302 sunt
1547 292 1556 305 ‚
1571 274 1715 306 nestiunt.
1739 279 1880 320 Qonam
1893 298 1901 312 ‚
1914 279 2012 320 inquit
2022 297 2030 311 ,
2043 277 2154 308 modo?

1199 316 1278 355 Qia
1293 314 1480 354 voluptatem
1499 315 1575 344 hanc
1595 313 1653 345 esse
1662 316 1912 350 sentiuntomnes
1924 340 1932 354 ,
1952 329 2042 361 quam
2053 319 2154 350 sensus

1197 357 1345 396 aceipiens
1356 375 1365 390 ,
1384 364 1524 386 movetur
1535 375 1544 390 ‚
1566 356 1599 386 &
1613 357 1802 396 jucunditate
1817 361 1942 402 quadam
1952 361 2151 402 perfunditur.

1197 396 1211 418 ⁶
1224 397 1305 437 Qid
1316 407 1386 438 ergo
1398 418 1407 432 ,
1424 397 1509 428 istam
1521 398 1707 439 voluptatem
1719 421 1728 434 ,
1743 402 1841 442 inquit
1852 422 1860 436 ‚
1873 405 2016 442 Epicurus
2027 404 2155 444 ignorat?

1199 442 1274 469 Non
1284 439 1400 479 semper
1411 459 1419 473 ‚
1441 441 1576 480 inquam.
1599 450 1670 471 nam
1681 442 1836 473 interdum
1847 446 1941 474 nimis
1953 446 2042 474 etiam
2054 445 2153 474 novit·

1196 484 1305 522 quippe
1322 483 1376 521 qui
1395 480 1566 512 testificetur
1578 503 1586 517 ,
1605 493 1637 512 ne
1655 483 1804 524 imelligere
1819 485 1931 525 quidem
1946 487 1975 525 se
1992 485 2080 526 poff'e,
2103 481 2154 514 ubi

1191 524 1231 564 fit
1242 545 1250 556 ,
1273 531 1325 552 aut
1344 524 1418 564 quid
1426 523 1466 564 fit
1475 524 1566 553 ullum
1574 523 1675 553 bonum
1684 544 1693 558 ‚
1709 532 1805 567 prater
1815 526 1886 556 illud
1895 547 1903 559 ,
1921 529 1996 567 quod
2004 527 2061 557 cibo
2071 547 2081 561 ‚
2100 533 2154 556 aut

1196 567 1304 606 potione
1314 585 1322 598 ,
1342 565 1377 597 <⁴9-
1387 566 1503 594 aurium
1513 565 1693 595 dele-statione
1704 586 1712 601 ,
1733 568 1768 600 όν
1777 566 1891 607 obfitaena
1902 570 2047 609 voluptate
2056 569 2152 610 capia-

1198 616 1255 636 tur.
1278 611 1325 637 An
1345 608 1406 637 haec
1420 607 1456 637 ab
1467 617 1504 638 eo
1515 617 1578 638 non
1588 608 1752 638 dicuntur?
1771 614 1785 637 7
1796 608 1884 650 Qasr
1893 609 1964 640 vero
1977 618 2024 640 me
2034 611 2153 650 pudeat,

1173 684 1175 688 .
1198 651 1297 690 inquit
1314 648 1441 690 istorum
1453 669 1463 683 ‚
1479 660 1529 681 aut
1548 659 1612 680 non
1633 649 1739 689 poffim
1752 672 1760 684 ,
1781 651 2039 692 quemadmodum
2059 660 2091 682 ea
2107 652 2156 681 di-

192 690 347 723 mna-dat,
359 689 431 730 quid
443 690 604 723 abnuat,ex
616 690 703 720 rebus
713 688 856 720 concessis
865 690 1005 720 concludi
1016 689 1088 730 quid
1099 698 1150 718 ve·
1173 695 1175 716 ι

1196 701 1300 722 cantur
1318 690 1484 722 ostendere.
1508 695 1572 733 Ego
1589 691 1662 722 vero
1680 702 1743 723 non
1763 693 1888 727 dubito,
1911 695 2033 733 inquam
2045 712 2053 726 ‚
2078 694 2153 733 quin

1197 733 1285 764 facile
1295 731 1382 773 poffis
1395 743 1400 761 :
1433 743 1480 762 nec
1489 734 1548 768 eff,
1562 729 1659 776 ssqubd
1667 742 1694 764 tc
1701 735 1805 775 pudeat
1810 735 1932 776 sapienti
1943 734 2066 772 affi’miri
2077 747 2085 768 3
2102 735 2156 774 qui

1197 776 1226 805 se
1246 784 1341 808 unus,
1361 775 1442 815 quod
1462 776 1549 806 sciam
1563 797 1572 811 ,
1592 776 1755 816 sapientem
1776 775 2058 817 proruerifitausus.
2082 784 2154 806 nam

1174 844 1175 849 ,
1197 821 1211 844 9
1224 816 1435 847 Metrodorum
1455 828 1519 848 non
1536 826 1641 858 putant
1662 819 1759 858 ipsum
1778 817 1963 858 professum:
1993 818 2059 851 sed,
2082 815 2155 847 cum

1196 859 1391 899 appellaretur
1404 859 1440 889 ab
1450 862 1578 900 Epicuro
1591 880 1599 892 .
1617 860 1768 900 repudiare
1778 869 1894 891 tantum
1905 858 2088 890 beneficium
2099 868 2156 889 no-

1198 899 1292 932 luisse.
1315 903 1434 940 Septem
1456 910 1555 932 autem
1575 901 1641 934 illi,
1663 911 1725 932 non
1737 902 1789 933 suo
1802 923 1810 936 ‚
1824 901 2156 944 sedpopulorumsuffra-

1195 944 1244 984 gio
1262 943 1387 971 omnium
1398 945 1548 974 nominati
1560 944 1636 973 sunt.
1659 942 1774 974 Verum
1786 945 1921 974 hocloco
1933 944 2020 974 sumo
2033 963 2042 976 ‚
2054 942 2155 973 verbis

1201 988 1247 1016 his
1264 984 1390 1015 eandem
1407 985 1486 1015 certe
1508 987 1572 1015 vim
1592 986 1754 1025 voluptatis
1767 988 1931 1026 Epicurum
1941 983 2041 1019 nosse,
2060 983 2152 1025 quam

1200 1035 1321 1058 ceteros.
1345 1036 1452 1056 omnes
1463 1028 1544 1056 enim
1555 1027 1725 1066 jucundum
1738 1037 1869 1061 motum,
1884 1030 1982 1068 ¹0quo
1993 1027 2092 1057 sensus
2106 1027 2154 1055 hi-

1201 1070 1307 1099 laretur
1320 1087 1329 1101 ‚
1349 1068 1451 1097 Graece
1470 1070 1558 1099 κδονὴν,
1572 1069 1680 1098 Latine
1692 1068 1868 1109 voluptatem
1877 1078 1995 1099 vocant.
2019 1067 2100 1109 Qid
2111 1066 2154 1098 est

1200 1112 1292 1151 igitur
1304 1129 1311 1142 ‚
1333 1111 1448 1149 inquit,
1469 1109 1552 1149 quod
1564 1112 1692 1149 requiras
1705 1114 1714 1135 ἓ
1735 1112 1845 1141 Dicam
1857 1131 1865 1145 ‚
1886 1113 2008 1152 inquam
2022 1130 2030 1143 ,
2043 1111 2076 1140 δε
2086 1111 2156 1150 qui-

1201 1153 1271 1182 dem
1290 1149 1423 1180 discendi
1439 1151 1522 1180 causa
1543 1153 1655 1192 magis,
1682 1152 1774 1192 quam
1792 1161 1890 1193 quote
1903 1172 1911 1185 ,
1933 1153 2154 1192 autEpicurum

1199 1192 1407 1232 reprehensum
1432 1192 1539 1222 velim.
1563 1195 1626 1233 Ego
1645 1202 1764 1234 quoque
1777 1213 1786 1226 .
1807 1195 1925 1234 inquit,
1947 1193 2104 1223 didicerim
2117 1193 2155 1222 li-

1200 1233 1322 1265 bentius
1332 1254 1340 1268 ‚
1363 1232 1382 1262 fi
1393 1233 1465 1274 quid
1475 1234 1607 1264 attuleris
1617 1236 1707 1274 quarn
1718 1244 1745 1265 te
1755 1234 2004 1276 reprehenderim.
2017 1234 2157 1264 Tenesne

1201 1278 1302 1317 igitur,
1312 1278 1448 1316 inquam,
1461 1278 1668 1315 Hieronymus
1678 1277 1816 1307 Rhodius
1826 1276 1906 1318 quod
1916 1277 1994 1306 dicat
2003 1274 2060 1306 esse
2073 1275 2155 1306 sum-

1203 1328 1291 1348 mum
1310 1318 1426 1348 bonum
1438 1337 1447 1350 ,
1470 1317 1532 1358 quo
1549 1321 1747 1358 putetomnia
1755 1319 1858 1349 referri
1868 1327 2004 1358 oportere
2015 1322 2024 1343 Ξ
2035 1320 2155 1348 Teneo.

1203 1362 1302 1402 inquit
1312 1380 1320 1394 ‚
1340 1358 1433 1389 finem
1453 1360 1498 1389 illi
1520 1359 1634 1393 videri,
1662 1370 1769 1390 met.
1788 1371 1930 1391 DOLERE.
1953 1359 2056 1401 Qid?
2075 1358 2157 1389 idem

1204 1402 1259 1432 iste
1277 1402 1314 1432 de
1324 1402 1474 1442 voluptate
1486 1401 1558 1442 quid
1568 1402 1676 1434 sentit?
1698 1412 1784 1442 negat
1793 1401 1850 1432 esse
1860 1412 1926 1432 eam
1937 1421 1945 1436 ‚
1967 1402 2076 1442 inquit,
2087 1410 2159 1440 pro-

1203 1453 1266 1484 pter
1275 1443 1399 1484 seipsam
1419 1443 1627 1483 expetendam.
1649 1444 1742 1474 Aliud
1752 1446 1840 1485 igitur
1849 1443 1907 1474 effe
1914 1442 2157 1485 censetgaudere,

1203 1484 1285 1516 aliud
1304 1494 1369 1515 non
1380 1484 1494 1514 dolere.
1517 1487 1555 1515 Et
1565 1484 1688 1525 quidem
1701 1505 1708 1518 ,
1730 1487 1829 1526 inquit
1840 1506 1847 1519 ‚
1871 1487 2066 1516 vehementer
2074 1493 2159 1514 errat.

1204 1537 1274 1557 nam
1287 1546 1296 1561 ,
1322 1535 1354 1556 ut
1371 1527 1472 1566 paullo
1489 1526 1559 1557 ante
1567 1527 1656 1557 docui
1669 1547 1677 1560 ,
1699 1528 1838 1568 augenda:
1852 1527 2013 1566 voluptatis
2025 1524 2094 1554 finis
2102 1525 2157 1558 est,

1204 1569 1317 1599 doloris
1326 1570 1430 1598 omnis
1438 1570 1565 1598 amotio.
1581 1572 1605 1588 ¹¹
1620 1570 1694 1599 Non
1706 1569 1820 1602 dolere,
1833 1571 1968 1610 inquam,
1981 1567 2058 1598 istud
2067 1576 2158 1607 quatu

1204 1612 1270 1641 vim
1284 1610 1388 1640 habeat
1400 1630 1407 1643 2
1420 1609 1521 1650 postea
1532 1610 1650 1641 videro:
1662 1611 1749 1641 aliam
1760 1610 1830 1641 verb
1842 1613 1905 1641 vim
1917 1610 2076 1650 voluptatis
2087 1607 2157 1642 effe.

1204 1653 1294 1683 aliam
1315 1652 1393 1682 nihil
1403 1651 1526 1682 dolendi
1538 1671 1546 1685 ,
1569 1651 1624 1682 nisi
1635 1653 1719 1683 valde
1730 1654 1865 1692 pertinax
1874 1651 1964 1682 fueris
1976 1672 1984 1684 ,
2010 1650 2159 1681 concedas

1204 1692 1318 1724 necess'e
1328 1692 1379 1723 est.
1403 1695 1496 1734 Atqui
1505 1696 1631 1733 reperies
1644 1713 1652 1726 ‚
1666 1696 1774 1734 inquit,
1786 1696 1818 1724 in
1828 1695 1886 1724 hoc
1895 1693 2020 1734 quidem
2029 1694 2160 1732 pertina-

1204 1745 1281 1765 cem.
1300 1734 1360 1765 dici
1371 1736 1453 1764 enim
1465 1735 1542 1764 nihil
1551 1734 1646 1774 petest
1657 1738 1768 1765 verius.
1791 1735 1881 1767 Estne
1890 1735 1990 1775 quaeso
2001 1754 2010 1767 ‚
2022 1735 2158 1774 inquam,

1200 1776 1313 1817 sitienti
1322 1776 1350 1804 in
1362 1774 1472 1804 bibendo
1483 1776 1613 1816 voluptas
1626 1778 1637 1806 ἓ
1660 1778 1736 1817 Qis
1745 1775 1823 1807 istud
1834 1797 1842 1810 ‚
1865 1779 1897 1806 in
1922 1778 1981 1809 uit,
2002 1774 2098 1815 posset
2106 1783 2160 1804 ne-

1204 1828 1278 1860 gare.
1303 1817 1456 1848 Eademne
1466 1837 1474 1851 ‚
1495 1820 1620 1858 inquam
1635 1838 1644 1852 ,
1663 1828 1730 1859 quae
1748 1817 1887 1849 restincta
1896 1786 1940 1848 gri
1953 1820 1963 1847 ?
1983 1815 2089 1847 Immo
2098 1816 2159 1846 alio

1205 1869 1321 1900 genere.
1341 1857 1480 1890 restin&a
1496 1863 1580 1889 enim
1591 1858 1650 1890 fitis
1664 1880 1672 1894 ,
1690 1859 1880 1891 stabilitatem
1890 1859 2052 1899 voluptatis
2061 1857 2158 1891 habet,

1205 1903 1325 1942 inquit:
1344 1901 1396 1931 illa
1414 1910 1513 1931 autern
1533 1901 1671 1942 voluptas
1679 1901 1767 1942 ipfius
1780 1901 1987 1932 restinftionis
2001 1920 2009 1934 ‚
2027 1902 2060 1930 in
2071 1907 2160 1930 motu

1208 1942 1260 1973 est.
1284 1944 1452 1983 Cmigirur,
1463 1945 1600 1984 inquam,
1612 1954 1657 1974 res
1665 1953 1726 1974 tam
1735 1943 1902 1976 diffimileis
1913 1942 2021 1974 eodem
2032 1942 2161 1972 nomine

1206 1985 1356 2024 appellas?
1369 1986 1459 2026 .Qid
1469 1985 1569 2024 paullo
1579 1985 1774 2027 anteunquit,
1784 1986 1928 2020 dixerim,
1937 1993 2040 2015 nonne
2049 1992 2163 2013 memt-

1206 2026 1275 2057 nisti
1288 2047 1297 2060 ‚
1308 2026 1380 2057 cum
1391 2029 1494 2056 omnis
1504 2027 1594 2057 dolor
1602 2027 1749 2058 detraERus
1756 2027 1828 2058 effet
1839 2047 1848 2062 ‚
1858 2028 1974 2060 variari,
1990 2035 2054 2056 non
2063 2024 2163 2066 augeri

1206 2067 1416 2108 voluptatem?
1439 2070 1571 2100 Memini
1583 2068 1655 2099 vero
1671 2089 1680 2104 ‚
1700 2072 1834 2111 inquam.
1858 2069 1906 2100 sed
1917 2077 1948 2099 tu
1960 2066 2074 2098 ¹²istuc
2083 2066 2162 2097 dixti

1206 2110 1283 2140 bene
1294 2110 1414 2144 Latine,
1425 2120 1527 2151 parum
1539 2112 1640 2150 plane.
1661 2113 1787 2141 varietas
1797 2112 1882 2142 enim
1893 2111 2020 2142 latinum
2034 2108 2162 2140 verbum

1206 2151 1267 2185 est,
1292 2152 1381 2193 idque
1395 2153 1513 2192 proprie
1528 2153 1650 2193 quidem
1666 2156 1698 2183 in
1708 2153 1874 2194 disparibus
1883 2152 2035 2183 coloribus
2045 2149 2161 2180 dicitur:

1206 2193 1256 2223 sed
1268 2193 1443 2224 transfertur
1454 2197 1486 2224 in
1497 2196 1590 2224 multa
1600 2194 1735 2234 disparia.
1758 2194 1993 2236 variumpo'e'ma,
2001 2192 2086 2221 varia
2096 2200 2159 2220 ora-

1206 2235 1246 2264 tio
1257 2254 1266 2269 ,
1288 2236 1366 2264 varii
1388 2246 1474 2265 mores
1484 2255 1492 2270 ‚
1514 2237 1598 2265 varia
1612 2237 1750 2276 fortuna:
1767 2237 1898 2279 voluptas
1909 2235 1992 2264 varia
2002 2235 2090 2264 etiam
2102 2232 2164 2263 dici

1207 2277 1283 2308 solet
1292 2297 1302 2312 ,
1317 2277 1389 2308 cum
1399 2280 1562 2319 percipitur
1573 2288 1610 2308 ex
1619 2279 1724 2310 multis
1733 2277 1923 2309 diffimilrbus
1930 2276 2030 2309 rebus,
2043 2278 2068 2302 ¹3
2081 2272 2164 2345 dilssi-

2063 2326 2106 2346 mi
2122 2324 2165 2346 eis

1240 2393 1268 2418 6.
1287 2394 1353 2425 §.ghi
1360 2403 1420 2426 ergo,
1430 2396 1497 2426 istam
1506 2396 1661 2426 voluptatem,
1670 2396 1760 2428 inquit,
1770 2397 1890 2426 Epicurus
1898 2392 2016 2427 ignorat]
2033 2393 2045 2418 Ι
2050 2398 2075 2419 ta
2087 2400 2163 2419 voces

1188 2451 1189 2456 ,
1203 2428 1346 2454 collocavit
1357 2430 1495 2465 exemplar
1507 2429 1667 2456 Palatinum.
1688 2428 1761 2456 rcfte
1772 2429 1951 2463 meojudicio.

1241 2472 1268 2498 7.
1287 2465 1361 2497 Qafi
1368 2466 1424 2490 verb
1434 2466 1592 2498 mepndenm,
1601 2466 1669 2500 dm]
1691 2464 1785 2500 Adjeci
1799 2465 1907 2492 verbum
1916 2465 1973 2492 ‘verb
1984 2473 2018 2491 ex
2028 2463 2163 2497 Palatino,

1187 2519 1188 2533 ¹
1205 2505 1328 2535 tanquam
1341 2510 1392 2526 non
1404 2510 1495 2536 pai-uni
1508 2500 1612 2528 efficax.
1880 2512 1883 2513 ⁷

1243 2534 1270 2561 8.
1290 2536 1358 2568 Qud
1364 2543 1385 2561 te
1390 2538 1589 2570 pudeatshpicmi
1599 2537 1724 2570 adsentiri,
1739 2538 1808 2572 quise
1817 2547 1892 2569 unus,
1902 2537 1943 2568 &c
1954 2537 1968 2571 ]
1983 2537 2042 2563 Vox
2049 2536 2164 2569 sapienti,

1186 2603 1187 2609 1
1204 2580 1255 2597 non
1267 2571 1303 2597 cst·
1314 2572 1337 2597 in
1352 2572 1410 2598 Pal.
1427 2582 1466 2608 pr.
1483 2573 1529 2598 nisi
1541 2574 1556 2598 a
1568 2581 1643 2599 manu
1655 2573 1736 2608 longe
1748 2574 1889 2600 recentiori
1902 2593 1910 2606 ‚
1925 2573 1952 2599 St
1963 2579 2066 2609 poterat
2076 2570 2162 2597 forsan

1186 2617 1188 2637 ι
1205 2606 1300 2639 abesse,
1314 2607 1329 2633 si
1340 2607 1396 2641 ejus
1413 2608 1472 2635 loco
1484 2608 1696 2640 substitueretur,
1707 2612 1737 2635 ei.

1240 2652 1268 2705 p.
1288 2644 1450 2670 Metrodorum
1467 2655 1511 2671 non
1527 2646 1699 2678 putamipficm
1714 2644 1862 2678 prqf'effiaem]
1883 2640 2067 2679 Malim‘quod
2087 2642 2163 2669 estin

1186 2706 1187 2714 ἵ
1204 2680 1240 2706 Pa
1255 2700 1261 2705 .
1280 2689 1321 2715 pr.
1342 2688 1448 2714 nonputo
1460 2700 1468 2713 ‚
1487 2680 1558 2717 quod
1578 2681 1606 2706 &
1625 2681 1653 2707 in
1663 2680 1777 2707 aliorum
1788 2680 1862 2707 libris
1881 2681 2020 2707 inventum
2034 2697 2043 2711 ,
2063 2677 2162 2705 indi-'at

1185 2717 1187 2734 l
1205 2724 1298 2751 margo
1309 2714 1436 2743 editionis
1448 2717 1640 2743 Lainbinianoe.

1185 2771 1187 2783 ,
1243 2760 1284 2778 ιο.
1297 2752 1432 2787 Qosensm
1442 2753 1586 2787 hilaretur]
1601 2753 1643 2779 Sic
1652 2753 1774 2789 proxime.
1786 2752 1919 2780 Palatinus
1929 2759 1969 2787 pr.
1981 2758 2073 2786 nempe
2083 2751 2165 2775 him-c-

1184 2807 1186 2811 .
1204 2795 1255 2814 mr.
1276 2797 1335 2814 nani
1347 2789 1429 2815 ceter-i
1439 2798 1530 2816 omnes
1541 2792 1647 2815 hiaient.
1667 2789 1775 2815 Nonius
1785 2788 1833 2815 stat
1843 2789 1858 2814 ix
1869 2787 1957 2817 nostro
1965 2785 2025 2818 illo,
2038 2786 2103 2813 item
2115 2787 2162 2812 vi-

1205 2824 1285 2851 &orii
1297 2823 1391 2851 editio.
1418 2835 1475 2852 nam
1488 2825 1643 2861 posteriores
1653 2826 1798 2850 hilarentur.

1185 2857 1187 2880 ἶ
1243 2869 1252 2886 1
1261 2869 1270 2886 ι
1280 2880 1286 2887 .
1304 2864 1365 2895 ‘an
1374 2861 1448 2887 dolere
1465 2864 1564 2896 inquam
1574 2861 1659 2894 istud]
1684 2860 1726 2886 Est
1738 2861 1752 2885 ’.ἰ
1763 2857 1918 2885 νὶἑὶοτὶαηιι
1929 2876 1937 2889 ,
1956 2857 1983 2883 Sc
1999 2855 2057 2883 Pal.
2068 2857 2166 2893 prinio'.

1207 2905 1265 2923 nam
1277 2896 1371 2928 ceteri,
1382 2907 1432 2922 cum
1441 2907 1487 2923 non
1497 2897 1585 2923 dolere.»
1599 2895 1665 2922 editi
1675 2895 1752 2924 olim,
1761 2895 1817 2919 rum
1826 2903 1871 2919 non
1881 2893 1963 2925 dolere,
1973 2902 2007 2920 ex
2022 2902 2075 2928 quo
2085 2893 2166 2922 finxit

1185 2941 1187 2965 ζ
1205 2932 1363 2963 Lambinus,
1373 2934 1429 2958 Tum
1438 2943 1482 2959 non
1492 2933 1574 2964 dolere,
1585 2934 1679 2966 argute
1691 2940 1696 2956 ι
1721 2928 1762 2954 sed
1774 2936 1868 2965 proeter
1880 2928 1937 2955 mss.

1246 2977 1289 2995 12.
1308 2970 1367 3000 Isim·
1378 2969 1465 3002 dixin]
1479 2969 1513 2994 Et
1526 2967 1575 2993 hoc
1585 2968 1620 2992 est
1632 2968 1646 2991 ‘a
1656 2964 1790 2996 Vifflzorio,
1803 2974 1887 3000 neque
1898 2965 1977 2991 aliter
1986 2964 2043 2991 Pal.
2054 2973 2094 3001 pr.
2113 2972 2166 2991 non

1209 3011 1239 3030 ut
1249 3004 1374 3040 publicati
1388 3023 1397 3036 ,
1414 3004 1476 3038 istud
1484 3004 1573 3036 dixisti.
1593 3001 1714 3037 quamvis
1726 3001 1869 3027 leviculum
1881 3000 1931 3033 sit,
1951 3009 2039 3028 tamen
2055 3009 2167 3027 monem

1187 3066 1188 3070 ,
1207 3040 1270 3067 dum
1291 3047 1359 3067 emt.
1682 3058 1686 3062 .

1187 3086 1189 3108 l
1247 3086 1256 3102 ι
1264 3084 1290 3111 3.
1309 3075 1437 3109 Diffimilcis
1445 3074 1580 3107 efficientibu
1601 3073 1763 3107 ‘sumptam-L]
1785 3074 1895 3100 Secutus
1907 3072 1962 3099 suin
1972 3073 2000 3099 8:
2013 3072 2070 3099 heic
2080 3071 2165 3098 Palae.

1205 3112 1324 3151 prinlum
1338 3130 1345 3142 ‚
1357 3118 1432 3137 tanto
1443 3107 1550 3144 quidem
1563 3109 1710 3145 promptius
1724 3129 1731 3140 ,
1750 3109 1821 3145 quod
1833 3109 1977 3138 Lambinus
1995 3107 2168 3143 innueret‘ita

1187 3143 1189 3171 ἕ
1208 3156 1315 3184 quoque
1326 3145 1402 3174 fuisse
1412 3145 1439 3174 iu
1450 3145 1557 3181 aliquot
1564 3144 1626 3173 stris.
1648 3144 1896 3182 viilgg.dffn1i1¹i1er.
1993 3148 1998 3151 “
2154 3143 2162 3152 “

2068 3187 2079 3207 x
2087 3198 2092 3206 .
2101 3177 2172 3205 Indo-
