2379 3400
304 114 426 162 1230
706 89 1209 138 M.TU1.L11

297 189 355 221 que
368 176 494 208 dostrina
505 172 639 205 instruSti
651 171 685 202 ad
696 180 760 201 eam
770 189 779 204 ,
792 169 826 200 δε
836 170 933 199 ornati
942 166 1122 199 accessimus.
1147 170 1256 209 Neque

301 221 400 252 solum
419 221 502 250 vivi,
524 225 610 255 atque
630 213 785 254 praesentes
804 211 952 241 studiosos
962 209 1258 244 discendierudiunt‚

300 272 384 302 atque
395 261 504 289 docent
518 268 523 285 t
545 257 592 286 sed
604 257 661 285 hoc
673 255 755 285 idem
767 251 929 293 etiampofl
943 259 1060 282 mortem
1070 261 1260 282 monumen-

301 306 337 333 tis
360 303 523 330 litterarum
545 295 744 337 ass'equuntur.
768 305 823 325 nec
845 297 930 324 enim
957 295 1040 324 locus
1053 293 1130 323 ullus
1141 302 1260 333 praeter-

301 342 408 373 miss'us
418 340 458 371 est
468 340 503 370 ab
514 341 551 369 iis
563 359 573 372 ,
592 337 690 379 quiad
702 338 800 378 leges,
818 338 871 377 qui
882 336 918 366 ad
931 345 1030 365 mores
1044 356 1052 369 ,
1065 335 1160 375 quiad
1171 335 1259 365 disci-

300 386 416 425 plinam
438 384 509 421 reip.
518 382 697 421 pertineret:
715 388 748 409 ut
758 380 856 408 otium
867 378 955 407 suum
966 377 1001 406 ad
1013 377 1152 407 nostrum
1164 386 1259 417 nego-

302 428 379 455 tium
390 420 550 453 contulisse
561 422 726 452 videantur.
751 422 792 450 ita
803 420 847 449 illi
859 417 909 459 ipsi
920 418 1067 448 doetrinae
1079 418 1186 449 studiis
1201 439 1209 451 ‚
1226 418 1259 448 &

300 467 448 506 sapientiae
461 465 575 497 dediti,
586 463 622 494 ad
634 464 802 493 hominum
816 462 978 491 utilitatem
990 461 1072 490 suam
1088 460 1259 502 intelligen-

300 510 373 538 tiam
386 527 394 540 ‚
417 506 666 546 prudentiamque
688 501 875 545 potiffimum
897 501 1072 532 conferunt.
1098 506 1107 522 ¹
1121 502 1168 532 Ob
1176 511 1260 532 eam-

300 559 359 590 que
370 548 487 578 causam
500 548 604 587 eloqui
614 546 738 586 copiose
753 564 762 579 ‚
785 544 880 575 mode>
890 544 1051 584 prudenter
1065 564 1073 578 ‚
1086 545 1196 574 melius
1207 542 1258 577 est,

301 592 393 631 quam
408 590 456 619 vel
466 587 629 620 acutissime
641 588 701 618 fine
712 588 882 627 eloquentia
896 588 1023 626 cogitare
1038 597 1044 615 ι
1060 585 1143 627 quod
1153 586 1261 626 cogita-

302 634 341 662 tio
363 633 393 661 in
415 632 442 661 se
454 631 513 671 ipsa
525 632 666 664 vertitur,
692 630 865 670 eloquentia
874 627 1088 668 compleSritur
1102 638 1153 658 eos
1165 648 1174 661 ,
1193 629 1261 668 qui-

302 674 426 704 buscum
450 674 671 703 communitate
690 670 790 711 junffi
810 670 922 700 sumus.
965 672 978 689 ²
1003 672 1103 711 Atque
1123 678 1156 699 ut
1171 678 1260 709 apum

301 717 443 745 examina
465 724 529 744 non
551 713 763 755 fingendorum
781 711 919 742 favorum
939 711 1021 742 causa
1032 720 1259 753 congregantur,

301 757 352 787 sed
362 776 369 790 ‚
383 766 452 786 cum
464 755 683 797 congregabilia
694 764 796 785 natura
808 752 862 783 sint
872 774 881 787 ,
905 752 1023 795 fingunt
1031 752 1116 784 favos
1128 764 1133 782 τ
1156 751 1193 783 fic
1203 754 1261 782 ho-

305 800 405 828 mines
414 818 422 831 ‚
442 807 474 828 ac
486 798 584 828 multo
596 799 687 828 etiam
700 799 796 837 magis
810 815 818 829 ,
832 804 937 826 natura
946 797 1136 836 congregati,
1151 797 1163 821 3
1176 794 1261 824 adhi-

301 840 374 870 bent
384 840 500 880 agendi,
513 839 725 880 cogitandique
735 839 908 868 sollertiam.
932 839 1033 878 Itaque
1043 835 1098 866 nisi
1112 846 1144 866 ea
1155 837 1260 869 virtus,

303 891 369 922 quae
388 881 504 911 constat
524 891 563 911 ex
581 880 761 911 hominibus
779 878 918 912 tuendis,
942 879 972 909 id
993 877 1054 912 est,
1076 887 1114 908 ex
1125 878 1261 908 societate

302 925 420 964 generis
431 924 557 953 humani
572 942 580 956 ,
593 924 715 964 attingat
724 923 934 962 cognitionem
947 930 1058 954 rerum,
1072 920 1200 959 solivaga
1209 929 1260 950 co-

303 966 403 1005 gnitio
425 984 432 998 ‚
455 964 488 995 &
511 965 614 1004 jejuna
638 965 783 994 videatur.
803 964 938 1002 itemque
955 962 1132 1003 magnitudo
1153 962 1260 994 animi,

303 1011 319 1033 4
329 1015 443 1036 remota
452 1008 672 1037 communitate
682 1025 689 1039 ‚
709 1003 986 1045 conjunffloneque
997 1005 1129 1034 humana
1142 1024 1150 1038 ,
1161 1003 1262 1033 feritas

304 1046 339 1077 sit
357 1047 492 1089 quaedam
506 1067 515 1081 ‚
536 1048 569 1078 ὃς
590 1048 775 1077 immanitas.
797 1048 841 1076 Ita
852 1044 905 1080 fit,
928 1047 1069 1076 utvincat
1078 1046 1262 1087 cognitionis

304 1088 439 1120 studium
462 1089 647 1120 consociatio
661 1089 824 1119 hominum
836 1106 845 1121 ‚
864 1096 950 1128 atque
959 1090 1171 1117 communitas.
1196 1089 1262 1116 Nec

302 1140 410 1161 verum
419 1129 462 1161 est
473 1150 482 1164 ,
502 1131 584 1172 quod
593 1131 701 1161 dicitur
710 1130 726 1161 a
736 1129 915 1171 quibusdam
925 1149 934 1163 ,
954 1138 1072 1170 propter
1080 1128 1264 1168 neceffitatem

304 1174 374 1203 vitae
385 1192 394 1207 ‚
415 1172 498 1213 quod
508 1183 540 1204 ea
551 1193 559 1207 ,
572 1183 636 1213 quae
646 1181 750 1203 natura
760 1169 932 1202 desideraret
943 1192 952 1204 ,
963 1171 1106 1211 consequi
1116 1169 1175 1200 fine
1184 1170 1261 1203 aliis,

305 1223 391 1255 atque
407 1213 525 1245 efficere
543 1224 607 1245 non
617 1213 769 1254 possemus
781 1232 790 1247 ‚
815 1217 828 1241 ἰ
840 1212 950 1244 idcirco
960 1212 1046 1243 istam
1057 1211 1114 1242 esse
1124 1221 1192 1242 cum
1207 1213 1261 1241 ho-

303 1256 441 1286 minibus
459 1258 714 1287 communitatem
726 1276 735 1289 ,
761 1255 793 1285 &
813 1255 1001 1285 societatem:
1018 1252 1100 1295 quod
1120 1252 1140 1283 sl
1157 1255 1264 1284 omnia

303 1298 395 1328 nobis
405 1318 414 1331 ,
433 1308 499 1339 quae
508 1298 543 1328 ad
557 1298 672 1328 vidium
683 1298 860 1338 cultumque
869 1298 1020 1337 pertinent
1032 1315 1040 1330 ,
1054 1294 1133 1336 quasi
1145 1295 1263 1337 virgula

307 1339 429 1373 dzvina,
451 1348 483 1369 ut
502 1340 604 1379 ajunt,
624 1339 898 1380 suppeditarentur:
922 1346 987 1368 tum
1008 1341 1128 1377 optimo
1138 1339 1262 1378 quisque

303 1383 430 1421 ingenio
439 1401 447 1414 ,
460 1384 591 1422 negotiis
599 1381 745 1411 omnibus
758 1379 883 1414 omiffis,
893 1389 992 1411 totum
1004 1379 1032 1409 se
1042 1376 1057 1400 ⁶
1069 1381 1102 1409 in
1112 1382 1264 1420 cognitio-

304 1432 355 1457 ne,
368 1423 401 1455 &
410 1423 531 1454 scientia
539 1424 709 1455 collocaret.
733 1425 808 1453 Non
818 1422 860 1454 est
870 1424 919 1453 ita.
938 1430 1010 1452 nam
1021 1421 1054 1452 &
1065 1421 1262 1453 solitudinem

344 1577 367 1594 1.
403 1570 436 1593 oh
454 1575 548 1602 eamque
565 1568 661 1599 causam
679 1569 752 1599 eloqui
769 1566 852 1598 copIos?
872 1585 880 1597 ‚
900 1565 961 1590 modb
979 1565 1138 1598 prudentem]
1169 1565 1213 1590 Est
1232 1563 1264 1590 ab

304 1605 337 1631 F.
349 1604 376 1629 SC
387 1604 422 1629 D.
432 1605 556 1638 &neque
566 1602 644 1628 aliter
655 1601 789 1627 Palatinus
800 1610 840 1636 pr.
853 1600 898 1626 nisi
909 1599 979 1635 quod
991 1600 1012 1625 is
1022 1599 1128 1635 insuper
1139 1618 1146 1631 ‚
1165 1599 1227 1625 modb
1237 1599 1265 1629 &¹

301 1640 443 1673 prudenter.
457 1648 508 1665 non
520 1637 598 1663 male.
615 1637 777 1672 vulgatiores
790 1655 798 1668 ,
819 1638 845 1662 ob
854 1645 904 1662 eam
914 1638 984 1661 etiam
993 1635 1099 1668 causam.
1118 1633 1268 1666 ViRorius,

305 1678 332 1702 eb
342 1683 437 1709 eamque
446 1678 517 1700 etiam
527 1674 632 1705 causam.

344 1721 372 1737 2.
392 1714 421 1735 Ue
440 1717 509 1743 apum
527 1709 665 1743 examinas]
687 1708 771 1735 Palat.
781 1716 823 1743 pr.
834 1714 863 1734 ut
874 1708 901 1733 &
913 1708 953 1734 M.
965 1707 996 1733 F.
1007 1709 1106 1740 apium;
1126 1706 1181 1733 imo
1195 1706 1228 1732 iic
1238 1706 1267 1732 &

306 1746 390 1775 editio
405 1746 490 1782 prima
504 1744 638 1770 Romana.

344 1792 370 1818 3.
388 1783 521 1810 <Adhibem
533 1781 616 1813 agendi
630 1780 788 1814 cogitandique
799 1779 949 1812 ftlem’am]
971 1777 1050 1804 Haud
1061 1777 1139 1804 aliter
1150 1776 1266 1803 Palatin.

306 1820 393 1846 noster
402 1826 442 1853 pr.
455 1825 513 1843 nam
525 1817 565 1842 M.
577 1817 607 1842 F.
618 1817 654 1841 D.
666 1823 695 1842 ut
704 1815 731 1840 ὅτ
742 1814 889 1851 antiquitus
901 1813 1015 1850 impreffi
1030 1833 1038 1845 ,
1052 1814 1252 1847 congregandiquc
1262 1823 1269 1837 :

308 1855 395 1881 minus
409 1852 492 1879 νεὲὶὰ.

342 1899 370 1923 4.
389 1893 485 1915 Remota
496 1887 688 1920 communitate]
710 1887 774 1913 Non
794 1886 868 1913 ausus
887 1885 943 1912 sum
961 1885 1105 1912 excludere
1120 1883 1264 1911 lee‘tionem

307 1925 468 1961 exemplaris
486 1924 598 1950 Palatini
619 1923 697 1959 primi
718 1942 727 1955 ,
755 1922 922 1949 sustentatam
942 1921 1102 1948 anffloritate
1120 1920 1269 1947 editionum

329 1962 509 1992 rimariarum,
518 1969 547 1986 ac
557 1960 745 1995 plerorumque
756 1958 1090 1994 manuscriptorum3etiam
1101 1966 1193 1983 eorum
1206 1956 1266 1992 qui-

308 1972 355 2024 ἕως
371 1997 429 2024 usus
441 1995 603 2022 Gulielmius
617 2015 624 2027 ,
646 1995 765 2030 quamvis
775 1993 828 2031 ipse
838 1994 869 2022 ab
878 2003 908 2022 ea
918 2003 982 2020 voce
992 1993 1115 2020 alienior.
1135 1992 1169 2019 de
1178 2002 1209 2020 ea
1218 2001 1269 2028 ego

307 2034 386 2061 latius
397 2034 423 2060 in
435 2031 629 2067 suspicionibus
641 2031 716 2057 meis.

351 2079 377 2103 5.
395 2071 486 2095 Idcirco
494 2071 563 2101 istam
573 2068 613 2100 effe
624 2076 673 2093 cum
682 2066 838 2100 hominihm]
861 2065 995 2093 Palatinus
1006 2065 1086 2102 prim.
1095 2064 1193 2092 diserte
1204 2083 1213 2096 ,
1222 2064 1270 2090 ideo

309 2108 397 2132 initam
406 2106 456 2138 effe.
479 2103 550 2139 quod
562 2103 647 2130 nescio
657 2104 759 2130 cuinam
769 2102 864 2129 debeat
873 2102 1011 2138 displicere
1023 2121 1030 2133 ,
1041 2101 1162 2138 quamvis
1171 2101 1198 2126 δε
1211 2099 1271 2126 vul-

308 2149 376 2177 gatte
388 2141 522 2176 scripturae
534 2139 577 2166 sua
587 2148 691 2175 quoque
703 2139 733 2165 sit
744 2139 875 2166 venustas.
893 2140 920 2165 sc
932 2139 995 2165 vero
1006 2141 1095 2164 initam
1105 2144 1165 2164 ante
1176 2135 1270 2163 ustua-

309 2178 385 2213 ginta
403 2185 482 2203 annos
501 2174 614 2211 oggessit
628 2185 733 2211 quoque
746 2174 820 2201 nobis
835 2178 850 2201 ὲ
860 2174 949 2203 codice
960 2174 1114 2210 Augusteum
1123 2172 1270 2208 Wolfgau-

309 2222 358 2251 giis
371 2211 547 2239 Anemoecius.
567 2211 657 2247 itaque
668 2211 824 2246 (relegatur.

347 2250 375 2277 6.
394 2251 423 2276 In
441 2250 566 2281 cognitione
583 2247 612 2279 ὡ
623 2247 757 2283 scientim]
778 2247 883 2277 Laudat
900 2247 956 2276 haec
967 2245 1053 2274 Tullii
1072 2244 1223 2274 Pari-balius
1242 2245 1271 2274 in

1279 90 1826 137 CrcERonis

1301 169 1415 211 fugeret
1426 191 1434 204 .
1455 169 1488 200 δε
1500 169 1614 200 socium
1626 168 1716 200 studii
1726 170 1885 210 quaereret:
1899 179 1964 203 tum
1979 171 2086 205 docere
2097 193 2106 209 ‚
2117 180 2185 204 tum
2196 172 2259 205 dis—

1302 222 1366 244 cere
1374 212 1466 242 vellet
1475 232 1484 246 ,
1505 220 1570 242 tum
1582 210 1693 245 audire,
1705 219 1770 241 tum
1782 212 1889 243 dicere.
1912 217 1989 256 Ergo
1998 225 2092 246 omne
2102 215 2255 249 officium,

1300 253 1380 295 quod
1392 253 1428 284 ad
1437 253 1507 293 conj
1512 252 1690 283 unetionem
1701 254 1877 288 hominum,
1902 255 1934 284 &
1943 255 1979 286 ad
1989 256 2157 288 societatem
2169 266 2259 288 tuen·

1303 296 1373 326 dam
1383 295 1477 329 valet,
1491 300 1505 324 7
1516 294 1763 334 anteponendum
1775 294 1817 325 est
1829 295 1874 324 illi
1883 294 1999 330 officio,
2012 299 2093 338 quod
2104 300 2258 340 cognitio-

1304 348 1341 368 ne
1355 358 1363 371 ‚
1385 337 1418 367 δε
1438 337 1560 367 scientia
1577 338 1759 367 continetur.
1782 336 1861 366 Illud
1881 335 2000 368 forfitan
2009 341 2201 379 quaerendum
2210 338 2255 374 fit,
2271 352 2317 387 45
2355 363 2368 371 ,

1304 389 1381 410 num
1401 379 1464 408 haec
1482 380 1705 412 communitas,
1726 388 1792 419 quae
1804 378 1941 408 maxime
1954 378 2067 419 estapta
2077 391 2202 416 naturae‚
2223 380 2257 413 fit

1303 423 1394 451 etiam
1414 420 1619 450 moderationi
1638 439 1648 454 ‚
1678 419 1893 460 modestiaeque
1911 420 2027 460 semper
2040 423 2257 462 anteponenda.

1304 466 1379 493 Non
1390 462 1496 502 placet.
1508 462 1574 492 sunt
1584 463 1667 492 enim
1677 456 1829 502 Squaedam
1839 463 1946 501 partim
1957 463 1997 492 ita
2005 461 2204 503 foeda.partim
2216 467 2258 496 ita

1303 503 1492 544 flagitiosa,ut
1500 513 1585 537 ea‚ne
1592 503 1798 534 conservandae
1807 502 1931 544 quidem
1941 504 2040 543 patriae
2049 505 2141 539 causa,
2147 506 2259 546 sapiens

1301 546 1432 577 fafiturus
1444 544 1488 576 sit.
1511 556 1543 576 ea
1554 544 1727 576 Posidonius
1737 545 1857 586 collegit
1871 546 2019 585 permulta
2029 565 2037 579 ,
2060 545 2109 576 sed
2123 548 2160 577 ita
2176 556 2259 579 taetra

1303 588 1497 630 quaedam,ita
1508 587 1652 621 obscaena,
1664 596 1698 617 ut
1708 586 1790 617 dieta
1800 597 1894 627 quoq3
1905 587 2061 617 videantur
2071 590 2175 627 turpia.
2187 590 2259 620 Haec

1304 632 1396 671 igitur
1405 633 1420 656 9
1432 639 1495 659 non
1506 629 1642 669 suscipiet
1651 629 1808 670 quisquam
1820 629 1883 667 reip.
1898 629 1993 668 causta
2005 631 2034 647 ¹0
2044 630 2180 669 necresp.
2191 633 2260 670 qui-

1304 672 1373 702 dem
1383 681 1436 711 pro
1447 671 1475 701 se
1489 671 1596 710 suscipi
1605 670 1787 701 volet-”Sed
1798 671 1830 701 &
1840 671 1903 700 haec
1912 669 2109 700 commodius
2120 671 2148 701 se
2156 681 2200 700 res
2209 672 2262 702 ha·-

1304 713 1363 747 bet,
1378 711 1461 754 quod
1471 722 1535 742 non
1547 711 1641 752 potest
1650 712 1780 743 accidere
1791 721 1920 752 ternpus,
1928 721 1960 741 ut
1969 710 2080 742 interfit
2090 714 2164 752 reip.
2175 713 2264 753 quid-

1302 765 1393 796 quam
1412 754 1536 784 illorum
1560 753 1654 784 facere
1674 754 1848 794 sapientem.
1873 756 1970 794 Qare
1986 754 2043 784 hoc
2051 754 2175 794 quidem
2188 752 2263 784 effe—

1305 797 1388 827 Ctum
1408 794 1440 826 sit
1452 816 1460 830 ‚
1482 798 1514 826 in
1532 793 1642 826 officiis
1653 795 1820 837 deligendis
1830 795 1860 825 id
1869 805 1962 837 genus
1975 793 2146 825 officiorum
2163 795 2263 826 excel-

1305 839 1382 871 lere,
1402 838 1485 878 quod
1504 846 1636 868 teneatur
1658 838 1822 867 hominurn
1846 837 1994 867 societate.
2018 839 2132 867 etenim
2153 839 2260 879 cogni-

1305 883 1421 911 tionem
1434 900 1442 913 ,
1461 879 1714 920 prudentiamque
1734 880 1865 920 sequitur
1872 876 2051 908 considerata
2063 878 2150 909 adlio.
2162 881 2202 910 ita
2213 877 2259 913 fir,

1305 931 1337 952 ut
1351 931 1463 951 Aoum:
1485 919 1666 952 considerate
1690 921 1785 961 pluris
1802 919 1854 954 sit,
1876 929 1965 961 quam
1985 922 2112 960 cogitare
2130 920 2264 961 pruden-

1305 973 1357 994 ter.
1381 967 1478 1004 Atque
1499 964 1561 993 haec
1577 963 1701 1003 quidem
1716 962 1868 992 haetenus.
1899 960 2059 1001 patefafiffls
2069 961 2110 992 est
2120 965 2202 993 enim
2215 962 2264 992 lo-

1305 1015 1357 1036 cus
1367 1006 1427 1045 ipse
1439 1025 1448 1038 ,
1467 1014 1500 1034 ut
1521 1014 1585 1035 non
1604 1003 1637 1034 fit
1648 1003 1770 1034 difficile
1782 1006 1813 1034 in
1828 1003 2015 1044 exquirendo
2033 1002 2136 1033 officio
2149 1025 2157 1038 ,
2177 1003 2262 1044 quod

1304 1049 1413 1087 cuique
1435 1045 1468 1076 fit
1485 1046 1723 1086 praeponendum
1739 1065 1747 1078 ‚
1770 1045 1881 1075 videre.
1922 1047 1958 1074 In
1976 1045 2038 1085 ipsa
2054 1055 2155 1076 autem
2175 1055 2263 1076 com—

1307 1089 1456 1119 munitate
1478 1088 1545 1118 sunt
1557 1087 1663 1128 gradus
1683 1085 1876 1117 officiorum:
1895 1095 1934 1116 ex
1954 1086 2083 1126 quibus,
2103 1087 2175 1128 quid
2196 1088 2264 1118 cui·

1306 1140 1364 1170 que
1385 1128 1517 1170 praestet‚
1542 1129 1671 1169 intelligi
1691 1127 1777 1169 pofftt
1798 1139 1804 1157 :
1834 1136 1867 1158 ut
1886 1130 1983 1167 prima
2007 1127 2065 1157 diis
2082 1129 2265 1159 immortali·

1307 1171 1362 1202 bus
1375 1184 1384 1206 ς
1401 1170 1527 1202 secunda
1538 1190 1547 1204 ‚
1564 1173 1664 1210 patriae
1680 1183 1688 1204 ·,
1708 1172 1792 1200 tertia
1803 1189 1811 1203 ,
1832 1169 2001 1209 parentibus
2014 1188 2023 1202 ,
2050 1169 2190 1210 deinceps
2199 1179 2264 1211 gra-

1306 1213 1400 1244 datim
1413 1214 1538 1253 reliquis
1557 1212 1729 1242 debeantur.
1760 1211 1878 1253 Qibus
1895 1221 1934 1241 ex
1952 1210 2040 1240 rebus
2059 1212 2187 1242 breviter
2203 1211 2266 1242 dis-

1307 1257 1418 1295 putatis
1429 1254 1560 1295 intelligi
1576 1253 1672 1294 potest
1686 1275 1695 1287 ,
1718 1263 1781 1284 non
1793 1251 1891 1283 solum
1906 1252 1936 1283 id
1949 1253 2089 1283 homines
2101 1253 2192 1283 solere
2209 1252 2265 1283 du-

1307 1298 1419 1330 bitare,
1451 1295 1672 1330 honestumne,
1695 1305 1734 1326 an
1753 1305 1837 1335 turpe
1858 1292 1892 1325 sit
1910 1305 1916 1323 τ
1943 1294 1992 1324 sed
2015 1297 2124 1329 etiam,
2146 1294 2266 1325 duobus

1305 1337 1462 1379 propositis
1480 1337 1632 1371 honestis,
1653 1345 1755 1367 utrum
1771 1335 1936 1366 honestius.
1963 1337 2023 1366 Hic
2040 1337 2125 1368 locus
2138 1337 2153 1367 a
2164 1339 2265 1367 Panae-

1305 1383 1349 1410 tio
1363 1379 1424 1414 est,
1445 1389 1478 1411 ut
1491 1379 1574 1420 supra
1593 1379 1682 1414 dixi,
1702 1376 1924 1420 praetermissus.
1945 1377 2002 1409 Sed
2017 1378 2081 1418 J'am
2100 1379 2136 1410 ad
2152 1379 2266 1419 reliqua

1304 1431 1472 1464 pergamus.

1993 1464 2066 1508 M.
2100 1463 2150 1508 T
2165 1479 2198 1508 U
2211 1481 2266 1511 L-

1310 1563 1489 1599 Qaelitispct
1498 1563 1632 1598 epistolam
1645 1571 1653 1592 ;
1673 1562 1715 1589 sed
1726 1563 1763 1588 ita
1775 1581 1783 1593 ‚
1802 1568 1924 1598 tanquam
1936 1563 2000 1589 esset
2009 1563 2152 1597 genuinum
2166 1581 2174 1594 ,
2193 1565 2220 1588 in
2228 1571 2268 1588 co-

1305 1601 1516 1660 ζιῐιςηξῑὶοηε]ι,·ιέ7ιιι”ιτ
1526 1610 1535 1632 ,·
1546 1597 1680 1634 quomodo
1690 1598 1758 1625 nulli
1769 1598 1830 1625 libri
1842 1598 1884 1625 vel
1895 1598 2009 1635 impreffi
2021 1597 2062 1624 vel
2072 1597 2162 1634 scripti
2174 1597 2264 1634 ,quod

1321 1643 1399 1660 ciam.

1345 1679 1373 1705 7.
1391 1670 1596 1700 mnteponendum
1606 1673 1640 1696 ef!
1646 1670 1682 1695 illi
1693 1669 1786 1703 effic-im]
1802 1670 1964 1696 Gulielmius
1973 1679 2006 1696 ex
2028 1669 2108 1696 unxit
2117 1678 2208 1696 vocem
2218 1670 2265 1702 ff-

1309 1709 1353 1732 cio.
1373 1715 1404 1732 an
1416 1714 1449 1732 ex
1460 1706 1535 1732 libris
1546 1706 1643 1732 nescio.
1663 1715 1715 1731 non
1727 1704 1871 1731 admodum
1882 1706 1940 1732 heic
1949 1679 2089 1732 desiderari
2103 1724 2110 1736 ,
2121 1705 2206 1741 palam
2217 1705 2266 1732 est.

1346 1740 1373 1768 8.
1392 1742 1505 1773 Qaedam
1517 1744 1609 1773 partim
1618 1743 1657 1767 ita
1663 1741 1736 1773 foeda,
1745 1743 1837 1773 partlm
1845 1742 2034 1776 itaflagitiqfa]
2056 1741 2141 1767 Palat.
2152 1750 2202 1767 non
2213 1741 2267 1767 ite-

1310 1784 1351 1803 rat
1363 1777 1483 1803 voeulam
1498 1779 1601 1809 partim.
1622 1776 1714 1802 Editio
1723 1777 1842 1812 princeps
1855 1777 2016 1813 Moguntina
2026 1796 2034 1809 ,
2054 1778 2081 1802 &
2093 1777 2215 1803 Romana
2226 1776 2267 1802 se·

1309 1812 1394 1839 cunda
1404 1811 1488 1839 servat
1499 1821 1507 1842 ;
1518 1812 1622 1846 quedam
1630 1813 1738 1846 itafoeda
1750 1832 1757 1844 ,
1765 1815 1856 1845 partim
1865 1815 1903 1838 ita
1906 1813 2037 1847 flagitiosa.
2057 1812 2132 1848 super
2141 1822 2193 1849 qua
2202 1811 2267 1838 scri-

1311 1855 1389 1884 ptura
1402 1867 1409 1881 ‚
1418 1847 1546 1875 adeantur
1555 1850 1745 1875 commentaria
1755 1847 1819 1874 Aldi
1830 1850 1944 1885 nepotis.
1963 1848 2127 1885 vulgatiores
2140 1867 2149 1881 ,
2162 1849 2272 1883 quaedam

1307 1887 1402 1918 partim
1411 1887 1448 1909 ita
1450 1886 1517 1918 foeda
1528 1903 1536 1916 ‚
1546 1886 1652 1918 quadam
1658 1888 1751 1918 paru'm
1759 1886 1797 1910 ita
1799 1886 1864 1917 flag.
2153 1898 2156 1901 ·

1345 1929 1372 1955 9.
1392 1923 1452 1955 Qu
1463 1921 1576 1954 ficscipiet
1594 1921 1717 1954 quisquam
1735 1921 1834 1953 reipubl.
1854 1921 1952 1954 caiisa]
1975 1920 2068 1947 Diffio
2080 1920 2204 1955 qulssluam
2213 1929 2266 1948 non

1309 1957 1352 1997 est.
1363 1956 1390 1983 in
1409 1955 1524 1983 Palatin.
1542 1963 1588 1983 aut
1606 1958 1647 1983 M.
1658 1957 1690 1983 F.
1700 1957 1736 1982 D.
1755 1956 1777 1990 ej
1783 1964 1811 1983 us
1829 1955 1891 1984 loco
1909 1956 1988 1984 habet
2006 1956 2093 1984 editus
2113 1957 2128 1983 it
2146 1955 2269 1984 Vistorio

1328 2002 1375 2018 uu.

1312 2003 1327 2027 q
1350 2037 1392 2055 ιο.
1412 2031 1460 2054 Nee
1469 2030 1599 2062 respublica
1608 2028 1700 2063 quidem
1707 2035 1748 2061 pro
1756 2027 1809 2062 fi]
1831 2028 1872 2054 M.
1882 2028 1915 2055 F.
1924 2038 1952 2054 ne
1963 2030 2062 2062 respubl.
2073 2034 2100 2055 at
2110 2028 2168 2055 Pal.
2178 2036 2219 2064 pr.
2229 2035 2271 2054 nee

1309 2073 1346 2090 res
1355 2065 1447 2099 quidam
1462 2066 1560 2097 publica
1570 2083 1579 2097 ,
1597 2063 1668 2100 quod
1678 2063 1785 2091 auribus
1795 2064 1898 2100 gratius
1909 2083 1919 2098 ‚
1938 2064 2096 2100 invenitque
2105 2064 2133 2092 in
2144 2073 2198 2091 uno
2207 2063 2270 2090 suo-

1309 2110 1368 2127 rum
1380 2099 1467 2127 Aldus
1475 2100 1578 2134 junior.

1352 2145 1361 2163 1
1370 2145 1394 2162 1.
1413 2137 1460 2162 Sed
1475 2137 1503 2166 (ἵν
1521 2138 1567 2163 haec
1587 2137 1723 2163 commodius
1735 2137 1762 2170 fi
1775 2144 1813 2162 res
1826 2137 1924 2171 habet.]
1944 2137 1985 2164 Ita
1994 2135 2107 2164 Vifl'orii
2118 2135 2202 2163 editio
2214 2155 2223 2168 ,
2239 2143 2271 2163 ac

1312 2179 1426 2208 quatuor
1437 2171 1493 2198 mss.
1505 2172 1580 2199 Aldi.
1592 2173 1708 2199 Palatin.
1718 2172 1787 2198 enim
1799 2181 1841 2206 pr.
1853 2173 1898 2207 sed
1909 2174 1948 2199 hoc
1964 2173 2137 2206 commodius-se
2150 2181 2187 2198 res
2196 2173 2270 2198 habe-

1313 2211 1350 2235 bit
1361 2227 1370 2240 ,
1389 2214 1420 2234 ut
1430 2207 1540 2244 suspicer
1550 2208 1581 2234 ab
1591 2208 1782 2244 interpolatore
1792 2208 1839 2237 illa
1847 2227 1855 2242 ,
1874 2209 1899 2244 se
1909 2218 1947 2236 res
1956 2210 2038 2238 habet.
2056 2218 2086 2238 ac
2095 2207 2172 2237 fuisse
2181 2207 2271 2244 initio,

1309 2244 1355 2280 sed
1362 2245 1392 2277 ὠ·
1400 2245 1440 2272 hoc
1450 2246 1586 2273 commodius
1599 2263 1608 2278 ,
1617 2246 1687 2280 quod.

2186 2908 2196 2926 ι
2204 2919 2210 2926 .
2219 2900 2281 2927 Tum,
