2297 3389
99 607 144 652 76
159 615 195 637 m
206 624 215 640 ‚
241 614 375 634 MAEvm.

743 145 872 190 Lis.
907 145 1003 190 111.

163 240 229 265 non
239 229 334 263 modo
346 237 396 262 eos
405 224 535 268 accipere
545 224 630 267 quod*
636 224 802 266 oportebat,
813 224 953 255 noluisti:
965 224 1012 255 sed
1024 226 1114 255 etiam

159 276 227 305 dare
236 295 244 309 ,
257 274 330 316 quod
343 282 394 302 non
405 268 538 300 debebant
547 289 555 301 ,
571 267 691 308 coegisti.
715 270 814 308 Atque
832 268 896 296 haec
906 269 945 296 ita
958 265 1036 307 gesta
1047 265 1115 299 effe,

155 317 273 358 judices
285 335 293 350 ,
313 313 480 355 cognoscite
491 310 526 340 δε
534 320 573 340 ex
583 311 689 340 litteris
701 307 831 350 publicis
842 309 998 339 civitatum
1010 318 1015 335 ι
1037 307 1069 337 &3
1081 317 1118 337 ex

161 357 344 390 testimoniis
352 354 496 394 publicis:
514 354 549 382 in
558 352 754 393 quibusnihil
766 349 872 381 fiotum
885 371 893 384 ,
905 349 984 379 nihil
993 349 1028 379 ad
1039 357 1117 378 tem—

158 409 215 441 pus
237 394 495 429 accommodatum
513 394 699 435 intelligetis.
730 394 843 423 Omnia
852 412 861 426 ,
884 401 952 432 quae
971 391 1115 423 dicimus,

158 439 323 472 rationibus
331 436 516 477 populorum
539 439 550 455 ¹
562 445 627 465 non
638 434 827 475 interpofitis,
839 443 935 474 neque
945 432 1114 473 pertubatis,

159 491 257 522 neque
267 480 440 519 repeiitiniS‚
452 478 501 508 sed
512 479 599 507 certis
609 497 616 510 ,
627 476 772 507 institutis
784 497 792 510 ,
804 475 910 506 ordine
920 475 1017 507 relata,
1031 482 1118 514 atque

157 520 294 554 confecta
304 521 380 551 sunt.
396 521 500 550 Recita
509 521 638 549 rationes
648 517 871 549 Halesinorum.
891 518 946 547 Cui
955 518 1115 556 pecuniam

159 564 256 595 datam
274 562 348 593 dicit
357 561 430 591 .>dic
440 563 539 599 ,etiam
558 560 675 591 clarius.
700 563 876 590 VOLGATIO
889 579 896 591 ,
921 568 956 588 Ti
964 567 1119 587 MAncm—

399 603 481 645 Qid
492 602 535 633 cst
544 623 552 636 ‚
566 605 694 632 Verres?
714 611 751 632 ne
760 603 849 632 illam
859 599 984 641 quidem
1000 599 1055 629 tibi
1067 598 1120 628 de—

156 645 325 679 fensionem
335 646 480 686 reliquam
490 644 597 678 fecisti,
609 646 764 684 mancipes
772 645 804 673 in
815 643 878 672 istis
887 642 974 672 rebus
985 639 1041 670 ess'e
1052 650 1120 670 ver-

157 690 232 721 satos
243 691 254 718 ?
273 689 425 726 mancipes
435 686 625 716 frumentum
643 683 842 725 improbasse?
861 685 1012 723 mancipes
1022 683 1119 722 pretio

157 740 228 762 cum
238 730 410 760 civitatibus
420 727 562 758 decidisse
572 748 580 761 ,
601 729 634 758 ὃς
644 727 766 757 eosdem
785 725 834 756 abs
845 733 873 755 te
885 725 1004 754 illarum
1015 725 1120 754 civita-

158 781 224 804 tum
235 773 363 802 nominc
372 772 512 811 pecunias
521 767 692 800 abstulisse:
708 767 818 798 deinde
829 767 908 807 ipsos
919 764 972 796 sibi
981 765 1120 795 frumen-

157 823 223 845 tum
235 811 379 844 co'e'miss'e
392 824 397 842 z
416 812 566 842 nihilh-xc
575 811 610 841 ad
620 819 646 840 te
658 812 806 850 pertinere
818 814 827 839 ?
842 811 952 849 Magna
962 809 1120 837 mehercu-

157 856 196 890 le,
207 866 240 892 ac
249 856 348 895 misera
359 853 480 894 defenfio,
491 861 646 893 praetorem
660 853 718 882 hoc
729 851 826 881 dicere
837 871 845 883 ,
857 853 920 891 Ego
930 849 1119 879 frumentum

157 907 255 938 neque
268 898 369 938 attigi,
390 905 487 935 neque
496 894 616 934 adspexi
629 905 635 922 :
655 892 845 933 mancipibus
855 891 1030 932 potestatem
1049 901 1119 931 pro-

156 939 248 970 bandi
260 959 269 972 ,
283 937 534 977 improbandique
544 934 664 975 permisi
678 946 683 964 :
703 936 854 974 mancipes
864 934 879 964 a
888 933 1058 964 civitatibus
1069 942 1121 972 pe-

158 983 261 1011 cunias
269 979 458 1010 eittorserunt
470 989 475 1007 ε
489 987 543 1018 ego
554 987 757 1018 autem‚quam
769 978 926 1016 pecuniam
938 975 1057 1015 populis
1068 974 1121 1004 da-

156 1032 187 1054 re
197 1021 305 1054 debui,
322 1020 512 1059 mancipibus
521 1019 600 1049 dedi.
626 1020 705 1048 Mala
715 1018 757 1048 est
769 1020 828 1048 haec
837 1016 962 1059 quidem
974 1037 982 1050 ‚
999 1025 1031 1046 ut
1041 1016 1116 1050 dixi,

157 1061 290 1094 defensio
300 1063 437 1093 criminis
449 1072 454 1090 :
465 1061 514 1091 sed
524 1070 624 1091 tamen
634 1061 688 1091 hac
698 1061 758 1100 ipsa
768 1060 834 1093 tibi,
847 1058 867 1088 fi
877 1061 921 1089 uti
931 1055 1120 1099 cupias‚‘non

155 1106 244 1136 licet:
263 1112 341 1135 vetat
350 1112 378 1133 te
388 1104 543 1133 Volcatius
552 1124 560 1136 ,
573 1112 630 1133 tuae
642 1112 825 1143 tuorumque
834 1101 949 1131 deliciae
959 1121 967 1134 ‚
986 1101 1121 1130 mentio-

133 1160 147 1166 r
155 1157 229 1179 nem
249 1147 398 1185 mancipis
418 1144 522 1176 facere..
561 1144 773 1175 Timarchides
791 1153 891 1174 autem
913 1143 1058 1173 columen
1077 1141 1120 1172 fa-

157 1189 252 1220 miliae
263 1187 366 1218 vestrae
377 1208 385 1221 ,
405 1189 516 1227 premit
531 1186 643 1217 fauceis
660 1185 842 1217 defensionis
857 1194 933 1215 tuae:
953 1187 1001 1214 cui
1020 1183 1120 1217 simul,

154 1231 188 1262 &
199 1231 338 1260 Volcatio
349 1231 475 1269 pecunia
491 1228 506 1259 a
515 1231 634 1258 civitate
645 1236 799 1258 numerata
806 1226 857 1257 est.
896 1228 957 1258 lam
968 1225 1039 1256 vero
1052 1226 1121 1255 scri-
1140 1259 1141 1264 ¹

156 1273 194 1304 ba
212 1281 280 1303 tuus
299 1271 413 1302 annulo
431 1281 521 1301 aureo
540 1271 593 1300 suo
611 1290 620 1304 ,
644 1280 736 1311 quem
756 1279 794 1299 ex
813 1270 860 1298 his
877 1262 967 1298 rebus
985 1269 1118 1301 invenit,

155 1314 211 1345 ista
228 1323 256 1344 te
275 1315 389 1344 ratione
408 1315 451 1343 uti
471 1323 535 1342 non
556 1311 640 1342 sinet.
685 1311 765 1351 Qd
785 1313 875 1351 igitur
893 1309 935 1340 est
955 1310 1118 1350 reliquum,

105 1376 111 1379 ἡ
157 1353 214 1387 nisi
236 1357 280 1385 uti
302 1354 408 1385 fateare
425 1373 433 1387 ,
459 1363 488 1384 te
506 1357 640 1384 Romam
663 1353 853 1383 frumentum
884 1360 1001 1381 emtum
1035 1354 1119 1381 Sicu-

156 1399 259 1428 lorum
277 1398 403 1436 pecunia
421 1394 529 1425 mififfe
551 1406 556 1424 :

156 1437 317 1476 convertffi
329 1441 340 1467 ἓ
364 1440 390 1467 O
402 1447 620 1467 consum-Uno
635 1436 795 1477 peccandi,
822 1444 964 1477 quantam
975 1435 1063 1465 habes
1072 1437 1122 1475 ju-

155 1480 342 1512 cunditatem
352 1481 385 1509 in
395 1480 543 1519 improbis
553 1499 561 1512 ,
583 1479 615 1509 δε
627 1478 786 1509 audacibus
796 1498 805 1512 ,
825 1477 896 1507 cum
908 1487 998 1517 poena
1012 1476 1118 1510 abfuit,

157 1522 192 1553 &
201 1522 323 1552 licentia
333 1522 492 1552 consecuta
501 1520 544 1551 est
565 1523 570 1549 !
595 1520 653 1551 Iste
665 1522 697 1550 in
708 1522 765 1551 hoc
774 1529 881 1561 genere
891 1519 1044 1559 peculatus
1055 1529 1118 1548 non

158 1573 242 1602 nunc
251 1561 387 1604 primum
397 1564 570 1593 invenitur:
591 1563 639 1593 sed
650 1573 733 1592 nunc
748 1562 873 1592 demum
885 1569 1009 1591 tenetur.
1032 1561 1122 1590 Vidi-

158 1616 228 1637 mus
247 1607 317 1636 huic
335 1605 372 1635 ab
383 1607 486 1635 aerario
496 1606 656 1645 pecuniam
674 1606 824 1634 numerari
836 1603 974 1645 quaestori
994 1602 1029 1632 :id
1040 1603 1121 1633 sum-

160 1656 226 1679 tum
236 1649 384 1678 exercitus
398 1647 562 1677 consularis
575 1657 580 1676 1
591 1646 727 1676 vidimus
736 1647 835 1686 paucis
846 1644 914 1686 post
924 1643 1075 1675 mensibus
1087 1644 1120 1674 δε

159 1691 327 1721 exercitum
341 1708 349 1723 ,
363 1689 396 1719 &
404 1689 562 1719 consulem
574 1689 745 1728 spoliatum.
769 1688 824 1719 Illa
833 1689 936 1718 omnis
946 1689 1072 1728 pecunia
1081 1687 1123 1717 la-

160 1733 220 1763 t'uit
230 1732 264 1761 in
281 1731 333 1761 illa
342 1731 470 1772 caligine
489 1741 521 1761 ac
539 1731 688 1765 tenebris,
708 1740 774 1771 quae
793 1739 888 1760 totam
898 1729 1035 1769 rempub.
1058 1737 1121 1759 tum

161 1780 386 1814 occupaverant.
409 1776 520 1803 Iterum
536 1770 618 1814 geffit
635 1773 844 1803 hereditariam
853 1770 1032 1813 quaesturam
1050 1781 1122 1801 cum

131 1843 134 1845 Α
161 1815 331 1852 Dolabella.
355 1824 494 1856 magnam
514 1816 673 1855 pecuniam
691 1815 814 1845 avertit:
831 1814 879 1844 sed
896 1815 960 1852 ejus
974 1815 1123 1844 rationem

158 1864 224 1888 cnm
233 1857 413 1886 damnatione
422 1855 746 1898 Dolabellaepermifiuit.
771 1855 937 1886 Commissa
946 1854 988 1885 est
998 1857 1124 1895 pecunia

159 1907 241 1930 tanta
250 1900 379 1939 praetori.
403 1908 468 1928 non
476 1900 627 1938 reperietis
636 1899 800 1928 hominem
812 1898 920 1928 timide
933 1918 941 1931 ,
953 1907 1008 1927 nec
1018 1897 1124 1927 leviter

159 1942 224 1971 haec
241 1938 462 1980 improbissima
479 1940 559 1969 lucra
578 1940 799 1980 ligurrientem.
831 1939 974 1970 devorare
993 1949 1122 1969 omnem

158 1983 318 2023 pecuniam
329 1981 482 2022 publicam
492 1991 558 2011 non
568 1980 724 2011 dubitavit.
747 1983 792 2011 Ita
812 1991 929 2010 sEan-
952 1990 1061 2010 immi>
1075 1982 1124 2010 in-

158 2023 248 2054 situm
259 2025 292 2054 in
302 2033 402 2053 natura
414 2023 528 2053 malum
542 2043 551 2056 ,
572 2022 790 2052 consuetudine
800 2022 942 2062 peccandi
955 2022 1046 2052 libera
1056 2042 1065 2056 ,
1087 2020 1124 2051 fi-

158 2076 232 2097 nem
242 2074 276 2096 ut
284 2065 410 2096 audaciae
422 2064 544 2095 statuere
559 2064 619 2104 ipse
630 2063 688 2095 sibi*
694 2074 758 2094 non
767 2062 864 2104 poffit.
889 2067 1024 2094 Tenetur
1034 2066 1124 2105 igitur

156 2107 321 2149 aliquando
330 2127 338 2141 ‚
351 2107 383 2138 &
393 2109 426 2136 in
437 2106 523 2136 rebus
534 2115 599 2136 tum
612 2108 755 2136 maximis
764 2126 772 2139 ‚
785 2115 852 2136 tum
864 2105 1029 2135 manifestis
1040 2115 1124 2135 tene-

114 2160 119 2162 ·
157 2158 215 2181 tur.
242 2152 339 2189 Atque
350 2150 382 2178 in
392 2157 459 2178 eam
468 2147 604 2179 fraudem
616 2148 693 2177 milii
704 2147 975 2178 videtui-divinitus
986 2146 1118 2184 incidiffi»,

96 2282 143 2320 77

159 2201 225 2222 non
235 2189 335 2221 solum
346 2198 378 2220 ut
389 2200 434 2220 eas
443 2199 547 2230 poenas
558 2209 566 2222 ‚
588 2199 659 2230 quas
669 2189 809 2229 proxime
831 2188 984 2218 meruiss‘et
993 2209 1001 2222 ,
1026 2190 1123 2218 solve-
1140 2221 1142 2230 Α

158 2241 202 2264 ret
214 2244 220 2262 ;
235 2232 284 2263 sed
295 2241 327 2262 ut
336 2232 387 2262 illa
395 2233 485 2262 etiam
497 2231 603 2262 scelera
613 2232 677 2271 ejus
692 2233 725 2260 in
736 2230 904 2260 Carbonem
916 2251 925 2263 ,
942 2231 1016 2260 &in
1028 2231 1124 2261 Dola-

157 2275 270 2307 bellam
281 2274 515 2305 vindicarentur.
539 2275 662 2303 Etenim
682 2283 761 2303 nova
775 2282 895 2314 quoque
909 2273 965 2302 alia
977 2283 1022 2302 res
1033 2271 1124 2303 exsti-
1140 2296 1142 2305 Α

161 2319 198 2349 tit
207 2336 217 2352 ,
230 2316 347 2358 judices
358 2335 367 2349 ,
380 2318 412 2345 in
422 2316 481 2345 hoc
490 2316 618 2345 crimine
630 2335 638 2348 ,
650 2325 716 2355 quae
726 2315 810 2345 tollat
820 2324 951 2344 omnem
959 2314 1123 2345 dubitatio·
1141 2325 1142 2334 ³

158 2369 233 2392 nem
250 2359 410 2399 superioris
427 2357 510 2387 illius
528 2356 690 2387 decumani
702 2358 850 2386 criminis.
874 2359 955 2386 Nam
969 2377 977 2389 ‚
994 2366 1027 2386 ut
1046 2356 1122 2386 illud
1141 2390 1142 2396 ἵ

158 2399 285 2432 miffum
294 2399 400 2430 faciam
413 2419 420 2433 ‚
436 2399 603 2440 permultos
612 2408 738 2428 aratores
748 2400 781 2428 in
795 2398 896 2428 alteras
906 2398 1046 2429 decumas
1057 2419 1066 2433 ‚
1088 2398 1121 2428 δε
1141 2397 1142 2401 ’

1141 2440 1143 2450 ’
1163 2441 1269 2471 obrem
1290 2443 1373 2470 enim
1389 2440 1479 2470 scriba
1492 2439 1637 2474 deducat,
1656 2450 1687 2470 ac
1699 2450 1762 2470 non
1782 2443 1882 2480 potius
1903 2446 1920 2467 4
1934 2441 2032 2470 mulio
2043 2461 2051 2474 ,
2072 2443 2125 2482 qui

157 2445 194 2475 in
215 2444 279 2473 haec
304 2451 339 2472 1³
360 2450 424 2471 ccc
447 2441 545 2471 millia
567 2439 709 2471 modium
730 2461 738 2474 ‚
762 2441 843 2481 quod
866 2449 984 2470 emtum
1006 2441 1119 2481 populo

158 2487 303 2516 Romano
313 2483 415 2514 darent
425 2503 433 2516 ,
450 2492 515 2512 non
525 2480 675 2512 habuisse:
690 2483 738 2512 sed
748 2482 764 2513 a
775 2492 827 2513 tuo
837 2492 1024 2523 procuratore
1038 2504 1046 2516 ‚
1067 2484 1124 2513 hoc

159 2526 222 2561 est,
241 2526 278 2557 ab
295 2527 449 2566 AproniO,
465 2523 588 2554 emifl'e:
608 2534 645 2554 ex
655 2535 715 2565 quo
728 2525 859 2566 intelligi
869 2524 966 2565 potest
977 2545 984 2558 ,
1006 2525 1084 2554 nihil
1096 2533 1122 2554 te

157 2568 323 2600 aratoribus
333 2564 549 2608 reliquifecifl’e
561 2576 567 2595 t
587 2575 620 2596 ut
630 2567 687 2596 ‘noc
695 2575 866 2606 praeteream
877 2567 986 2607 ‚rquod
997 2569 1028 2596 in
1042 2566 1123 2596 mul-

158 2611 199 2642 tis
208 2609 252 2641 est
262 2609 445 2641 testimoniis
453 2606 621 2649 expolitum
632 2619 637 2637 τ
647 2608 743 2648 potest
753 2609 809 2638 illo
819 2608 982 2649 quidquam
994 2607 1051 2638 effe
1061 2619 1124 2639 cer-

157 2655 218 2684 tius
235 2654 270 2682 in
288 2660 337 2682 tua
350 2649 491 2691 potestate
503 2670 511 2684 ,
531 2659 617 2690 atque
628 2651 662 2680 in
681 2651 740 2680 tuis
750 2651 864 2681 horreis
877 2660 971 2680 omne
984 2649 1124 2680 frumen—

157 2702 223 2725 tum
234 2693 344 2725 Siciliae
355 2713 363 2726 ‚
378 2702 431 2732 per
439 2694 605 2722 triennium
618 2712 627 2726 ,
646 2701 732 2733 atque
744 2694 864 2722 omneis
874 2691 987 2722 fruetus
997 2694 1058 2733 agri
1069 2692 1122 2722 de-

157 2737 281 2768 cumani
291 2755 300 2770 ‚
315 2733 424 2765 fuifi'e?
444 2733 523 2765 Gum
536 2736 619 2764 enim
631 2733 647 2764 a
656 2734 827 2764 civitatibus
838 2743 893 2774 pro
903 2733 1058 2764 frumento
1071 2744 1122 2775 pe-

158 2781 283 2809 cuniam
301 2776 459 2817 exigebas,
482 2775 563 2806 unde
579 2785 638 2806 erat
654 2775 844 2806 frumentum
857 2796 865 2809 ‚
887 2776 968 2817 quod
987 2778 1121 2806 Romam
1138 2783 1140 2814 ,¹

158 2821 295 2850 mitteres
304 2838 313 2853 ‚
324 2817 345 2848 si
356 2827 387 2848 tu
398 2817 428 2848 id
439 2827 504 2848 non
515 2827 608 2848 omne
618 2818 763 2852 clausum,
776 2819 809 2848 &
817 2817 1021 2857 compressum
1033 2816 1122 2858 polsi-

158 2860 248 2894 debas
261 2861 394 2902 2-1taque
408 2861 442 2890 in
453 2870 491 2890 eo
504 2859 661 2891 frumento
669 2861 781 2903 primus
795 2859 851 2890 tibi
865 2861 910 2890 ille
922 2859 1119 2901 qcmstmfm't,
1137 2856 1139 2863 '

577 1393 722 1436 publicam
740 1394 888 1436 pecuniam
906 1393 1019 1422 domum
1039 1401 1120 1422 ruam
1140 1407 1141 1413 κ

1052 158 1118 190 ΙΝ
1165 142 1222 187 G.
1255 142 1548 190 VERREM.

2030 143 2125 204 287

1161 222 1245 264 ipfieu
1250 222 1396 263 frumenti
1413 236 1422 258 ,
1444 224 1527 265 quod
1547 231 1608 255 erat
1624 231 1759 265 ereptum
1777 223 1814 255 ab
1832 222 1994 256 aratoribus
2012 234 2023 254 :¹
2043 225 2129 259 alter,

1159 266 1241 305 quod
1261 265 1494 296 idlfmmentum
1513 265 1733 307 improbiffime
1744 276 1795 307 per
1805 269 1972 297 triennium
1991 275 2121 307 partums

1160 316 1224 352 non
1243 307 1335 337 semel
1348 328 1356 341 ,
1373 308 1421 338 sed
1430 308 1494 338 bis:
1510 318 1609 349 neque
1627 318 1690 339 uno
1701 328 1709 343 ,
1724 308 1773 339 sed
1786 307 1891 338 duobm
1902 309 1995 350 pretiis
2005 328 2012 342 ‚
2029 317 2119 338 unum

1159 355 1193 379 (φ
1207 348 1279 376 idem
1286 348 1470 387 frumentum
1482 350 1631 387 vendidisti
1641 361 1652 378 .·
1666 351 1759 381 semel
1767 351 1938 382 civitatibus
1948 361 2003 381 ωε
2016 360 2072 384 xv,
2085 352 2120 380 in

1159 389 1352 420 medimnum
1365 401 1370 420 :
1384 393 1490 421 iterum
1501 393 1615 432 populo
1627 395 1781 426 Romano,
1793 392 1810 423 ὲ
1818 402 1880 434 quo
1890 403 1944 423 a-s
1956 402 2019 423 xvi
2029 402 2040 422 1
2050 402 2075 425 1,
2086 393 2120 422 in

1161 430 1334 473 medimna,
1353 442 1406 471 pro
1424 433 1531 463 eodem
1550 435 1604 464 illo
1621 433 1778 464 frumento
1799 433 1956 465 abstulisti.
1978 437 2018 464 At
2035 436 2122 464 enim

1159 474 1181 500 n
1188 481 1348 502 timentum
1361 476 1628 514 Centuripinorum
1639 496 1647 509 ‚
1659 476 1691 506 ὃς
1702 478 1980 518 Agrigentinorum,
1993 477 2026 506 &
2038 485 2122 506 non-

1161 513 1317 558 nullorum
1335 513 1452 544 fortaffe
1473 525 1610 554 prseterea
1621 517 1748 557 probasti
1760 538 1768 551 ‚
1791 519 1881 548 &his
1900 519 2019 558 populis
2028 527 2121 559 pecu-

1161 554 1424 599 niam-dissolvisti.
1447 560 1512 587 Sint
1526 559 1631 598 aliqum
1643 561 1777 589 civitates
1790 562 1820 589 in
1835 570 1871 589 eo
1882 570 2010 590 numero
2021 580 2029 593 ‚
2051 570 2123 601 qua-

1160 607 1228 626 rum
1239 599 1429 626 trumentum
1440 599 1610 637 improbare
1619 601 1762 630 nolueris.
1785 602 1858 636 quid
1869 602 1990 632 tandem
2002 605 2012 631 ?
2023 603 2069 632 his
2080 602 2125 632 ci-

1160 638 1300 668 vitatibus
1316 639 1460 669 omnisne
1476 643 1601 679 pecunia
1614 660 1622 674 ,
1640 652 1706 681 qua:
1724 652 1777 682 pro
1795 637 1950 674 fruniento
1961 643 2061 674 debita
2069 642 2123 677 est,

1161 678 1300 710 diffolura
1310 679 1352 710 est
1367 683 1377 709 ?
1403 683 1508 711 Unum
1519 683 1597 711 milii
1608 692 1699 722 reperi
1711 704 1719 717 ‚
1738 694 1800 714 non
1810 686 1957 725 populum
1969 705 1977 719 ‚
1999 685 2047 715 sed
2059 695 2121 715 ara—

1160 731 1275 752 torem:
1296 722 1383 756 vide,
1402 732 1518 763 quaere,
1539 725 1753 764 circumspice:
1773 725 1792 755 si
1806 730 1874 767 quis
1888 726 1967 758 forte
1978 727 2020 757 est
2037 737 2120 757 exea

1158 765 1313 803 provincia
1321 783 1330 797 ‚
1342 765 1374 793 in
1383 774 1439 805 qua
1451 773 1480 794 ru
1491 766 1657 795 triennium
1667 765 1820 805 praefuisti,
1831 770 1883 809 qui
1895 776 1922 797 te
1930 769 2002 798 nolit
2012 768 2119 810 periffi:

1160 815 1257 835 unum
1269 825 1277 838 ‚
1290 807 1415 846 inquam
1427 826 1435 839 ,
1450 806 1484 836 da
1496 807 1573 836 mihi
1583 816 1621 837 ex
1629 807 1690 836 illis
1700 809 1862 839 aratoribus
1873 830 1882 842 ,
1893 813 1945 851 qui
1956 811 2011 840 tibi
2020 811 2068 840 vel
2079 810 2117 840 ad

1160 846 1285 877 statuam
1293 849 1452 892 pecuniam
1465 849 1660 878 contulerunt
1671 869 1678 882 ‚
1691 851 1742 890 qui
1754 848 1807 879 fibi
1816 850 1893 881 dicat
1903 862 1956 891 pro
1964 852 2120 882 frumento

1160 899 1254 918 omne
1262 887 1318 918 esse
1330 910 1338 923 ,
1355 889 1437 930 quod
1448 893 1613 929 oportuerit
1623 910 1631 923 ,
1645 891 1787 920 solutum.
1812 891 1964 922 confirmo
1973 914 1981 926 ‚
1994 894 2121 933 judices,

1162 932 1321 960 neminem
1336 930 1393 961 effe
1413 930 1578 961 dicturum.
1601 934 1648 962 Ex
1658 935 1746 962 omni
1764 936 1890 973 pecunia
1899 945 1988 974 quain
2003 937 2124 965 aratori-
2140 929 2181 971 78

1162 972 1219 1002 bus
1238 972 1353 1002 solvere
1373 972 1520 1007 debuisti,
1537 975 1625 1003 certis
1645 976 1825 1005 nominibus
1843 976 2042 1006 deductiones
2060 975 2126 1007 fieri

1160 1013 1312 1044 solebant:
1324 1015 1458 1054 primum
1468 1024 1522 1055 pro
1533 1015 1714 1056 spectatione
1725 1037 1733 1050 ,
1747 1017 1779 1047 δε
1790 1017 1913 1057 collybo
1925 1029 1931 1047 ;
1948 1017 2057 1048 deinde
2067 1028 2122 1059 pro

1160 1057 1262 1086 nescio
1271 1066 1333 1097 quo
1344 1059 1464 1087 cerario.
1489 1060 1563 1087 Haec
1575 1060 1680 1088 omnia
1691 1078 1700 1091 ,
1712 1058 1830 1099 judices
1845 1079 1855 1093 ,
1876 1069 1939 1089 non
1950 1069 2050 1090 rernm
2061 1071 2126 1090 cei·-

1160 1106 1256 1128 tarum
1268 1118 1277 1130 ,
1292 1098 1795 1139 sedfurtorumimprobissimorum
1805 1101 2027 1131 suntvocabula.
2053 1111 2129 1132 nam

1163 1139 1302 1180 collybus
1318 1139 1374 1169 esse
1386 1142 1437 1183 qui
1451 1140 1565 1180 potest,
1585 1140 1657 1171 cum
1670 1151 1791 1173 utantur
1810 1153 1918 1173 omnes
1937 1153 2000 1174 uno
2014 1153 2127 1186 genere

1160 1184 1385 1211 nummorum—2
1403 1185 1548 1213 cerarium
1560 1193 1632 1213 vero
1642 1184 1736 1224 quid?
1755 1185 1912 1225 quomodo
1932 1186 1989 1216 hoc
2008 1195 2125 1216 nomen

1159 1223 1195 1253 ad
1213 1225 1343 1253 rationes
1360 1224 1545 1266 magistratus
1556 1245 1564 1258 ,
1587 1226 1745 1266 quomodo
1756 1227 1790 1256 ad
1801 1229 1960 1266 pecuniam
1971 1228 2125 1267 publicam

1159 1266 1281 1295 allatum
1302 1265 1343 1296 est
1363 1268 1373 1295 ?
1396 1268 1478 1296 Nam
1497 1267 1572 1296 illud
1592 1277 1687 1308 genus
1710 1271 1832 1298 tertium
1853 1268 2046 1300 deductionis
2066 1276 2127 1299 erat

1160 1307 1330 1347 ejusmodi,
1352 1306 1429 1348 quasi
1450 1318 1513 1338 non
1533 1308 1628 1338 modo
1647 1310 1766 1343 liceret,
1789 1310 1837 1340 sed
1856 1312 1947 1340 etiam
1963 1320 2123 1351 oporteret:

1160 1359 1217 1379 nec
1227 1348 1326 1379 solum
1338 1359 1507 1389 oporteret,
1519 1351 1565 1382 sed
1577 1351 1666 1391 plani:
1677 1351 1791 1382 necefl'e
1799 1351 1880 1382 effet.
1903 1351 2003 1382 Scribas
2014 1355 2124 1382 nomine

1160 1391 1195 1421 de
1215 1399 1276 1421 tota
1290 1394 1416 1431 pecunia
1434 1392 1513 1422 binae
1522 1392 1773 1435 quinquagesimae
1784 1394 2021 1424 detrahebantur.
2046 1397 2125 1434 Qis

1159 1433 1215 1462 tibi
1235 1434 1292 1463 hoc
1310 1432 1472 1463 conceffit?
1492 1444 1557 1475 quae
1569 1435 1618 1464 lex
1632 1438 1641 1464 ?
1654 1445 1719 1476 quae
1736 1436 1850 1466 senatus
1860 1435 2017 1466 auctoritas
2031 1440 2041 1465 ?
2057 1447 2126 1477 qux.

1158 1473 1249 1515 porro
1260 1477 1381 1516 aequitas
1392 1495 1400 1509 ,
1421 1485 1453 1506 ut
1463 1485 1574 1506 tantam
1585 1479 1744 1516 pecuniam
1757 1481 1771 1496 ²
1781 1477 1874 1517 scriba
1883 1487 1953 1508 tuus
1967 1488 2124 1511 averreret,

1159 1516 1218 1546 sive
1229 1516 1266 1546 de
1284 1526 1432 1548 aratorum
1450 1518 1539 1548 bonis
1550 1539 1558 1552 ‚
1581 1517 1639 1549 sive
1649 1519 1685 1549 de
1694 1520 1798 1559 populi
1807 1522 1903 1550 Rom.
1914 1519 2128 1561 veEtigalibus?

1160 1561 1241 1589 Nam
1259 1558 1280 1587 si
1299 1559 1396 1599 potest
1413 1558 1466 1589 ista
1482 1563 1610 1599 pecunia
1629 1559 1690 1590 sine
1709 1570 1857 1592 aratorum
1873 1563 1982 1601 injuria
1996 1562 2121 1592 detrahi:

1160 1601 1289 1641 populus
1299 1604 1430 1632 Roman.
1443 1602 1547 1632 habeat
1559 1622 1567 1636 ,
1587 1603 1750 1643 pracsertim
1769 1605 1801 1632 in
1819 1606 1907 1633 tantis
1922 1606 2123 1644 aerariiangu-

1162 1642 1235 1673 stirs.
1260 1641 1304 1673 sin
1313 1651 1413 1673 autem
1428 1644 1460 1673 &
1470 1645 1598 1684 populus
1610 1644 1639 1674 id
1651 1645 1760 1678 voluit,
1773 1646 1805 1674 ὃς
1816 1655 1936 1686 aequum
1950 1648 1989 1676 ita
1999 1645 2053 1679 est,
2067 1646 2126 1676 sol-

1162 1686 1192 1715 vi
1206 1685 1368 1716 aratoribus
1381 1697 1385 1715 :
1402 1695 1469 1716 tuus
1488 1688 1635 1726 apparitor
1646 1696 1732 1726 parva
1743 1690 1880 1717 mercede
1889 1689 1993 1727 populi
2004 1688 2124 1718 condu-

1165 1727 1230 1757 ἕως
1242 1748 1250 1761 ,
1265 1727 1301 1757 de
1309 1736 1458 1758 aratorum
1469 1728 1558 1758 bonis
1568 1728 1766 1768 praedabitur?
1780 1730 1813 1759 &
1823 1731 1854 1758 in
1865 1730 1918 1759 hac
1927 1731 2008 1760 causa
2020 1730 2127 1760 scriba-

1160 1780 1229 1799 rum
1241 1769 1382 1800 ordinem
1394 1772 1427 1800 in
1440 1780 1489 1799 me
1499 1770 1662 1800 concitabit
1678 1770 1904 1801 Hortensius?&
1917 1781 2023 1802 eorum
2038 1775 2127 1803 eom-f

1165 1811 1256 1842 moda
1265 1811 1281 1842 a
1290 1822 1339 1841 me
1353 1812 1548 1846 labefaetariss
1562 1820 1648 1853 atque
1659 1814 1823 1854 oppugnari
1833 1814 1944 1852 injuria
1953 1813 2132 1855 dicet?qnasi

1163 1853 1226 1883 verb
1249 1855 1297 1883 hoc
1314 1853 1410 1894 sbribc's
1430 1855 1483 1885 uuo
1506 1859 1627 1895 exemplo
1646 1854 1686 1894 fit
1700 1875 1708 1888 ,
1731 1862 1785 1883 aut
1808 1855 1862 1884 ulto
1875 1856 1941 1893 jure
1963 1857 2124 1894 concessum.

1164 1896 1245 1937 Qd
1255 1906 1325 1937 ergo
1335 1905 1433 1926 vetera
1442 1905 1571 1936 repetam
1584 1900 1594 1925 ?
1607 1905 1656 1926 aut
1665 1896 1738 1936 quid
1749 1905 1855 1926 eorum
1865 1897 2025 1927 scribarum
2038 1908 2128 1928 men-

1164 1941 1283 1968 tionem
1296 1937 1404 1968 faciam
1415 1958 1423 1971 ,
1439 1948 1515 1978 quos
1525 1937 1638 1968 constat
1648 1936 1844 1968 sanffiffimos
1862 1939 2004 1969 homines
2014 1959 2022 1973 ,
2039 1948 2128 1980 atque

1164 1978 1428 2010 innocentissimos
1436 1978 1536 2009 luiffe?
1544 1989 1608 2009 non
1620 1989 1668 2009 me
1678 1978 1902 2020 fugirfjudices,
1914 1989 2012 2011 vetera
2020 1991 2127 2011 exem-

1162 2021 1210 2062 pla
1226 2030 1281 2061 pro
1293 2019 1371 2050 fictis
1380 2020 1559 2061 fabulisjam
1569 2020 1664 2051 audiri
1676 2041 1684 2054 ,
1702 2030 1788 2061 atque
1806 2021 1917 2051 haberi.
1944 2024 1977 2052 in
1988 2023 2034 2052 his
2046 2031 2125 2052 tem-

1163 2065 1288 2103 poribus
1305 2062 1442 2093 versabor
1462 2063 1579 2093 miseris
1591 2083 1599 2096 ,
1618 2073 1651 2092 ac
1660 2063 1795 2103 perditis.
1820 2066 1944 2104 Nuper,
1968 2063 2122 2098 Hortenfi‚

1163 2104 1292 2146 quaestor
1300 2103 1393 2134 fuisti.
1402 2104 1475 2145 quid
1486 2107 1530 2134 tui
1540 2105 1641 2135 scribae
1651 2105 1777 2135 fecerint
1785 2125 1792 2138 ,
1806 2114 1837 2135 tu
1848 2115 1932 2145 potes
1942 2106 2039 2136 dicere
2050 2117 2055 2135 :
2066 2116 2124 2147 ego

1164 2148 1200 2177 de
1213 2148 1288 2176 meis
1298 2147 1356 2176 hoc
1366 2146 1435 2177 dico
1446 2167 1454 2181 ‚
1475 2145 1547 2176 cum
1566 2149 1598 2176 in
1610 2146 1714 2176 elidem
1726 2146 1779 2177 ista
1787 2150 1887 2178 Sicilia
1897 2157 1950 2186 pro
1967 2148 2125 2178 frumento

1163 2188 1334 2219 civitatibus
1343 2190 1502 2228 pecuniam
1513 2189 1661 2218 solverem
1676 2200 1684 2223 3
1706 2189 1739 2219 Sc
1752 2198 1874 2219 mecum
1884 2190 1960 2220 duos
1970 2189 2126 2232 frugalissi-

1165 2241 1233 2260 mos
1243 2232 1385 2260 homines
1400 2230 1504 2260 scribas
1524 2231 1662 2260 haberem
1675 2251 1682 2263 ‚
1703 2233 1738 2261 L.
1750 2231 1929 2261 Mamilium
1941 2252 1950 2264 ,
1970 2233 2002 2262 ὅ(
2014 2235 2048 2262 L.
2059 2235 2126 2262 Ser-

1162 2275 1248 2314 gium
1262 2283 1267 2301 :
1288 2282 1352 2302 non
1367 2272 1462 2302 modo
1473 2271 1539 2302 istas
1549 2272 1622 2302 duas
1631 2271 1889 2314 quinquagesimas
1901 2293 1909 2306 ‚
1931 2274 1979 2304 sed
1992 2275 2125 2304 omnino

1164 2324 1331 2345 nummum
1342 2314 1463 2344 nullum
1472 2316 1613 2355 cuiquam
1624 2313 1680 2344 ess'e
1691 2314 1867 2344 dedufftum.
1890 2317 2033 2345 Dicerem
2045 2337 2052 2349 ‚
2065 2317 2124 2346 hoc

1165 2358 1243 2387 mihi
1254 2365 1352 2386 totum
1363 2355 1421 2386 ess'e
1432 2356 1656 2386 attribuendum
1670 2376 1678 2389 ‚
1695 2356 1811 2396 judices
1824 2378 1831 2389 ‚
1847 2356 1868 2386 si
1887 2358 1934 2387 illi
1952 2368 2097 2398 umquam
2109 2358 2124 2388 a

1163 2409 1212 2428 nie
1222 2400 1279 2428 hoc
1287 2396 1515 2438 postulass'cntffl
1526 2408 1670 2439 umquam
1680 2401 1811 2429 omnino
1820 2398 2126 2441 cogitassent.(Qain-

1163 2483 1307 2513 advexit?
1328 2482 1497 2512 tabellarius
1516 2483 1600 2521 cujus
1620 2482 1749 2512 adventu
1767 2484 1908 2512 certiores
1920 2482 1991 2512 faioli
2010 2484 2126 2522 petive-

1163 2527 1256 2555 runt?
1279 2528 1292 2552 5
1305 2534 1402 2564 praeco
1415 2546 1423 2558 ‚
1443 2526 1495 2564 qui
1505 2524 1583 2553 abire
1593 2522 1671 2562 iuffit
1683 2527 1692 2552 ἓ
1706 2526 1800 2554 viator
1811 2544 1818 2557 ‚
1840 2535 1871 2554 ac
1883 2527 2031 2554 Venerius
2042 2545 2051 2558 ‚
2070 2527 2126 2565 qui

1164 2566 1270 2598 fiscum
1281 2566 1419 2597 sustulit?
1433 2576 1499 2606 quae
1511 2575 1573 2605 pars
1585 2575 1680 2604 operae
1692 2585 1699 2598 ‚
1712 2574 1761 2595 aut
1770 2568 2000 2605 opportunitatis
2009 2569 2042 2597 in
2053 2567 2126 2597 scri—

1164 2609 1200 2639 ba
1211 2608 1274 2639 est?
1288 2619 1341 2639 cur
1356 2610 1384 2637 ei
1396 2618 1459 2637 non
1470 2606 1564 2636 modo
1583 2616 1697 2636 merces
1716 2616 1794 2637 tanta
1805 2608 1891 2638 detur
1901 2629 1910 2642 ‚
1931 2608 1980 2638 sed
1991 2619 2042 2638 cur
2051 2619 2123 2639 cum

1164 2661 1200 2681 eo
1210 2659 1297 2681 tantae
1308 2652 1440 2690 pecuniae
1450 2651 1571 2689 partitio
1584 2647 1653 2686 fiat}
1667 2649 1747 2678 Ordo
1758 2648 1800 2678 est
1810 2649 1961 2680 honestus.
1985 2653 2031 2687 Qu
2039 2653 2061 2671 ἑο
2071 2661 2126 2681 ne—

1163 2702 1210 2735 gat
1220 2696 1230 2722 ?
1241 2702 1291 2723 aut
1299 2691 1371 2733 quid
1382 2702 1414 2721 ea
1424 2701 1468 2721 res
1478 2690 1511 2720 :id
1524 2692 1598 2720 hanc
1608 2699 1670 2720 rem
1682 2692 1823 2729 pertinet?
1833 2691 1875 2721 est
1886 2692 1956 2721 vero
1969 2688 2124 2725 honestus,

1163 2734 1244 2776 quod
1257 2744 1361 2764 eorum
1374 2734 1538 2762 hominum
1550 2731 1619 2761 fidei
1633 2733 1737 2762 tabulae
1751 2733 1876 2772 publicat
1889 2754 1897 2768 ,
1921 2732 1935 2754 ⁶
1947 2734 2127 2775 periculaque

1162 2776 1381 2817 magistratuum
1391 2782 1616 2804 committuntur,
1635 2776 1734 2815 Itaque
1745 2784 1783 2804 ex
1792 2776 1839 2804 his
1851 2775 1965 2809 scribis,
1976 2779 2028 2817 qui
2041 2777 2128 2817 digni

1164 2820 1231 2849 sunt
1241 2819 1296 2849 illo
1307 2817 1412 2847 ordine
1421 2838 1430 2850 ,
1457 2821 1472 2845 7
1484 2814 1755 2856 patribusfamilias
1769 2836 1778 2850 ‚
1787 2819 1859 2847 visis
1871 2819 1960 2847 bonis
1971 2828 2058 2859 atque
2068 2821 2126 2849 'tio-

1165 2860 1268 2896 nestis,
1284 2860 1514 2901 percontamini,
1529 2858 1602 2899 quid
1619 2855 1670 2888 sibi
1681 2857 1743 2889 ista:
1760 2859 2010 2902 quinquagesimae
2019 2860 2128 2891 veiint.

2063 2913 2128 2943 jam

198 3013 210 3031 1
217 3024 224 3030 .
243 3008 303 3039 Qui
311 2999 472 3037 i'nterptfitia]
481 3001 685 3029 Lambrintrusit
695 3001 786 3028 invitis
797 3000 871 3027 libris
882 3000 955 3027 suum
967 3001 1121 3034 interpolatis.

195 3048 226 3066 2.
245 3041 328 3066 Scriba
337 3046 394 3074 tilm-
403 3039 552 3073 avem-cren]
565 3039 590 3065 A
600 3039 743 3064 Nanniano
752 3037 800 3063 est.
822 3037 902 3073 vulgo
915 3039 1030 3072 anser-ret.

221 3095 226 3102 .
245 3080 336 3110 eatque
353 3078 479 3108 oppignari
491 3076 553 3109 jura
565 3074 660 3109 dice13]
682 3075 743 3101 Hoc
754 3072 1016 3100 niodoNannianus.
1037 3073 1124 3100 minus

160 3083 235 3140 regie
245 3110 370 3146 publicati
376 3114 447 3143 prim·
456 3112 558 3145 injuria.

196 3154 225 3179 4.
244 3148 338 3174 &Mulio
355 3149 396 3179 qui
413 3147 565 3184 advexerin]
585 3146 629 3174 Sic
638 3145 708 3176 Pau.
728 3156 815 3184 neque
826 3145 905 3175 aliter
915 3145 972 3175 fere
983 3145 1124 3174 edd.vett.

157 3183 281 3222 yulgata,
291 3182 428 3210 adduxerit.
726 3198 727 3202 ,

1206 3010 1231 3033 5.
1251 3004 1328 3025 'Pr-,eso
1337 2998 1578 3033 qniahircjnffcri1.]
1591 2999 1615 3024 ΕΞ
1645 2997 1710 3024 Pali.
1721 3004 1766 3024 aut
1776 2997 1837 3024 cdd.
1848 2998 1963 3033 antiqua:
1975 3007 1982 3028 3
1995 3007 2054 3024 nam
2066 3007 2131 3024 neo-

1168 3037 1254 3063 tei-ica:
1266 3042 1420 3071 receperunt
1432 3034 1579 3067 Hotomaiii
1590 3036 1672 3067 adeffl.
1694 3035 1786 3062 nostra:
1800 3034 1934 3071 scriptura:
1943 3034 2039 3061 alludit
2050 3035 2130 3062 etiam

1170 3074 1262 3099 kann.
1274 3073 1298 3097 in
1311 3081 1363 3107 quo
1375 3071 1450 3096 adire.
1471 3069 1541 3106 quod
1555 3070 1656 3097 malim.

1206 3109 1234 3134 6.
1254 3109 1412 3140 Pei-itumque
1430 3109 1633 3142 magistratuum.)
1656 3106 1722 3135 Vide
1733 3107 1918 3135 Hotomanuni
1934 3106 1981 3134 lib.
1997 3116 2056 3133 ixi.
2076 3105 2135 3133 Ob-

1171 3144 1314 3171 servatium.
1325 3152 1382 3178 cap.
1394 3151 1440 3168 20.
1453 3144 1479 3168 ὅ(
1492 3150 1538 3178 79.

1207 3188 1235 3215 7.
1254 3180 1521 3215 Patribmfamiliar.]·
1536 3179 1683 3209 Pristi-”liius
1696 3180 1761 3209 citat
1769 3180 1952 3214 Patr-nfaemiu'is.
1973 3177 2042 3207 libro
2053 3185 2096 3204 νι.
2131 3201 2135 3204 .

2068 3221 2090 3241 1.
2104 3215 2140 3240 m

2143 2322 2186 2355 79
