2379 3400
279 135 402 179 1072
672 113 738 159 M.
818 109 868 155 T
906 125 938 156 u
974 123 1178 156 tun-11

274 207 360 228 mum
374 198 455 227 dicas
464 194 533 228 effe,
543 194 594 235 qui
606 193 703 223 breve.
727 190 889 224 Summum,
900 199 954 231 quo
964 188 1036 219 nihil
1043 187 1222 230 [ἤραρεν-ἐκι-

273 237 362 271 breve,
373 248 427 278 quo
438 236 511 265 nihil
518 235 641 264 brevius.
665 236 838 263 contemno
850 232 1091 272 magnitudinem
1099 231 1225 264 doloris,

276 280 292 310 a
312 289 367 319 qua
386 288 435 308 me
454 278 581 307 brevitas
599 276 746 314 temporis
758 273 998 304 vindicabitante
1009 274 1112 313 paene,
1133 272 1224 313 quam

276 322 400 350 venerit.
423 318 471 348 sed
481 317 500 347 fi
513 317 555 347 est
566 326 663 347 tantus
674 315 762 345 dolor
772 335 780 349 ‚
799 324 928 355 quantus
938 313 1128 348 Philoctetae,
1150 314 1226 344 bene

276 361 365 401 plane
385 369 510 399 magnus
520 359 597 388 mihi
607 358 731 398 quidem
747 357 884 390 videtur,
902 356 951 386 sed
963 365 1136 387 tamennon
1147 356 1227 386 sum-

277 411 364 432 mus:
388 401 466 431 nihil
480 402 565 431 enim
585 399 686 432 dolet,
710 397 765 428 nisi
784 408 844 437 pes.
867 397 991 438 poss'unt
1006 399 1088 428 oculi
1111 395 1230 438 :potest

276 452 381 483 caput,
400 443 507 475 latera,
526 441 689 482 pulmones
710 451 715 469 t
735 439 857 480 possunt
877 442 990 470 omnia.
1014 439 1124 481 Longe
1143 441 1231 481 igitur

276 483 356 515 abest
375 485 391 514 ἐι
410 484 532 514 summo
550 482 664 513 dolore.
689 484 780 522 Ergo,
800 483 918 523 inquit,
937 481 1170 512 dolardiutusnus
1180 479 1233 509 ha-

278 525 324 555 bet
342 525 444 554 letitia
459 526 543 567 plus,
562 519 653 566 quiim
670 522 803 560 molestia.
827 526 858 554 N
863 534 920 555 unc
937 534 994 564 ego
1016 534 1081 554 non
1099 521 1231 564 possum,

280 576 398 599 tanturn
412 568 592 600 hominem,
607 567 684 596 nihil
696 567 792 605 sapere
802 565 910 596 dicere.
933 566 984 596 sed
993 576 1049 596 nos
1060 566 1097 596 ab
1107 576 1143 595 eo
1154 563 1234 594 deri·

278 609 342 640 deri
353 618 437 649 puto.
459 618 515 649 ego
526 608 682 638 summum
695 607 833 639 dolorem
854 607 1030 646 (summum
1039 617 1138 639 autern
1152 607 1231 639 dico,

279 653 371 682 etiam
390 650 410 680 s1
429 651 533 681 decem
544 651 652 680 atomis
662 648 704 680 est
715 649 810 685 maior
817 650 913 689 alius)
933 659 996 680 non
1005 652 1153 680 continuo
1166 648 1234 678 dico

278 691 338 723 effe
358 693 496 722 brevem:
519 692 690 732 multosque
709 690 828 731 poss'um
848 691 945 721 bonos
963 693 1046 722 viros
1065 692 1235 722 nominare,

278 736 330 776 qui
351 735 533 774 complureis
541 743 638 764 annos
648 733 805 763 doloribus
813 733 949 774 podagrae
957 735 1126 764 crucientur
1137 733 1235 763 maxi—

279 778 354 806 mis.
377 775 425 806 sed
449 776 545 806 homo
561 783 664 805 cautus
687 784 851 815 numquam
865 778 1005 806 terminat
1018 785 1072 805 nec
1084 774 1234 814 magnitu-

283 817 365 848 dinis
374 837 382 851 ‚
403 827 458 847 nec
467 817 672 848 diuturnitatis
683 817 812 847 modum
824 837 833 850 ‚
848 825 879 846 ut
891 817 980 847 sciam
991 817 1063 857 quid
1076 817 1232 846 summum

281 859 360 889 dicat
377 860 410 889 in
421 858 528 890 dolore
539 879 549 892 ‚
568 858 642 900 quid
652 858 783 888 brevein
793 868 936 898 tempore.
960 861 1144 889 Omittamus
1154 859 1234 887 hunc

282 902 376 941 igitur
394 920 404 933 ,
432 901 509 931 nihil
530 901 648 941 prorsus
668 900 819 930 dicentem
839 910 845 929 z
866 901 1065 941 cogamusque
1084 898 1234 932 confiteri,

283 951 347 972 non
367 940 425 972 ess'e
447 942 484 973 ab
504 952 540 972 eo
559 941 673 972 doloris
683 941 814 972 remedia
822 943 999 982 quaerenda,
1019 944 1072 983 qui
1083 942 1235 974 dolorem,

282 984 435 1014 malorum
453 985 596 1014 omnium
608 986 780 1013 maximum
792 983 913 1014 dixerit.
934 986 1074 1025 quamvis
1083 983 1163 1014 idem
1173 983 1235 1014 for-

283 1025 413 1056 ticulum
433 1026 461 1056 se
484 1027 518 1056 in
541 1025 745 1058 torminibus,
764 1025 798 1054 &
817 1027 848 1055 in
866 1024 1026 1067 stranguria
1038 1027 1085 1056 sua
1097 1026 1235 1065 praebeat.

281 1067 403 1097 aliunde
412 1069 503 1108 igitur
512 1066 554 1097 est
562 1066 719 1108 quaerenda
731 1066 881 1097 medicina
890 1086 899 1101 ,
912 1068 945 1097 &
955 1068 1091 1098 maxime
1102 1068 1239 1108 quidem,

283 1107 316 1142 fi,
327 1109 399 1150 quid
414 1109 549 1139 maxime
559 1109 793 1138 consentaneum
805 1106 840 1138 sit
852 1128 860 1142 ,
872 1111 1046 1149 quaerirnus,
1057 1110 1094 1140 ab
1103 1111 1141 1139 iis
1152 1129 1160 1143 ‚
1171 1110 1240 1150 qui-

284 1149 333 1180 bus
344 1170 352 1184 ‚
366 1151 441 1192 quod
450 1149 630 1191 lionest'umfit
642 1170 650 1184 ,
665 1151 814 1190 summum
821 1148 922 1180 bonum
933 1171 941 1184 ,
961 1152 1036 1192 quod
1043 1159 1122 1192 turpe
1134 1171 1142 1184 ,
1157 1152 1238 1190 fum-

283 1202 364 1221 mum
383 1192 496 1221 videtur
514 1191 632 1221 malum.
664 1194 711 1222 his
730 1201 761 1222 tu
778 1192 970 1232 praesentibus
994 1202 1131 1233 gemere,
1157 1193 1190 1222 δε
1210 1202 1237 1223 te

282 1233 391 1274 jadhrre
408 1244 473 1264 non
490 1234 613 1264 audebis
630 1233 776 1274 profecto.
800 1235 1032 1275 loqueturenim
1042 1244 1149 1264 eorum
1163 1244 1238 1265 voce

226 1280 271 1305 20
285 1277 379 1306 virtus
389 1276 448 1316 ipsa
459 1285 570 1306 tecum.
593 1277 701 1309 Tune,
719 1275 792 1307 cum
806 1285 914 1316 pueros
924 1276 1152 1310 Lacedaemone,
1164 1276 1237 1307 ado—

284 1318 428 1348 lescentes
437 1319 587 1359 Olympiae
597 1337 606 1352 ‚
627 1317 767 1348 barbaros
781 1320 812 1347 in
821 1327 908 1348 arena
918 1318 1027 1348 videris
1041 1320 1239 1359 excipienteis

283 1359 464 1401 graviffimas
487 1361 604 1401 plagas,
628 1359 661 1390 &
677 1359 817 1390 ferenteis
834 1358 952 1390 silentio
965 1380 974 1394 ,
993 1358 1052 1391 fite
1062 1359 1139 1391 forte
1151 1361 1240 1392 dolor

283 1401 395 1443 aliquis
405 1402 574 1441 pervellerit
586 1421 594 1436 ,
607 1401 788 1433 exclamabis
799 1421 808 1436 ‚
829 1410 863 1432 ut
871 1402 1005 1432 mulier?
1025 1413 1088 1433 non
1097 1402 1238 1434 constan-

285 1451 329 1473 ter
341 1463 349 1477 ,
363 1444 395 1474 &
406 1444 500 1474 sedate
510 1443 610 1475 feres?
632 1447 642 1463 ¹
652 1442 722 1474 ferri
735 1453 799 1474 non
807 1443 906 1484 potest
917 1454 923 1473 1
935 1453 1038 1475 natura
1046 1454 1108 1475 non
1117 1447 1237 1485 patitur.

286 1485 397 1515 Audio.
408 1484 614 1525 pueriferunt‚
627 1485 722 1527 gloria
731 1484 814 1516 duffl
824 1496 829 1515 :
840 1484 942 1516 ferunt
951 1485 1064 1525 pudore
1074 1487 1124 1516 alii
1135 1506 1144 1520 ,
1157 1487 1241 1517 mul-

286 1528 311 1556 ti
322 1535 405 1558 metu
416 1537 421 1555 ;
433 1527 574 1557 &tamen
583 1536 733 1561 veremur,
745 1535 778 1558 ut
788 1528 862 1561 hoc,
873 1527 956 1567 quod
965 1529 981 1558 a
990 1536 1050 1558 tam
1061 1529 1165 1558 multis
1177 1548 1186 1562 ,
1206 1528 1240 1558 &

287 1567 371 1608 quod
385 1577 429 1598 tot
441 1569 517 1597 locis
524 1567 805 1607 perferatur‚natura
815 1577 877 1598 non
885 1571 1024 1608 patiatur?
1031 1569 1085 1599 Illa
1095 1568 1168 1599 vero
1179 1579 1241 1599 non

289 1608 386 1639 modo
396 1611 515 1648 patitur,
528 1608 633 1639 verum
644 1611 734 1640 etiam
746 1608 884 1649 postulat.
906 1609 980 1639 nihil
987 1612 1071 1641 enim
1080 1609 1162 1639 habet
1172 1618 1242 1652 pra-

279 1648 501 1686 stantius‚nihil,
512 1650 587 1692 quod
594 1651 686 1691 magis
698 1658 911 1693 expetat,quam
921 1650 1069 1688 honestum,
1080 1661 1168 1693 quam
1178 1652 1243 1681 lau-

289 1691 359 1725 dem,
372 1702 460 1732 quam
468 1692 650 1732 dignitatem,
663 1703 750 1734 quam
759 1692 849 1722 decus.
874 1695 964 1723 Hisce
973 1703 1029 1735 ego
1039 1694 1176 1734 pluribus
1187 1704 1243 1724 no-

291 1734 427 1763 minibus
437 1743 528 1763 nnam
539 1744 602 1763 rem
613 1734 751 1764 declarari
759 1734 899 1767 volo,sed
912 1743 985 1768 utar,
997 1744 1029 1765 ut
1042 1745 1131 1775 quam
1143 1737 1242 1765 maxi-

289 1776 342 1806 me
355 1773 529 1816 significem,
539 1775 690 1814 pluribus.
715 1776 789 1806 volo
800 1785 898 1806 autem
913 1776 1021 1810 dicere,
1034 1777 1110 1806 illud
1121 1778 1242 1806 homini

292 1817 385 1857 longe
402 1826 554 1856 optimum
573 1815 650 1851 effe,
670 1817 751 1857 quod
761 1817 858 1856 ipsum
874 1815 1080 1857 sitoptandum
1093 1828 1145 1857 per
1156 1818 1183 1848 se
1196 1839 1205 1851 ,
1227 1818 1243 1848 a

288 1860 401 1888 virtute
418 1857 587 1898 profeEium
596 1877 605 1892 ‚
624 1859 672 1888 vel
692 1860 725 1888 in
744 1859 805 1898 ipsa
823 1859 932 1888 virtute
950 1857 1037 1889 fitum
1047 1879 1058 1893 2
1078 1860 1128 1890 sua
1139 1861 1242 1900 sponte

288 1899 453 1930 laudabile:
474 1903 488 1919 ²
511 1899 592 1940 quod
614 1899 739 1941 quidem
759 1899 850 1930 citius
867 1900 999 1931 dixerim
1012 1901 1110 1931 solum
1121 1921 1130 1935 ‚
1172 1902 1243 1931 uam

290 1951 356 1972 non
374 1942 529 1972 summurn
540 1941 668 1972 bonum.
692 1945 790 1982 Atque
802 1961 811 1975 ‚
828 1950 861 1971 ut
871 1942 932 1972 haec
942 1942 977 1972 de
987 1942 1116 1973 honesto
1128 1963 1137 1977 ,
1169 1953 1196 1973 ic
1207 1943 1243 1973 de

289 1984 369 2023 turpi
387 1985 540 2014 contraria.
563 1982 637 2012 nihil
655 1990 716 2013 tam
734 1991 844 2013 utrum
853 2003 862 2017 ‚
883 1984 957 2013 nihil
964 1992 1026 2013 tam
1033 1984 1242 2025 aspernandum,

287 2025 363 2054 m'ln'l
374 2025 481 2054 homine
489 2025 641 2066 indignius.
654 2025 736 2066 quod
749 2024 769 2055 fi
780 2025 835 2055 tibi
845 2026 1013 2065 persuasum
1024 2027 1067 2058 est
1078 2038 1083 2056 z
1094 2026 1245 2067 principib

290 2068 376 2097 enim
394 2066 498 2097 dixisti
509 2087 518 2102 ‚
538 2068 605 2107 plus
628 2068 660 2097 in
671 2067 817 2098 dedecore
828 2068 901 2097 mali
910 2068 964 2098 tibi
975 2069 1070 2100 videri
1081 2089 1090 2103 ,
1109 2070 1200 2110 quam
1211 2071 1245 2098 in

292 2108 398 2139 dolore
411 2119 418 2137 ·.
441 2109 558 2150 reliquii
566 2119 596 2139 m
615 2108 658 2139 est
667 2129 677 2143 ,
698 2118 731 2140 ut
747 2118 808 2139 tute
830 2109 885 2139 tibi
897 2111 1037 2150 imperes.
1060 2120 1244 2151 quamquam

292 2151 351 2181 hoc
363 2150 462 2180 nescio
473 2170 482 2184 ‚
501 2160 562 2191 quo
573 2151 668 2181 modo
682 2151 796 2181 dicatur
806 2170 815 2185 ,
835 2150 915 2192 quafi
928 2153 990 2182 duo
1002 2151 1093 2183 fimus
1105 2172 1114 2187 ,
1132 2162 1165 2183 ut
1174 2153 1246 2183 alter
1261 2176 1262 2179 η

234 2202 273 2228 21
291 2193 428 2232 imperet,
438 2193 510 2222 alter
518 2200 630 2232 pareat:
643 2203 707 2222 non
716 2194 822 2223 inscite
834 2201 934 2224 tamen
944 2193 1061 2225 dicitur.
1077 2198 1090 2222 3
1102 2194 1153 2225 Est
1163 2196 1247 2224 enim

290 2236 410 2264 animus
420 2236 451 2263 in
462 2236 566 2274 parteis
576 2234 703 2264 tributus
713 2234 785 2265 duas
796 2245 801 2263 ;
813 2244 940 2275 quarum
951 2236 1040 2267 altera
1049 2256 1058 2270 ‚
1071 2238 1194 2267 rationis
1206 2235 1248 2267 est

290 2277 433 2317 particeps
446 2295 454 2309 ,
473 2276 562 2306 altera
576 2284 690 2316 expers.
714 2286 785 2306 cum
799 2277 888 2316 igitur
896 2280 1082 2318 praecipitur,
1102 2288 1135 2308 ut
1145 2278 1248 2308 nobis-

293 2316 425 2357 metipsis
433 2320 616 2357 imperemus
627 2337 636 2350 ‚
648 2318 714 2348 ‘hoc
723 2319 893 2359 praecipitur
903 2339 912 2354 ,
935 2329 969 2350 ut
977 2322 1052 2350 ratio
1062 2321 1196 2350 co‘e'rceat
1204 2328 1249 2350 te·

292 2361 472 2390 meritatem.
514 2361 575 2400 ias-r
597 2369 636 2388 m
652 2361 764 2390 animis
782 2362 926 2391 omnium
948 2361 1009 2392 fere
1033 2371 1134 2392 natura
1153 2362 1248 2391 molle

292 2401 448 2442 quiddam,
459 2398 636 2436 demiffum,
646 2402 763 2432 humile
774 2421 783 2436 ,
793 2406 811 2430 4
820 2411 994 2434 enervatum
1004 2403 1245 2446 quodammodo,

1278 108 1826 160 thssaou1s

1270 190 1303 221 &
1322 189 1518 232 languidum,
1539 190 1644 221 senile.
1666 189 1687 220 fi
1705 192 1782 222 nihil
1799 193 1897 224 aliud:
1918 191 2077 224 nihiless‘et
2097 190 2225 226 hor-nini!

1269 232 1447 263 deformius.
1468 232 1517 263 sed
1534 231 1624 274 praestb
1642 231 1685 261 ess}
1697 232 1958 269 dominaomnium,
1980 237 2015 269 ὠν
2026 236 2120 276 regina
2137 236 2227 272 ratio,

1271 278 1284 302 5
1301 284 1367 316 quat
1384 275 1518 305 connixa
1527 283 1577 314 per
1597 273 1645 307 se,
1668 273 1702 303 δε
1720 274 1865 315 progrefl'a
1878 276 2000 318 longius
2012 298 2022 311 ,
2041 278 2075 309 fit
2092 276 2231 317 perfefika·

1271 319 1374 347 virtus.
1398 318 1460 346 haec
1477 324 1510 346 ut
1522 315 1705 355 imperetilli
1722 317 1797 355 parti
1814 318 1930 352 animi,
1948 329 2013 358 quae
2026 319 2148 350 obedire
2169 319 2225 351 de.

1272 358 1331 392 bet,
1343 357 1375 388 id
1384 356 1552 388 videndum
1563 355 1606 387 est
1616 358 1692 387 viro.
1715 365 1848 398 quonam
1861 359 1954 389 modo
1965 364 1976 386 ἓ
1989 363 2119 402 inquies.
2139 361 2225 394 velut

1271 400 1419 430 dominus
1430 399 1514 429 servo
1523 417 1534 433 ,
1546 399 1629 428 velut
1641 400 1799 438 imperator
1809 398 1923 433 militi,
1940 401 2022 432 velut
2033 411 2135 442 parens
2148 401 2225 434 filio.

1275 440 1295 471 si
1306 439 1472 481 tuipiffime
1482 441 1511 472 se
1524 440 1575 470 illa
1584 449 1648 480 pars
1660 441 1756 470 animi
1765 448 1864 481 geret,
1883 449 1974 480 quam
1984 442 2050 473 dixi
2065 443 2126 475 effe
2142 444 2225 475 mol·

1275 484 1336 514 lem
1347 502 1357 517 ‚
1378 482 1399 512 fi
1410 483 1437 513 se
1447 482 1587 512 lamentis
1598 481 1803 515 muliebriter,
1822 481 2016 523 lacrymisque
2034 483 2139 520 dedet,
2156 488 2228 518 vin,

1272 527 1365 556 ciatur
1374 544 1383 560 ‚
1396 524 1429 555 &
1437 523 1652 564 constringatur
1663 524 1832 554 amicorum
1844 543 1853 556 ,
1863 525 2161 568 propinquorumque
2170 537 2227 560 cu-

1278 566 1384 597 stodiis
1393 585 1402 599 ‚
1418 566 1484 606 slepe
1496 567 1580 595 enim
1591 564 1717 595 videmus
1727 584 1736 598 ‚
1742 563 1848 602 fractius
1853 564 1964 606 pudore,
1975 566 2029 606 qui
2035 568 2141 599 ratione
2149 571 2227 600 nulla

1275 609 1450 638 vincerentur
1459 618 1470 635 .·
1482 617 1551 648 ergo
1564 607 1621 636 hos
1631 606 1755 647 quidem
1767 626 1776 640 ‚
1787 614 1820 637 ut
1827 605 1975 640 famulos,
1995 604 2012 626 ⁶
2020 609 2127 638 vinclis
2135 619 2228 650 prope

1274 661 1304 681 ac
1323 655 1338 678 7
1356 648 1491 680 custodia
1506 658 1665 678 arceamus.
1684 650 1738 689 qui
1759 657 1859 678 autem
1878 657 1964 679 erunt
1980 648 2130 680 firmiores
2142 671 2152 684 .
2170 659 2228 687 nee

1276 701 1378 724 tamen
1392 689 1584 722 robustiffimi
1595 709 1604 724 ,
1622 685 1701 719 ⁸hos
1718 690 1879 720 admonitu
1893 690 2066 730 oportebit,
2085 700 2118 721 ut
2129 691 2226 726 bonos

1277 734 1400 767 milites,
1414 741 1578 765 revocatos,
1589 731 1765 772 dignitatem
1777 734 1862 762 tueri.
1885 741 1950 762 non
1959 734 2054 762 nimis
2065 734 2097 762 in
2109 735 2228 774 Niptris

1276 776 1327 806 ille
1338 773 1564 815 sapientiffimus
1574 775 1696 804 Graeciae
1704 773 1816 804 saucius
1825 774 2004 804 lamentatur
2013 793 2023 808 ‚
2043 775 2091 806 vel
2101 774 2226 810 modice

1297 826 1376 848 otius
1391 828 1396 845 :

1275 827 1293 858 Ρ
1367 858 1551 889 ‘Pedetemim
1569 857 1706 899 (inquit)
1726 858 1784 893 ite,
1806 858 1841 891 (φ
1852 857 1948 898 sedato
1957 857 2021 898 niJh
2031 877 2040 892 ,
2059 867 2091 887 ne
2098 857 2230 899 fhccuffip

1406 902 1528 942 arripiat
1538 901 1626 940 major
1633 900 1716 930 dolor.

1277 945 1421 975 Pacuvius
1432 944 1493 973 haec
1505 943 1615 972 melius
1625 962 1633 976 ‚
1655 942 1744 982 quarn
1757 941 1930 982 Sophocles.
1953 942 2030 982 apud
2040 942 2131 972 illum
2141 943 2228 973 enim

1278 986 1418 1026 perquam
1437 984 1578 1015 flebiliter
1596 982 1715 1024 Ulysses
1734 984 1913 1014 lamentatur
1923 984 1955 1013 in
1966 984 2109 1014 vulnere:
2124 993 2229 1019 tamen.

1279 1029 1351 1058 huic
1362 1029 1465 1057 leviter
1474 1028 1624 1067 gementi,
1637 1026 1682 1055 illi
1691 1023 1756 1064 ipsi,
1767 1026 1819 1065 qui
1829 1024 1929 1055 ferunt
1938 1025 2081 1059 saucium,
2093 1023 2229 1066 persona

1277 1071 1452 1110 gravitatem
1462 1070 1624 1099 intuentes,
1639 1076 1701 1096 non
1712 1066 2003 1097 dubitaruntdicere:
2229 1089 2232 1091 -

1375 1111 1419 1139 Tu
1425 1118 1550 1180 guoque
1575 1107 1681 1149 Ulyffls
1699 1127 1708 1143 ‚
1737 1117 1915 1151 quamquam
1935 1110 2067 1149 graviter
2092 1109 2229 1144 cernimus

1412 1162 1420 1180 1
1453 1161 1522 1185 um)

1372 1193 1480 1235 ‘Nimis
1496 1191 1567 1234 ριηὲ
1583 1192 1677 1222 animo
1693 1202 1722 1222 ver
1740 1191 1817 1233 molli
1835 1211 1845 1227 ‚
1865 1191 1918 1233 qui
1936 1191 2076 1232 conflictus
2097 1191 2128 1221 in
2143 1191 2232 1223 arnu‘n

1409 1246 1500 1264 aevum
1518 1245 1605 1276 agere.

1278 1277 1426 1319 Intelligit
1445 1278 1530 1317 po'e'ta
1541 1276 1670 1317 prudens
1682 1297 1690 1310 ,
1706 1276 1826 1307 ferendi
1836 1275 1952 1306 doloris
1964 1273 2230 1311 consuetudinem

1276 1318 1335 1350 esse
1355 1329 1419 1349 non
1435 1319 1692 1350 contemnendam
1716 1318 1895 1360 magistram.
1917 1320 2016 1359 Atque
2032 1316 2084 1347 ille
2092 1326 2159 1349 non
2170 1318 2234 1352 'una

1277 1360 1433 1392 moderate
1443 1371 1554 1403 magno
1565 1363 1597 1391 in
1606 1361 1713 1391 dolore
1728 1381 1736 1395 ‚
1926 1372 1934 1380 ·

1371 1404 1499 1435 Retinere
1510 1424 1518 1437 ,
1542 1411 1647 1436 tenete,
1665 1407 1680 1430 9
1692 1403 1837 1444 opprimite
1847 1423 1856 1436 ‚

1371 1445 1462 1475 'Ulcus
1470 1445 1582 1474 nudate.
1605 1446 1656 1474 heu
1666 1446 1797 1484 mtftrum
1808 1455 1851 1474 me
1863 1464 1872 1479 ‚
1891 1443 2044 1476 excrucior.

1278 1488 1388 1529 Incipit
1397 1488 1456 1518 labi
1467 1497 1472 1515 :
1483 1487 1593 1516 deinde
1602 1487 1686 1516 illico
1698 1485 1803 1516 desinit
1813 1506 1822 1519 ‚

1374 1528 1494 1570 operite,
1505 1526 1641 1566 abscedite
1655 1547 1664 1561 ‚
1679 1530 1708 1546 ¹0
1708 1528 1834 1566 jamjam
1843 1527 1965 1557 hiittite.'

1374 1572 1463 1611 Ram
1479 1567 1636 1599 attrec‘taru
1647 1588 1656 1602 ,
1676 1569 1711 1602 (γ
1733 1567 1833 1612 quaffi⁴
1845 1569 1953 1609 slavum
1962 1566 2145 1610 amplificatis
2155 1565 2236 1601 dole&

1412 1622 1479 1641 Tem.

1280 1652 1411 1684 Videsne
1422 1674 1430 1687 ,
1452 1663 1485 1683 ut
1493 1653 1680 1684 obmutuerit
1689 1663 1753 1683 non
1765 1652 1877 1683 sedatus
1886 1653 2036 1692 corporis,
2050 1652 2100 1684 sed
2111 1652 2234 1694 castiga-

1282 1704 1329 1725 tus
1350 1696 1446 1725 animi
1467 1695 1575 1726 dolor?
1592 1697 1689 1736 iraque
1701 1696 1735 1725 in
1745 1696 1890 1724 extremis
1903 1695 2020 1734 Niptris
2029 1695 2104 1724 alios
2112 1697 2235 1736 quoqu&

1283 1737 1430 1776 objurgat,
1447 1735 1537 1776 idque
1547 1738 1680 1766 moriens
1691 1757 1700 1769 ,

1376 1779 1511 1818 Conqueri
1520 1777 1671 1816 fortunam
1680 1776 1846 1817 adversam,
1871 1788 1922 1807 non
1932 1775 2083 1807 lamentari
2089 1776 2172 1807 decet.
2202 1787 2205 1791 ·

1375 1819 1412 1848 Id
1419 1819 1479 1848 viri
1487 1819 1532 1849 εέἶ
1540 1819 1663 1859 officium
1671 1819 1776 1857 :fletus
1785 1818 1916 1849 muliebri
1925 1820 2033 1860 ingemo
2041 1819 2164 1849 additus.

1284 1860 1385 1901 Hujus
1402 1862 1499 1891 animi
1519 1871 1586 1902 pars
1603 1862 1654 1892 illa
1676 1861 1803 1891 mollior
1823 1862 1934 1892 rationi
1953 1859 1991 1891 fic
2010 1864 2108 1901 paruit
2126 1881 2135 1894 ‚
2161 1864 2187 1882 ¹¹
2201 1869 2236 1892 ut

1283 1904 1390 1934 severo
1408 1904 1582 1943 imperatori
1601 1903 1692 1934 miles
1701 1902 1826 1943 pudens.
1849 1905 1886 1933 In
1897 1912 1960 1943 quo
1967 1904 2035 1933 viro
2043 1905 2100 1934 erit
2107 1903 2238 1944 persedit!
2253 1903 2300 1933 22

1281 1945 1423 1984 sapientia
1442 1944 1553 1985 (quem
1577 1945 1674 1975 adhuc
1692 1954 1749 1975 nos
1767 1945 1890 1985 quidem
1909 1944 2048 1975 videmus
2067 1948 2237 1976 neminem:

1282 1986 1331 2017 sed
1342 1986 1593 2027 philosophorum
1603 1987 1760 2017 sententiis
1771 2006 1780 2020 ‚
1802 1987 1898 2027 qualis
1906 1985 2026 2017 futurus
2037 1985 2070 2017 sit
2081 2007 2091 2021 ‚
2112 1986 2132 2016 fi
2142 1986 2240 2018 modo

1283 2028 1447 2069 aliquando
1465 2027 1574 2062 fuerit,
1594 2030 1778 2068 exponitur)
1794 2030 1818 2058 is
1828 2031 1919 2070 igitur
1930 2047 1940 2062 ‚
1954 2031 1983 2048 ¹²
1994 2027 2013 2058 fi
2024 2038 2057 2059 ea
2067 2030 2160 2063 ratio,
2170 2039 2239 2070 quae

1284 2071 1341 2100 erit
1359 2071 1394 2100 in
1415 2080 1452 2100 eo
1465 2070 1611 2110 perfeffl,
1631 2079 1717 2110 atque
1725 2069 1876 2104 absoluta,
1893 2069 1931 2100 fic
1941 2070 1987 2100 illi
1997 2073 2071 2111 parti
2081 2071 2242 2110 imperabit

1286 2111 1446 2146 inferiori,
1465 2121 1498 2143 ut
1504 2111 1602 2149 justus
1612 2121 1716 2152 parens
1724 2112 1826 2152 probis
1837 2110 1925 2142 filiis:
1946 2121 2022 2143 nutu
2036 2133 2043 2145 ‚
2053 2113 2135 2153 quod
2143 2114 2238 2149 volet.

1287 2152 1428 2185 conficiet
1439 2173 1448 2187 ,
1469 2155 1557 2184 nullo
1569 2154 1690 2189 labore,
1705 2154 1788 2184 nulla
1799 2153 1956 2184 molestia:
1976 2158 2006 2182 ²³
2023 2157 2113 2195 eriget
2126 2154 2241 2194 ipsese.

1286 2195 1472 2227 suscitabitur
1487 2215 1496 2229 ,
1516 2195 1643 2226 instruet
1660 2215 1670 2229 ,
1689 2195 1834 2230 armabit,
1854 2205 1905 2231 ut,
1927 2204 2067 2237 tanquam
2085 2196 2182 2230 hosti,
2201 2190 2245 2227 sid

1287 2236 1405 2268 obsistat
1414 2237 1526 2268 dolori.
1549 2247 1614 2278 quae
1625 2237 1692 2267 sunt
1701 2236 1755 2267 ista
1763 2240 1864 2269 arma?
1883 2240 2060 2276 contentio,
2078 2236 2243 2272 confirma-⁴

1287 2281 1332 2309 tio
1342 2298 1351 2312 ‚
1373 2279 1531 2320 sermoque
1540 2281 1668 2310 intimus
1680 2299 1688 2313 ,
1699 2278 1843 2319 cumipse
1853 2280 1952 2310 secum
1964 2299 1972 2313 ,
1985 2282 2059 2309 Cave
2066 2286 2146 2319 turpe
2154 2278 2244 2321 quid-

1289 2331 1387 2362 quam,
1399 2321 1568 2364 languidum
1578 2341 1587 2355 ,
1608 2331 1660 2351 non
1668 2321 1764 2351 virile.
1786 2320 1980 2352 obversentur
1988 2321 2100 2360 species
2107 2320 2245 2351 honesta

1289 2364 1412 2393 animo:
1434 2364 1521 2396 Zeno
1539 2371 1722 2403 proponatur
1740 2362 1873 2396 Eleates,
1894 2364 1946 2403 qui
1961 2360 2108 2401 perpessus
2118 2361 2160 2393 est
2170 2372 2243 2393 om-

1288 2406 1338 2435 nia
1354 2403 1458 2446 potius
1468 2425 1478 2441 ‚
1494 2407 1587 2447 quam
1603 2404 1740 2439 conscios
1758 2403 1897 2438 delendas
1913 2403 2078 2445 tyrannidis
2088 2404 2247 2477 initiicaredt:³

333 2551 358 2569 1.
376 2546 445 2569 Ferri
453 2544 603 2579 nonpoteft‘]
624 2543 759 2572 Victorius
779 2545 807 2572 &
821 2545 939 2582 quinque
953 2546 1022 2572 Pan.
1041 2546 1129 2573 vatic.
1142 2546 1250 2573 Uli-ich.

314 2582 348 2604 21?
361 2589 406 2605 non
441 2583 508 2606 anfi.

288 2581 315 2614 fi
333 2623 362 2641 2.
380 2587 447 2649 Qaeipd
463 2617 555 2656 quidem
571 2618 644 2642 titius
652 2617 752 2642 deerim
762 2617 838 2651 filum
849 2637 857 2649 ‚
876 2617 950 2652 qutlm
959 2628 1002 2644 non
1015 2618 1132 2651 fiimmnm
1142 2619 1251 2653 bonum]

296 2651 363 2676 Haec
373 2652 408 2678 est
419 2652 474 2678 mss.
486 2651 563 2678 codd.
574 2652 654 2680 etiam
667 2653 797 2680 Lainbino
808 2654 871 2681 teste
884 2673 892 2686 ‚
911 2653 1038 2690 scriptura
1050 2666 1056 2681 :
1080 2664 1157 2691 quam
1170 2656 1251 2681 etiam

296 2687 405 2721 praefert
416 2687 529 2714 Victorii
540 2687 623 2714 editio
635 2708 643 2720 ,
663 2688 718 2714 Pal.
739 2697 827 2725 quart.
847 2690 919 2717 Pith.
939 2691 1026 2718 Vane.
1046 2691 1152 2718 Ulrich.
1171 2700 1254 2727 nuper

298 2722 424 2749 Schottus
436 2724 461 2750 in
476 2723 562 2750 Nodis
576 2723 644 2750 libro
659 2733 684 2750 ιι
710 2734 733 2750 c.
749 2733 790 2761 ¹3·

336 2765 362 2792 3.
383 2762 429 2784 Εξῖ
436 2762 496 2785 enim
505 2762 600 2785 animus
610 2763 635 2785 in
641 2767 725 2792 partes
734 2763 840 2787 tributus
849 2762 936 2797 duaa]
960 2763 1001 2789 Ita
1010 2762 1145 2789 Viciorius
1158 2772 1166 2794 ;
1180 2761 1254 2799 Gry—

299 2793 408 2832 phianus
421 2795 486 2821 liber
501 2796 585 2822 vatic.
606 2796 712 2823 Ulricli.
731 2797 799 2824 Pali.
818 2797 868 2824 sec.
888 2806 952 2825 tert.
964 2806 1052 2836 quart.
1071 2800 1158 2836 quint.
1181 2799 1254 2826 Pith.

300 2827 368 2855 alius
381 2829 529 2859 distributus.

338 2870 365 2895 4.
376 2867 523 2903 Enervatum
531 2867 691 2901 quedammodo
699 2869 728 2899 &⁶
736 2870 1001 2904 latiquidum‚fi·nile.fi
1006 2872 1068 2897 nihil
1075 2871 1144 2897 alind
1153 2881 1158 2896 :
1167 2871 1253 2906 nihik]

299 2898 443 2938 Maluyimus
455 2903 567 2936 pendere
578 2906 592 2929 :i
604 2903 787 2940 metm-‚quam
799 2906 911 2932 aliorum
923 2906 1084 2941 conjeisturis
1095 2907 1122 2933 &
1134 2906 1254 2934 ludibriis

300 2933 426 2961 obedire:
449 2937 588 2970 praesertim
600 2939 798 2974 itajubentibus
810 2942 864 2969 Pal.
875 2950 989 2978 quatuor
999 2942 1141 2978 prioribus.
1155 2943 1253 2979 vulgo:

299 2977 439 2996 aner-ratum
448 2974 606 3004 quodammodo
614 2976 643 3006 &0
651 2977 795 3009 languidum.
810 2979 834 3011 fi
841 2979 961 3012 nihilqffl't
970 2979 1039 3004 aliud
1046 2990 1051 3004 i
1062 2981 1126 3004 nihil
1131 2979 1192 3011 effer,
1204 2981 1255 3011 &c-

341 3014 367 3045 ,5-
386 3007 440 3038 Qae
450 3010 550 3032 ‘ormi-'611
564 3010 681 3048 per-sb&
694 3014 808 3046 progreffa
825 3015 941 3047 longius]
965 3015 1057 3041 Editio
1071 3015 1184 3041 Victorii
1195 3024 1262 3042 cum.

302 3049 420 3076 quinque
433 3042 498 3068 Pali.
512 3043 574 3068 fab.
586 3045 656 3070 l’itli.
667 3048 776 3075 exhibet
786 3058 898 3076 connexa.
921 3058 949 3076 ut
960 3051 986 3076 &
1001 3051 1087 3077 Varie.
1098 3051 1204 3077 Ulrich.

337 3077 364 3102 6.
383 3078 470 3117 mmsis
484 3079 557 3117 prop&-
569 3087 596 3103 σε
614 3082 739 3120 custqdia.]
761 3085 801 3110 {ta
813 3085 925 3111 Vifitorii
937 3086 1030 3113 editio.
1053 3086 1119 3113 Pau.
1138 3094 1255 3123 pi·.tert.

300 3119 388 3150 quart.
400 3120 518 3148 quintus.
531 3114 602 3139 Pitli.
614 3116 700 3142 Vatic.
712 3118 792 3151 vulgo
803 3119 872 3147 deest
879 3122 957 3154 prope.

1291 2546 1320 2575 ut
1331 2557 1406 2577 notat
1417 2550 1505 2577 Schot.
1517 2551 1536 2577 Ι.
1547 2560 1576 2577 2.
1587 2560 1611 2578 c.
1626 2559 1654 2586 ¹3
1662 2571 1668 2577 .
1678 2549 1753 2577 Nod.
1764 2549 1886 2578 carebant
1895 2554 1925 2578 τὸ
1935 2559 2069 2576 arceamur.
2083 2547 2245 2576 Meuaniam

1289 2586 1432 2621 paenissiine
1442 2587 1549 2614 abesset.

1327 2622 1354 2648 8.
1375 2625 1421 2648 Hos
1440 2624 1560 2649 admonitu
1577 2624 1687 2656 oportebit
1697 2642 1705 2655 ‚
1724 2629 1751 2648 nt
1768 2624 1836 2649 bonos
1853 2624 1938 2648 milites
1949 2628 2069 2648 revocatos
2081 2618 2243 2653 dignitatem]

1292 2658 1389 2684 Delevi
1402 2667 1435 2684 ex
1447 2658 1504 2686 mss.
1524 2659 1592 2686 Pall.
1607 2666 1699 2694 quart.
1719 2659 1807 2695 quint.
1818 2658 1890 2685 Pith.
1902 2659 1986 2685 Vane.
2006 2657 2062 2694 post
2078 2657 2197 2683 admonitu
2216 2657 2248 2683 ἢ»

1285 2695 1358 2727 simili
1369 2701 1398 2720 ut
1409 2694 1609 2730 supervacuum.

1328 2738 1357 2765 9.
1376 2733 1503 2763 opprimite
1520 2730 1614 2765 Ulcma]
1631 2729 1704 2758 Pith.
1721 2731 1830 2764 oppn'mit
1838 2736 1871 2757 te.
1890 2728 1960 2757 unde
1975 2727 2107 2756 Gulielm.
2126 2726 2246 2762 legebat.

1291 2769 1411 2799 opprimit,
1422 2768 1476 2793 heu.

1333 2810 1374 2828 10.
1393 2804 1501 2837 Jamjam
1510 2803 1621 2837 minim]
1640 2803 1733 2829 Manat
1743 2802 1795 2828 haec
1805 2801 1887 2828 leftio
1897 2802 1913 2827 :i
1923 2798 2028 2827 Vfflor.
2039 2798 2108 2825 Pan.
2118 2797 2169 2825 sec.
2181 2805 2255 2827 tert.=

1295 2845 1383 2873 quart.
1395 2840 1482 2874 quint.
1494 2838 1557 2865 Fab.
1571 2838 1642 2866 Pitli.
1652 2839 1679 2865 in
1689 2837 1768 2865 editis
1779 2837 1899 2864 dimittite.
2247 2847 2253 2851 ·

1334 2882 1373 2899 11.
1395 2877 1424 2899 Ut
1435 2875 1519 2908 severo
1527 2877 1662 2907 imperatori
1679 2875 1745 2900 miles
1760 2873 1875 2906 pudens.]
1897 2872 1954 2897 Cur
1964 2870 2013 2897 hoc
2024 2870 2202 2907 recipiendum
2214 2869 2251 2899 fit:

1295 2908 1409 2936 ubertim
1427 2909 1560 2947 disputavi
1577 2910 1603 2936 in
1626 2908 1798 2944 Crepundiis.
1827 2907 1955 2933 Rationes
1975 2906 2036 2933 inde
2056 2914 2192 2942 petantur.
2212 2906 2257 2934 fic:

1293 2945 1394 2972 editum
1406 2946 1464 2973 aliis
1476 2946 1613 2973 annotavit
1623 2943 1778 2971 Guliel..fic
1786 2950 1842 2969 erat
1853 2952 1867 2969 a
1879 2951 1956 2969 manu
1967 2944 2053 2979 prima
2064 2944 2089 2969 in
2102 2944 2161 2970 Pal.
2180 2951 2246 2971 tert.

1293 2980 1324 3009 ad
1335 2982 1418 3017 apices
1429 2982 1455 3008 in
1469 2982 1533 3008 Fab.
1543 2983 1603 3008 Vat.
1616 2978 1696 3015 vulgo
1703 2978 1827 3011 prudens..

1334 3026 1376 3043 12.
1389 3021 1415 3043 Si
1424 3027 1451 3044 ea
1461 3021 1522 3044 ratio
1530 3026 1578 3051 quae
1586 3016 1657 3049 crit.]
1679 3013 1830 3041 Editionem
1842 3012 1955 3040 Victorii
1967 3015 2141 3050 praetulimus.
2153 3015 2256 3050 vulga*

1287 3054 1340 3087 five
1349 3063 1376 3080 ea
1385 3057 1456 3079 ratio.
1475 3061 1532 3088 quae
1543 3060 1628 3078 tamen
1644 3050 1753 3085 omnino
1771 3047 1903 3085 disparent
1922 3050 1948 3076 in
1969 3051 2048 3077 Fabr.
2068 3051 2138 3078 Pau.
2158 3057 2260 3087 quares

1295 3093 1356 3114 ratio
1369 3090 1394 3123 fi
1400 3097 1462 3114 vera
1470 3097 1519 3121 qne
1527 3089 1582 3112 erit.

1333 3133 1375 3158 ¹3·
1395 3126 1474 3156 Erigat
1486 3121 1758 3155 lpfifie,fi¹s‘citabitttr.]
1779 3121 1821 3147 Sic
1831 3121 1867 3148 est
1879 3123 1905 3148 in
1915 3121 2029 3152 Visstorii
2038 3121 2105 3151 edit.
2116 3122 2262 3160 pall-*trib*-

335 3156 365 3184 7·
383 3149 490 3183 Custodm
501 3144 650 3185 arcea'mue]
673 3151 730 3180 Pal.
741 3162 829 3188 quart.
841 3157 925 3184 Vatic-
939 3157 1099 3187 membranae
1109 3159 1274 3196 Toletanae„
1293 3159 1341 3187 bus
1349 3157 1583 3196 primitium-Fabi:
1595 3158 1680 3187 Varie.
1693 3157 1772 3194 vulgo
1778 3158 1927 3193 justitam..

2161 3196 2245 3230 LQ·
