2302 3353
530 152 602 183 DE
635 136 828 183 CLAR.
866 136 1142 183 ORATOR.

187 218 370 260 implorans,
392 215 464 247 cum
481 215 550 246 suos
566 225 692 255 pueros,
713 224 776 246 tum
789 217 821 245 C.
835 214 914 244 Galli
934 217 1023 244 etiam
1044 213 1142 245 filium

188 260 265 291 flens
274 257 503 291 commendabat
515 267 520 286 :
537 258 583 297 cuj
588 267 622 286 us
632 257 742 287 orbitas
753 257 786 286 &
796 255 882 285 fletus
894 256 970 285 mire
982 254 1143 294 miserabile

185 302 246 333 fuit
253 302 369 341 propter
377 307 526 329 recentem
538 300 718 328 memoriam
729 295 877 327 clarissimi
888 298 976 336 patris
995 307 1000 325 :
1020 297 1102 336 isque
1114 297 1143 325 se

188 352 253 374 tum
268 343 376 381 eripuit
393 339 514 370 flamma
530 348 649 379 propter
665 348 771 379 pueros
785 362 793 373 ‚
813 337 1018 368 misericordia
1035 337 1142 376 populi

187 391 341 415 commota
352 402 360 415 ‚
372 380 445 412 ficut
456 380 539 411 idem
551 381 694 420 scriptum
704 380 825 421 reliquit
835 381 916 409 Cato.
940 382 1037 420 Atque
1049 380 1141 408 etiam

187 425 283 465 ipsum
294 424 448 454 Libonem
461 433 525 453 non
542 422 690 452 infantem
706 422 797 452 video
815 419 902 451 fuisse
913 441 922 454 ‚
942 429 974 450 ut
985 430 1023 450 cx
1033 421 1144 450 oratio-

185 466 275 497 nibus
286 466 349 505 ejus
360 465 489 506 intelligi
499 464 604 504 potest.
629 462 707 494 Cum
720 464 782 493 haec
791 461 930 493 dixissem
942 483 950 496 ‚
966 462 999 492 ὃς
1007 461 1142 502 paullum

185 505 441 547 interquieviss'em
454 517 460 535 z
484 505 565 547 Qid
575 507 666 547 igitur
677 527 685 540 ‚
704 507 805 546 inquit
815 525 822 537 ‚
844 504 887 535 est
896 504 987 534 causae
999 523 1007 537 ‚
1021 505 1139 536 Brutus,

185 547 206 579 fi
218 557 295 579 tanta
304 550 397 578 virtus
415 550 448 578 in
459 557 574 577 oratore
585 548 677 577 Galba
694 546 752 577 fuit
762 567 770 580 ‚
790 555 842 576 cur
851 556 883 576 ea
894 546 976 575 nulla
986 547 1019 574 in
1031 545 1142 575 oratio-

186 590 276 621 nibus
286 590 349 629 ejus
365 598 499 629 appareat
517 600 522 618 :
541 589 622 629 quod
633 590 734 618 mirari
745 598 809 617 non
824 586 944 627 poss'um
963 589 995 616 in
1006 588 1049 615 eis
1060 605 1068 619 ‚
1089 587 1141 626 qui

120 637 167 671 24
186 632 403 662 nihilomnino
422 632 520 670 scripti
529 632 724 671 reliquerunt.
748 632 812 659 Nec
822 630 905 658 enim
925 627 967 657 est
976 627 1078 657 eadem
1093 628 1141 656 in-

185 683 274 714 quam
286 693 294 707 ,
308 675 394 702 Brute
406 693 415 706 ‚
433 673 516 702 causa
532 682 595 702 non
606 670 771 704 scribendi,
792 670 825 700 &
836 678 971 699 nontam
981 669 1056 698 bene
1069 669 1140 698 scri—

186 714 278 746 bendi
289 735 297 748 ,
308 714 398 755 quam
411 714 550 744 dixerint.
574 716 654 743 Nam
664 712 803 742 videmus
815 711 888 741 alios
898 719 1027 740 oratores
1037 711 1144 753 inertia

187 757 268 787 nihil
279 754 416 796 scripsiss'e
426 776 434 789 ‚
455 766 493 785 ne
503 753 682 784 domesticus
695 755 784 783 etiam
796 752 879 783 labor
888 751 1038 782 accederet
1046 751 1080 782 ad
1091 754 1140 780 ro—

185 798 312 830 rensem.
341 798 487 837 pleraeque
505 797 587 825 enim
598 794 766 825 scribuntur
774 796 924 824 orationes
942 793 1048 823 habitae
1067 794 1140 830 jam,

186 850 251 871 non
268 848 301 869 ut
309 839 470 869 habeantur
488 848 494 866 :
512 837 585 867 alios
596 846 660 866 non
676 836 805 866 laborare
816 856 825 870 ‚
846 844 878 866 ut
899 835 1040 865 meliores
1059 833 1139 864 fiant2

187 882 271 912 nulla
286 885 369 911 enim
388 890 432 910 res
450 876 567 909 tantum
586 878 621 908 ad
639 877 804 908 dicendum
822 876 943 918 proficit
961 896 969 911 ‚
991 886 1138 918 quantum

182 923 308 964 scriptio.
327 922 506 951 memoriam
517 928 618 950 autem
627 921 661 949 in
671 918 824 959 posterum
836 921 950 960 ingenii
960 919 1004 948 sui
1013 928 1078 947 non
1087 917 1140 948 de—

187 963 327 997 siderant,
347 962 418 993 curn
434 962 460 991 se
470 970 574 1001 putant
584 962 650 991 satis
662 971 800 1002 magnam
817 961 937 1000 adeptos
948 958 1005 990 effe
1016 959 1137 989 dicendi

184 1007 309 1047 gloriam
322 1024 330 1037 ‚
348 1013 472 1044 eamque
488 1005 577 1032 ctiam
596 1003 743 1042 majorem
761 1003 860 1032 visum
879 1004 932 1036 iri,
953 1000 973 1031 si
984 1003 1016 1031 in
1032 1000 1138 1031 existi-

185 1048 333 1077 mantium
342 1044 494 1074 arbitrium
504 1064 513 1077 ,
533 1044 581 1074 sua
590 1044 694 1085 scripta
704 1054 767 1074 non
777 1046 916 1074 venerint
929 1054 933 1072 z
945 1044 1021 1073 alios
1033 1064 1040 1075 ‚
1052 1041 1135 1084 quod

185 1086 294 1118 melius
302 1095 409 1126 putent
417 1086 513 1116 dicere
524 1086 552 1116 se
562 1084 643 1125 posse
654 1106 662 1119 ‚
678 1096 769 1126 quarn
779 1086 904 1115 scribere
922 1096 927 1113 :
945 1084 1026 1126 quod
1036 1087 1136 1124 perin-

183 1127 308 1172 geniosis
318 1128 494 1158 hominibus
504 1148 511 1161 ,
523 1137 619 1168 neque
628 1127 694 1157 satis
703 1127 800 1157 doffis
811 1148 818 1160 ‚
830 1128 1008 1167 plerumque
1018 1146 1026 1159 ‚
1038 1127 1136 1156 conti-

183 1173 226 1212 git
236 1191 244 1205 ,
266 1179 298 1200 ut
309 1168 360 1209 ipsi
371 1169 472 1199 Galbae
493 1180 499 1198 ι
519 1178 610 1209 quem
622 1168 740 1199 fort-affe
750 1171 794 1199 vis
805 1179 869 1198 non
889 1170 1004 1209 ingenii
1023 1168 1133 1201 solum,

185 1212 235 1244 sed
246 1214 337 1242 etiarn
354 1213 467 1244 animi,
487 1211 668 1241 &naturalis
680 1210 802 1252 quidam
821 1210 1068 1240 dolor-dicentem
1088 1212 1135 1239 in-

183 1253 327 1285 cendebat
338 1273 346 1286 ‚
368 1252 570 1293 efficiebatque
583 1272 591 1286 ‚
612 1261 643 1282 ut
655 1253 686 1282 &
697 1255 814 1282 incitata
825 1273 833 1285 ,
857 1253 889 1282 ὃς
906 1253 1000 1293 gravis
1011 1272 1019 1285 ‚
1042 1251 1074 1281 δε
1084 1261 1136 1280 ve—

185 1297 312 1326 hemens
322 1293 392 1324 ess'et
401 1297 493 1324 oratio
505 1305 510 1323 :
530 1294 601 1323 dein
611 1293 682 1323 cum
694 1295 806 1325 otiosus
817 1293 918 1323 stilum
930 1292 1139 1333 prehenderatr

186 1338 343 1378 morusque
361 1338 462 1366 omnis
481 1337 593 1369 animi,
613 1343 753 1376 tanquam
775 1343 874 1364 ventus
883 1355 891 1369 ‚
911 1336 1072 1365 hominem
1084 1335 1136 1364 de-

187 1378 310 1411 fecerat,
331 1376 511 1407 flaccefl'ebat
521 1379 616 1407 oratio
631 1388 635 1405 :
655 1377 735 1418 quod
748 1379 795 1410 iis,
807 1379 859 1418 qui
869 1377 1001 1406 limatius
1014 1375 1135 1406 dicendi

184 1419 390 1450 consediantur
405 1429 497 1459 genus
509 1440 519 1452 ⁷
537 1418 666 1448 accidere
686 1429 749 1448 non
765 1419 840 1449 solet
851 1439 859 1452 ‚
880 1427 1033 1458 propterea
1051 1417 1133 1458 quod

183 1461 337 1502 prudentia
347 1471 513 1501 numquam
521 1458 623 1490 deficit
631 1470 791 1494 oratorem,
801 1471 858 1501 qua
868 1461 918 1490 ille
928 1469 1015 1490 utens
1025 1459 1134 1489 eodem

186 1503 281 1534 modo
291 1500 376 1543 possit
386 1503 418 1532 ὅ(
428 1503 525 1532 dicere
534 1502 566 1531 δε
576 1502 700 1532 scribere
721 1514 725 1531 :
745 1502 831 1532 ardor
840 1504 937 1532 animi
947 1512 1010 1531 non
1022 1504 1136 1541 {emper

184 1544 264 1576 adest
273 1565 281 1579 ‚
302 1544 382 1585 isque
392 1542 465 1574 cum
484 1543 619 1574 consedit
628 1564 636 1577 ‚
657 1546 760 1574 omnis
770 1544 820 1574 illa
828 1545 874 1574 vis
885 1563 892 1577 ,
915 1545 947 1574 δε
958 1542 1036 1584 quafi
1047 1542 1134 1572 flam-

183 1597 234 1617 ma
251 1588 373 1617 oratoris
392 1585 599 1626 exstinguitur.
622 1588 708 1616 Hanc
726 1587 815 1627 igitur
833 1586 873 1616 ob
891 1586 1007 1616 causam
1018 1584 1137 1615 videtur

96 1639 135 1649 —‹
183 1628 270 1659 Laelii
287 1637 374 1658 mens
385 1628 488 1667 spirare
504 1629 595 1658 etiam
611 1629 645 1657 in
654 1628 784 1668 scriptis,
807 1627 909 1658 Galbae
920 1635 1020 1657 autem
1029 1628 1076 1656 vis
1085 1637 1136 1656 oc-

85 1681 88 1683 *
117 1675 163 1707 25
185 1668 297 1700 cidifi'e.
320 1672 450 1700 Fuerunt
467 1672 560 1700 etiam
577 1672 610 1699 in
620 1679 771 1700 oratorum
784 1680 912 1700 numero
932 1668 1134 1699 mediocrium

183 1714 222 1743 L.
243 1713 276 1742 δε
292 1715 344 1752 Sp.
363 1714 509 1742 Mummii
520 1732 532 1746 ,v
548 1711 666 1746 fratres,
688 1722 818 1752 quorum
837 1710 954 1742 exstant
972 1710 1133 1742 amborum

181 1755 353 1784 orationes:
373 1752 497 1793 fimplex
507 1754 631 1795 quidem
641 1756 751 1784 Lucius
762 1774 770 1787 ‚
793 1754 989 1794 &antiquus:
1010 1754 1134 1792 Spurius

180 1804 279 1826 autem
299 1796 398 1825 nihilo
409 1797 460 1825 ille
478 1796 603 1837 quidem
618 1797 768 1828 ornatior,
788 1795 836 1825 sed
846 1803 948 1825 tamen
957 1794 1133 1825 adstrffifior.

179 1836 240 1868 fuit
256 1838 340 1867 enim
350 1836 456 1867 ἀοᾶυε
467 1847 505 1867 ex
514 1837 671 1877 disciplina
679 1840 860 1867 Stoicorum.
883 1837 989 1867 Multae
1005 1837 1072 1866 sunt
1082 1839 1131 1876 Sp.

180 1879 287 1909 Albini
305 1881 465 1908 orationes.
494 1882 571 1909 Sunt
585 1880 675 1908 etiam
686 1880 721 1908 L.
736 1879 768 1908 &
778 1879 1009 1909 C.Aureli0rum
1020 1877 1133 1908 Oresta-

179 1930 247 1951 rum
260 1939 269 1953 ,
290 1930 364 1960 quos
373 1921 473 1960 aliquo
482 1920 571 1950 video
582 1923 614 1949 in
625 1930 753 1950 numero
763 1929 915 1950 oratorum
933 1918 1030 1949 fuisse.
1050 1923 1080 1950 P.
1091 1928 1135 1950 et-

180 1963 242 1991 iam
260 1961 393 2000 Popilius
410 1960 481 1991 cum
491 1963 565 1991 civis
576 1963 708 2002 egregius
720 1981 728 1994 ‚
744 1970 810 2004 tum
822 1971 886 1991 non
897 1961 1055 1991 indisertus
1064 1960 1132 1991 fuit.

174 2005 218 2037 .C.
238 2001 327 2036 vero,
348 2001 427 2033 filius
446 2003 531 2041 ejus,
548 2003 681 2033 disertus,
714 2003 857 2043 Caju-sque
875 2002 1045 2032 Tuditanus
1061 2002 1133 2032 cum

180 2046 268 2074 omni
286 2046 364 2077 vita,
384 2053 469 2083 atque
486 2043 570 2074 victu
589 2044 742 2078 excultus,
763 2053 848 2085 atque
867 2044 1037 2085 expolitus,
1067 2052 1132 2073 tum

180 2086 245 2125 ejus
264 2086 380 2126 elegans
393 2086 436 2115 est
452 2086 588 2115 habitum
604 2088 693 2116 etiam
713 2088 856 2116 orationis
873 2096 976 2127 genus.
999 2085 1132 2116 Eodem-

177 2137 236 2168 que
254 2129 286 2156 in
304 2137 410 2168 genere
430 2127 473 2157 est
490 2128 608 2157 habitus
624 2129 668 2161 is,
697 2130 747 2168 qui
778 2128 887 2166 iniuria
911 2137 1025 2168 accepta
1045 2127 1133 2168 fregit

177 2171 228 2199 Ti.
241 2169 407 2199 Gracchum
419 2169 562 2210 parientia
573 2189 581 2202 ‚
602 2171 677 2199 civis
694 2172 727 2198 in
744 2169 830 2199 rebus
849 2171 973 2209 optimis
992 2169 1131 2200 constan-

178 2208 304 2241 tiffimus
314 2231 323 2245 ,
335 2213 378 2240 M.
390 2211 540 2240 Ostavius.
568 2213 607 2240 At
616 2209 688 2240 vero
699 2213 741 2240 M.
755 2212 898 2240 AEmilius
909 2211 1040 2250 Lepidus
1053 2231 1060 2245 ‚
1080 2213 1132 2251 qui

180 2251 223 2282 est
233 2254 355 2282 Porcina
366 2252 481 2286 dietus,
501 2252 608 2282 iisdem
627 2252 813 2292 temporibus
830 2251 892 2282 fere
906 2273 913 2285 ‚
934 2253 1042 2293 quibus
1060 2253 1130 2282 Gal—

178 2293 232 2327 ba,
251 2294 299 2323 scd
317 2294 417 2333 paullo
436 2295 538 2324 minor
555 2303 643 2327 natu,
667 2294 700 2323 &
719 2294 856 2324 summus
873 2304 972 2324 orator
991 2293 1033 2324 est
1048 2294 1130 2324 habi-

179 2343 244 2369 tus,
262 2335 295 2365 &
308 2337 388 2368 tuit,
409 2344 441 2365 ut
449 2336 828 2376 apparetexorationibus‚
848 2336 969 2376 scriptor
987 2336 1055 2366 sane
1076 2336 1129 2366 bo-

178 2387 244 2407 nus.
273 2379 341 2407 Hoc
359 2379 391 2407 in
409 2386 523 2408 oratore
540 2380 650 2407 Latmo
668 2376 803 2417 primum
821 2378 898 2407 mihi
917 2377 1129 2408 videtur&]e-

178 2420 254 2449 nitas
277 2417 435 2459 apparuisse
461 2419 513 2449 illa
539 2421 711 2450 Graecorum
727 2439 736 2453 ,
762 2419 794 2449 δε
813 2419 973 2449 verborum
991 2429 1130 2459 compre-

177 2459 281 2490 henfio
291 2481 300 2494 ,
318 2462 409 2490 etiam
419 2460 525 2491 artifex
542 2462 587 2499 (ut
601 2463 641 2491 ita
650 2461 760 2502 dicam)
779 2460 872 2490 stilus⁴
897 2464 988 2491 Hunc
998 2460 1129 2491 studiose

178 2501 240 2532 duo
257 2502 455 2532 adolescentes
473 2501 698 2544 ingeniosissimi
718 2523 729 2535 ,
752 2503 784 2532 &
803 2502 895 2542 prope
914 2503 1040 2544 aequales
1061 2523 1069 2536 ‚
1094 2505 1126 2532 C.

180 2543 292 2576 Carbo,
318 2544 407 2574 &Ti
420 2545 566 2574 Gracchus
576 2544 677 2575 audire
687 2545 767 2574 soliti
787 2545 855 2574 sunt
875 2555 880 2573 :
902 2544 939 2574 de
948 2544 1125 2585 quibusjam

177 2584 296 2615 dicendi
316 2585 402 2615 locus
418 2588 490 2620 erit,
509 2584 581 2616 curn
599 2586 636 2616 de
656 2586 822 2616 senioribus
841 2596 929 2625 pauca
947 2588 1063 2616 dixero.

176 2627 259 2656 enim
279 2627 438 2667 Pompejus
450 2637 515 2657 non
523 2635 694 2658 contemtus
712 2636 828 2661 orator,
849 2628 1034 2667 temporibus
1051 2627 1123 2661 illis,

176 2666 252 2702 fuit,
272 2670 323 2709 qui
335 2669 470 2699 summos
487 2670 638 2702 honores,
661 2669 757 2698 homo
776 2678 828 2709 per
846 2670 874 2698 se
885 2671 1043 2709 cognitus,
1065 2667 1125 2698 fine

175 2709 237 2740 ulla
246 2710 509 2741 commendatione
521 2711 661 2750 majorum
671 2710 713 2741 est
722 2711 853 2750 adeptus·
875 2713 959 2740 Tum
970 2713 1004 2740 L.
1017 2709 1126 2740 Caffius

177 2749 310 2781 multum
320 2754 436 2791 potuit,
456 2744 519 2782 fi‘on
529 2754 699 2793 eloquentia
710 2773 721 2785 2
739 2752 788 2783 sed
799 2752 928 2782 dicendo
937 2761 1037 2782 tamen
1050 2763 1056 2780 z
1068 2753 1125 2782 ho—

177 2802 232 2822 mo
244 2803 307 2823 non
319 2794 487 2824 liberalitate
497 2815 505 2827 ‚
517 2803 549 2824 ut
558 2795 608 2824 alii
620 2814 628 2827 ,
648 2793 696 2823 sed
705 2795 767 2834 ipsa
777 2793 893 2823 tristitia
905 2814 915 2827 ‚
929 2794 961 2823 &
973 2794 1122 2824 severitate

167 2834 306 2875 popuz'art‘a
324 2846 335 2861 .·
353 2836 435 2871 cujus
445 2836 570 2869 quidem
588 2836 646 2877 legi
657 2835 814 2866 tabellariae
825 2855 833 2869 ,
850 2837 897 2865 M.
909 2838 1018 2865 Antius
1028 2835 1121 2868 Briso,

173 2876 307 2906 tribunus
324 2877 364 2917 pl.
376 2876 427 2906 diu
446 2871 569 2912 restitit,
592 2877 763 2917 MLepido
782 2880 852 2908 Cos.
872 2876 1043 2918 adjuvante.
1067 2880 1123 2907 Ea-

1177 132 1304 190 Lm:
1339 136 1476 181 srv‘r.
1508 122 1777 182 Bitu-rtis.
2055 136 2145 200 13³5

1184 223 1241 252 que
1251 223 1297 243 res
1308 213 1484 244 P-Africano
1493 214 1706 253 vituperationi
1716 211 1790 246 fuit,
1802 211 1885 253 quod
1897 210 1924 251 ej
1928 222 1961 243 us
1971 211 2147 245 aussmritate

1184 254 1221 283 de
1234 255 1378 285 sententia
1388 254 1532 286 deduems
1544 256 1625 285 Briso
1633 254 1797 295 putabatur.
1823 257 1907 284 Tum
1919 254 1979 285 duo
1991 257 2149 294 Caepiones

1184 294 1317 325 multum
1336 297 1472 327 clienteis
1493 295 1619 326 consilio
1641 297 1673 327 ὃς
1686 296 1805 336 lingua,
1825 297 1892 336 plus
1910 296 2082 326 au&oritate
2101 307 2147 327 ta-

1184 344 1256 365 men
1267 356 1276 369 ,
1300 338 1333 367 δε
1343 341 1433 377 gratia
1443 337 1645 368 sublevabant.
1668 338 1725 369 Sed
1735 339 1872 377 Pompeii
1892 338 1961 368 sunt
1970 339 2074 378 scripta
2084 348 2143 369 nec

1183 377 1278 406 nimis
1289 387 1447 409 extenuata
1457 399 1465 412 ‚
1484 379 1677 425 (quamquam
1688 389 1823 409 veterum
1835 379 1877 409 est
1887 377 2004 420 fimilis)
2014 381 2047 409 δε
2056 381 2144 419 plena

1181 417 1356 455 prudentiae.
1381 423 1410 449 P.
1432 419 1563 450 Graiium
1581 421 1667 451 valde
1685 421 1843 461 probatum
1862 430 2012 451 oratorem
2032 421 2141 452 iisdem

1181 457 1245 488 fere
1263 461 1449 499 temporibus
1459 464 1624 500 accepimus
1635 483 1642 496 ‚
1663 465 1716 503 qui
1729 463 1895 504 &ingenio
1906 464 2017 496 valuit,
2038 463 2071 493 &
2082 463 2144 494 stu-

1182 498 1235 529 dio
1245 519 1253 533 ,
1266 500 1299 530 &
1308 500 1413 530 habuit
1422 503 1560 541 quasdam
1573 505 1661 533 etiam
1673 503 1849 534 domesticas
1859 504 2038 544 disciplinas.
2057 507 2138 536 Nam

1184 540 1294 571 &cum
1316 542 1503 571 summoillo
1521 553 1632 573 oratore
1644 562 1654 578 >
1678 548 1738 575 Ser.
1751 546 1842 576 Galba
1854 566 1861 579 ‚
1880 547 1965 585 cujus
1983 549 2013 576 C.
2029 545 2092 576 filio
2105 546 2141 577 fi-

1180 581 1253 612 liam
1264 583 1345 612 suam
1356 583 1572 617 collocaverat,
1582 584 1723 616 affinitate
1736 587 1794 617 sese
1803 587 1978 618 devinxerat
1990 599 1995 616 ;
2007 589 2051 621 &,
2067 587 2138 618 cum

1180 621 1238 653 effe
1250 626 1280 654 Ρ.
1297 626 1394 654 Mucii
1405 623 1485 654 filius
1498 645 1505 658 ‚
1517 624 1694 666 fratremque
1704 628 1823 658 haberet
1833 631 1862 658 P.
1875 630 2038 659 Scaevolarn
2054 650 2062 662 ,
2085 630 2142 659 do-

1181 667 1225 694 mi
1243 666 1292 704 jus
1310 667 1400 696 civile
1410 675 1598 706 cognoverat.
1622 670 1658 697 In
1677 678 1714 697 eo
1730 669 1906 700 industriam
1924 671 2039 701 constat
2056 672 2139 701 sum-

1181 716 1262 736 mam
1271 706 1358 737 fuisse
1370 728 1378 741 ,
1399 709 1626 748 maximamque
1642 711 1763 748 gratiam
1777 731 1785 742 ,
1807 711 1878 741 cum
1893 712 1925 741 δε
1936 713 2141 743 consuleretur

1177 746 1366 787 plurimum,
1388 749 1421 778 δε
1443 749 1562 778 diceret.
1603 751 1724 779 Horum
1744 752 1875 781 aetatibus
1894 752 2027 788 adjunffi
2047 758 2059 773 ¹
2077 754 2140 785 duo

1180 792 1211 819 C.
1225 792 1350 823 Fannii,
1375 793 1406 820 C.
1420 790 1452 820 &
1464 793 1508 819 M.
1530 789 1588 820 filii
1606 790 1728 821 fuerunt
1749 803 1754 820 2
1774 803 1904 832 quorum
1918 789 1950 824 C.
1962 794 2061 829 filius,
2085 798 2141 837 qui

1178 833 1247 861 Cos.
1268 842 1340 862 cum
1361 834 1504 862 Domitio
1524 830 1601 865 fuit,
1623 843 1714 862 unam
1735 836 1904 864 orationem
1923 836 1959 865 de
1980 838 2084 871 sociis²
2106 838 2140 868 δε

1177 874 1305 903 nomine
1324 875 1434 903 Latino
1445 895 1458 906 ‚.
1478 883 1579 903 contra
1595 876 1762 904 Gracchum
1782 875 1920 915 reliquit;
1937 878 2004 907 sane
2025 879 2058 908 δε
2079 879 2138 908 bo·

1177 925 1265 948 nam,
1288 915 1322 945 &
1339 916 1488 945 nobilem.
1512 918 1596 945 Tum
1609 918 1741 948 Atticus,
1768 917 1850 957 Qid
1869 921 1960 957 ergo?
1980 919 2061 949 estne
2083 920 2137 952 ista

1175 958 1303 986 Fannii?
1321 966 1392 986 nam
1402 958 1481 986 varia
1491 959 1598 997 opinio
1607 960 1705 997 pueris
1716 958 1803 988 nobis
1813 967 1881 988 crat.
1893 960 1945 989 alii
1956 959 1971 989 a
1982 963 2016 989 C.
2028 960 2135 995 Perfi)²

1174 997 1304 1028 litterato
1316 999 1441 1027 homine
1451 1019 1459 1031 2
1470 999 1609 1038 scriptam
1621 997 1679 1028 esse
1689 999 1807 1039 ajebant
1817 1019 1826 1033 ‚
1839 1000 1893 1029 illo
1905 1021 1913 1034 ‚
1924 1011 2015 1041 quem
2026 1000 2137 1042 fignifi-

1172 1048 1216 1069 cat
1227 1039 1313 1069 valde
1324 1039 1451 1069 dofiium
1463 1037 1520 1069 effe
1532 1041 1688 1070 Lucilius:
1702 1041 1753 1071 alii
1767 1042 1880 1071 multos
1890 1042 2020 1072 nobilcis
2032 1063 2039 1076 ‚
2051 1045 2134 1083 quod

1171 1082 1296 1121 quisque
1324 1079 1464 1120 potuisset
1483 1101 1491 1114 ‚
1522 1083 1556 1111 in
1574 1082 1657 1112 illam
1675 1085 1844 1112 orationem
1864 1083 2015 1120 contulzffi.
2046 1088 2130 1115 Tum

1172 1132 1246 1164 ego,
1269 1124 1380 1152 Audivi
1399 1122 1542 1163 equidem
1560 1122 1631 1157 ista,
1651 1126 1774 1165 inquam
1786 1145 1794 1158 ‚
1817 1125 1853 1155 de
1864 1125 2031 1164 majoribus
2051 1136 2136 1161 natu,

1171 1164 1220 1194 sed
1231 1174 1398 1205 numquam
1409 1165 1475 1194 sum
1485 1164 1628 1194 adduEhrs
1637 1185 1645 1198 ‚
1668 1175 1700 1195 ut
1710 1166 1859 1196 crederem
1871 1187 1879 1199 ‚
1899 1177 2030 1207 eamque
2041 1168 2136 1208 suspi-

1172 1207 1294 1235 cionem
1313 1215 1433 1246 propter
1450 1207 1526 1236 lianc
1547 1207 1663 1236 causam
1674 1207 1763 1237 credo
1783 1206 1887 1241 fuisse,
1910 1208 1993 1249 quod
2004 1211 2136 1240 Fannius

1173 1249 1206 1277 in
1217 1248 1420 1277 mediocribus
1436 1248 1601 1278 oratoribus
1620 1248 1737 1278 habitus
1747 1248 1818 1279 esset
1840 1260 1845 1278 t
1868 1253 1964 1280 oratio
1974 1260 2074 1281 autem
2086 1252 2135 1282 vel

1173 1291 1289 1328 optima
1307 1288 1380 1319 efl'et
1396 1290 1451 1319 illo
1471 1289 1596 1330 quidem
1619 1299 1754 1330 ternpore
1783 1293 1955 1321 orationum
1975 1295 2128 1322 omnium.

1174 1330 1222 1360 sed
1234 1341 1290 1360 nec
1298 1330 1447 1370 ejusmodi
1457 1331 1500 1361 est
1510 1351 1518 1364 ‚
1541 1340 1573 1361 ut
1583 1331 1598 1360 ὲ
1607 1332 1741 1371 pluribus
1752 1332 1875 1363 confusa
1885 1333 2026 1363 videatur.
2051 1344 2134 1364 unus

1174 1374 1258 1401 enim
1268 1373 1358 1402 sonus
1369 1372 1412 1402 est
1421 1374 1512 1402 totius
1523 1374 1666 1402 orationis
1677 1394 1685 1406 ‚
1707 1374 1739 1403 &
1749 1374 1831 1403 idem
1843 1373 1931 1404 stilus·
1949 1385 2004 1405 nec
2014 1375 2049 1405 de
2064 1379 2135 1406 Per-

1176 1412 1217 1443 sio
1236 1413 1395 1444 reticuiffet
1414 1415 1562 1444 Gracchus
1583 1434 1591 1448 ‚
1613 1418 1626 1433 ²
1645 1414 1717 1445 cum
1738 1415 1770 1445 &
1789 1418 1919 1446 Fannius
1938 1416 1975 1445 de
1994 1418 2135 1448 Menelao

1176 1456 1352 1485 Maratheno
1362 1475 1370 1489 ‚
1391 1456 1424 1486 δε
1443 1455 1479 1485 de
1490 1457 1592 1486 ceteris
1603 1455 1772 1496 objecisset,
1792 1458 1955 1497 praesertim
1973 1456 2045 1490 cum
2057 1462 2135 1489 Fan-

1175 1498 1243 1527 nius
1262 1507 1430 1538 numquam
1448 1495 1482 1527 fit
1501 1497 1618 1527 habitus
1636 1498 1756 1538 elzngtm.
1777 1509 1847 1529 nam
1866 1499 1898 1528 δε
1912 1500 2009 1529 causas
2028 1500 2135 1530 defen-

1175 1537 1288 1573 sitavit,
1313 1539 1346 1569 δε
1364 1539 1531 1569 tribunatus
1551 1540 1635 1579 eju5‚
1657 1540 1781 1570 arbitrio
1802 1541 1834 1570 &
1852 1540 2027 1571 merorum
2048 1545 2077 1572 P.
2091 1546 2135 1572 A-

1174 1579 1281 1610 fricani
1300 1580 1398 1621 gestus
1417 1601 1426 1614 ,
1449 1591 1514 1610 non
1532 1581 1672 1611 obscurus
1690 1580 1757 1611 suit.
1790 1582 1874 1612 Alter
1890 1592 1989 1612 autem
2011 1585 2044 1613 C.
2058 1586 2134 1614 Fan-

2164 421 2211 455 26

1174 1623 1263 1656 nius,
1291 1625 1335 1652 M.
1347 1625 1379 1652 F.
1401 1625 1432 1653 C.
1443 1623 1530 1653 Laelii
1539 1633 1648 1664 gener,
1668 1623 1700 1653 &
1720 1624 1874 1658 moribus,
1895 1624 2007 1664 &ipso
2024 1635 2134 1665 genere
2151 1649 2154 1651 .

1173 1664 1292 1694 dicendi
1315 1664 1426 1694 durior.
1473 1667 1502 1694 Is
1524 1665 1618 1694 soceri
1639 1664 1778 1695 instituto
1794 1686 1802 1699 ‚
1827 1676 1922 1706 quem
1936 1686 1945 1699 2
1981 1669 2051 1706 quia
2080 1677 2136 1698 co·-

1173 1715 1289 1746 optatus
1308 1708 1340 1736 in
1359 1716 1507 1748 augurum
1525 1706 1690 1748 collegium
1709 1717 1771 1737 non
1783 1709 1859 1743 erat,
1883 1717 1946 1737 non
1964 1708 2132 1743 admodum

1172 1746 1330 1788 diligebat,
1350 1748 1510 1788 praesertim
1529 1747 1601 1778 cum
1612 1748 1663 1778 ille
1681 1750 1894 1789 QScaevolam
1914 1748 1966 1779 fibi
1978 1752 2133 1781 minorem

1173 1799 1244 1820 natu
1253 1800 1397 1832 generum
1408 1788 1580 1830 praetulisset
1604 1800 1609 1819 :
1632 1792 1681 1820 cui
1700 1800 1801 1821 tamen
1813 1793 1923 1821 Laelius
1938 1792 1966 1821 se
1979 1793 2134 1827 excusans,

1173 1842 1236 1861 non
1254 1842 1364 1872 genero
1381 1833 1496 1861 minori
1513 1831 1592 1862 dixit
1611 1832 1640 1862 se
1659 1832 1755 1866 illud,
1774 1833 1821 1863 sed
1843 1833 1951 1872 majori
1961 1832 2031 1863 filiae
2048 1834 2135 1864 deru-

1175 1872 1240 1903 liss'e
1262 1883 1268 1902 :
1290 1877 1320 1904 Is
1339 1883 1439 1904 tamen
1449 1872 1587 1904 instituto
1598 1874 1684 1903 Laelii
1697 1876 1861 1904 Panaetiurn
1877 1874 2035 1905 audiverat.
2059 1877 2134 1916 Ejus

1176 1917 1279 1945 omnis
1300 1918 1334 1945 in
1355 1916 1482 1946 dicendo
1510 1914 1631 1945 facultas
1659 1925 1696 1945 ex
1722 1916 1845 1946 historia
1873 1915 1963 1955 ipsius
1992 1924 2056 1947 non
2084 1919 2136 1947 in—

1174 1957 1322 1997 eleganter
1340 1957 1443 1996 scripta
1460 1957 1584 1996 perspici
1602 1956 1715 1996 potest:
1734 1967 1799 1997 quae
1818 1967 1915 1998 neque
1926 1960 2019 1987 nimis
2028 1957 2072 1988 est
2082 1960 2134 1988 in-

1173 1997 1237 2028 sans
1249 2018 1259 2031 5
1270 2008 1366 2039 neque
1376 1997 1506 2038 perfidie
1518 1998 1630 2028 diserta.
1654 2000 1775 2028 Mucius
1785 2008 1884 2029 autem
1893 2009 1983 2040 augur
1992 2020 2000 2033 ‚
2025 2003 2038 2026 3
2048 2000 2131 2040 quod

1172 2049 1226 2079 pro
1237 2040 1265 2070 se
1275 2050 1350 2080 opus
1362 2049 1420 2070 emt
1432 2060 1440 2073 ‚
1462 2040 1523 2079 ipse
1541 2039 1674 2073 dicebat,
1698 2049 1730 2070 ut
1749 2040 1785 2070 de
1803 2042 1940 2081 pecuniis
1957 2041 2131 2081 repetundis

1173 2090 1274 2112 contra
1285 2084 1323 2112 T.
1335 2081 1509 2112 Albucium.
1532 2083 1558 2111 is
1568 2090 1722 2111 oratorum
1733 2084 1766 2112 in
1776 2092 1905 2112 numero
1914 2083 2060 2113 nonfuit:
2079 2085 2132 2123 ju-

1173 2125 1212 2153 ris
1222 2125 1321 2153 civilis
1330 2124 1528 2164 intelligentia
1539 2144 1548 2156 ‚
1571 2132 1657 2165 atque
1668 2125 1755 2153 omni
1765 2124 1930 2164 prudentia:
1941 2134 2047 2166 genere
2057 2135 2132 2164 prae·

1171 2165 1253 2195 stitit.
1277 2167 1313 2195 L.
1324 2166 1437 2195 Coelius
1447 2167 1602 2205 Antipater
1612 2186 1620 2199 ,
1634 2166 1757 2205 scriptor
1766 2166 2037 2207 (quemadmodum
2046 2167 2132 2196 vidc-

1171 2209 1220 2246 tis)
1232 2206 1300 2240 fuit,
1314 2216 1346 2237 ut
1355 2207 1542 2246 temporibus
1551 2207 1624 2241 illis,
1636 2208 1817 2241 luculentus,
1826 2209 1901 2248 juris
1911 2207 1995 2237 valde
2005 2211 2134 2248 peritus,

1171 2250 1337 2278 multorum
1351 2250 1439 2278 etiam
1452 2269 1460 2282 ‚
1473 2258 1505 2278 ut
1515 2251 1552 2278 L.
1566 2247 1650 2279 Craffi
1664 2270 1672 2281 ,
1686 2249 1833 2290 magister.
1877 2251 2003 2279 Utinam
2013 2253 2046 2279 in
2057 2253 2134 2280 Tito

1171 2292 1370 2326 Graccthai
1374 2300 1451 2331 oque
1461 2291 1594 2320 Carbone
1605 2291 1670 2321 talis
1681 2301 1767 2321 mens
1778 2291 1813 2322 ad
1822 2291 2040 2331 rempublicam
2051 2291 2131 2322 bene

1169 2332 1330 2374 gerendam
1350 2331 1450 2362 fuisset
1459 2352 1467 2366 ‚
1484 2333 1569 2372 quale
1579 2334 1737 2373 ingenium
1748 2333 1783 2363 ad
1794 2333 1869 2363 bene
1880 2332 2042 2363 dicendum
2053 2332 2111 2363 suit
2124 2336 2130 2363 Ξ

1170 2373 1307 2414 profesio
1317 2384 1410 2404 nemo
1422 2374 1466 2403 his
1477 2376 1550 2404 viris
1555 2374 1650 2414 gloria
1658 2373 1842 2414 praestitiss'et.
1873 2374 1928 2404 Sed
1943 2384 2048 2404 eorum
2058 2375 2132 2405 alter

1169 2425 1287 2456 propter
1295 2414 1580 2446 turbulennffimum
1592 2416 1776 2446 tribunatum
1787 2436 1795 2449 ,
1816 2416 1850 2446 ad
1860 2425 1952 2457 quem
1962 2426 2000 2445 ex
2010 2416 2131 2448 invidia

1170 2458 1291 2487 foederis
1300 2459 1484 2487 Numantini
1496 2457 1584 2487 bonis
1594 2459 1684 2488 iratus
1703 2457 1852 2487 access'erat
1865 2478 1873 2490 ,
1893 2458 1929 2487 ab
1947 2458 2006 2497 ipsa
2024 2458 2128 2497 repub.

1169 2499 1212 2529 est
1222 2499 1395 2529 interfcaestus
1407 2509 1412 2528 t
1433 2499 1504 2529 alter
1513 2509 1632 2538 propter
1640 2508 1816 2538 perpetuam
1825 2501 1857 2528 in
1866 2499 2000 2538 populari
2011 2502 2130 2530 ratione

1168 2542 1321 2571 levitatem
1332 2561 1340 2574 ,
1362 2550 1459 2570 morte
1479 2541 1645 2570 voluntaria
1660 2541 1688 2570 se
1699 2541 1714 2570 ὲ
1723 2540 2017 2579 severitatejudicum
2026 2541 2130 2571 vindi·

1087 2589 1140 2626 Q
1168 2585 1254 2613 cavit.
1283 2583 1339 2613 Sed
1349 2581 1407 2612 fuit
1417 2592 1538 2622 uterque
1550 2583 1685 2612 summus
1696 2592 1814 2616 orator,
1835 2592 1920 2623 atque
1931 2583 1989 2612 hoc
2000 2593 2128 2612 memo-

1167 2627 1208 2655 ria
1216 2634 1333 2664 patrum
1346 2623 1416 2655 teste
1426 2624 1565 2654 dicimus.
1589 2634 1659 2653 nam
1672 2624 1703 2653 δε
1714 2624 1858 2654 Carbonis
1870 2644 1878 2657 ,
1897 2624 1930 2653 δέ
1941 2625 2066 2654 Gracchi
2077 2626 2130 2654 ha·-

1168 2667 1274 2696 bemus
1286 2668 1454 2698 orationes,
1467 2665 1606 2695 nondum
1617 2665 1683 2695 satis
1693 2665 1859 2705 splendidas
1869 2665 1967 2696 verbis
1979 2686 1986 2699 ‚
2000 2666 2047 2695 sed
2057 2676 2127 2696 acu-

1167 2717 1208 2738 tas
1219 2728 1227 2741 ‚
1248 2707 1472 2748 prudentiaeque
1492 2705 1684 2747 plenissimas.
1717 2709 1785 2737 Fuit
1804 2708 1953 2737 Gracchus
1973 2708 2131 2745 diligenti-1

1168 2750 1315 2780 Corneliae
1326 2756 1422 2777 marm
1431 2752 1446 2778 a
1455 2758 1548 2788 puero
1559 2748 1666 2778 doetus
1677 2769 1684 2781 ,
1699 2749 1732 2779 ‘dc
1743 2751 1852 2779 Graecis
1863 2749 1968 2778 litteris
1979 2751 2132 2778 eruditus..

1167 2802 1237 2821 narn
1249 2792 1364 2831 semper
1373 2791 1475 2820 habuit
1483 2788 1645 2831 exquisitos
1655 2790 1671 2819 ὲ
1685 2793 1797 2820 Graecia
1807 2789 1960 2831 magzstros,
1972 2793 2004 2820 in
2013 2793 2053 2820 eis
2062 2791 2127 2829 jam

1165 2833 1335 2867 adolescens
1346 2833 1540 2871 Diophanem
1552 2832 1775 2871 Mitylcnaeum‚
1788 2835 1908 2862 Gsaeciae
1918 2852 1927 2866 ,
1939 2833 2126 2872 temporibus

1166 2875 1227 2905 iilis
1239 2895 1247 2909 ,
1268 2872 1502 2905 disertiffimum.
1524 2873 1572 2904 sed
1584 2874 1616 2904 &
1627 2873 1716 2904 breve
1728 2883 1845 2915 tempus
1859 2875 1974 2915 ingenii
1984 2873 2130 2945 auggffidi'

2090 2926 2127 2945 e-

214 3054 224 3071 ι
232 3065 238 3071 .
256 3049 304 3072 Duo
312 3048 340 3072 C.
351 3050 438 3073 Fanni!
450 3066 457 3078 ‚
475 3050 503 3073 C.
512 3048 541 3077 (ῐγ
551 3052 590 3074 M.
599 3050 650 3082 filii
662 3048 788 3082 fuerunt]
810 3046 943 3074 particula
953 3047 982 3077 ,ἐν
991 3056 1042 3072 non
1053 3047 1089 3073 cst
1099 3047 1127 3072 in
1170 3049 1196 3073 te
1208 3045 1323 3081 apertior
1334 3044 1417 3071 fuerit
1427 3054 1458 3070 eo
1469 3043 1548 3070 modo
1560 3043 1697 3070 sententia.

175 3080 320 3114 Cujac'mno
331 3101 338 3113 ,
349 3092 433 3118 neque
442 3082 559 3118 agnoscit
570 3084 654 3109 Palat.
666 3084 711 3120 qui
721 3084 799 3110 habet
809 3085 825 3110 a
836 3093 914 3110 manu
928 3082 1108 3110 emendatrice
1120 3102 1128 3115 ,

177 3117 265 3141 fannii
276 3134 284 3147 ‚
293 3119 402 3151 Cn.filii.

211 3159 240 3178 2·
259 3153 315 3179 Cum
323 3153 352 3185 (³2·
361 3156 469 3183 Famm
478 3155 504 3182 dc
512 3154 646 3191 Menelao]
657 3154 756 3184 Forsan
766 3155 833 3191 fuit,
843 3164 894 3183 oum
903 3157 925 3183 σι’
934 3158 1061 3189 Fannim5
1072 3163 1128 3183 cer·
1171 3153 1247 3181 binus
1259 3172 1269 3186 ‚
1278 3153 1340 3189 quod
1347 3160 1401 3187 opus
1410 3159 1463 3181 emt
1475 3153 1536 3189 ‚ipft
1540 3160 1585 3186 per
1588 3153 1616 3188 se
1626 3171 1634 3187 ,
1644 3152 1695 3185 &aa
1705 3153 1805 3188 inepte.

1207 3090 1232 3116 3.
1253 3082 1394 3114 Qodprwsc
1403 3089 1459 3113 opus
1468 3087 1531 3111 erar,
1541 3080 1608 3114 ᾦα]
1622 3080 1701 3106 Haud
1713 3080 1790 3106 aliter
1800 3079 1884 3106 editio
1894 3079 1925 3105 P.
1937 3078 2064 3108 Manum,
2079 3085 2128 3103 nec

1171 3116 1270 3143 recedit
1282 3117 1337 3142 Pal.
1349 3124 1394 3142 aut
1404 3116 1497 3150 Cujac.
1517 3116 1624 3152 vulgata
1637 3136 1644 3148 ,
1655 3117 1789 3149 q110dpe1-Jk
1801 3134 1809 3147 ‚
1819 3116 1870 3147 ὼτ.
1889 3114 1958 3143 unde
1970 3115 2033 3141 iecit
2044 3114 2126 3138 Lam·-

2007 3194 2029 3212 x.
2040 3184 2136 3220 Carbo„
