2360 3400
8 334 23 487 ‘e-›s-aaczss
12 312 17 318 i
12 258 14 262 v
13 224 17 229 ,
8 172 19 202 ⁷4.

133 2251 180 2282 24

365 122 572 178 Ep1s-rj
610 140 688 170 An
726 121 796 169 M.
831 122 1231 177 VARRONEM,
1267 135 1339 167 Ετ·
1374 120 1691 180 Cssranos,
1729 126 1851 174 L13.
1888 128 1978 178 IX.
2061 145 2158 193 715·

200 220 262 253 quo
272 217 305 241 tu
317 209 387 240 usus
397 218 436 239 es⁴
459 206 561 248 Qid,
575 203 657 247 quod
668 203 761 246 vulgo
773 203 882 234 dicitur
891 225 900 238 ,
912 204 992 236 Cum
1003 214 1060 234 nos
1071 212 1098 234 te
1106 214 1161 235 vo-
1182 216 1184 246 5
1202 204 1254 236 ni,
1273 202 1307 233 δε
1320 202 1489 235 Fabrateriae
1498 205 1622 237 consilia
1635 207 1704 238 sunt
1714 209 1787 239 inita
1799 208 1836 239 de
1849 219 1898 240 me
1909 229 1918 243 ‚
1937 219 2003 251 quae
2021 218 2049 240 te
2069 211 2160 242 video

200 254 316 284 luimus
335 251 500 282 convenire
517 268 526 282 ‚
550 257 626 278 num
644 246 806 277 obscenum
827 245 868 276 est
887 249 898 275 ?
936 248 1087 280 Memini,
1127 247 1160 275 in
1203 244 1365 275 inaudisse:
1386 246 1440 280 &‚
1458 246 1537 288 quali
1547 248 1733 284 divinarent,
1754 251 1843 291 quam
1855 253 1903 281 liis
1912 251 2056 283 molestus
2066 251 2159 284 ess‘em

200 295 300 326 senatu
312 293 453 324 disertum
465 290 653 321 consularem
663 290 703 319 m
718 289 829 329 eloqui,
854 291 941 319 Hanc
956 289 1073 328 culpam
1093 297 1158 317 ma-
1200 285 1330 319 futurus,
1343 289 1420 317 nihil
1431 289 1511 320 aliud
1523 300 1647 331 egerunt
1662 311 1670 325 ‚
1682 290 1735 321 nisi
1746 303 1796 322 me
1807 303 1839 323 ut
1849 294 2158 337 opprimerent.Qod

198 337 298 378 jorern
309 355 317 369 ‚
337 344 374 364 an
391 334 475 363 illam
493 332 613 362 dicam?
630 333 728 371 potuit
742 330 920 360 obscenius?
940 340 1003 360 non
1015 350 1023 363 ,
1043 329 1154 369 inquis.
1200 337 1255 373 ego
1266 338 1328 357 non
1342 328 1489 369 suspicans
1500 351 1508 365 ‚
1529 333 1676 362 incautior
1689 332 1810 364 fuissem
1822 355 1831 368 ,
1851 335 1906 365 nisi
1918 336 1933 366 a
1944 345 1971 366 te
1982 336 2159 367 admonitus

200 388 264 409 non
274 377 406 407 enimita
419 372 514 405 sensit.
538 375 612 403 Non
631 373 701 413 ergo
720 377 752 402 in
770 373 862 402 vei-bo
880 371 929 402 est.
954 372 1155 402 docuiautem
1199 368 1299 398 estem-
1324 372 1527 409 Qamobrem
1550 373 1601 403 istc
1621 384 1688 404 tuus
1707 378 1823 406 amicus
1840 378 1916 418 apud
1938 388 1987 408 me
2009 387 2074 408 non
2092 387 2160 420 eget

201 421 235 450 in
253 429 283 448 re
301 427 364 448 non
383 415 450 446 effe.
473 415 621 456 nusquam
635 417 726 455 igitui-
739 414 792 445 est.
817 413 933 444 Liberis
943 413 1009 444 dare
1020 422 1154 453 operam,
1179 405 1180 421 ¹
1199 414 1476 443 commendatione.
1501 416 1628 445 Utinam
1645 426 1678 446 ea
1694 416 1811 448 fortuna
1827 421 1899 459 reip.
1912 418 1964 453 sit,
1987 429 2019 449 ut
2038 420 2090 449 ille
2106 430 2159 450 me

200 460 290 502 quhm
301 457 566 489 honestedicitur?
581 460 670 487 emm
681 466 774 497 patres
786 453 988 497 rogantfinos,
1011 457 1075 495 ejus
1085 463 1154 493 ope-
1178 482 1179 495 *
1199 451 1288 491 quani
1309 453 1505 493 gratillimum
1525 455 1610 493 poffit
1627 460 1813 498 cognoscere.
1843 461 1899 492 Sed
1918 462 1980 492 haec
1998 461 2154 492 haetenus.

201 513 241 533 rae
253 511 366 531 nomen
376 510 440 530 non
450 500 560 530 audent
569 500 678 529 dicere.
701 501 851 528 Socratem
864 496 975 527 fidibus
985 497 1088 527 docuit
1098 505 1156 525 no·
1177 498 1179 521 ,¹
1201 496 1246 523 Te
1256 494 1290 523 ad
1302 504 1388 524 cenas
1400 497 1469 525 imre
1481 496 1581 527 desiss‘e
1591 518 1598 532 ‚
1611 499 1736 530 moleste
1745 500 1819 531 fero.
1850 505 1959 544 Magna
1971 505 2054 533 enim
2066 512 2093 533 te
2103 503 2158 534 de-

198 541 359 575 biliffimus
372 541 494 572 fidicen.
518 544 548 572 Is
559 544 694 571 Cornnus
713 542 859 570 vocitatus
878 538 929 569 est.
953 548 1028 569 num
1049 538 1081 568 id
1101 537 1157 567 ob·
1177 528 1179 559 1
1199 533 1377 582 &Rati-one,
1393 536 1723 579 &voluPtateprivasti.
1747 543 1866 574 Deinde
1877 548 1969 576 etiam
1979 545 2158 584 vei-conffl-

197 586 321 617 scenurri
332 593 415 625 putas
427 587 436 613 ?
449 583 526 613 cum
538 585 693 624 loquimur
702 583 777 612 terni
788 602 796 615 ,
810 581 885 611 nihil
896 580 1001 622 flagitii
1012 580 1154 610 dicimus.
1176 597 1178 621 l
1197 585 1243 606 cet
1252 586 1336 622 enim
1347 586 1452 607 verum
1463 578 1572 619 dicere)
1583 590 1620 610 ne
1630 583 1730 612 neseio
1741 585 1813 624 quid
1822 586 1899 617 illud
1908 606 1917 620 ‚
1935 586 2017 627 quod
2027 587 2153 621 solebas»

197 636 226 658 at
237 626 308 657 cum
320 628 396 660 bini,
409 626 571 656 obscenum
583 625 634 655 est.
658 625 770 654 Graecis
781 623 915 663 quidem,
927 624 1056 662 inquies.
1079 621 1157 651 nihil
1176 652 1178 665 Ι
1198 617 1330 647 dediscas
1342 638 1350 652 ‚
1367 619 1398 649 ὃς
1410 619 1585 651 obliviscare
1596 624 1713 654 cenulas
1724 624 1825 656 facere.
1861 630 1940 659 Nam
1954 627 1974 658 fi
1985 637 2049 659 tum
2062 648 2070 662 ,
2081 627 2155 659 cum

199 668 243 699 est
252 679 321 710 ergo
335 671 367 698 in
384 669 493 701 verbo,
513 677 609 708 quum
621 668 718 706 &ego
730 664 832 695 Graece
843 665 922 694 scio:
944 664 1087 694 &tamen
1098 663 1153 693 tibi
1176 670 1178 687 i
1198 659 1324 689 habebas
1337 679 1345 693 ‚
1364 670 1440 701 quos
1456 663 1607 692 imitarere
1619 683 1627 696 ‚
1648 674 1709 694 non
1726 668 1857 698 multum
1871 668 2062 709 proficiebas:
2083 670 2157 711 quid

199 711 269 741 dico
283 731 291 744 ‚
313 710 397 740 bins,
419 711 509 751 idque
523 718 554 739 ω
566 709 638 739 facis
648 729 656 743 ‚
675 705 754 748 quasi
764 716 819 745 ego
829 704 932 735 Graece
942 725 950 738 ,
971 715 1035 734 non
1045 704 1153 735 Latine
1176 719 1177 723 =
1197 711 1277 731 nunc
1289 711 1316 731 te
1325 701 1476 732 fastorum
1487 707 1614 742 putem?
1635 708 1783 744 Spurinna
1796 711 1919 749 quidem
1932 732 1940 745 ‚
1961 712 2032 742 cum
2047 714 2074 741 ei
2089 721 2155 742 rem

198 753 343 783 dixerim.
365 755 463 785 Ruta,
483 752 516 781 &
533 759 653 783 menta,
674 748 754 778 i-ecte
774 756 942 786 utrumque.
966 747 1048 776 Volo
1066 755 1154 776 men-

200 803 261 825 tam
280 793 416 834 pusillam
434 796 474 824 ita
491 791 635 832 appellare
647 811 655 824 ,
676 799 708 819 ut
722 788 870 819 rutulam:
890 797 952 817 non
972 788 1050 817 licet.
1075 788 1156 817 Bella

198 836 371 867 teaoriola:
393 835 441 865 dic
451 844 520 876 ergo
531 836 619 863 etiam
630 833 801 872 pavimenta
813 828 871 860 isto
887 829 992 859 modo.
1017 840 1079 860 non
1097 839 1153 870 po-

199 887 252 909 tes.
277 877 388 908 Viden’
400 878 492 918 igitur
507 876 585 905 nihil
605 873 681 907 effe,
702 871 757 902 nisi
771 873 913 911 ineptias:
934 872 1152 911 turpitudinem

197 930 254 950 nec
271 921 304 950 in
322 918 415 949 verbo
428 916 505 950 effe,
524 917 622 946 necin
637 925 683 945 re:
704 914 957 955 itaquenusquain
969 912 1036 943 effe.
1060 915 1155 954 Igitur

196 963 230 991 in
248 961 348 995 verbis
367 957 499 989 honestis
517 958 644 988 obscena
661 959 815 996 ponimus.
841 959 851 975 ¹
864 956 946 995 Qid
964 958 1047 986 enim
1060 976 1069 990 ,
1088 965 1153 985 non

196 1001 358 1033 honestum
377 1000 502 1031 verbum
523 999 565 1030 est
583 999 715 1029 divisor?
738 1001 777 1028 At
795 996 872 1027 inest
890 998 1055 1028 obscenum
1070 1018 1080 1031 ,
1104 999 1154 1028 cui

194 1042 560 1085 respondetintercapedo.
583 1051 658 1071 num
676 1043 739 1071 haec
756 1049 825 1081 ergo
836 1039 962 1070 obscena
971 1040 1061 1070 sunt?
1084 1042 1152 1070 Nos

189 1095 296 1117 ‚autem
309 1084 446 1115 ridicule.
470 1086 497 1114 Si
510 1084 640 1114 dicimus
652 1100 662 1116 1
679 1083 730 1112 ille
739 1091 853 1122 patrem
865 1080 1076 1123 strangulavit,
1097 1083 1153 1111 ho—

195 1137 303 1158 norem
322 1137 385 1157 non
403 1124 571 1166 praefamur.
596 1123 638 1154 sin
649 1125 684 1155 de
694 1125 815 1154 Aurelia
824 1124 936 1164 aliquid
949 1143 958 1157 ‚
977 1133 1026 1153 aut
1035 1123 1151 1153 Lollia:

194 1171 293 1200 honos
310 1168 476 1210 praefandus
494 1166 544 1197 est.
578 1170 616 1197 Et
629 1166 752 1207 quidem
764 1167 826 1205 jam
843 1175 906 1195 non
922 1167 1012 1196 etiam
1026 1165 1154 1195 obscena

193 1211 282 1242 verba
296 1232 304 1245 ‚
326 1221 380 1251 pro
401 1210 537 1239 obscenis
554 1209 632 1239 sunt.
668 1209 785 1241 Exuit,
806 1209 921 1248 inquit,
945 1207 1152 1247 impudenter:

195 1252 287 1293 depsit
304 1253 405 1282 multo
424 1249 640 1291 impudentius.
664 1252 754 1291 Atqui
765 1259 907 1279 neutrum
918 1248 961 1279 est
970 1250 1151 1279 obscenum:

196 1303 402 1327 surm-onum
416 1293 504 1333 plena
514 1293 704 1322 suntomnia.
729 1290 833 1321 Testes
845 1311 853 1325 ,
868 1291 998 1322 vei-bum
1006 1290 1154 1320 honestis-

199 1335 309 1366 simum
321 1335 494 1375 injudicio:
510 1335 569 1364 alio
580 1334 666 1367 loco,
683 1343 747 1363 non
757 1334 862 1362 nimis.
885 1342 913 1362 at
924 1332 1041 1362 honesti
1054 1352 1063 1365 ‚
1075 1332 1152 1362 colei

197 1379 366 1408 Lanuvini:
385 1377 566 1408 Cliternini,
582 1385 645 1405 non
658 1373 787 1405 honesti.
811 1373 892 1412 Quid
906 1377 915 1403 ?
935 1375 993 1414 ipsa
1003 1384 1049 1404 res
1060 1372 1154 1404 modo

197 1418 322 1450 honesta
332 1438 340 1452 ,
362 1416 458 1448 modo
468 1418 583 1458 turpis?
602 1416 777 1456 ²suppedit‚
794 1415 940 1456 flagitium
953 1415 1004 1446 est.
1024 1417 1088 1456 jam
1099 1418 1155 1445 erit

195 1461 294 1492 nudus
313 1464 346 1490 i'n
359 1460 468 1490 balneo
479 1479 488 1492 ‚
510 1468 573 1488 non
588 1457 795 1499 reprehendes.
820 1458 921 1488 Habes
931 1457 1065 1488 scholam
1075 1460 1155 1488 Stoi-

192 1519 259 1542 cam
271 1530 280 1543 ‚
300 1504 314 1535 ὸ
330 1502 428 1540 πΦὸς
444 1497 725 1549 όῦθυῤῥῆμωῖσῃ
750 1506 840 1548 quam
853 1507 947 1538 multa
960 1517 998 1537 ex
1011 1517 1075 1538 uno
1089 1517 1155 1538 vei·-

195 1552 236 1582 bo
255 1550 329 1581 tuo‘?
350 1553 397 1581 Te
415 1549 552 1580 adversus
571 1559 622 1579 me
638 1551 743 1580 omnia
755 1549 863 1579 audere
879 1558 997 1590 gratum
1012 1548 1064 1580 est.
1088 1552 1153 1590 Ego

194 1594 279 1625 servo
290 1613 298 1626 ‚
308 1592 352 1622 ἐς
369 1591 489 1623 servabo
500 1590 549 1630 (sic
559 1593 644 1621 enim
654 1589 776 1631 afl‘uevi)
786 1592 919 1622 Platonis
929 1591 1153 1622 verecundiam.

195 1637 298 1676 Itaque
307 1633 394 1664 tediis
404 1634 502 1663 verbis
512 1644 544 1674 ea
554 1633 589 1663 ad
600 1643 628 1663 te
640 1632 735 1673 scripfi
747 1653 755 1667 ‚
775 1644 842 1674 quae
859 1633 1046 1674 apertissimis
1063 1642 1155 1676 agunt

193 1678 299 1713 Stoici.
323 1677 379 1707 Sed
390 1676 435 1706 illi
446 1685 534 1705 etiam
545 1679 673 1715 crepitus
684 1684 767 1715 ajunt
777 1676 859 1716 aeque
870 1676 980 1706 liberos
991 1695 999 1710 ,
1011 1685 1044 1706 ac
1052 1674 1154 1705 ruatis

193 1717 252 1749 effe
263 1716 409 1758 oportere.
435 1719 594 1748 Honorem
605 1719 704 1758 igitur.
723 1718 866 1748 Kalendis
876 1720 964 1748 Mart.
988 1720 1038 1749 Tu
1048 1727 1099 1748 me
1108 1717 1155 1748 di-

195 1761 269 1801 liges
280 1780 289 1794 ,
300 1760 333 1790 &
342 1760 466 1791 valebis.

370 1812 562 1840 CICERO
587 1812 800 1841 PAPIRIO
821 1813 978 1842 PAETO.

302 1860 326 1888 E
337 1867 357 1886 R
369 1867 380 1886 1
395 1859 466 1886 veni
476 1859 509 1886 in
520 1860 693 1887 Cumanum
705 1867 711 1886 :
723 1867 782 1888 cras
791 1857 826 1888 ad
838 1866 865 1887 te
873 1855 1003 1888 fortasse.
1015 1856 1071 1887 Sed
1082 1855 1152 1887 cum

295 1908 408 1929 certum
426 1899 512 1928 sciam
525 1918 534 1932 ‚
556 1898 662 1929 faciam
676 1909 702 1928 te
710 1899 812 1938 paullo
823 1908 890 1929 ante
900 1900 1070 1929 certiorem.
1095 1897 1153 1929 Etsi

196 1942 241 1970 M.
253 1943 408 1980 Cep-arius,
429 1950 500 1969 curn
519 1941 596 1970 mihi
616 1942 648 1970 in
667 1938 737 1971 silva
748 1940 910 1971 Gallinaria
920 1940 1043 1971 obviam
1054 1940 1154 1971 venis-

195 1983 237 2013 set
247 2002 255 2015 ,
268 1981 491 2023 quaesissemque
501 2001 508 2015 ,
521 1981 592 2022 quid
603 1992 700 2023 ageres
711 2002 720 2016 ,
732 1982 810 2012 dixit
821 1991 849 2012 te
860 1983 892 2011 in
904 1981 982 2019 leole
992 1980 1060 2015 esse,
1069 1981 1152 2022 quod

195 2034 233 2053 ex
243 2024 368 2063 pedibus
381 2024 539 2053 laborares.
563 2026 636 2053 Tuli
645 2024 755 2053 scilicet
766 2023 894 2053 moleste
905 2043 914 2056 ‚
930 2033 964 2053 ut
973 2023 1063 2053 debui
1076 2034 1081 2052 τ
1103 2023 1151 2053 sed

195 2075 296 2095 tamen
306 2064 449 2095 constitui
460 2065 494 2094 ad
505 2073 532 2094 te
542 2066 644 2095 venire
657 2084 665 2098 ‚
685 2065 761 2095 ut&
771 2065 905 2095 viderem
919 2074 946 2094 te
959 2085 966 2098 ‚
980 2065 1012 2094 ὃς
1022 2065 1151 2094 viserem

195 2107 229 2137 &
246 2116 384 2137 cenarem
405 2108 506 2136 etiam.
530 2109 605 2136 Non
617 2108 701 2136 enim
710 2107 836 2136 arbitror
845 2116 952 2136 cocum
965 2108 1054 2136 etiam
1069 2115 1095 2135 te
1109 2116 1155 2135 ar-

194 2149 348 2179 thriticum
367 2148 481 2177 habere.
506 2146 653 2187 Exspeslm
670 2150 760 2188 igitur
772 2148 922 2187 hospitem
935 2146 1006 2178 cum
1020 2147 1151 2178 minime

194 2190 315 2221 edacem
329 2210 339 2224 ,
354 2198 419 2220 tum
432 2191 596 2220 inimicum
606 2192 687 2220 cenis
698 2188 866 2220 sumtuofis.
1036 2201 1043 2206 ·

488 2242 679 2270 CICERO
700 2242 856 2270 PAETO.

281 2289 410 2316 UFoM
430 2284 519 2314 istum
531 2304 540 2318 ,
559 2287 694 2315 amicum
709 2294 794 2315 tuum
808 2304 816 2318 ‚
837 2285 873 2315 de
886 2295 948 2326 quo
965 2287 1073 2316 iterum
1087 2284 1151 2325 jam

283 2327 317 2358 ad
329 2337 378 2357 me
387 2327 508 2360 scribis,
529 2326 701 2364 adjuvarem
713 2347 722 2361 ‚
742 2336 889 2367 quantum
905 2326 1020 2366 possem
1032 2347 1040 2361 ‚
1061 2330 1150 2357 etiam

198 2368 219 2398 si
232 2370 268 2398 ab
280 2379 318 2399 eo
330 2369 415 2399 laesus
429 2367 519 2398 effem
532 2388 540 2402 ‚
561 2367 633 2398 cuin
648 2378 676 2399 te
687 2378 840 2408 tantopere
849 2369 985 2399 viderem
996 2371 1060 2409 ejus
1070 2369 1153 2399 causa

197 2410 336 2441 laborare.
359 2410 430 2440 cum
451 2409 523 2440 vero
543 2411 576 2440 ὃ(
592 2420 631 2440 ex
648 2412 706 2440 tuis
724 2411 848 2445 litteris,
870 2411 950 2441 &ex
962 2411 1044 2440 illius
1053 2410 1088 2441 ad
1101 2421 1151 2440 me

196 2451 289 2482 miffis
309 2453 476 2494 intelligam
489 2473 497 2485 ,
522 2452 554 2482 δε
568 2452 703 2491 judicem
720 2472 728 2486 ‚
752 2463 868 2494 magnae
885 2463 962 2484 curae
982 2454 1009 2482 ei
1028 2453 1151 2483 salutem

197 2503 299 2535 meam
326 2492 426 2523 fuisse:
447 2504 511 2524 non
522 2493 640 2534 poss'um
655 2497 682 2524 ci
697 2505 761 2525 non
770 2497 883 2525 amicus
893 2494 952 2524 effe
963 2515 972 2528 ‚
992 2504 1089 2535 neque
1105 2494 1152 2524 so-

195 2535 262 2566 lum
275 2545 324 2565 tua
332 2535 600 2566 commendatione
611 2556 619 2570 ‚
640 2547 705 2577 quae
718 2537 796 2577 apud
809 2547 860 2566 me
871 2557 880 2570 ‚
903 2546 934 2566 ut
947 2537 1054 2570 debet,
1076 2536 1156 2566 valet

195 2577 366 2618 plurimum
383 2587 388 2606 :
412 2577 460 2607 sed
480 2579 572 2617 etiam
590 2579 745 2608 voluntate
759 2598 767 2612 ‚
790 2588 822 2608 ac
840 2578 955 2616 judicio
975 2587 1056 2607 meo.
1079 2578 1153 2608 volo

197 2621 282 2649 enim
294 2628 322 2649 te
333 2619 405 2649 scire
416 2639 424 2651 ,
441 2619 484 2648 mi
496 2622 572 2649 Paete
584 2640 592 2652 ,
608 2622 733 2649 initium
745 2621 824 2649 mihi
834 2620 1011 2659 suspicionis
1022 2639 1029 2652 ‚
1043 2619 1155 2650 &cau-

196 2663 308 2695 tionis,
331 2661 364 2691 &
384 2660 548 2701 diligentiae
566 2660 653 2691 fuiss'e
665 2681 673 2694 ,
695 2662 804 2691 litteras
823 2669 907 2690 tuas:
927 2661 1035 2701 quibus
1048 2661 1153 2691 litteris

195 2711 395 2744 congruentes
404 2701 526 2733 suerunt
535 2703 598 2733 aliae
607 2702 708 2744 postea
717 2703 897 2733 multorum.
920 2705 1002 2733 Nam
1016 2702 1049 2733 &
1060 2705 1153 2744 Aqui-

238 2829 262 2847 1.
280 2823 344 2855 Qid
358 2825 418 2848 enim
430 2842 437 2853 ‚
455 2832 501 2849 non
519 2824 632 2855 honestum
651 2824 750 2848 verbum
771 2825 806 2849 ef?
823 2822 953 2855 diadem]
975 2822 1154 2848 Varie-iniex-

201 2863 305 2891 cerpta:
326 2859 384 2892 quid
400 2862 460 2884 enim
477 2861 517 2885 hoc
525 2861 638 2891 homstum
655 2860 754 2884 verbum
764 2860 799 2885 cf}
816 2859 914 2892 diriſsir.
935 2858 976 2885 sed
989 2859 1101 2885 nostram
1114 2858 1153 2884 le-

201 2889 316 2918 {tionem
326 2895 472 2930 accepimus
484 2905 517 2922 ex
528 2895 651 2922 Palatino
661 2893 748 2926 sexto,
759 2894 921 2921 Gruteriaiio
935 2914 943 2926 ,
953 2894 1087 2922 stewech.
1098 2893 1155 2919 edi-

202 2927 275 2954 tione
286 2929 368 2963 prima
377 2931 403 2956 &
416 2931 548 2962 Vitiori'm
572 2932 598 2957 8<
611 2931 643 2957 sic
653 2930 738 2957 ferme
750 2930 884 2957 Palatinus
895 2931 994 2966 primus
1008 2950 1015 2962 ‚
1027 2930 1072 2957 nisi
1085 2929 1156 2965 quod

203 2962 251 2988 ille
263 2963 325 2989 sicut
335 2974 400 2991 unus
420 2975 452 2993 ex
465 2967 653 2994 Gulielmianis
665 2986 674 2999 ‚
691 2967 795 3001 dcvisfur.
817 2967 897 3002 vulgo
911 2978 915 2994 :
938 2967 1062 3001 quidcnim
1074 2970 1083 2992 ἓ
1103 2976 1158 2991 num

203 3000 316 3031 honestum
334 3003 431 3027 verbum
449 3005 484 3028 ef!
500 3004 600 3038 divifio?
619 3003 689 3040 quod
709 3004 899 3039 iuterpretatur
911 3002 1022 3044 Just-*pin
1042 3002 1159 3038 Scaliger
1178 3011 1179 3014 ¹

204 3034 432 3063 emendationibus
446 3038 477 3064 ad
489 3039 627 3066 catullum
640 3049 648 3070 ς
661 3040 858 3076 Epigrammate
869 3051 875 3067 z
895 3042 987 3066 Ou'ioms
999 3046 1080 3072 caput,
1089 3040 1140 3070 &aa

243 3079 270 3096 2.
289 3072 522 3106 Suppedirflagltium
532 3076 591 3109 effi]
612 3076 698 3102 Nolui
711 3085 758 3103 nec
774 3077 848 3113 potui
860 3078 874 3102 ii
888 3076 1009 3103 Viflorio
1028 3075 1159 3101 discedere

203 3105 386 3133 accedentibus
397 3109 518 3143 proxime
531 3110 603 3137 libris
614 3112 707 3139 nostris
719 3132 727 3144 ,
740 3112 786 3138 ille
796 3112 997 3147 eniiiifiippmdc!
1010 3132 1018 3145 ‚
1029 3119 1057 3138 ut
1068 3114 1093 3137 ὃ(
1106 3111 1159 3137 duo

204 3142 347 3177 Gulielmii
358 3153 364 3169 2
387 3144 460 3184 cujus
472 3144 499 3170 &
512 3148 717 3181 unusfiispendct.
739 3148 820 3184 vulgo
830 3165 840 3181 ,
852 3150 1105 3184 suppellcreflagitium
1116 3150 1160 3174 eff.

200 3178 273 3214 qwd
282 3187 330 3216 PC?
344 3187 386 3207 me
396 3179 459 3211 licet
468 3179 612 3211 defendere
623 3184 747 3215 carrium
756 3184 804 3214 lib.
817 3193 839 3215 1.
857 3194 915 3223 cap.
928 3194 971 3214 iz.
990 3186 1160 3221 antiquarum

1175 740 1176 745 ’
1196 742 1444 774 demonstrassem
1458 765 1466 778 ‚
1488 745 1623 775 &vitam
1638 755 1719 777 tuam
1736 749 1917 788 superiorem
1933 752 2131 793 exposuiss'em
2146 763 2153 783 τ

1174 794 1176 799 ’
1197 794 1340 826 magnum
1360 786 1528 825 periculum
1548 787 1674 819 summae
1692 791 1764 829 reip.
1785 791 2024 828 demonstrabat,
2045 794 2100 825 nili
2118 794 2156 826 ad

1174 831 1176 859 ι’
1194 826 1378 866 superiorem
1388 828 1639 859 consuetudinem
1651 831 1802 865 tum‚cum
1815 836 1973 869 Favonius,
1988 835 2071 867 flaret
2081 857 2089 870 ,
2107 847 2157 867 re-

1194 867 1336 898 vertisses.
1361 870 1419 900 hoc
1429 879 1565 910 tempore
1576 871 1643 901 ferri
1653 871 1735 912 posse
1747 893 1755 907 ‚
1778 872 1799 903 fi
1817 874 1894 905 forte
1917 886 1947 906 tu
1966 877 2059 917 frigus
2078 878 2157 909 ferre

1172 919 1176 957 i
1195 920 1259 940 non
1271 909 1379 950 poss'es-
1404 911 1460 942 Sed
1470 931 1478 945 ‚
1493 914 1662 944 mehercule
1675 934 1682 948 ‚
1699 917 1743 944 mi
1753 918 1830 946 Paete
1841 937 1849 951 ‚
1862 920 2054 958 exrrajocum
2066 940 2073 953 ‚
2087 930 2157 950 mo·-

1174 963 1176 993 ;
1195 962 1253 982 neo
1264 961 1303 986 te,
1315 953 1396 993 quod
1407 955 1554 993 pertinere
1565 955 1600 985 ad
1611 955 1695 987 beate
1705 958 1874 990 vivendum
1885 960 2027 989 arbitror:
2040 970 2072 991 ut
2083 972 2154 992 cum

1194 995 1267 1024 viris
1281 994 1372 1025 bonis
1385 1015 1393 1028 ‚
1410 995 1554 1034 jucundis
1567 1018 1576 1030 ‚
1596 998 1766 1028 amantibus
1780 1001 1824 1030 tui
1836 1002 1929 1031 vivas.
1953 1002 2041 1031 Nihil
2060 1005 2156 1042 aptius

1194 1037 1263 1066 vitae
1276 1046 1282 1065 z
1302 1036 1381 1066 nihil
1391 1036 1425 1067 ad
1437 1037 1519 1068 beate
1531 1040 1699 1069 vivendum
1711 1042 1977 1073 accommodatius.
2002 1045 2068 1074 Nec
2081 1044 2110 1074 id
2121 1044 2155 1074 ad

1195 1079 1381 1119 voluptatem
1396 1078 1492 1109 resero
1505 1090 1510 1108 :
1531 1080 1580 1111 sed
1592 1081 1626 1111 ad
1636 1086 1888 1114 communitatem
1900 1086 1969 1115 vitae
1982 1105 1990 1118 ‚
2012 1093 2098 1126 atque
2111 1096 2154 1116 vi-

1195 1119 1278 1154 eius,
1299 1119 1566 1162 remissionemque
1580 1125 1772 1154 animorum:
1791 1136 1856 1166 quae
1869 1127 2004 1157 maxime
2015 1127 2155 1158 sermone

1194 1160 1494 1197 efficiturfamiliaii,
1513 1165 1566 1205 qui
1584 1164 1625 1195 est
1642 1167 1673 1195 in
1684 1169 1835 1198 conviviis
1847 1167 2051 1199 dulcissimus:
2073 1170 2160 1200 utfa-

1193 1213 1326 1254 pientius
1336 1213 1429 1244 nostri
1442 1233 1450 1248 ‚
1471 1214 1560 1256 quam
1573 1217 1685 1247 Graeci:
1707 1217 1753 1247 illi
1766 1212 1942 1254 συμπόπω
1953 1235 1961 1249 ‚
1977 1226 2028 1248 aut
2038 1207 2137 1244 ⁰15⁹?ss
2146 1232 2160 1239 -

1197 1269 1260 1289 mot
1279 1280 1287 1295 ,
1302 1262 1332 1292 id
1342 1262 1385 1293 est
1394 1283 1402 1298 ,
1414 1264 1655 1304 compotationes
1666 1286 1675 1300 ,
1686 1274 1735 1297 aut
1746 1269 1979 1298 concenationes
1994 1279 1999 1297 :
2016 1278 2073 1299 nos
2084 1278 2158 1300 con-

1194 1305 1293 1334 vivia:
1313 1305 1396 1345 quod
1408 1314 1473 1336 tum
1485 1307 1622 1338 maxime
1632 1307 1720 1339 simul
1731 1311 1852 1339 vivitur.
1877 1309 1970 1340 Vides
1979 1330 1987 1344 ,
2009 1320 2041 1340 ut
2052 1320 2079 1340 te
2089 1313 2159 1351 phi-

1197 1346 1383 1386 losophando
1393 1358 1533 1379 revocare
1546 1359 1639 1380 coner
1656 1350 1691 1381 ad
1710 1351 1818 1381 cenas?
1841 1354 1933 1385 Cura,
1955 1352 2102 1383 utvaleas.
2126 1354 2157 1383 id

1195 1386 1270 1417 foris
1280 1389 1441 1420 cenitando
1449 1389 1597 1421 facillime
1607 1393 1798 1433 consequere.
1813 1393 1869 1423 Sed
1882 1403 1965 1426 cave,
1975 1391 1996 1423 si
2007 1403 2054 1423 me
2064 1403 2156 1427 amas,

1193 1429 1364 1464 existimes,
1388 1441 1439 1462 me
1451 1452 1459 1466 ‚
1480 1431 1563 1473 quod
1583 1433 1710 1468 iocosius
1728 1434 1855 1465 scribam
1868 1455 1876 1468 ‚
1898 1433 2034 1474 abjeciss'e
2052 1443 2156 1466 curam

1195 1473 1267 1511 reip.
1291 1474 1340 1503 Sic
1351 1472 1407 1503 tibi
1419 1493 1427 1507 ,
1443 1476 1485 1504 mi
1497 1477 1574 1504 Paete
1584 1495 1593 1509 ,
1607 1476 1765 1515 persuade,
1782 1476 1905 1506 medies
1915 1496 1923 1510 ,
1939 1476 1972 1506 δε
1983 1475 2099 1506 meleis
2110 1479 2159 1506 ni—

1197 1514 1241 1543 hil
1251 1513 1333 1544 aliud
1344 1524 1427 1556 agere
1439 1535 1447 1549 ,
1460 1517 1646 1548 nihilcurare
1658 1538 1666 1551 ,
1678 1517 1733 1548 nisi
1745 1526 1777 1548 ut
1787 1520 1848 1548 mei
1858 1520 1940 1548 cives
1950 1518 2022 1548 salvi
2031 1538 2040 1551 ,
2057 1518 2162 1548 liberi-

1195 1565 1253 1595 que
1271 1554 1336 1585 sint.
1361 1558 1494 1587 Nullum
1512 1558 1616 1588 locum
1634 1561 1831 1599 praetermitto
1848 1559 2018 1594 monendi,
2040 1560 2160 1601 agendi,

1195 1597 1388 1637 providendi.
1413 1601 1482 1629 Hoc
1495 1598 1628 1641 denique
1638 1603 1744 1631 animo
1755 1602 1818 1631 sum
1831 1621 1840 1635 ,
1859 1609 1892 1631 ut
1903 1621 1911 1635 ,
1931 1600 2000 1631 siin
2013 1602 2066 1632 hac
2078 1612 2158 1635 cura.

1193 1647 1279 1680 atque
1305 1639 1566 1672 administratione
1588 1645 1648 1673 vita
1669 1644 1749 1673 mihi
1771 1643 1911 1683 ponenda
1929 1642 1963 1673 [it
1980 1662 1989 1677 ‚
2017 1644 2156 1684 praeclare

1193 1680 1294 1712 astum
1304 1691 1428 1713 mecum
1437 1691 1554 1723 putem.
1578 1686 1677 1715 Etiam
1692 1706 1700 1718 ,
1713 1694 1800 1726 atque
1809 1687 1900 1716 etiam
1913 1685 1986 1716 vale.

1424 1735 1619 1765 CICERO
1647 1737 1927 1766 1MP.PAET0.

1263 1781 1294 1809 U
1304 1788 1330 1808 M
1343 1789 1368 1809 M
1378 1789 1400 1810 u
1411 1789 1438 1809 M
1452 1789 1502 1810 me
1513 1780 1623 1812 ducem
1634 1782 1739 1813 litterae
1749 1790 1807 1813 tuae
1816 1781 1980 1812 reddidere.
2004 1783 2092 1823 plane
2104 1793 2159 1814 ne-

1256 1821 1383 1850 sciebam
1396 1840 1404 1854 ,
1428 1830 1454 1851 te
1465 1830 1523 1852 ram
1534 1827 1665 1862 peritum
1677 1823 1733 1854 effe
1743 1826 1784 1853 rei
1796 1824 1944 1854 militaris.
1968 1827 2071 1864 Pyrrhi
2083 1835 2110 1856 te
2123 1826 2160 1855 li-

1195 1861 1264 1891 bros
1274 1882 1281 1895 ‚
1295 1862 1328 1891 &
1341 1864 1440 1892 Cineae
1451 1863 1542 1893 video
1552 1864 1706 1896 lefititass'e.
1729 1869 1832 1906 Itaque
1842 1865 2047 1906 obtemperare
2056 1869 2158 1907 cogito

1197 1904 1351 1942 praecepcis
1365 1905 1425 1933 tuis
1438 1914 1443 1932 :
1464 1905 1522 1935 hoc
1534 1906 1666 1945 amplius
1675 1926 1683 1940 ‚
1706 1907 1915 1937 navicularum
1925 1908 2032 1938 habere
2040 1909 2156 1949 aliquid

1197 1947 1230 1974 in
1248 1954 1299 1974 ora
1317 1945 1479 1975 maritima.
1502 1956 1605 1978 contra
1623 1949 1755 1988 equitem
1774 1949 1915 1978 Parthum
1935 1959 2043 1991 negant
2062 1952 2155 1981 ullam

1195 1994 1376 2023 armaturam
1394 1987 1555 2018 meliorem
1574 1990 1706 2020 inveniri
1721 1988 1815 2030 poffe.
1838 1990 1893 2020 Sed
1907 1992 1979 2031 quid
1999 1991 2157 2022 ludimus?

1196 2028 1291 2058 nescis
1304 2048 1312 2062 ‚
1337 2037 1470 2068 quocum
1489 2031 1668 2070 imperatore
1687 2031 1742 2061 tibi
1762 2033 1920 2073 negotium
1940 2031 1984 2062 sit.
2009 2029 2158 2075 mqssfflw

1200 2070 1287 2114 Κῦρε
1299 2095 1307 2107 ,
1333 2080 1344 2104 3
1357 2087 1447 2117 quain
1462 2081 1661 2110 contriveram
1675 2080 1805 2121 legendo
1817 2101 1825 2115 ‚
1845 2089 1939 2112 totam
1949 2083 1982 2111 in
1993 2082 2050 2112 hoc
2060 2084 2159 2122 impe—

1195 2119 1241 2147 rio
1252 2119 1409 2158 explicavi.
1433 2120 1488 2150 Sed
1500 2121 1672 2159 jocabiinur
1685 2121 1755 2152 alias
1768 2122 1869 2153 coram
1883 2143 1892 2156 ,
1911 2132 1943 2153 ut
1953 2123 2036 2163 spero
2046 2143 2054 2157 ‚
2075 2124 2159 2154 brevi

1197 2168 1342 2199 tempore.
1366 2162 1459 2191 Nunc
1477 2161 1545 2192 ades
1563 2163 1599 2192 ad
1620 2163 1830 2204 imperandum
1843 2185 1851 2198 ,
1870 2165 1919 2195 vel
1937 2165 1971 2195 ad
1991 2166 2160 2204 parendum

1196 2201 1313 2241 potius:
1325 2200 1362 2232 sic
1374 2204 1457 2233 enim
1467 2205 1583 2244 antiqui
1594 2205 1801 2245 loquebantur.
1819 2208 1897 2236 Cum
1909 2207 2050 2237 M-Fabio
2064 2208 2159 2248 (quod

1185 2244 1268 2276 ,scire
1283 2253 1310 2274 te
1323 2243 1458 2285 arbitror)
1474 2247 1551 2275 mihi
1563 2246 1702 2277 summus
1713 2247 1780 2277 usus
1792 2247 1852 2278 est:
1873 2248 2017 2289 valdeque
2026 2259 2097 2279 eum
2109 2250 2160 2279 dia

1196 2285 1257 2325 ligo
1268 2306 1277 2320 ‚
1296 2285 1367 2316 cum
1386 2295 1507 2326 propter
1524 2288 1674 2318 summam
1688 2289 1869 2328 probitatem
1884 2300 1948 2330 ejus
1960 2310 1968 2323 ‚
1988 2300 2020 2321 ac
2031 2290 2157 2331 singula—

1197 2337 1258 2357 rem
1271 2327 1449 2358 modestiam
1461 2348 1470 2362 ‚
1482 2338 1546 2359 tum
1557 2329 1639 2370 quod
1650 2341 1683 2361 in
1695 2333 1740 2361 his
1750 2329 1970 2366 controversiis,
1982 2342 2052 2373 quas
2062 2333 2156 2362 habeo

1194 2379 1265 2399 curn
1277 2371 1335 2399 tuis
1344 2370 1583 2401 combibonibus
1593 2374 1765 2412 Epicureis,
1786 2375 1902 2413 optima
1920 2383 2008 2413 opera
2029 2375 2093 2413 ejus
2113 2376 2158 2404 uti

1195 2411 1288 2441 soleo.
1311 2413 1339 2441 Is
1353 2410 1425 2441 cum
1436 2412 1471 2442 ad
1482 2423 1531 2443 me
1543 2415 1724 2445 Laodiceam
1736 2413 1863 2445 venisset
1874 2435 1883 2449 ‚
1904 2425 2086 2456 mecumque
2099 2425 2156 2456 ego

1196 2463 1266 2484 eum
1277 2452 1335 2483 efle
1344 2454 1453 2484 vellem
1467 2475 1476 2489 ‚
1496 2456 1618 2495 repente
1628 2455 1778 2496 perculsus
1788 2456 1830 2487 est
1839 2454 2025 2487 ati-ociffimis
2036 2457 2154 2492 litteris,

1197 2496 1228 2524 in
1239 2495 1349 2536 quibus
1361 2496 1502 2536 scriptum
1515 2506 1592 2530 erat,
1614 2497 1745 2528 fundum
1758 2498 2014 2528 Herculanensem
2027 2497 2042 2528 a
2053 2500 2159 2540 QFa-

1197 2537 1250 2567 bio
1261 2557 1269 2571 ,
1280 2536 1366 2568 fratre
1377 2557 1385 2571 ,
1400 2539 1599 2577 proscriptum
1610 2538 1682 2569 efl'e:
1704 2541 1756 2580 qui
1765 2538 1878 2569 fundus
1888 2548 1956 2570 cum
1969 2549 2005 2569 eo
2015 2549 2160 2571 commu-

1198 2581 1246 2608 nis
1262 2577 1341 2610 efl'et.
1366 2580 1399 2609 Id
1416 2582 1461 2609 M.
1473 2580 1579 2610 Fabius
1595 2583 1776 2621 pergraviter
1792 2581 1878 2610 tulit:
1897 2580 2157 2624 existimavitque.

1199 2620 1317 2651 fratrem
1331 2621 1416 2650 suum
1429 2640 1436 2654 ‚
1459 2622 1618 2651 hominem
1631 2632 1694 2651 non
1705 2623 1731 2652 sa
1755 2624 1868 2652 ientem
1880 2642 1888 2656 ‚
1906 2623 2040 2663 impulsu
2051 2625 2160 2655 inimi-

1199 2672 1304 2691 corum
1322 2663 1444 2692 suorum
1460 2662 1497 2692 eo
1511 2661 1693 2703 progressum
1706 2674 1721 2693 e
1746 2662 1774 2693 ἓ.
1798 2664 1921 2694 Nuncsi
1934 2674 1982 2695 me
1992 2674 2091 2699 amas,
2111 2669 2160 2698 mi

1199 2707 1274 2734 Paete
1285 2724 1293 2739 ‚
1305 2706 1462 2745 negotium
1474 2713 1572 2734 totum
1585 2705 1710 2746 suscipe:
1731 2706 1764 2736 &
1773 2704 1911 2737 molestia
1919 2707 2044 2738 Fabium
2057 2708 2159 2741 libera.

2041 2749 2159 2781 Audio-

1198 2822 1308 2849 lesffion.
1334 2822 1428 2849 Paullo
1448 2823 1501 2859 post
1512 2832 1560 2859 pro
1572 2825 1677 2857 scholam
1695 2824 1830 2851 Palatinus
1843 2824 1932 2852 sextus
1951 2825 1983 2853 ad
1994 2836 2068 2854 oram
2083 2822 2160 2854 notat

1198 2859 1251 2894 legi
1262 2868 1366 2895 quoque
1380 2861 1475 2893 stolam.

1237 2903 1250 2930 3
1258 2915 1263 2920 .
1284 2896 1361 2928 Qam
1370 2898 1510 2921 contrieram
1519 2895 1633 2930 legenda]
1645 2896 1733 2931 Vulgo
1747 2899 1906 2923 conii-iveram
1915 2909 1920 2922 .-
1930 2897 1973 2924 sed
1985 2897 2052 2924 illud
2063 2897 2161 2924 hubent

1200 2930 1267 2956 Pali.
1279 2930 1343 2962 duo,
1355 2930 1467 2957 totidem
1478 2930 1652 2958 Gulielmium
1666 2951 1673 2964 ,
1684 2932 1797 2959 Viftorii
1810 2933 1903 2960 editio.
1924 2934 2019 2961 l’uullo
2031 2935 2084 2971 post
2096 2934 2160 2961 leri-

1201 2965 1431 3002 psi,sedjocablmur
1441 2968 1504 2992 alias
1514 2976 1601 2999 coram,
1611 2971 1721 3002 urspero,
1732 2970 1799 2995 brevi
1809 2977 1915 3003 rcmsore,
1926 2980 1958 2997 ex
1972 2970 2028 2996 Pal.
2043 2970 2160 3003 duobus,

1203 3003 1303 3028 l‘eckio
1312 3003 1456 3039 excerptis,
1471 3012 1500 3029 ac
1509 3003 1640 3035 Vaticani,
1653 3003 1771 3032 editione
1781 3006 1905 3042 primaria
1915 3016 1943 3033 ac
1955 3007 2079 3033 vietorii.
2099 3016 2159 3033 cuin

1203 3038 1304 3065 editum
1316 3039 1345 3065 sit
1357 3050 1362 3066 z
1385 3049 1462 3065 coram
1473 3059 1481 3071 ‚
1492 3040 1521 3071 (ᾗν
1533 3059 1541 3071 ,
1552 3042 1649 3074 urspero
1662 3061 1669 3073 ,
1679 3043 1755 3068 bra-ri.
1775 3045 1855 3068 Nunc.
1878 3043 1961 3069 Porro
1972 3048 2038 3079 pone
2052 3043 2162 3078 {equen-

1204 3076 1272 3102 tium
1284 3075 1424 3102 verborum
1438 3077 1748 3108 melitlmie,(jullelniilis
1760 3078 1917 3105 emendabit
1929 3079 2057 3105 Czelhreiii
2070 3079 2162 3105 libxi.

1205 3111 1274 3138 Bell.
1293 3111 1365 3138 Gall.
1382 3116 1480 3138 Senones
1499 3113 1532 3138 ad
1549 3115 1709 3146 imperandum
1719 3124 1765 3141 non
1777 3118 1868 3142 venire.
1892 3116 1972 3152 vulgo
1983 3126 1991 3148 3
2011 3119 2161 3149 imperatum.

1204 3149 1303 3177 Horat.
1319 3148 1435 3175 invitans
1445 3147 1477 3175 ad
1488 3157 1576 3175 cenam
1593 3159 1599 3176 τ

1317 3187 1362 3212 Sin
1371 3186 1455 3214 mclim
1462 3185 1521 3221 quid
1528 3186 1600 3251 §gabes
1610 3187 1699 3220 accerse
1709 3188 1752 3214 vel
1758 3189 1882 3224 imperium
1894 3189 1946 3223 ser.

1565 3230 1582 3249 Χ
1594 3230 1611 3249 X
1622 3231 1640 3250 Χ
1662 3231 1677 3249 2

2040 3230 2062 3251 ι.
2082 3222 2168 3250 Mira-

2178 1747 2221 1778 25
