2360 3400
413 168 624 226 Ense?
661 188 740 221 Ar>
777 168 1231 234 TonQATuia3
1265 185 1338 219 ET
1373 173 1688 229 CETEROS,
1726 176 1850 222 Lin.
1885 173 1978 220 VI.

241 259 309 293 mm
319 266 367 293 aut
378 262 632 292 munitorumssur
642 256 791 298 querelaru
797 260 910 289 m',cum
922 255 968 285 vel
977 251 1193 294 iniquissimam

238 311 344 344 pacem
359 301 520 343 justiffimo
540 301 620 330 bello
639 297 815 329 anteferrem
839 300 849 326 ?
872 295 959 326 vista
975 295 1018 325 est
1037 294 1194 324 aufitoritas

240 355 309 376 mea
325 355 388 375 non
411 353 471 374 tam
489 342 504 372 31
527 342 673 381 Pompejo
694 340 786 379 (nam
803 342 826 368 is
839 338 1034 376 movebatur)
1056 336 1144 377 quam
1157 335 1192 365 ab

242 388 283 417 iis
294 406 302 420 ‚
325 388 376 427 qui
388 386 462 415 duce
474 386 619 422 Pompeio
629 382 696 412 fieti
706 402 713 414 ‚
733 389 983 421 peropportunam
997 379 1029 407 &
1040 379 1126 407 rebus
1137 377 1192 406 do—

243 427 375 459 mesticis
387 447 395 459 ,
416 427 448 455 &
469 424 680 465 cupiditatibus
701 424 758 453 suis
776 424 858 452 illius
876 419 1115 451 bellivi&oriam
1127 417 1192 447 fore

240 469 391 510 putabant.
415 468 588 507 Susceprum
611 466 726 495 bellum
745 464 787 494 est
802 484 809 497 ‚
832 464 1001 504 quiescente
1011 471 1060 490 me
1073 459 1192 499 ,depul-

243 512 308 542 sum
321 519 358 540 ex
372 510 453 539 Italia
465 528 473 542 ,
494 517 634 539 minente
646 517 694 537 me
708 527 715 540 ,
727 506 824 547 quoad
833 507 936 545 potui:
957 503 1005 533 sed
1016 502 1107 532 valuit
1116 500 1191 546 apud

240 562 292 582 me
310 552 376 591 plus
395 552 493 591 pudor
516 560 620 582 rusus,
640 554 729 590 quam
753 550 855 577 timor.
877 548 991 575 veritus
1004 545 1074 589 'sum-
1096 541 1191 572 deessc

241 593 379 632 Pompeji
398 593 500 626 samri,
529 591 618 621 ¹cum
637 592 690 620 iile
710 588 871 630 aliquando
884 597 946 617 non
957 585 1192 615 deiuissetrneae.

240 637 342 675 Itaque
350 635 397 664 vel
409 632 512 664 officio
523 654 531 667 ‚
550 634 597 663 vel
608 632 686 663 fama
697 631 848 661 honorum
862 649 869 663 ,
893 627 1063 667 velpudore
1074 625 1173 656 νἰἇὶιιε
1182 645 1191 658 ,

243 679 318 706 utin
331 676 439 706 fabulis
453 677 648 715 Amphiaraus
659 695 667 708 ‚
686 672 723 704 fic
734 683 788 714 ego
798 693 805 706 ‚
818 671 948 715 pru-dens
960 689 968 701 .
981 669 1012 698 &
1025 669 1120 714 sciens
1131 688 1140 701 ‚
1158 667 1192 696 ad

240 717 354 758 pestem
374 727 440 747 ante
464 719 568 747 oculos
583 715 706 757 positam
727 716 792 745 sum
805 712 966 753 protectus.
989 712 1059 750 Qo
1070 719 1103 738 in
1113 709 1194 738 bello

242 760 322 789 nihil
344 758 452 790 adversi
471 760 593 791 accidit,
614 768 677 788 nori
694 756 870 796 praedicente
879 763 938 782 me-
961 754 1069 792 Qare,
1079 760 1172 797 quum
1185 769 1193 783 ‚

239 810 272 832 ut
290 811 413 842 augures
432 801 464 831 ὃς
481 801 618 840 astrologi
630 800 744 830 solent,
761 806 817 836 ego
826 803 943 834 quoque
954 802 1045 833 augur
1054 792 1192 838 publicus

238 853 277 873 ex
297 845 372 872 meis
381 843 580 882 superioribus
595 839 745 881 praedietis
756 836 894 867 constitui
906 834 982 874 apud
998 843 1024 863 te
1033 833 1191 863 auftorita—

240 893 301 914 tem
311 887 424 926 augurii
440 904 447 916 ‚
461 885 492 913 &
506 883 702 912 divinationis
712 889 803 909 meae:
823 881 837 897 ²
848 877 969 907 debebit
980 875 1083 904 habere
1095 873 1187 924 fideii}

236 925 335 956 nostra
355 925 516 965 praediOElio.
549 926 623 952 Non
641 924 731 962 igitur
749 930 786 949 ex
804 920 881 949 alitis
902 918 1037 947 involatu
1056 937 1066 949 ,
1097 926 1153 946 nec
1171 927 1188 945 e

236 977 324 998 cantu
338 966 453 996 sinistro
464 966 574 995 oscinis
585 984 594 997 ‚
616 973 689 993 utin
699 961 796 992 nostra
808 960 963 1000 disciplina
973 957 1015 988 est
1027 979 1037 991 ,
1057 968 1110 988 nec
1124 961 1136 985 3
1152 966 1189 987 ex

237 1009 375 1049 tripudiis
395 1006 565 1039 solistimis,
586 1015 635 1036 aut
653 1005 777 1034 soniviis
796 1003 850 1032 tibi
871 1000 1078 1042 augurorzsed
1094 1000 1188 1046 habeo

235 1052 292 1081 alia
302 1048 396 1090 signa,
416 1058 481 1088 qua:
494 1048 668 1077 observem:
687 1056 752 1086 quae
764 1043 815 1074 etsi
835 1054 896 1074 non
907 1044 973 1073 sunt
982 1044 1106 1071 certiora
1115 1041 1189 1074 illis,

236 1093 341 1122 minus
353 1100 452 1120 tamen
463 1089 630 1119 habentvel
641 1088 847 1120 obscuritatis,
867 1085 913 1115 vel
925 1086 1043 1114 erroris.
1068 1085 1188 1113 Notan-

237 1142 283 1163 tur
298 1141 396 1162 autern
415 1133 493 1160 mihi
520 1131 554 1161 ad
565 1130 765 1160 divinandum
775 1127 852 1169 signa
861 1128 973 1166 duplici
982 1126 1108 1166 quadam
1122 1127 1167 1154 via
1183 1134 1188 1152 z

236 1183 362 1215 quarum
382 1174 501 1203 aiteram
515 1173 593 1202 duco
603 1173 617 1202 {i
632 1172 740 1202 Caesare
752 1172 836 1209 ipso:
856 1170 975 1198 aiteram
989 1171 1005 1197 e
1016 1176 1187 1207 temporum

236 1215 375 1246 civilium
388 1224 499 1248 natura,
510 1224 596 1254 atque
605 1215 728 1243 ratione.
752 1215 786 1241 [n
800 1211 909 1241 Caesare
920 1211 982 1239 haec
993 1209 1075 1238 sunt:
1093 1211 1187 1241 mitis,

235 1257 427 1296 clemensque
437 1265 538 1286 natura
549 1275 556 1288 ‚
571 1256 665 1296 qualis
678 1255 859 1293 exprimitur
869 1256 888 1278 4
896 1251 1033 1295 praeclaro
1044 1250 1099 1279 illo
1110 1250 1189 1279 libro

237 1299 433 1340 Qerelarum
456 1307 584 1327 tuarum.
622 1297 772 1329 Accedit,
806 1293 888 1334 quod
909 1294 1037 1322 mirifice.
1060 1294 1190 1332 ingeniis

237 1339 473 1372 excellentibus,
492 1340 578 1379 quale
597 1337 640 1368 est
657 1346 743 1368 tuum
755 1357 763 1370 ‚
782 1335 1103 1373 delectatur-,praeterea
1112 1333 1190 1362 cedit

238 1382 408 1411 multorum
428 1380 516 1420 justis
535 1381 567 1410 &
585 1378 689 1409 officio
708 1376 834 1408 incensis
847 1397 855 1410 ‚
879 1386 941 1406 non
962 1375 1122 1408 inanibus,
1140 1384 1189 1404 aut

235 1422 399 1453 ambitiosis
414 1442 422 1454 ‚
441 1421 657 1451 voluntatibus.
680 1423 715 1450 In
732 1429 794 1460 quo
811 1420 1006 1448 vehementer
1023 1427 1094 1446 eum
1114 1427 1188 1446 con·
1207 1446 1209 1457 Ι

234 1465 366 1496 sentiens
385 1465 500 1494 Etruria
519 1461 664 1492 movebit.
704 1463 763 1491 Cur
780 1462 844 1491 haec
861 1461 953 1500 igitur
970 1459 1066 1489 adhuc
1084 1468 1187 1498 parum

233 1505 424 1547 profecerunt
443 1508 453 1533 ?
482 1507 559 1546 Qia
586 1513 650 1534 non
681 1512 765 1543 putat
781 1503 810 1533 se
830 1501 972 1532 sustinere
990 1501 1088 1530 causas
1104 1499 1186 1540 poss'e

237 1547 418 1580 multorum,
430 1544 449 1576 fi
461 1547 528 1579 tibi,
540 1544 704 1585 ctiijustius
714 1545 832 1575 videtur
841 1543 923 1573 irasci
933 1541 1024 1583 posse,
1036 1540 1187 1572 concefl'c-

233 1590 281 1619 rit.
304 1591 378 1628 Qae
389 1587 431 1617 est
442 1590 542 1628 igitur,
551 1590 669 1628 inquies
679 1607 687 1620 ‚
699 1586 761 1627 spes
771 1587 806 1616 ab
817 1594 892 1615 irato
905 1588 917 1614 ἓ
937 1585 1052 1615 Eodem
1063 1583 1146 1614 fonte
1158 1584 1185 1613 se

232 1629 407 1660 hausturum
418 1630 561 1670 intelligit
570 1628 672 1659 laudes
681 1629 755 1661 suas,
770 1628 786 1658 ὲ
797 1637 858 1668 quo
869 1625 903 1656 fit
912 1626 1018 1656 leviter
1025 1625 1185 1665 adspersus.

231 1670 388 1703 Postremo
409 1673 505 1701 homo
523 1670 606 1701 valde
627 1669 669 1700 est
678 1680 779 1700 acutus
794 1689 802 1704 ‚
826 1670 858 1699 &
870 1668 1001 1698 multum
1012 1667 1185 1707 providens.

231 1713 374 1754 intelligit
389 1733 397 1746 ‚
418 1722 445 1742 te
460 1733 469 1745 ,
488 1714 649 1742 hominem
669 1714 701 1742 in
711 1720 791 1752 parte
801 1712 891 1740 Italiae
905 1709 1037 1739 minime
1047 1718 1185 1739 contem-

232 1754 331 1786 nenda
348 1774 357 1788 ‚
379 1754 465 1784 facile
486 1757 628 1795 omnium
648 1752 873 1784 nobilissimum
893 1772 902 1785 ,
921 1752 954 1782 δε
970 1754 1003 1781 in
1025 1753 1185 1781 communi

230 1806 292 1837 rep.
303 1798 399 1826 cuivis
410 1797 599 1827 summorum
612 1805 667 1827 tuae
678 1798 769 1826 aetatis
780 1816 788 1829 ‚
808 1795 856 1825 vel
865 1795 989 1833 ingenio
999 1813 1008 1827 ‚
1020 1794 1067 1822 vel
1077 1796 1166 1834 gratia
1176 1813 1184 1827 ,

231 1839 281 1868 vel
298 1837 378 1868 fama
395 1839 501 1878 populi
521 1841 560 1870 R.
577 1848 679 1878 parem
699 1858 708 1872 ‚
728 1842 741 1866 5
761 1847 825 1867 non
842 1834 924 1877 posse
943 1835 1102 1874 prohibere
1122 1845 1182 1875 rep.

231 1879 356 1909 diutius.
380 1881 505 1913 Nollet,
523 1881 582 1910 hoc
591 1881 736 1919 temporis
745 1878 846 1918 potius
856 1875 913 1907 effe
921 1876 1082 1916 aliquando
1094 1876 1185 1905 bene-

230 1920 335 1951 ficium
352 1941 361 1954 ,
380 1922 470 1961 quam
485 1922 548 1961 jam
566 1922 663 1951 suum.
690 1923 770 1950 Dixi
791 1919 827 1949 de
846 1919 968 1948 Caesare.
986 1927 1069 1947 nunc
1086 1917 1183 1947 dicam

230 1963 267 1992 de
286 1972 458 2002 temporum
472 1982 481 1996 ‚
502 1972 660 2003 rerumque
669 1971 779 1992 natura.
803 1964 906 1990 Nemo
915 1958 957 1989 est
968 1968 1028 1989 tam
1040 1961 1182 1989 inimicus

229 2005 258 2034 ei
268 2005 371 2038 causae,
383 2014 472 2045 quam
482 2006 644 2044 Pompeius
652 2005 800 2034 animatus
811 2001 922 2032 melius
933 2021 941 2034 ‚
951 2002 1041 2041 quim
1054 2009 1182 2040 paratus,
1204 2024 1205 2034 ,

230 2046 411 2086 susceperat,
430 2047 483 2086 qui
503 2056 559 2076 nos
571 2046 668 2076 malos
676 2047 769 2075 civeis
777 2044 894 2077 dicere,
915 2043 1184 2073 authominesim-

227 2087 339 2127 probos
349 2087 462 2118 audeat.
486 2090 520 2117 In
531 2098 593 2128 quo
603 2088 741 2117 admirari
750 2086 832 2117 soleo
839 2087 1012 2127 gravit-item
1025 2104 1032 2118 ‚
1053 2084 1086 2113 δε
1096 2083 1184 2122 justi-

225 2131 298 2158 tiam
311 2149 320 2162 ‚
334 2129 365 2159 &
377 2130 550 2168 sipientiam
561 2130 692 2159 Caesaris.
710 2137 877 2169 numquam
889 2148 899 2161 ,
916 2126 971 2157 nisi
981 2125 1184 2157 honorificen-

212 2168 355 2204 tiffime,
378 2172 558 2211 Pompeium
578 2171 715 2211 appellat.
739 2173 778 2200 At
797 2174 829 2200 in
850 2169 1078 2209 ejuspeisomm
1089 2170 1185 2199 multa

222 2210 298 2241 fecit
306 2212 440 2252 asperius.
468 2217 633 2242 Armorum
643 2212 697 2243 ista
709 2233 717 2245 ‚
737 2213 769 2242 &
780 2211 914 2242 vietor-iae
928 2211 994 2241 sunt
1004 2210 1079 2241 faeta
1089 2230 1098 2244 ,
1121 2220 1183 2240 non

225 2253 346 2283 Caesaris
379 2257 419 2283 At
440 2264 497 2284 nos
514 2255 773 2294 quemadmodum
784 2253 826 2284 est
835 2253 1033 2293 complexus?
1055 2250 1182 2283 Caffium

225 2293 279 2325 fibi
298 2296 422 2337 legavit:
444 2298 570 2326 Brutum
584 2297 688 2326 Galiiae
699 2295 847 2336 praefecit:
861 2296 1029 2334 Sulpicium
1041 2295 1182 2324 Graeciae:

229 2337 404 2367 Marcelium
421 2358 429 2369 ‚
448 2348 495 2367 cui
511 2340 646 2368 maxime
657 2337 861 2370 succensebat,
889 2347 960 2366 curri
972 2337 1181 2366 summaillius

224 2376 367 2418 dignitate
384 2378 521 2409 restituit.
544 2378 618 2420 Qo
634 2381 724 2420 igitur
735 2380 798 2408 haec
809 2377 963 2418 spefihnt?
990 2380 1106 2407 Rerum
1123 2379 1181 2407 hoc

222 2428 345 2454 natura,
370 2420 548 2451 &civilium
567 2429 741 2461 temporum
761 2422 1044 2460 nonpatieturznec
1056 2428 1181 2449 manens

222 2470 279 2491 nec
297 2470 407 2492 mutata
429 2464 502 2492 ratio
523 2461 781 2503 ferettprimum,
793 2471 826 2492 ut
847 2471 911 2492 non
926 2463 958 2490 in
968 2461 1048 2490 causa
1058 2463 1119 2500 pari
1129 2469 1178 2490 ea-

222 2502 293 2532 dem
312 2501 346 2532 fit
363 2503 396 2533 δε
413 2504 550 2534 conditio
570 2504 602 2534 &
623 2503 745 2534 fortuna
767 2505 911 2533 omnium
925 2513 930 2532 :
943 2502 1072 2536 deinde,
1093 2512 1124 2532 ut
1144 2512 1176 2531 in

220 2553 287 2573 eam
306 2546 457 2574 civitatem
479 2546 552 2575 boni
571 2547 647 2579 viri,
671 2546 704 2575 δε
723 2545 798 2575 boni
819 2547 903 2576 cives
916 2545 999 2574 nulla
1008 2546 1178 2584 ignominia

219 2587 317 2615 nozati
340 2596 404 2615 non
416 2595 616 2621 revertantur,
636 2590 667 2616 in
680 2597 770 2627 quam
782 2596 826 2617 tot
835 2586 1019 2616 nefariorum
1032 2586 1175 2615 scelerum

221 2627 415 2657 condemnati
435 2638 628 2658 reverterunt.
654 2629 754 2658 Habes
771 2629 931 2668 augurium
944 2636 1048 2656 meum
1062 2646 1070 2660 ‚
1089 2637 1151 2668 quo
1166 2647 1174 2661 ‚

218 2667 239 2698 si
260 2669 331 2710 quid
354 2669 559 2700 addubitarem
571 2690 580 2704 ‚
601 2679 665 2701 non
682 2671 783 2711 potius
799 2678 914 2703 uterer,
936 2668 1089 2709 quamiila
1100 2679 1173 2699 con-

2101 173 2196 234 685

1238 253 1384 284 solatione
1395 275 1404 288 ‚
1415 265 1471 295 qua
1481 254 1567 286 facil&
1582 255 1691 286 sortem
1702 259 1801 286 virum
1813 255 2007 286 sustentarem
2019 263 2024 283 :
2044 260 2072 283 te
2083 273 2092 287 ‚
2107 252 2125 283 fi
2139 261 2193 282 ex-

1239 296 1350 334 plorata
1372 297 1498 326 misteria
1516 308 1597 328 arma
1619 297 1739 328 sumsiff.
1748 309 1764 328 «s
1779 308 1833 338 pro
1850 308 1910 337 rep.
1930 298 1989 336 (ita
2011 296 2096 325 enim
2122 303 2189 325 tum

1240 338 1381 377 putabas)
1403 348 1466 368 non
1485 340 1578 368 nimis
1597 338 1653 369 css'e
1671 340 1870 370 laudandum:
1885 338 1927 368 sm
1939 359 1947 371 ,
1969 339 2193 378 proptcrincer-

1237 387 1282 407 tos
1301 381 1397 408 exitus
1414 381 1597 421 eventusque
1618 382 1765 412 beliorum
1778 402 1786 415 ,
1810 379 1891 421 poss'e
1900 380 2028 422 accidere
2047 389 2078 409 ut
2090 381 2193 408 vince-

1240 429 1341 448 remur
1350 439 1358 452 ,
1383 420 1523 459 putasses:
1549 433 1611 451 non
1631 423 1737 453 debere
1756 433 1782 453 te
1803 424 1837 452 ad
1858 423 2016 452 secundam
2034 418 2193 450 soitunam'

1241 460 1316 489 bene
1336 471 1470 499 paratum
1481 461 1566 493 fuiss‘e
1580 483 1588 497 ‚
1607 465 1640 494 ad
1648 466 1758 494 versam
1769 465 1807 494 fei
1815 476 1842 494 re
1853 465 1939 494 nulio
1949 463 2043 493 modo
2058 471 2085 492 te
2094 460 2187 501 poss'e·

1240 501 1429 539 Disputarem
1442 506 1543 537 ctiam,
1558 514 1668 544 quanto
1681 507 1786 535 inlatio
1796 507 1850 535 tibi
1861 506 2042 535 conscientia
2051 506 2094 533 tui
2105 503 2188 536 faeti,

1237 551 1391 581 quantaeve
1406 544 1598 575 deleeiatioui
1623 548 1652 575 in
1672 548 1758 576 rebus
1777 546 1901 578 adversis
1916 548 2019 576 litterae
2031 545 2088 575 csse
2099 545 2190 575 debe-

1236 592 1312 612 rent.
1335 585 1410 613 Com
1417 594 1615 616 memorarem
1635 598 1697 617 non
1715 589 1814 618 scium
1835 599 1968 619 veterum
1981 608 1990 622 ‚
2011 587 2058 618 sed
2077 588 2189 617 horum

1234 626 1324 655 etiam
1335 627 1499 655 recentium
1509 629 1554 656 ve]
1564 628 1674 658 ducum
1692 650 1700 662 ,
1712 632 1758 660 vel
1769 634 1917 660 comitum
1929 639 2051 660 tuorum
2061 626 2192 670 graviffi-

1238 676 1305 695 mos
1324 668 1415 696 casus.
1439 670 1537 697 Etiam
1555 678 1697 699 externos
1717 674 1830 701 muitos
1847 674 1940 702 claros
1955 675 2035 702 viros
2046 674 2189 701 nomina-

1236 718 1469 739 rem-LEVAT
1488 719 1603 739 EiiiM
1619 721 1826 742 morionem
1845 723 2082 744 commuuis
2102 721 2190 750 (χε-[Α-

1238 759 1274 778 st
1295 759 1445 784 Lacus,
1474 760 1524 780 ET
1546 761 1749 782 nuMAriAE
1775 764 2051 785 costori-1051
2068 765 2100 788 s,
2121 764 2189 783 iziz-

1240 800 1260 820 c
1271 801 1289 821 o
1300 801 1322 821 R
1332 802 1352 820 D
1364 801 1385 820 A
1396 803 1415 821 τ
1428 802 1439 821 1
1451 802 1479 822 o.
1503 795 1696 832 Exponerem
1719 797 1808 824 etiam
1820 816 1828 829 ‚
1844 797 2102 836 quemadmodum
2113 794 2160 826 hic
2176 815 2186 828 .

1239 833 1272 862 &
1295 843 1402 873 quanta
1420 836 1453 863 in
1473 835 1557 864 turba
1570 855 1579 868 ,
1597 845 1764 876 quantaque
1781 839 1813 865 in
1826 837 2107 868 confusioneierum
2118 847 2187 867 om-

1238 877 1323 904 nium
1336 878 1514 905 viveremus*
1526 876 1639 907 necefl'e
1649 877 1691 907 est
1701 880 1784 907 enim
1796 880 1915 908 minore
1925 878 2064 909 desiderio
2077 880 2188 919 perdita

1236 926 1295 956 rep.
1309 926 1405 946 carere
1415 937 1423 950 ,
1435 917 1524 958 quam
1536 918 1623 949 bona.
1649 920 1704 950 Sed
1716 921 1773 950 hoc
1783 930 1889 960 genere
1900 921 1977 949 nihil
1988 931 2061 960 opus
2072 920 2121 951 est.
2137 924 2187 950 in-

1236 959 1391 987 columem
1402 968 1429 988 te
1440 958 1512 992 cito,
1525 969 1555 989 ut
1565 961 1648 999 spero
1658 981 1665 994 ,
1686 962 1733 991 vel
1745 960 1848 1001 potius
1860 982 1867 995 ‚
1879 971 1910 992 ut
1919 963 2061 1001 perspicio
2074 983 2082 994 ‚
2101 962 2187 992 vide-

1237 1000 1348 1029 bimus.
1360 1002 1471 1030 intcrea
1481 1003 1536 1030 tibi
1546 1002 1670 1035 abst-nti,
1683 1004 1712 1033 ὃς
1726 1004 1813 1037 huic,
1824 1005 1876 1044 qui
1886 1002 1975 1035 adest,
1988 1006 2110 1044 imagini
2120 1005 2187 1034 ani-

1237 1044 1281 1070 mi
1294 1042 1325 1071 ὅς
1334 1044 1468 1082 corporis
1481 1045 1535 1076 tui,
1551 1044 1798 1079 constantiffimo‚
1809 1055 1896 1086 atque
1907 1048 2025 1085 optimo
2037 1046 2100 1074 silio
2110 1056 2160 1075 tuo
2174 1065 2184 1079 ,

1235 1082 1369 1113 studium
1382 1103 1391 1117 ‚
1409 1082 1546 1114 officium
1561 1106 1570 1118 ,
1581 1096 1700 1125 operam
1713 1106 1720 1120 a
1732 1087 1863 1116 laborem
1875 1087 2163 1126 meumjampridem
2177 1106 2187 1120 ,

1236 1125 1268 1155 &
1286 1126 1437 1170 pollicitus
1449 1126 1513 1155 sum
1528 1146 1535 1159 ‚
1557 1130 1589 1157 &
1601 1128 1694 1157 detuli
1707 1139 1803 1159 :nunc
1815 1130 1872 1158 hoc
1879 1129 2007 1168 amplius
2019 1149 2027 1162 ,
2048 1128 2129 1169 quod
2140 1138 2188 1158 me

1232 1165 1410 1198 amicissirrie
1430 1169 1565 1208 quotidie
1586 1171 1678 1210 magis
1688 1171 1780 1200 Caesar
1799 1170 2007 1210 ampieehtur:
2025 1170 2189 1200 familiares

1234 1209 1360 1249 quidem
1371 1211 1443 1246 eius,
1457 1208 1539 1239 sicuti
1552 1221 1588 1240 ne
1596 1214 1723 1241 minem.
1746 1213 1832 1252 Apud
1842 1223 1932 1253 quern
1944 1212 2093 1252 quidquid
2106 1213 2188 1242 vale-

1236 1250 1276 1279 bo
1296 1251 1344 1279 vel
1361 1251 1534 1281 auEroritate
1546 1273 1556 1286 ‚
1575 1254 1623 1282 vel
1640 1263 1728 1294 gratia
1741 1274 1748 1286 ‚
1775 1255 1879 1284 valebo
1897 1255 1962 1283 tibi.
1986 1257 2035 1283 Tu
2045 1264 2136 1286 cura.
2153 1262 2187 1284 ut

1235 1289 1250 1311 ⁶
1260 1291 1332 1322 cum
1342 1291 1529 1324 fiimitudine
1540 1304 1567 1324 te
1577 1297 1671 1324 animi
1685 1315 1694 1328 ‚
1714 1305 1779 1326 tum
1790 1298 1879 1325 etiam
1890 1296 1939 1336 spe
1948 1298 2063 1336 optima
2072 1294 2188 1326 susten-

1233 1342 1286 1363 tes.

1365 1380 1618 1410 A-CAECINA
1640 1382 1953 1411 MCICERONI
1981 1382 2060 1411 s.D.
2206 1382 2228 1416 7

1334 1420 1364 1448 U
1376 1430 1394 1448 o
1405 1430 1425 1449 D
1435 1420 1489 1450 tibi
1501 1431 1562 1451 non
1575 1432 1634 1451 tam
1645 1424 1779 1452 celeriter
1793 1423 1866 1452 libet
1874 1422 1917 1453 est
1926 1422 2072 1455 redditus,
2086 1421 2189 1462 ignos—

1328 1471 1361 1490 ce
1379 1464 1481 1491 timoi·i
1501 1463 1604 1493 nostro
1616 1485 1625 1497 ,
1645 1465 1677 1493 ὃς
1692 1465 1827 1497 miserere
1837 1465 1996 1504 temporis>
2017 1463 2111 1493 Filius
2123 1483 2138 1496 ,.
2156 1472 2189 1492 ut

1230 1504 1322 1534 audio
1337 1522 1347 1535 ,
1365 1506 1523 1543 pertimuit
1533 1525 1543 1538 ,
1560 1507 1676 1546 (neque
1686 1509 1795 1545 injuria
1808 1507 1817 1546 )
1837 1504 1857 1535 fi
1866 1507 1942 1535 liber
1952 1503 2058 1535 exisset
2069 1525 2078 1538 ,
2089 1513 2186 1546 quum

1232 1554 1295 1575 non
1305 1554 1365 1575 tam
1376 1545 1496 1575 interest
1508 1565 1516 1578 ‚
1533 1556 1593 1586 quo
1606 1550 1710 1576 animo
1721 1548 1860 1577 scribatur
1870 1567 1879 1581 ,
1889 1546 1980 1587 quam
1990 1556 2052 1587 quo
2061 1548 2190 1586 accipia—

1232 1595 1279 1616 tur
1291 1607 1300 1622 ,
1320 1596 1358 1616 ne
1376 1596 1410 1616 ea
1426 1596 1471 1615 res
1481 1588 1584 1627 inepte
1595 1589 1677 1618 mihi
1688 1598 1825 1619 noceret:
1836 1587 1907 1619 cum
1919 1588 2080 1628 praesertim
2091 1588 2189 1618 adhuc

1230 1627 1293 1659 stili
1309 1637 1412 1668 peenas
1430 1627 1510 1658 dem.
1534 1632 1599 1669 Q
1617 1630 1741 1670 quidem
1766 1632 1798 1659 iri
1812 1640 1860 1664 re,
1884 1628 2022 1671 singulari
2031 1630 2097 1660 sum
2106 1629 2187 1660 fato:

1234 1680 1256 1699 N
1267 1679 1289 1700 Α
1302 1681 1328 1700 Μ
1339 1669 1410 1700 cum
1422 1670 1728 1711 mendumscripturae
1739 1671 1826 1702 litura
1834 1672 1968 1706 tollatur,
1976 1671 2099 1702 stultitia
2106 1670 2188 1702 fama

1231 1713 1393 1742 multetur:
1405 1722 1490 1741 meus
1509 1722 1588 1743 error
1599 1712 1703 1744 exsilio
1714 1715 1873 1754 corrigitur
1887 1714 1988 1753 :cujus
1998 1713 2187 1744 summaeri-

1231 1756 1326 1783 minis
1345 1752 1387 1783 est
1397 1774 1406 1786 ,
1429 1753 1649 1794 quedarmatus
1657 1755 1822 1785 adversario
1834 1755 1991 1785 maledixi.
2013 1757 2117 1784 Nemo
2126 1763 2186 1785 no—

1232 1794 1327 1826 strum
1337 1795 1426 1829 est‚ut
1435 1798 1554 1835 opinor,
1566 1799 1643 1837 quin
1653 1807 1722 1827 vota
1730 1795 1864 1827 vietoriae
1875 1797 1934 1827 suae
1943 1796 2045 1826 fecerit
2055 1815 2065 1830 2
2075 1805 2183 1830 nemo,

1231 1839 1305 1878 quin
1317 1857 1327 1870 ,
1346 1840 1436 1867 etiam
1454 1848 1524 1867 cum
1536 1838 1572 1868 de
1586 1839 1641 1868 alia
1650 1849 1680 1868 re
1692 1839 1864 1869 immolaret
1874 1858 1882 1872 ,
1902 1847 2003 1868 tamen
2012 1838 2186 1878 ecquidem

1229 1879 1294 1918 ipso
1303 1888 1438 1918 tempore
1449 1898 1460 1912 ,
1470 1889 1500 1908 ut
1509 1880 1740 1920 quamprimum
1753 1880 1844 1910 Caesar
1854 1880 2036 1918 superaretur·
2045 1888 2186 1919 „optarem

1232 1922 1301 1949 Hoc
1320 1918 1339 1949 si
1358 1930 1422 1949 non
1434 1930 1543 1960 cogitat
1555 1940 1564 1953 ‚
1587 1921 1731 1951 omnibus
1740 1921 1825 1951 rebus
1834 1920 1908 1950 felix
1918 1920 1969 1951 est.
1981 1919 2002 1950 fi
2012 1921 2065 1951 scit
2075 1922 2108 1951 &
2117 1931 2188 1960 per-

1230 1962 1328 1991 suasus
1346 1960 1389 1991 est
1399 1981 1408 1994 ,
1432 1961 1506 2001 quid
1526 1963 1658 1992 irascitur
1677 1964 1703 1992 ei
1716 1982 1724 1996 ‚
1749 1965 1802 2003 qui
1824 1962 1938 2003 aliquid
1959 1960 2068 2002 scripsit
2083 1971 2188 1993 contra

1229 2004 1312 2033 suam
1323 2003 1507 2032 voluntatem
1523 2023 1531 2036 ,
1552 2003 1623 2033 cum
1637 2003 1750 2044 ignorit
1759 2005 1903 2034 omnibus
1919 2025 1927 2037 ,
1947 2006 1998 2044 qui
2009 2005 2103 2034 multa
2111 2004 2186 2034 deos

1230 2046 1362 2075 venerati
1375 2043 1432 2074 fint
1440 2054 1540 2075 contra
1550 2047 1615 2085 ejus
1625 2046 1747 2076 salutem
1761 2048 1771 2075 ?
1789 2045 1844 2076 Sed
1858 2066 1866 2079 ,
1880 2055 1912 2076 ut
1921 2046 2028 2075 eodem
2042 2054 2184 2078 revertar,

1231 2088 1314 2117 causa
1333 2089 1395 2116 haec
1410 2085 1469 2117 fuit
1486 2089 1618 2117 timoris.
1630 2086 1726 2127 scripsi
1737 2087 1773 2117 de
1784 2097 1811 2117 te
1819 2086 1905 2128 parce
1914 2107 1922 2122 ‚
1943 2087 2062 2118 medius
2072 2086 2161 2117 fidius
2171 2107 2182 2120 ‚

1231 2129 1264 2159 &
1284 2129 1391 2158 timide
1402 2148 1411 2162 ,
1432 2138 1495 2158 non
1516 2139 1658 2159 revocans
1679 2140 1728 2159 me
1746 2130 1807 2170 ipse
1819 2150 1827 2162 ,
1847 2129 1895 2159 sed
1913 2129 1999 2169 paene
2019 2129 2182 2170 refugiens.

1232 2173 1335 2201 Genus
1345 2180 1446 2200 autem
1457 2172 1512 2201 boc
1524 2171 1670 2211 scriptura:
1683 2192 1692 2204 ‚
1709 2181 1772 2201 non
1784 2170 1881 2201 modo
1892 2172 2020 2201 liberum
2032 2190 2041 2204 ‚
2051 2171 2100 2200 sed
2110 2176 2123 2199 7
2134 2173 2183 2200 in—

1230 2215 1354 2242 citatum
1369 2221 1455 2253 atque
1470 2213 1562 2242 latum
1582 2212 1638 2242 effe
1660 2214 1765 2243 debere
1778 2233 1786 2246 ‚
1805 2215 1871 2254 quis
1890 2214 2027 2254 ignorat?
2043 2213 2184 2243 Solutum

1230 2254 1419 2284 existimatur
1437 2253 1495 2283 effe
1506 2275 1514 2287 ‚
1537 2256 1620 2284 aiteri
1630 2255 1806 2285 maledicere
1818 2266 1823 2284 :
1834 2264 1935 2285 tamen
1944 2254 2109 2284 cavendum
2121 2254 2184 2288 est,

1231 2307 1269 2326 ne
1293 2298 1323 2325 in
1337 2297 1530 2335 petulantiam
1543 2296 1666 2326 incidas.
1677 2297 1859 2336 impeditum
1869 2317 1878 2330 ‚
1899 2297 2035 2336 seipsum
2046 2295 2160 2326 laudare
2171 2315 2182 2330 ‚

1229 2348 1267 2367 ne
1286 2340 1397 2367 vitium
1417 2340 1587 2379 arrogantiae
1608 2339 1806 2378 subsequatur.
1827 2338 1927 2368 solum
1945 2337 2017 2368 vcro
2027 2338 2159 2367 liberum*
2168 2357 2178 2371 ι

1228 2379 1354 2409 alterum
1373 2379 1490 2409 laudare
1501 2399 1509 2412 ‚
1537 2380 1573 2409 de
1589 2389 1650 2420 quo
1661 2380 1807 2420 quidquid
1819 2380 1949 2410 detrahes
1961 2400 1969 2413 ,
1991 2378 2105 2409 necess'e
2118 2378 2180 2412 est,

1227 2429 1278 2450 aut
1296 2419 1482 2454 infirmitati,
1501 2430 1550 2450 aut
1568 2422 1692 2451 invidiae
1702 2420 1867 2461 assignetur.
1890 2424 1930 2451 At
1939 2422 2038 2451 nescio
2050 2440 2058 2453 ,
2078 2430 2115 2449 ari
2125 2420 2183 2450 tibi

1227 2464 1336 2503 gratius
1347 2463 1602 2503 opportuniusque
1611 2463 1759 2493 acciderit.
1780 2465 1861 2492 Nam
1871 2463 1951 2502 quod
1960 2461 2094 2502 praeclare
2105 2460 2185 2492 face-

1227 2514 1259 2533 re
1278 2514 1342 2534 non
1360 2514 1493 2544 poteram
1505 2525 1515 2537 ‚
1532 2507 1667 2544 primum
1685 2514 1745 2534 erat
1762 2515 1825 2534 non
1846 2503 2180 2544 attingerczsecundum

1228 2545 1514 2586 beneficium‚quam
1527 2545 1690 2586 parciffime
1702 2545 1806 2575 facere.
1817 2545 1865 2576 sed
1878 2555 1977 2574 tamen
1988 2555 2043 2584 ego
2053 2545 2179 2584 quidem

1227 2597 1276 2616 me
1295 2587 1432 2618 sustinui.
1451 2588 1545 2617 muita
1564 2589 1682 2617 minui:
1704 2588 1800 2617 multa
1824 2585 1941 2617 sustuli:
1966 2590 2121 2626 complura
2140 2597 2181 2618 ne

1228 2629 1314 2668 posui
1343 2629 1476 2669 quidem.
1505 2637 1689 2667 qur-,MAD
1703 2637 1861 2657 monum
1893 2637 2059 2657 rom-ua
2088 2637 2182 2658 seA-

1229 2680 1249 2700 t,
1262 2680 1284 2700 A
1295 2681 1317 2700 R
1327 2681 1349 2701 u
1363 2680 1390 2700 M
1414 2679 1434 2699 G
1445 2679 1468 2699 R
1477 2679 1500 2699 A
1512 2680 1533 2699 D
1543 2680 1564 2700 υ
1575 2680 1589 2699 s
1607 2669 1628 2699 si
1639 2671 1712 2700 alios
1723 2670 1808 2699 roilas
1819 2689 1827 2702 ‚
1839 2669 1914 2700 alios
1924 2670 2036 2700 incidas
2045 2671 2182 2700 nonnul-

1274 2718 1276 2724 *
2134 2713 2182 2744 los

256 2788 279 2804 x.
297 2782 356 2805 Cum
365 2782 401 2806 ille
420 2782 547 2815 aliquando
561 2792 605 2807 non
623 2782 728 2816 defitifflt
745 2781 820 2815 maa]
845 2782 887 2808 Sic
897 2790 989 2808 omues
1001 2781 1083 2812 libri·‚
1105 2782 1175 2812 Quod
1198 2786 1200 2797 '

441 2817 445 2821 “
1114 2814 1120 2818 “
1198 2802 1201 2845 1
1222 2821 1319 2855 prima.
1340 2820 1422 2854 vulgo
1433 2822 1553 2850 praeclaee.

220 2822 312 2856 moneo
324 2835 333 2847 ,
352 2826 385 2842 ue
404 2827 461 2853 quis
479 2817 557 2844 facilc
568 2818 675 2845 accedat
686 2817 783 2845 Ursino
795 2837 803 2851 ,
818 2819 988 2854 negationem
1008 2822 1108 2845 temere
1128 2819 1177 2854 eji-

220 2857 307 2876 nenti.

255 2893 283 2924 2..
301 2888 487 2914 Debehithabere
500 2890 574 2923 fidem
583 2892 661 2922 nostra
673 2890 818 2924 pudieam]
841 2890 902 2916 Hoc
913 2889 1005 2917 melius
1023 2898 1055 2915 cx
1068 2890 1124 2915 Pal,
1136 2899 1176 2926 pr.

221 2918 347 2948 Vaticano
356 2931 435 2959 :itque
445 2924 562 2951 editione
573 2925 688 2952 vretorii
700 2937 705 2952 ς
729 2926 811 2961 vulgo
823 2926 897 2952 deber.

257 2963 283 2990 3-
304 2960 342 2982 Ex
353 2960 571 2993 trspueb'isftlfflimis
589 2969 632 2987 am
644 2963 744 2995 soniviis
763 2963 814 2987 tibi*
827 2962 955 2995 auguror]
977 2961 1064 2987 Reffl
1077 2961 1108 2987 si..-
1120 2962 1178 2987 Mc-

1257 2790 1284 2816 4.
1305 2786 1421 2810 Pur-lara
1430 2786 1465 2809 illo
1475 2784 1559 2819 libro]
1579 2783 1622 2809 Sic
1634 2783 1700 2810 Pau.
1713 2783 1812 2818 primus
1824 2799 1832 2814 ,
1843 2781 1938 2807 tertius
1951 2800 1960 2814 ,
1970 2782 2052 2808 Grut.
2062 2780 2181 2809 editione

1261 2864 1287 2889 5.
1308 2858 1423 2889 Nonpqsjk
1436 2857 1549 2881 *inhibere
1559 2855 1637 2887 repub.
1648 2853 1764 2887 diutina]
1788 2853 1830 2878 Sic
1840 2852 1875 2879 est
1896 2853 1922 2879 in
1933 2853 1991 2879 Pal.
2003 2853 2086 2888 prim.
2098 2853 2182 2880 Grirt.

1221 2892 1283 2917 Var.
1296 2891 1411 2917 editiori:
1425 2890 1549 2917 i'iEtoii'i.
1573 2889 1716 2915 Lambinus
1737 2898 1830 2915 iieuuu
1851 2889 1917 2915 nihil
1937 2897 2048 2916 novaret
2061 2892 2183 2923 prohiberi

1223 2927 1309 2953 edidit
1320 2948 1325 2953 .
1348 2928 1479 2953 stewech.
1489 2928 1605 2958 prohiberi
1615 2933 1663 2958 rep.
1677 2926 1884 2961 vulgoprohibrre
1893 2925 1908 2950 ,Ξ
1921 2933 1969 2958 rep.

1259 2964 1286 2988 6.
1307 2966 1364 2988 Cum
1378 2963 1526 2997 firmjrua'me
1543 2969 1564 2986 re
1575 2964 1650 2986 animi
1661 2980 1668 2992 ,
1687 2968 1736 2986 tum
1745 2964 1816 2986 etiam
1828 2961 1964 2994 speoptimei
1977 2961 2115 2995 sustentes]
2136 2961 2180 2987 Sic

220 2988 314 3017 dicaeus
325 2993 405 3019 codex
426 2995 506 3022 modo
519 2998 670 3024 committas
685 2999 738 3032 fimi
746 2999 811 3024 viis:
832 3007 916 3033 neque
927 2997 1006 3024 aliter
1017 2998 1175 3023 Vaticanus:
1202 3003 1204 3022 1
1221 2999 1336 3033 optimus
1357 2998 1439 3024 codex
1454 2998 1508 3023 i‘ai,
1527 2998 1648 3032 psiinus5
1669 2997 1754 3032 sicque
1764 2996 1849 3023 edidit
1862 2997 2067 3023 accur-ariminus
2088 2998 2117 3023 P.
2129 2997 2179 3023 v}-

220 3025 291 3060 quod
302 3029 415 3062 optimus
428 3031 458 3057 P.
468 3031 601 3060 ViCtorius
615 3033 765 3060 observavit
775 3034 876 3070 primus
888 3043 896 3064 3
918 3033 1074 3069 cupideque.
1086 3033 1126 3059 sed
1140 3041 1179 3058 ia-

1202 3031 1204 3051 '.
1223 3034 1323 3059 etoriiis
1337 3034 1391 3059 Par.
1404 3041 1466 3059 tert.
1479 3035 1559 3059 Grut.
1570 3032 1653 3058 editio
1663 3042 1747 3068 prinia
1758 3033 1844 3068 paucis
1855 3033 2003 3059 immutatis
2015 3044 2020 3059 :
2043 3035 2180 3066 tumfirmi-

222 3071 280 3087 meu
292 3062 452 3091 diffimulato
462 3066 569 3094 au&in
582 3088 590 3099 ‚
610 3068 713 3096 sustulit
725 3069 881 3096 Lambinus,
909 3070 989 3095 vulve,
1004 3070 1099 3103 summis
1109 3080 1119 3094 .-
1139 3068 1179 3094 sed
1222 3070 1303 3094 radice
1313 3073 1387 3094 anirni
1397 3077 1418 3094 tt·
1431 3088 1438 3100 ,
1456 3075 1505 3093 mm
1516 3072 1596 3094 etiam.
1621 3069 1701 3103 vulgo
1713 3069 1907 3104 iiiterpolatitii:
1925 3081 1930 3096 ·.
1947 3077 1974 3094 ur
1984 3069 2183 3102 cumfirmudme

954 3091 971 3109 ζ’

220 3096 283 3131 quid
297 3099 389 3130 simmia
403 3109 461 3127 curn
480 3103 634 3137 auguribus.
656 3104 776 3131 videatur
796 3105 885 3132 Festus
906 3106 1011 3141 ejusque
1031 3106 1181 3139 (instigator
1204 3114 1205 3138 1
1226 3108 1528 3136 animituin-,urnietiam
1539 3107 1575 3137 spe
1585 3106 1846 3138 optimorumJicstemcs.

220 3133 346 3168 Scaliger.
369 3135 426 3169 Ego
437 3143 501 3171 puto
511 3139 634 3174 proicer&
646 3148 750 3167 mutum
762 3140 838 3167 fiiiffe
849 3143 1001 3167 Maiiutiuiii
1015 3161 1022 3172 ‚
1037 3149 1081 3167 aut
1093 3143 1136 3176 qui
1148 3140 1179 3166 ad

221 3175 273 3194 ‘³1¹¹
295 3169 361 3195 ¹³0²]ss
372 3170 475 3197 mulum
494 3173 591 3203 habere
608 3175 708 3204 sensum
725 3179 865 3213 potuerim
885 3185 932 3206 aut
949 3176 1014 3206 adeo
1027 3177 1112 3205 rimie
1132 3186 1182 3204 cae-
1205 3167 1209 3240 ᾖ

220 3213 294 3238 siim,
306 3213 334 3233 ut
345 3206 474 3235 noluerit.

1262 3149 1289 3174 7.
1310 3143 1437 3166 Imitatum
1448 3148 1473 3166 at
1482 3150 1518 3173 μιν
1527 3142 1601 3165 latum
1612 3142 1653 3173 ‘ffi'
1662 3141 1740 3165 dehere
1750 3143 1803 3175 quis
1828 3143 1920 3174 ignorat
1931 3140 1964 3174 ?]
1987 3140 2029 3165 Sic
2039 3139 2182 3170 editiones,

1228 3177 1320 3212 prixiiae
1338 3178 1364 3202 ὃ(
1377 3176 1489 3202 Viftorii
1504 3196 1511 3207 ‚
1530 3176 1666 3211 exstatque
1686 3176 1867 3202 haecleffio'iii
1880 3175 1946 3202 1¹:111.
1965 3177 2053 3212 primo
2065 3195 2074 3208 ,
2093 3175 2190 3206 tertio,

1230 3214 1311 3239 kirrie.
1323 3223 1367 3248 qui
1379 3213 1444 3241 lianc
1454 3222 1510 3241 iioii,
1517 3219 1656 3249 cepe-iniit,
1668 3214 1755 3238 clarum
1767 3214 1940 3240 iutriilcruiit.

1631 3250 1771 3285 Rrrr3
2112 3246 2197 3273 nsit
