2339 3379
363 150 571 196 Eprsr.
600 144 1269 200 An.SER.SULP101UM,
1295 158 1371 191 ΕΤ
1399 145 1975 198 CETERos‚L113.IV.

229 236 299 260 ante
318 239 369 260 me
390 229 484 269 rogati
501 229 605 270 gratias
617 226 721 257 Caesan'
734 223 879 267 egissent,
898 235 1003 266 praeter
1012 226 1186 257 Volcatium

228 271 268 311 (is
288 273 391 306 enim,
415 270 433 300 fi
446 280 483 300 eo
495 271 564 300 loco
575 267 656 302 esset,
668 271 788 339 nesgavit
798 268 825 298 se
841 267 992 299 fa&urum
1003 266 1110 308 fuifl‘e)
1130 278 1186 309 ego

227 322 347 354 rogatus
357 333 367 346 ‚
389 312 504 343 mutavi
514 320 619 341 meum
631 320 689 340 con
703 312 802 340 ilium.
826 312 906 341 Nam
917 310 1073 342 statueram
1087 329 1096 344 ,
1117 319 1185 340 non

228 354 402 385 mehercule
419 354 527 383 inertia
542 373 553 387 ,
575 351 624 383 sed
641 350 786 383 desiderio
803 351 934 392 pristinae
958 352 1127 394 dignitatis,
1151 353 1186 381 in

227 405 406 437 perpetuum
421 404 524 425 tacere.
549 395 647 434 Fregit
660 396 718 424 hoc
734 404 838 424 meum
850 393 1010 425 confilium
1022 393 1055 424 &
1065 393 1186 423 Caesaris

194 440 201 443 ’
226 437 409 478 magnitudo
427 437 544 470 animi,
558 436 601 471 ,δε
622 436 737 467 senatus
756 435 905 467 officium.
929 439 1030 477 Itaque
1048 434 1186 476 pluribus

227 479 329 510 verbis
338 480 385 520 egi
400 478 504 509 Caesari
514 480 618 520 gratias
630 488 635 507 :
661 488 770 519 meque
780 488 897 512 metuo.
911 488 950 508 ne
960 480 1051 508 etiam
1064 479 1096 507 in
1107 485 1186 506 cete-

225 522 268 552 ris
276 520 364 551 rebus
376 520 503 551 honesto
514 522 578 551 otio
588 523 749 561 privarim:
771 520 853 562 quod
863 529 922 551 erat
931 530 1028 550 unum
1040 519 1180 549 solatium

225 564 260 593 in
279 563 376 593 malis.
399 563 456 593 Sed
483 572 605 598 tamen,
625 565 772 604 quoniam
783 562 876 604 effugi
885 563 948 603 ejus
961 559 1182 594 offensionem,
1204 579 1205 582 =

223 607 280 644 qui
299 603 419 635 fortasse
437 604 641 639 arbitraretur,
663 615 713 635 me
732 606 808 636 hanc
825 615 919 645 remp.
941 613 1005 634 non
1018 612 1120 643 putare
1132 623 1141 636 ,
1161 601 1182 632 fi

222 645 369 687 perpetuo
387 655 513 678 tacerem
535 657 541 677 ς
561 647 682 678 modice
701 648 759 677 hoc
777 645 884 677 faciam
898 657 904 675 z
929 654 979 675 aut
997 647 1088 675 etiam
1108 646 1185 675 intra

223 688 354 719 modum
367 699 372 717 :
394 697 427 720 ut
445 689 479 720 &
495 689 579 719 illius
601 690 750 720 voluntati
760 709 768 723 ‚
790 689 823 718 &
844 689 921 717 meis
930 686 1035 716 studiis
1045 687 1180 716 serviam.

223 731 307 761 Nam
318 729 365 760 etsi
374 731 390 761 a
399 732 495 771 prima
504 740 586 762 aetate
597 741 646 761 me
656 731 758 761 omnis
767 740 822 764 am,
837 730 870 760 δε
883 727 1160 759 d0&rinaliberalis
1171 747 1181 761 ,

223 772 259 802 δε
278 773 413 803 maxime
430 774 623 813 philosophia
643 771 819 802 delectavit:
843 779 944 800 tamen
968 770 1026 798 hoc
1046 768 1180 798 studium

221 814 359 855 quotidie
370 815 558 856 ingravescit,
575 813 664 845 credo
674 814 706 843 &
717 814 809 843 aetatis
825 813 993 842 maturitate
1003 810 1038 840 ad
1048 810 1179 850 pruden-

223 864 296 886 tiam
309 877 317 889 ,
339 856 373 886 δε
384 858 430 886 his
441 865 614 896 temporum
623 855 705 885 vitiis
714 874 722 888 ‚
746 862 779 884 ut
792 854 927 883 nullares
941 853 997 883 alia
1007 853 1104 883 levare
1114 854 1182 882 ani-

222 907 314 928 mum
337 897 486 929 molestiis
494 896 590 937 poffit.
614 899 641 926 A
650 906 711 936 quo
719 894 818 926 studio
829 905 856 926 te
869 894 976 926 abduci
986 896 1116 936 negotiis
1131 896 1179 925 in-

221 940 327 981 telligo
345 950 384 970 ex
405 941 464 970 tuis
481 939 605 968 litteris:
626 937 677 968 sed
698 946 800 967 tamen
816 937 930 978 aliquid
945 937 1007 977 jam
1028 936 1134 966 no&es
1153 946 1180 967 te

220 981 415 1020 adjuvabunt.
437 981 558 1010 Servius
577 988 645 1010 tuus
659 999 667 1013 ‚
691 980 740 1010 vel
750 978 851 1019 potius
863 977 982 1012 noster,
1003 979 1122 1009 summa
1132 988 1182 1009 me

219 1023 406 1053 observantia
417 1022 508 1053 colit:
533 1022 619 1059 cujus
628 1031 683 1062 ego
694 1020 766 1051 cum
776 1022 864 1051 omni
873 1021 1019 1061 probitate
1028 1041 1037 1054 ‚
1049 1021 1183 1051 summa-

221 1073 280 1105 que
292 1066 413 1094 virtute:
433 1073 499 1093 tum
511 1062 625 1097 studiis,
637 1063 833 1104 doliirinaque
845 1062 987 1093 delestor.
1019 1065 1048 1093 Is
1059 1073 1181 1093 mecum

220 1107 296 1145 saepe
306 1105 343 1136 de
353 1114 401 1136 tua
411 1104 567 1136 mansione
578 1126 588 1139 ,
598 1113 648 1136 aut
657 1103 823 1136 decessione
833 1106 1051 1135 communicat.
1075 1104 1182 1135 Adhuc

219 1148 253 1177 in
263 1148 317 1178 hac
326 1148 392 1178 sum
404 1148 548 1178 sententia
560 1167 568 1181 ‚
581 1147 659 1177 nihil
671 1157 702 1177 ut
711 1146 854 1178 faciamus
866 1167 874 1180 ,
886 1146 942 1177 nisi
951 1146 1032 1188 quod
1045 1146 1182 1178 maxime

219 1188 314 1219 Caesar
321 1190 401 1220 velle
412 1189 553 1220 videatur.
583 1191 644 1219 Res
655 1189 722 1219 sunt
733 1189 882 1225 ejusmodi
895 1209 903 1222 ‚
916 1198 967 1223 ut,
978 1188 1114 1218 siRomae
1127 1187 1162 1218 sis
1172 1208 1182 1223 ,

218 1231 308 1264 nihil,
321 1241 425 1271 praeter
433 1240 502 1261 tuos
515 1250 523 1265 ‚
534 1230 677 1262 dela-,iare
688 1229 784 1271 poffit.
808 1233 856 1260 De
866 1231 990 1271 reliquis
1005 1251 1013 1264 ,
1026 1231 1106 1260 nihil
1117 1239 1184 1260 me-

217 1272 278 1302 lius
289 1273 351 1312 ipso
359 1273 411 1304 est.
440 1275 555 1306 Ceteri,
569 1273 704 1303 &cetera
715 1293 724 1306 ,
736 1272 897 1312 ejusmodi,
915 1281 957 1306 ut,
970 1271 989 1301 fi
1000 1273 1072 1302 alter
1083 1281 1183 1302 utrum

220 1313 336 1345 necess'e
345 1314 494 1349 {inaudite
505 1325 537 1345 ea
546 1314 738 1355 malis‚qu{1m
748 1315 859 1344 videre.
881 1317 951 1344 Hoc
961 1313 1098 1344 nostrum
1108 1324 1183 1344 con-

218 1354 320 1386 filium
333 1357 422 1387 nobis
431 1356 742 1396 minime-iucundum
752 1355 859 1397 est‚qui
869 1365 896 1386 te
908 1356 1011 1386 videi-e
1021 1357 1162 1396 cupimus
1175 1367 1181 1385 z

218 1397 270 1428 sed
280 1399 468 1430 consulimus
480 1398 546 1428 tibi.
576 1398 658 1428 Vale.

363 1442 465 1471 SER.
487 1441 765 1471 SULPICIUS
787 1441 884 1470 MT.
908 1442 1040 1471 CICE-

590 1483 618 1512 R
629 1484 656 1511 O
667 1482 697 1512 N
707 1484 722 1511 Ι
737 1501 745 1514 ‚
769 1484 798 1512 S.
812 1485 854 1512 D.
1178 1513 1181 1514 .

303 1525 332 1554 0
341 1534 353 1554 s
364 1533 384 1553 τ
398 1533 418 1553 ε
427 1532 450 1553 A
467 1521 558 1565 quam
583 1524 662 1553 mihi
687 1528 892 1554 renuntiatum
903 1523 945 1554 est
955 1523 992 1554 de
1001 1522 1090 1554 obitu
1104 1523 1183 1555 Tul-

295 1566 342 1599 liae
353 1585 361 1600 ‚
377 1564 445 1596 filiae
456 1575 514 1596 tuae
525 1585 533 1599 ‚
546 1565 614 1596 sane
626 1568 717 1606 quam
730 1575 785 1606 pro
795 1576 832 1596 eo
843 1586 851 1600 ‚
865 1577 897 1596 ac
909 1566 1011 1600 debui,
1023 1568 1155 1607 graviter
1169 1586 1178 1601 ‚

218 1607 407 1648 ‘molesteque
421 1609 477 1638 tuli
492 1628 501 1641 ‚
512 1617 775 1649 communemque
789 1618 854 1638 eam
862 1609 1063 1638 calamitatem
1078 1608 1182 1639 existi-

217 1652 311 1680 mavi.
355 1652 385 1680 ui
405 1648 424 1680 si
455 1649 522 1680 istic
538 1648 685 1680 affuissem
700 1660 705 1679 ι
729 1660 828 1691 neque
847 1650 904 1680 tibi
924 1648 1084 1681 defuifl‘em
1096 1670 1105 1685 ‚
1129 1660 1181 1680 co·

216 1701 342 1732 tamque
362 1701 468 1722 meum
483 1691 622 1722 dolorem
633 1690 898 1723 tibidecIaraffem.
924 1691 983 1723 Etfi
994 1696 1004 1712 ¹
1017 1703 1112 1735 genus
1123 1693 1180 1723 hoc

216 1734 437 1764 consolationis
447 1734 604 1768 miserum,
616 1743 703 1775 atque
711 1734 848 1765 acerbum
861 1734 904 1765 est
916 1745 921 1764 :
934 1735 1178 1776 propterea-quia,

215 1779 269 1815 per
277 1784 354 1815 quos
363 1785 397 1806 ea
409 1774 535 1806 confieri
549 1775 639 1806 debet
651 1796 660 1810 ,
680 1779 877 1818 propinquos,
888 1787 920 1807 ac
928 1777 1106 1807 familiai-eis
1117 1797 1126 1811 ,
1148 1777 1178 1807 id

216 1814 270 1856 ipsi
291 1818 352 1856 pari
368 1816 507 1848 molestia
527 1816 721 1852 afficiuntur,
742 1829 841 1860 neque
851 1818 912 1848 fine
923 1819 1063 1859 lacrymis
1073 1820 1179 1849 multis

216 1858 248 1888 id
260 1860 361 1888 conari
373 1857 495 1898 poffunt
508 1869 513 1888 :
539 1861 583 1889 uti
595 1862 691 1901 magis
702 1859 752 1900 ipsi
764 1860 1058 1891 videanturaliorum
1068 1861 1178 1891 confo-

217 1899 329 1930 latione
339 1900 472 1941 indigere
486 1920 494 1934 ,
505 1900 597 1941 quam
605 1901 672 1931 aliis
684 1900 766 1941 poffe
775 1902 861 1932 suum
875 1900 1013 1932 officium
1024 1901 1158 1942 praestare
1171 1913 1176 1931 :

214 1949 318 1972 tamen
335 1952 400 1983 quae
418 1944 451 1973 in
468 1943 663 1982 praesentiain
684 1952 820 1974 mentem
836 1945 914 1973 mihi
935 1953 1103 1978 venerunt,
1125 1944 1178 1973 de-

213 1985 296 2014 crevi
315 1983 400 2014 brevi
410 1983 444 2014 ad
458 1993 484 2014 te
495 1984 673 2024 perscribere
688 1995 694 2014 :
709 1995 771 2015 non
782 1985 866 2026 quod
877 1996 911 2016 ea
919 1994 947 2016 te
957 1985 1058 2027 fugere
1072 1985 1177 2016 existi-

214 2035 319 2055 mem:
339 2025 388 2056 sed
407 2025 489 2067 quod
503 2025 626 2056 forsitan
649 2026 754 2057 dolore
774 2027 939 2068 impeditus
951 2031 1054 2058 minus
1067 2038 1100 2058 ea
1111 2037 1177 2068 per-

212 2065 332 2107 spicias.
356 2068 437 2139 <51ch
448 2067 510 2102 est,
528 2067 611 2109 quod
630 2077 717 2099 tanto
738 2079 828 2110 opere
851 2079 879 2100 te
894 2079 1089 2101 commoveat
1107 2079 1175 2100 tuus

213 2108 305 2138 dolor
323 2111 385 2139 inte
415 2111 505 2139 inus?
524 2112 640 2151 cogita,
664 2111 927 2152 quemadmodum
945 2112 1041 2142 adhuc
1052 2111 1173 2142 fortuna

212 2149 375 2181 nobiscum
385 2153 478 2193 egerit
489 2162 494 2180 :
505 2161 537 2182 ea
546 2151 636 2182 nobis
646 2161 743 2192 erepta
753 2152 823 2186 effe,
836 2164 902 2194 quae
912 2154 1094 2184 hominibus
1108 2163 1173 2184 non

251 2272 276 2289 ι,
297 2265 377 2288 Genua
385 2263 425 2288 hoc
442 2261 598 2295 consolationis
617 2262 725 2293 miserum
741 2268 814 2295 atque
832 2262 941 2287 acerbum
959 2261 1019 2295 effi]
1043 2262 1087 2288 Sic
1095 2261 1181 2288 editio

212 2298 340 2330 Vic‘torii‚
350 2299 438 2324 Vatic.
448 2298 505 2325 Pal.
518 2299 627 2334 quintus
643 2296 675 2323 ad
687 2298 835 2332 marginem
848 2308 855 2324 ε
877 2305 985 2333 quartus
997 2299 1062 2324 vero
1075 2300 1181 2332 miserri-

213 2345 285 2362 mum.
299 2335 382 2362 ceteri
401 2343 493 2361 omnes
512 2337 645 2360 minimum.
666 2333 734 2359 Mihi
748 2342 835 2360 tamen
855 2333 940 2369 placet
961 2334 1100 2361 inventum
1120 2334 1178 2361 aliis

211 2374 307 2403 anirum.
328 2372 449 2397 ceterum
468 2370 524 2406 post
533 2370 620 2397 statim
631 2369 698 2405 legit
710 2370 766 2396 Pal.
776 2379 818 2406 pr.
832 2378 942 2404 perquos
952 2379 980 2395 ca
996 2373 1092 2404 confieri
1099 2371 1175 2402 dehet,

212 2407 314 2434 ficutin
326 2407 454 2434 Medicaeo
466 2406 564 2443 reperit
583 2405 731 2432 Victorius.
750 2406 852 2437 ceteri,
872 2405 975 2432 ficut&
996 2413 1051 2433 tres
1069 2406 1178 2434 Guliel-

216 2443 312 2475 miani,
322 2446 410 2479 eafieri
419 2443 470 2469 deb.
484 2442 616 2469 stewech.
629 2442 698 2469 Pau.
710 2450 798 2478 quart.
809 2443 898 2478 quint.
909 2442 1001 2469 debent.

249 2488 278 2505 2.
292 2483 350 2506 Cum
368 2481 449 2514 ali'quo
462 2480 603 2513 adolescente
616 2481 732 2512 primario
750 2480 873 2511 corijuni‘i'a
891 2485 982 2505 ,etatem
994 2479 1111 2513 geri-ren]
1133 2479 1177 2506 Sic

210 2515 297 2551 prima
308 2515 401 2542 editio.
420 2515 454 2542 fic
465 2515 614 2546 Viritorius.
624 2525 651 2542 ο.
663 2515 731 2542 Pall.
742 2516 824 2542 Grut.
835 2515 922 2542 Vatis.
935 2515 1025 2550 itaque
1036 2516 1120 2542 miror
1129 2516 1174 2551 qui

212 2551 280 2578 illud
301 2560 378 2586 ageret
396 2550 543 2588 adegerunt
570 2561 617 2589 per
635 2559 678 2578 tot
695 2551 826 2579 obstantes
847 2550 1086 2588 manuscriptorum
1104 2552 1176 2589 quasi

211 2598 321 2615 cuneos.

249 2633 275 2661 3.
295 2628 334 2650 Ex
344 2625 629 2658 harjicvemutegenerum
637 2625 730 2657 diligere
742 2624 756 2658 ]
781 2623 890 2650 Praetuli
900 2623 966 2650 hanc
984 2622 1128 2652 lefflonem
1139 2634 1174 2652 ex

211 2668 327 2697 quatuor
341 2660 408 2686 Pali.
429 2661 511 2696 vulgo
522 2661 601 2687 nimis
621 2660 881 2696 vulgariter-deligere.
898 2660 925 2686 iu
937 2660 1019 2685 Grut.
1037 2661 1054 2685 d
1071 2661 1172 2688 erasum

211 2697 296 2730 est,ut
304 2697 367 2723 effet
377 2698 467 2729 eligere,
478 2698 544 2723 Ven.
554 2697 650 2729 delegere
660 2707 665 2722 ι
684 2696 754 2732 quod
766 2703 864 2722 annoto
886 2698 926 2725 (ut
936 2695 1061 2731 plurima.)
1081 2696 1116 2723 ob
1125 2706 1174 2724 cu-

210 2732 305 2760 riosos.
326 2732 409 2759 Aliud
424 2734 458 2759 est
469 2733 563 2766 deligere
572 2732 697 2759 videlicet
707 2741 740 2758 ex
752 2732 828 2768 copia
846 2740 877 2758 ac
888 2731 1061 2759 multitudine
1073 2743 1079 2759 z
1101 2732 1174 2760 aliud

211 2769 306 2804 deligere
315 2769 378 2796 sicut
396 2767 464 2805 apud
476 2768 645 2805 Prope-:tium
665 2769 760 2802 deligere
777 2770 843 2801 astra
863 2777 946 2794 manu.
965 2767 1173 2796 Videanturno—

212 2804 303 2841 straJu
310 2805 419 2837 venilia,
430 2805 447 2831 si
459 2805 502 2831 cui
514 2806 580 2831 tanti
596 2805 665 2831 linit.

221 2855 224 2858 ⁴
249 2849 276 2874 4.
294 2845 334 2868 Ea
351 2843 435 2867 liberos
454 2841 646 2875 exsepararen]
668 2841 734 2866 Haec
750 2840 788 2867 est
806 2839 928 2867 codicum
945 2840 1014 2866 Pali.
1033 2850 1073 2873 pr.
1085 2849 1173 2877 quart.

213 2876 312 2904 Medic.
321 2879 408 2904 Varie.
418 2877 546 2904 Politiani
559 2897 566 2908 ‚
586 2885 666 2913 atque
675 2876 740 2903 adeo
750 2877 876 2904 editionis
887 2879 978 2912 primae
991 2896 999 2907 ‚
1018 2887 1047 2903 ac
1058 2877 1173 2904 Victorii

212 2910 347 2948 scriptura,
360 2923 438 2950 quam
450 2923 509 2940 cum
520 2913 641 2950 quidam,
649 2913 817 2949 opinionibus
829 2913 972 2940 vaniilimis
982 2913 1076 2940 infeeti
1089 2933 1097 2946 ,
1108 2922 1174 2941 con-

214 2956 326 2985 coquere
337 2959 388 2976 non
399 2949 512 2986 possent,
523 2957 660 2977 mutarunt
670 2952 696 2976 in
704 2957 813 2983 pareret.

254 2992 280 3017 5.
298 2986 418 3011 Libertate
429 2987 477 3019 sua
490 2989 526 3012 uti
537 2987 571 3021 ἓ]
592 2986 634 3012 Sic
645 2995 686 3022 pr.
699 2985 783 3013 editio
793 2996 822 3012 ac
832 2985 960 3017 vretorli,
971 2995 998 3012 o.
1010 2985 1078 3012 Pali.
1092 2985 1174 3012 Grut.

212 3019 345 3046 stewech.
355 3020 439 3048 Peck.
449 3022 535 3049 Varie.
546 3022 616 3050 unde
625 3022 728 3049 Guliel.
737 3024 804 3057 usim
813 3032 847 3050 ex
859 3022 1013 3058 conjectura
1023 3022 1113 3059 reponi
1127 3031 1174 3048 νο-

216 3055 295 3083 lebat.
320 3056 401 3091 vulgo
411 3064 544 3085 urerentur.

248 3092 276 3117 6.
296 3096 330 3118 At
346 3101 403 3118 vero
420 3095 506 3119 malum
519 3097 556 3120 ef!
571 3096 652 3121 liber-os
671 3098 788 3122 amittere.
813 3097 903 3122 Malim
915 3115 923 3127 ,
940 3095 1008 3129 myzl]
1031 3094 1118 3121 Pluris
1137 3093 1173 3120 est

210 3127 279 3163 apud
299 3137 343 3154 ine
353 3128 410 3154 Pal.
421 3129 499 3164 primi
510 3130 652 3158 audieritas
667 3151 675 3163 ‚
694 3141 772 3168 qnam
792 3139 944 3158 ceterorum
965 3131 1084 3158 omnium
1097 3142 1103 3158 :
1125 3131 1173 3166 qni

210 3163 251 3190 hic
264 3163 332 3190 solus
344 3166 378 3195 τὸ
387 3166 474 3190 malum
485 3167 593 3197 retinet,
605 3168 700 3194 ceteris
709 3167 833 3194 omnibus
843 3167 910 3194 illud
928 3167 1008 3204 (quod
1020 3168 1048 3194 &
1059 3168 1091 3194 de
1101 3168 1175 3194 Gru-

208 3201 311 3228 aeriiino
322 3202 349 3227 Sc
361 3201 497 3228 stewech.
506 3201 626 3229 editione
634 3204 721 3239 prima
729 3204 848 3241 intelligi
860 3201 1140 3240 i··..lo„='aspernanii·bm.

1234 225 1349 260 minus,
1360 224 1449 267 quarn
1462 225 1560 260 liberi,
1571 234 1634 257 cara
1643 225 1701 256 ess‘e
1712 225 1821 258 debent
1831 238 1837 256 t
1846 229 1984 267 patriam,
1994 224 2193 260 honestatem,

1231 268 1555 309 dignitatem,honores
1565 270 1696 299 omneis.
1720 271 1789 300 Hoc
1798 269 2070 300 unoincornmodo
2079 267 2190 301 additu..

1230 310 1304 349 quid
1320 310 1356 340 ad
1367 310 1506 340 dolorem
1514 310 1637 352 adjungi
1647 312 1745 351 potuit
1760 313 1770 340 ?
1789 320 1836 343 aut
1849 310 1900 354 qui
1912 321 1975 342 non
1989 310 2094 341 inillis
2106 310 2194 340 rebus

1229 353 1396 382 exercitatis
1406 354 1527 382 animus
1540 353 1646 383 callere
1655 354 1719 394 jam
1731 352 1830 387 debet,
1842 363 1930 388 atque
1945 355 2051 384 omnia
2062 353 2192 382 minori«

1230 391 1398 423 aestimare?
1418 397 1466 424 An
1483 395 1566 424 illius
1583 396 1681 425 vicem
1707 395 1841 436 (credo)
1862 389 1945 426 doles
1966 397 1977 425 ?
2006 396 2134 437 Qoties
2157 396 2191 423 in

1229 443 1295 463 eam
1313 436 1529 475 cogitationem
1550 435 1666 467 necefl'e
1686 436 1730 467 est
1748 437 1782 467 &
1800 446 1831 468 tu
1843 438 1961 468 veneris
1975 457 1984 471 ‚
2004 437 2037 467 δε
2051 446 2108 467 nos
2119 436 2191 475 saepe

1227 475 1394 505 incidimus
1414 496 1422 510 ‚
1449 478 1527 507 hisce
1550 478 1738 517 temporibus
1757 489 1821 510 non
1838 477 1961 519 poffime
1979 478 2051 509 cum
2080 481 2117 509 iis
2132 476 2191 507 effe

1227 516 1348 551 stium,
1367 518 1478 557 quibus
1497 517 1557 549 sine
1573 519 1677 550 dolore
1697 521 1816 551 licitum
1838 521 1881 552 est
1898 531 2031 552 mortem
2046 531 2116 551 cum
2129 522 2188 552 vin

1227 562 1436 589 commutare?
1455 560 1537 601 Qid
1562 570 1662 591 autern
1677 561 1754 596 fuit,
1775 563 1856 604 quod
1878 564 1961 593 illam
1985 565 2044 593 hoc
2055 572 2191 602 tempure

1227 601 1262 631 ad
1285 601 1453 632 vivendum
1473 611 1653 642 magnopere
1672 605 1797 634 invitare
1816 604 1931 644 postet?
1950 615 2016 646 quae
2035 615 2098 638 rea,
2120 614 2186 645 qua:

1228 644 1311 683 spes?
1329 642 1412 684 quod
1430 644 1526 673 animi
1546 643 1706 675 solatium?
1727 648 1873 676 Ut²cu2n
1884 648 1986 687 aliquo
1996 647 2185 677 adolescente

1225 687 1370 724 primario
1388 683 1552 723 conjunch
1561 693 1674 715 aetatem
1687 690 1817 727 gereret?
1836 690 1967 719 Licirum
1977 689 2082 719 esttibi
2103 690 2185 723 (eree

1227 726 1267 756 do
1280 727 1290 766 )
1303 736 1356 767 pro
1367 735 1416 757 tua
1424 725 1568 767 dignitate
1583 731 1595 753 3
1605 737 1643 756 ex
1654 729 1706 757 hur:
1721 729 1872 764 juventute
1883 740 2027 771 generum
2040 731 2163 771 diligere
2175 749 2184 763 s

1224 768 1312 808 cujus
1332 767 1403 799 fidei
1422 768 1536 798 liberos
1547 777 1615 798 tuos
1626 778 1653 798 te
1664 768 1729 799 tuto
1740 774 1931 801 committere
1947 782 2071 812 putares.
2096 777 2186 802 Anut

1223 813 1283 840 4ea
1300 809 1413 840 liberos
1431 820 1470 840 ex
1487 811 1515 840 se
1526 810 1553 841 se
1563 819 1692 850 pararet:
1711 821 1789 852 quos
1803 812 1871 844 cum
1883 812 2035 844 florenteis
2045 814 2162 845 videret
2174 833 2182 846 ‚

1226 851 1395 884 laetaretur?
1412 853 1464 893 qui
1474 862 1536 882 rem
1548 852 1691 893 >apin-ente
1701 853 1838 883 traditam
1849 855 1934 893 perse
1946 865 2045 886 tenere
2056 855 2186 896 possent?

1227 894 1358 924 honores
1373 894 1538 924 ordinatim
1565 896 1686 935 petituri
1706 894 1800 925 essent
1818 897 1851 924 in
1876 900 1957 935 rep?
1977 899 2008 927 in
2017 901 2186 927 amicorum

1227 937 1357 977 negotiis
1372 936 1528 966 flibertate
1548 937 1597 966 sua
1617 939 1683 966 uti?
1701 937 1782 977 Qid
1804 939 1914 967 horum
1927 938 2003 971 fuit.
2028 940 2107 979 qued
2121 949 2185 968 non

1225 978 1322 1018 prius,
1332 978 1423 1019 quam
1437 978 1540 1008 datum
1553 977 1604 1012 cst,
1616 978 1771 1009 ademtum
1784 978 1835 1009 sit?
1855 977 1870 999 ⁶
1882 983 1919 1010 At
1930 979 2000 1009 vero
2019 982 2131 1010 malum
2144 979 2186 1010 est

1226 1019 1341 1050 liberos
1349 1022 1498 1050 amittere.
1522 1020 1638 1050 Malum
1652 1041 1660 1054 ,
1674 1020 1729 1050 nisi
1738 1022 1796 1051 hoc
1808 1022 1895 1061 pejus
1905 1020 1940 1052 fit
1950 1042 1957 1055 ‚
1971 1023 2033 1052 haec
2045 1020 2163 1051 sussen-e
2176 1042 2183 1056 .

1227 1061 1262 1092 &
1279 1064 1403 1102 perpeti.
1426 1064 1502 1102 Qua:
1521 1071 1567 1091 res
1579 1063 1656 1092 mihi
1670 1073 1733 1093 non
1744 1064 1929 1094 mediocrem
1939 1064 2183 1094 consolationem

1226 1104 1343 1139 attulit,
1359 1104 1435 1134 volo
1459 1104 1514 1134 tibi
1537 1113 1778 1134 commemorare
1790 1126 1798 1138 ,
1819 1104 1841 1134 fi
1858 1104 1936 1136 forte
1955 1106 2058 1137 eadem
2074 1115 2118 1135 res
2130 1106 2185 1135 tibi

1226 1148 1366 1176 minuere
1385 1146 1523 1176 dolorem
1542 1144 1638 1186 poffit.
1662 1149 1708 1177 Ex
1725 1145 1932 1182 Afiarediens,
1949 1147 2021 1179 cum
2031 1147 2067 1177 ab
2078 1149 2189 1188 AEgina

1227 1190 1379 1229 Megaram
1397 1188 1498 1219 versus
1519 1190 1689 1230 navigarem
1713 1208 1722 1222 ‚
1745 1192 1822 1229 coepi
1844 1192 1981 1231 regiones
1998 1191 2189 1220 circumcirca

1225 1231 1404 1273 prospicere.
1420 1229 1488 1271 post
1506 1239 1556 1260 me
1575 1240 1635 1260 erat
1658 1233 1782 1272 AEgina:
1801 1234 1871 1261 ante
1892 1234 2020 1273 Megara.
2052 1236 2066 1260 7
2086 1231 2191 1261 dextra

1226 1274 1354 1313 Piraeeus
1367 1283 1372 1301 :
1392 1270 1507 1303 finistra
1519 1273 1683 1303 Corinthus
1696 1283 1700 1301 :
1716 1283 1781 1314 quae
1795 1273 1901 1313 oppida
1911 1274 2042 1314 quodam
2052 1282 2189 1312 tempore

1225 1313 1433 1345 florentiffima
1442 1314 1575 1348 fuerunt,
1589 1324 1671 1344 nunc
1682 1315 1823 1355 prostrata
1833 1335 1841 1349 ‚
1856 1316 1888 1346 &
1905 1310 1920 1335 5
1932 1316 2028 1345 diruta
2037 1324 2105 1345 anre
2115 1324 2191 1344 ocu-

1224 1356 1272 1386 los
1287 1357 1394 1395 jacent.
1414 1358 1487 1397 caepi
1498 1365 1620 1397 egomet
1638 1366 1759 1387 mecum
1781 1355 1819 1387 sic
1839 1360 1984 1398 cogitare:
2010 1359 2109 1389 Hem,
2132 1366 2190 1386 nos

1225 1398 1626 1440 homunculiindignamur‚
1639 1397 1659 1428 si
1670 1401 1735 1439 quis
1747 1399 1886 1429 nostium
1900 1400 2034 1432 interiit,
2049 1408 2097 1428 aut
2108 1408 2191 1429 occi-

1226 1440 1274 1470 sus
1284 1439 1336 1474 est,
1351 1450 1480 1482 quorum
1491 1442 1551 1471 vita
1560 1440 1683 1471 brevior
1694 1439 1750 1471 effe
1765 1441 1863 1475 debet,
1875 1445 1891 1468 9
1901 1441 1973 1472 cum
1986 1450 2048 1471 uno
2060 1440 2130 1470 loco
2144 1448 2190 1470 tot

1224 1481 1374 1522 oppidum
1394 1482 1532 1513 cadavera
1547 1481 1681 1522 ptuit-ista
1696 1483 1831 1523 jaceant?
1852 1484 1947 1514 Visne
1967 1492 1999 1513 tu
2016 1491 2063 1516 te,
2083 1484 2165 1512 Servi
2180 1502 2187 1515 ,

1225 1524 1367 1555 cohibere
1377 1544 1386 1558 ‚
1411 1524 1444 1554 &
1460 1523 1633 1554 meminifl'e
1645 1544 1653 1558 ,
1663 1526 1826 1555 hominem
1835 1535 1864 1555 te
1877 1523 1935 1555 effe
1946 1533 2051 1555 natum
2064 1526 2075 1553 ?
2096 1523 2189 1554 Crede

1224 1567 1321 1596 mihi:
1339 1567 1523 1608 cogitatione
1541 1576 1575 1596 ea
1597 1576 1660 1596 non
1680 1566 1875 1597 mediocriter
1894 1567 1959 1597 sum
1979 1564 2189 1600 confirmatus.-

1224 1610 1294 1638 Hoc
1310 1608 1392 1638 idern
1406 1628 1416 1641 ,
1438 1606 1459 1637 si
1477 1607 1534 1638 tibi
1552 1607 1688 1642 videtur,
1709 1608 1754 1638 fac
1763 1617 1832 1638 ante
1841 1609 1948 1639 oculos
1958 1608 2014 1638 tibi
2025 1616 2183 1648 proponas.

1223 1648 1321 1681 Modo
1345 1660 1408 1680 uno
1425 1659 1562 1690 tempore
1572 1649 1843 1681 totviriclariffimi
1857 1652 2052 1680 interierunt:
2078 1650 2114 1679 de
2127 1659 2189 1679 im—

1221 1694 1306 1733 perio
1316 1691 1455 1732 praetcreii
1466 1701 1544 1722 tanta
1554 1693 1585 1711 ¹0
1595 1691 1771 1723 deminutio
1779 1691 1856 1722 fasta
1865 1691 1924 1722 est:
1942 1701 2051 1722 omnes
2059 1692 2187 1732 provin-

1223 1745 1276 1764 ciae
1298 1732 1495 1775 conquaffatae
1515 1735 1594 1765 sunt.
1611 1736 1645 1764 in
1664 1736 1756 1764 unius
1774 1734 1962 1766 muliercula:
1970 1732 2188 1773 animulasija-

1222 1776 1304 1807 &ura
1311 1775 1389 1807 fa&a
1399 1775 1441 1807 est
1451 1795 1460 1810 ,
1484 1785 1568 1807 tanto
1579 1786 1669 1816 opere
1683 1778 1911 1808 commoveris?
1930 1786 1994 1817 qua:
2007 1774 2026 1805 si
2040 1777 2098 1806 hoc
2109 1784 2188 1805 tem-

1220 1828 1292 1859 pore
1312 1829 1378 1848 non
1401 1818 1484 1849 diem
1495 1818 1582 1849 suum
1597 1816 1705 1848 obisset
1716 1838 1726 1852 ,
1762 1820 1863 1859 paucis
1872 1818 1940 1859 post
1949 1819 2036 1848 annis
2048 1827 2148 1848 tamen
2158 1828 2186 1847 ei

1221 1860 1419 1890 moriendum
1442 1859 1518 1890 fuit:
1544 1862 1690 1902 quoniam
1709 1861 1806 1891 homo
1829 1869 1898 1890 nata
1915 1859 2018 1890 fuerat.
2042 1862 2143 1891 Etiam
2153 1868 2185 1889 tu

1220 1903 1257 1932 ab
1278 1902 1359 1932 hisce
1377 1902 1468 1932 rebus
1488 1903 1629 1932 animum
1647 1905 1674 1921 ¹¹
1687 1902 1722 1932 ad
1741 1903 1958 1943 cogitationem
1978 1910 2060 1932 tuam
2077 1911 2185 1932 avocat

1219 1949 1306 1984 atque
1316 1954 1348 1973 ea
1357 1945 1459 1983 potius
1468 1944 1670 1977 reminiscere,
1682 1953 1748 1984 quae
1759 1943 1850 1982 digna
1859 1951 1907 1981 tua
1915 1943 2040 1983 persona
2050 1943 2118 1974 sunt
2130 1953 2135 1971 1
2147 1942 2185 1972 il-

1221 1986 1280 2015 lam
1291 2005 1299 2019 ,
1311 1985 1455 2026 quamdiu
1470 1986 1498 2014 ei
1506 1994 1581 2025 opus
1589 1984 1698 2019 fuerit,
1709 1983 1816 2016 vixiss'e
1827 2005 1836 2019 ,
1849 1984 1908 2016 una
1917 1994 1988 2016 curn
2002 1994 2063 2025 rep.
2074 1983 2162 2014 fuiffe
2178 1994 2184 2014 ι

1219 2036 1247 2057 te
1257 2037 1370 2067 patrem
1380 2027 1467 2057 suum
1480 2046 1489 2060 ‚
1507 2035 1664 2066 praetorem
1678 2046 1686 2060 ,
1704 2027 1862 2058 consulem
1873 2046 1882 2061 ‚
1903 2036 2046 2068 augurem
2067 2025 2183 2057 vidisse:

1219 2069 1458 2099 adolescentibus
1477 2069 1631 2108 primariis
1650 2078 1776 2109 nuptam
1793 2067 1882 2099 fuiss‘e
1903 2079 1910 2098 ε
1929 2068 2074 2099 omnibus
2095 2068 2186 2099 bonis

1220 2110 1314 2151 probe
1324 2109 1515 2151 perfunt‘hm
1527 2108 1587 2140 effe
1600 2109 1687 2140 :cum
1697 2111 1772 2151 resp.
1785 2111 1946 2145 occideret,
1956 2111 2017 2141 vita
2026 2108 2186 2141 exceffisse.

1220 2152 1304 2193 Qid
1315 2151 1369 2188 est,
1381 2150 1465 2194 quod
1477 2161 1510 2182 tu
1522 2172 1532 2187 ,
1544 2161 1595 2182 aut
1605 2151 1667 2199 illa,
1678 2163 1749 2184 cum
1759 2152 1881 2184 fortuna
1891 2153 1948 2184 hoc
1957 2153 2088 2183 nomine
2100 2152 2187 2223 quffri

2093 2203 2134 2233 ΡΟ
2162 2204 2188 2222 l·

1260 2269 1288 2296 7.
1308 2264 1402 2288 Dextra
1411 2262 1541 2295 :Pb-ema]
1562 2262 1632 2288 Pall.
1651 2269 1740 2298 quart.
1760 2263 1847 2298 quint.
1867 2261 2002 2288 stewech.
2019 2265 2098 2294 {Erras
2115 2260 2185 2287 unde

1225 2298 1389 2325 Gulielmius
1398 2300 1471 2331 Pylas
1481 2318 1489 2329 ,
1509 2306 1542 2323 ex
1553 2297 1716 2328 coineEiura.
1737 2300 1865 2324 Ceterum
1878 2298 1967 2334 paullo
1986 2306 2046 2324 ante
2063 2297 2183 2337 I'sll.p=·.

1223 2341 1287 2360 tert.
1307 2334 1396 2370 quint.
1415 2335 1498 2361 Grut.
1518 2334 1653 2361 stewech.
1671 2338 1792 2368 Megarem
1808 2354 1816 2366 ,
1835 2335 1863 2360 Sc
1883 2338 1986 2367 Migcrc.
2014 2333 2110 2369 reliqui
2130 2341 2183 2359 cluo

1221 2374 1346 2404 [negat-on.

1260 2406 1287 2433 8.
1310 2409 1400 2433 Diruta
1409 2406 1520 2441 jamin]
1541 2406 1615 2434 Aliis
1625 2405 1780 2433 adnotatum
1792 2406 1864 2433 estin
1878 2413 1932 2432 vet.
1943 2405 2002 2432 cod..
2015 2404 2124 2441 reperiri
2150 2406 2182 2428 ⁴¹.-

1220 2450 1309 2476 rupta:
1328 2442 1399 2480 quod
1410 2452 1460 2478 ego
1469 2445 1496 2469 in
1508 2442 1566 2469 Pal.
1579 2451 1675 2479 quarto
1685 2452 1716 2469 ac
1726 2444 1808 2470 Grut.
1827 2451 1900 2479 :tque
1912 2451 1980 2478 repsi
1990 2442 2007 2466 i.
2028 2451 2078 2467 non
2091 2448 2180 2467 taines.

1219 2478 1325 2514 placet:
1348 2479 1413 2506 sicut
1423 2481 1451 2505 δε
1461 2479 1532 2515 quod
1543 2479 1569 2506 in
1582 2479 1649 2506 l'all.
1660 2487 1775 2515 quatuor
1784 2499 1790 2510 ,
1801 2480 1913 2505 Gruter.
1924 2477 2056 2504 Stewce'n.
2069 2476 2160 2503 visitur
2171 2499 2176 2503 .

1219 2518 1257 2540 En
1269 2534 1277 2548 ‚
1287 2525 1328 2542 nos
1338 2518 1468 2543 homunculi
1476 2516 1629 2549 indignamur
1640 2535 1648 2547 ‚
1668 2524 1728 2541 cuni
1739 2514 1853 2542 Victorii
1864 2514 1948 2541 editio
1961 2533 1968 2547 ‚
1987 2523 2016 2540 ,ic
2028 2513 2085 2539 Pal.
2097 2514 2165 2549 prim
2176 2534 2179 2537 .

1218 2560 1313 2579 contra
1324 2551 1452 2578 defendat
1463 2563 1468 2578 :
1492 2555 1558 2582 Hem,
1569 2562 1610 2577 ηας
1624 2553 1766 2577 homunculi.

1255 2596 1283 2624 9.
1302 2591 1361 2615 Cum
1371 2596 1403 2614 rot
1413 2589 1517 2621 oppidum
1529 2588 1652 2613 cada-vcra
1665 2586 1899 2621 prnjfflajaccaaen]
1921 2586 2023 2612 Omnes
2033 2585 2091 2612 Pal.
2104 2584 2178 2611 eoni-

1217 2632 1258 2651 ces
1273 2624 1441 2660 manuscripti
1455 2643 1463 2655 ‚
1475 2623 1539 2649 sicut
1549 2624 1576 2649 &c
1588 2623 1698 2649 Gruteri
1710 2624 1737 2648 8<
1750 2622 1992 2654 Stcwecliiijaccnt,
2001 2620 2073 2658 quod
2083 2620 2179 2656 {equu-

1217 2669 1243 2687 ta
1254 2670 1359 2697 quoque
1372 2661 1407 2687 est
1419 2660 1503 2696 prima
1521 2658 1664 2695 impressio.
1684 2658 1754 2685 Mihi
1764 2666 1794 2685 ut
1814 2665 1855 2684 tot
1874 2657 1998 2684 codicum
2019 2656 2179 2692 conspiratio.

1215 2697 1292 2723 nihili
1310 2696 1426 2733 putanda
1439 2706 1489 2722 non
1499 2695 1551 2722 effe
1572 2694 1677 2721 videtui-
1690 2713 1698 2726 ,
1716 2695 1753 2721 ita
1764 2704 1814 2721 non
1826 2693 2014 2730 praecipitanda
2033 2692 2178 2720 correCi-Io.

1215 2740 1332 2759 ceterum
1343 2733 1458 2765 oppidum,
1473 2740 1506 2758 ex
1518 2741 1570 2767 quo
1583 2731 1664 2766 vulgo
1674 2731 1817 2764 oppidorum,
1828 2737 1924 2766 praeter
1934 2729 2091 2757 Medicaeum
2103 2730 2178 2756 coili-

1215 2778 1271 2795 cem
1292 2768 1510 2796 &victorianum
1521 2767 1665 2794 editionem
1678 2786 1685 2799 ,
1705 2765 1824 2794 fatentur
1843 2776 1949 2804 quoquc
1968 2766 2178 2803 Pal.pr.qui·zt.

1215 2804 1435 2841 superlinearem:
1458 2805 1546 2830 Vatic.

1258 2850 1300 2867 io.
1314 2844 1445 2868 Deminietio
1458 2842 1528 2874 ᾖσθα
1538 2840 1597 2874 effi]
1619 2840 1662 2866 Sic
1673 2838 1772 2866 ιτξὶίυς
1783 2839 1828 2865 alii
1841 2858 1849 2871 ,
1860 2847 1893 2866 ex
1906 2838 2007 2865 vetusto
2017 2837 2110 2864 codice
2128 2849 2176 2865 rn-

1217 2885 1364 2908 notaruiit3
1385 2884 1513 2911 extatque
1532 2876 1581 2902 hoc
1592 2876 1617 2901 in
1630 2875 1688 2901 Pal.
1700 2885 1741 2912 pr.
1759 2874 1850 2902 codice
1860 2875 1981 2902 omnium
1995 2873 2174 2901 emendarim-

1217 2923 1261 2940 mo
1274 2934 1281 2946 ,
1301 2914 1346 2950 qui
1356 2914 1384 2940 Sc
1395 2923 1442 2950 pro
1454 2915 1572 2946 elariffimi
1581 2911 1748 2947 repraesentat
1757 2914 1866 2946 carifflmi
1882 2910 1954 2947 quod
1965 2921 2017 2938 non
2029 2910 2123 2945 absque
2133 2921 2159 2936 ra
2167 2927 2174 2931 -

1216 2951 1306 2976 tione:
1330 2958 1489 2985 quamquam
1510 2949 1645 2984 vulgatum
1666 2948 1769 2974 malim.
1789 2947 1883 2974 Paullo
1898 2948 1971 2984 post:
1985 2951 2096 2982 quoniam
2114 2949 2175 2973 hom

1213 2994 1274 3012 nata
1285 2993 1338 3012 erat
1348 3005 1356 3017 ‚
1366 2985 1451 3012 exstat
1461 2986 1486 3011 in
1497 2984 1619 3011 omnibus
1630 2984 1688 3011 mss.
1706 2985 1733 3011 &
1745 2983 1872 3022 impreffis
1885 3003 1894 3017 ‚
1912 2983 2125 3011 Liiidcbruchins
2137 2992 2175 3010 ta-

1220 3031 1279 3048 men
1291 3021 1453 3057 corrigebat,
1463 3023 1501 3047 hoc
1512 3021 1572 3047 modo
1580 3028 1642 3047 nata
1650 3029 1712 3048 erat.

1258 3067 1299 3084 ix.
1318 3059 1374 3086 (ΛΔ
1382 3061 1537 3091 cogitationem
1545 3064 1613 3083 iiiam
1630 3058 1733 3092 ararim]
1754 3056 1797 3083 Sic
1815 3056 1880 3083 Pal.
1892 3056 2059 3094 pr.Vi&01·ii
2079 3055 2162 3083 editio

1217 3094 1352 3120 Pall.trcs
1371 3094 1404 3120 ad
1420 3096 1577 3127 cogitationem
1587 3101 1654 3119 ruam
1672 3095 1774 3120 advecti.
1794 3093 1851 3120 Pal.
1870 3100 1960 3130 quart.
1979 3093 2012 3119 ad
2030 3096 2150 3125 cognitione
2170 3102 2173 3103 ⁷

1216 3138 1284 3157 ticam
1293 3131 1394 3156 advoca.
1416 3130 1517 3166 vulgati
1531 3149 1538 3162 ,
1558 3129 1628 3166 quod
1639 3131 1667 3156 δε
1678 3140 1711 3157 cx
1723 3130 1777 3156 alio
1789 3131 1931 3156 vetustiore
1942 3129 2010 3156 libro
2021 3129 2050 3155 ad
2063 3129 2172 3164 prin-»am

1220 3166 1413 3203 impressionem
1424 3167 1528 3194 notavit
1539 3166 1669 3203 Egnatius
1681 3186 1690 3200 ,
1710 3166 1874 3203 habeturque
1883 3168 1911 3194 in
1921 3167 2008 3193 Varie.
2019 3174 2047 3192 ac
2058 3167 2175 3198 regimm—

1217 3214 1268 3231 που
1279 3211 1346 3229 tuam
1354 3211 1438 3231 avoca.

2084 3238 2178 3269 1.2Q1.·

1571 3239 1705 3277 pepp·-
