2337 3400
123 114 218 178 760
534 110 1051 159 M.TULL11

1130 110 1678 162 CICERONIS

124 203 178 242 qui
191 222 199 235 ‚
221 198 293 230 curn
313 206 367 227 vos
386 197 413 227 ei
433 195 606 236 pei-misistis
619 216 628 230 ‚
647 194 795 226 dilefflim
815 195 921 226 habere
941 194 1084 225 noluerit.
1131 199 1208 227 Cum
1219 205 1274 236 ego
1284 197 1311 225 ei
1325 196 1485 237 gratulatus
1496 195 1587 228 essem
1599 218 1608 232 ‚
1626 198 1716 240 idque
1733 205 1782 228 me
1793 197 1920 240 gaudere
1931 196 2091 231 dixiffemz

125 246 207 274 Nam
220 242 370 271 sociorum
380 240 491 269 auxilia
499 247 619 278 propter
626 238 816 268 acerbitatem
827 257 835 271 ‚
862 247 950 278 atque
961 238 1086 277 injurias

126 284 246 322 imperii
256 280 349 311 nostri
360 299 368 313 ,
388 282 487 310 autita
497 280 651 310 imbecilla
661 280 728 310 sunt
741 300 749 314 ,
770 289 802 309 ut
814 289 875 309 non
885 278 1016 308 multum
1029 289 1085 308 nos

127 327 224 360 juvare
233 320 343 362 poffint
355 331 418 352 :aut
433 324 472 352 ita
480 321 631 352 alienataa
642 322 743 356 nobis,
757 331 789 351 ut
800 330 898 361 neque
908 319 1085 360 exspestan-

122 361 201 396 'dum
220 364 255 393 ab
277 365 312 393 iis
323 383 330 396 ‚
353 373 450 404 neque
467 363 726 393 committendum
747 365 782 393 iis
792 363 958 403 quidquam
969 360 1026 392 effe
1036 364 1086 391 vi-

127 407 238 437 deatur.
261 407 352 446 Regis
362 406 499 445 Dejotari
510 405 542 435 &
553 405 740 435 voluntatem
753 425 762 438 ,
775 405 807 435 &
817 414 918 444 copias
932 424 940 438 ‚
953 413 1087 445 quanta:-

127 457 259 488 cumque
283 447 351 477 sunt
364 467 373 481 ,
395 446 510 477 nostras
532 445 590 477 effe
610 448 697 477 duco.
722 446 905 487 Cappadocia
924 445 1086 476 estinanis.

128 489 252 530 Reliqui
262 498 343 530 reges
355 509 363 523 ‚
385 490 564 529 tyrannique
575 509 583 522 ‚
607 498 704 529 neque
713 489 822 529 opibus
834 488 899 518 satis
910 486 990 518 firmi
1002 508 1012 521 ‚
1032 498 1087 518 nec

127 531 284 561 voluntate
304 531 380 561 sunt.
419 525 499 560 Mihi
521 534 552 560 in
574 531 626 560 hac
643 532 790 567 paucitate
811 530 947 560 militum
969 531 1090 560 animus

128 573 209 603 certe
232 582 296 602 non
315 571 423 602 deerit:
445 573 530 612 spero
540 582 576 602 ne
586 571 746 602 consilium
758 571 896 613 quidem.
919 571 1090 613 Qidcasu-

132 625 201 644 rum
226 612 258 644 sit
277 634 285 647 ‚
318 616 466 644 incertum
484 614 538 644 est.
562 617 690 645 Utinam
707 614 794 645 saluti
812 613 919 644 nosti‘ae
936 613 1092 644 consulere

132 655 277 697 poilimus
291 666 296 684 :
312 656 450 697 dignitati
460 656 538 686 certe
548 656 757 686 consulemus.

92 709 115 734 2
174 701 218 728 M.
228 699 411 729 TULLIUS
433 700 477 727 M.
490 700 521 728 F.
545 699 696 728 CICERO
707 700 902 729 PROCONS.
923 700 952 727 S.
967 699 997 727 P.
1008 699 1049 727 D.

264 742 363 770 Coss.
387 742 551 770 PRAETT.
575 741 709 770 TRIBB.
734 742 791 770 PL.
815 741 963 770 SENAT.

190 784 203 812 Ι
225 784 272 810 V:
284 784 321 811 V.
342 783 375 811 B.
397 784 432 812 E.
452 785 485 812 Ε.
505 785 541 820 Q.
564 784 601 812 V.
616 784 694 812 Cum
710 783 806 821 pridie
820 780 1042 811 Kalend.SeXt.
1056 781 1090 810 in

190 825 378 863 provinciam
395 822 544 854 veniffem
560 844 568 857 ,
594 833 691 864 neque
717 822 864 853 maturius
873 831 991 863 propter
1001 824 1090 852 itine-

129 875 211 900 rum,
225 865 257 895 Sc
266 867 494 906 navigationum
505 864 712 897 difficultatem
725 866 827 895 venire
836 864 996 904 potuiss'em
1010 874 1091 894 :ma-

130 907 221 937 xime
229 910 394 938 convenire
404 906 507 938 officio
518 917 588 937 meo
603 909 704 947 reique
712 906 782 946 pub.
797 906 966 937 conducere
976 907 1090 946 putavi,

129 958 231 989 parare
241 960 353 990 ea‚quae
364 949 398 979 ad
409 952 586 982 exercitum,
598 959 722 989 quaeque
733 948 768 979 ad
777 958 841 978 rem
851 949 1014 978 militarem
1025 958 1092 988 per-

129 994 271 1021 tinerent.
295 994 370 1033 Qae
389 1001 458 1020 cum
470 989 563 1021 ess'ent
575 991 590 1020 a
601 1001 650 1020 me
660 1001 728 1021 cura
742 992 836 1031 magis
853 1012 861 1024 ,
882 991 914 1021 δε
924 990 1090 1032 diligentia,

134 1033 225 1073 quam
235 1032 373 1063 facultate
385 1053 392 1066 ‚
418 1033 450 1062 &
460 1042 543 1072 copia
553 1052 561 1065 ‚
573 1031 751 1063 constituta:
771 1035 933 1073 nuntiique
944 1032 976 1062 δε
986 1034 1090 1062 litterae

131 1075 170 1105 de
187 1075 268 1105 bello
287 1076 302 1104 a
320 1076 431 1104 Parthis
452 1076 482 1103 in
503 1076 692 1114 provinciam
704 1076 816 1115 Syriam
829 1073 933 1108 illato}
954 1074 1090 1115 quotidie

130 1116 193 1146 fere
203 1115 375 1147 afferrentur
386 1127 390 1144 :
402 1118 457 1146 iter
467 1117 545 1145 mihi
557 1115 729 1146 faciendum
741 1126 793 1156 pei·
802 1118 986 1157 Lycaoniam
998 1116 1030 1145 δε
1039 1125 1091 1155 pei·

129 1158 247 1188 Isauros
266 1178 274 1191 ‚
304 1158 336 1187 ὃς
352 1167 404 1197 per
421 1157 638 1198 Cappadociam
655 1158 811 1188 arbitratus
831 1159 907 1188 sum.
929 1166 989 1188 erat
1006 1156 1090 1187 enim

130 1209 240 1241 magna
248 1200 375 1239 suspicio
387 1220 395 1234 ‚
416 1201 538 1230 Parthos
550 1220 558 1234 ,
581 1198 600 1229 fi
611 1210 648 1230 ex
663 1203 745 1240 Syria
753 1200 853 1241 egredi
863 1221 871 1234 ‚
883 1209 971 1240 atque
981 1201 1091 1229 irrum—

130 1251 200 1282 pere
216 1243 249 1271 in
269 1252 367 1274 meam
379 1244 566 1282 provinciam
578 1252 756 1273 conarentur
766 1263 774 1276 ‚
794 1244 848 1271 iter
857 1251 910 1271 eos
919 1251 969 1281 per
978 1244 1091 1280 Cappa-

129 1283 250 1314 dociam
264 1304 272 1317 ,
295 1283 377 1325 quod
397 1295 430 1315 ea
458 1285 594 1314 maxime
605 1294 732 1325 pateret,
752 1283 810 1314 erse
822 1283 962 1314 facturos.
988 1286 1091 1323 Itaque

128 1335 199 1356 cum
212 1329 344 1356 exercitu
355 1336 407 1366 per
418 1327 610 1367 Cappadociae
620 1336 732 1366 partem
745 1336 809 1356 eam
823 1346 831 1359 ‚
859 1336 924 1366 quae
933 1335 1004 1355 cum
1017 1325 1092 1355 Cili-

128 1369 174 1397 cia
184 1369 344 1397 continens
355 1367 398 1398 est
407 1388 415 1402 ‚
427 1370 481 1399 iter
491 1367 547 1398 feci
561 1379 566 1398 τ
578 1368 726 1410 castraque
736 1368 771 1398 ad
781 1368 915 1408 Cybistra
923 1388 931 1402 ‚
943 1367 1026 1408 quod
1037 1376 1092 1407 op-

127 1409 239 1450 pidum
250 1408 293 1439 est
302 1409 336 1440 ad
351 1419 491 1441 montem
503 1413 640 1441 Taurum
653 1431 662 1444 ‚
683 1411 781 1442 locavi
795 1421 800 1439 2
815 1419 848 1440 ut
857 1410 1025 1444 Artuasdes,
1040 1419 1093 1439 rex

131 1452 297 1481 Armenius
307 1471 316 1485 ‚
340 1462 532 1493 quocumque
544 1454 650 1483 animo
660 1451 731 1483 ess’et
741 1472 749 1486 ‚
772 1453 875 1486 sciret,
889 1462 952 1482 non
962 1450 1091 1492 procula

132 1493 194 1523 suis
206 1491 317 1522 finibus
328 1496 490 1524 exercitum
504 1495 610 1534 populi
620 1497 659 1525 R.
671 1493 729 1524 esse
743 1504 748 1523 :
761 1494 794 1525 δε
804 1494 985 1534 Dejotarum
998 1513 1005 1526 ‚
1019 1492 1091 1523 fide·

129 1532 279 1564 liffimum
290 1545 404 1575 regem,
414 1540 501 1576 atque
510 1534 664 1567 amiciffim
671 1546 723 1566 um
733 1536 846 1575 reipub.
859 1534 975 1568 nostrae,
987 1537 1092 1565 maxi-

132 1577 187 1606 me
201 1576 401 1616 conjunEtum
414 1579 553 1607 haberem
564 1598 572 1611 ‚
583 1579 668 1614 cujus
679 1578 711 1608 &
722 1576 849 1608 consilio
859 1597 867 1610 ‚
880 1577 912 1607 δί
922 1577 1030 1617 Opibus
1041 1576 1091 1607 ad·

128 1618 230 1659 juvari
250 1616 346 1657 p'ofli'et
363 1619 475 1659 respub·
510 1622 580 1661 Qo
599 1619 671 1650 cuin
690 1622 723 1649 in
746 1620 814 1650 loco
833 1618 922 1650 castra
939 1619 1090 1652 haberem,

132 1661 360 1701 equitatumque
378 1663 410 1690 in
425 1661 563 1691 Ciliciam
578 1660 719 1691 mifiss'ttm
733 1682 741 1694 ‚
766 1670 798 1691 ut
809 1661 841 1691 &
852 1671 938 1691 meus
948 1661 1093 1691 adventus

132 1703 171 1732 iis
180 1703 350 1732 civitatibus
361 1722 369 1735 ,
379 1712 443 1743 quae
454 1705 486 1732 in
497 1713 530 1733 ea
539 1712 618 1743 parte
627 1702 721 1734 essent
732 1723 740 1736 ‚
754 1705 909 1734 nuntiatus
921 1723 928 1736 ‚
942 1702 1093 1732 firmiores

131 1746 254 1774 animos
264 1745 405 1773 omnium
417 1743 539 1774 faceret:
567 1745 600 1775 ὃς
611 1755 666 1787 ego
680 1745 793 1776 mature
807 1765 815 1778 ‚
836 1745 909 1786 quid
921 1747 1093 1786 agereturin

131 1787 215 1825 Syria
229 1785 248 1818 ‚v
262 1785 334 1815 scire
355 1785 490 1825 poss'em:
515 1795 634 1826 tempus
647 1788 712 1826 ejus
723 1787 812 1816 tridui
828 1807 837 1820 ‚
852 1787 933 1826 quod
945 1797 977 1817 in
990 1787 1037 1816 his
1046 1797 1093 1816 ca-

133 1828 200 1859 stris
220 1827 356 1857 morabar
367 1847 375 1861 ,
401 1830 432 1857 in
451 1838 560 1867 magno
581 1826 685 1858 officio
696 1849 704 1862 ‚
730 1829 763 1858 &
777 1827 936 1858 necessario
948 1830 1024 1858 mihi
1040 1838 1100 1867 po—.

132 1868 271 1900 nendum
281 1872 392 1909 putavi.
419 1869 498 1899 Cum
510 1871 595 1900 enim
606 1869 699 1900 vestra
709 1869 867 1900 au&oritas
878 1868 1092 1903 intercess'iss'et,

135 1920 168 1941 ut
190 1920 245 1952 ego
266 1921 366 1953 regem
393 1911 629 1942 Ariobarzanem
645 1932 653 1946 ,
676 1912 813 1942 Euseben
824 1932 832 1945 ,
856 1916 865 1931 ¹
879 1912 912 1942 δε
934 1911 1093 1942 Philorho-

134 1962 248 1983 maeum
268 1961 364 1983 tuerer
384 1974 392 1986 ‚
413 1954 536 1994 eiusque
559 1956 635 1995 regis
655 1954 780 1984 salutem
802 1974 811 1988 ,
838 1954 1094 1987 incolumitatem,

134 2005 322 2036 regnumque
339 1995 533 2025 defenderem
552 2007 557 2025 :
575 1998 636 2038 regi
660 2005 812 2037 regnoque
831 1994 966 2036 praefidio
992 1995 1094 2026 ess'em:

136 2037 405 2078 adjunxissetil‘que
417 2058 425 2071 ,
447 2038 570 2068 salutem
581 2040 645 2077 ejus
655 2038 731 2079 regis
741 2058 749 2071 ,
764 2039 878 2078 populo
890 2058 899 2072 ,
921 2038 1095 2079 senatuique

136 2089 253 2120 magnae
280 2089 355 2109 curae
373 2078 429 2109 effe
440 2099 448 2113 ‚
470 2080 552 2120 quod
563 2080 651 2109 nullo
662 2090 807 2120 umquam
819 2080 856 2110 de
865 2090 932 2120 rege
943 2079 1097 2110 decretum

136 2119 207 2150 ess'et
226 2121 241 2151 Ξι
253 2120 356 2152 nostro
371 2120 496 2151 ordine:
513 2121 686 2151 existimavi
701 2122 908 2160 mejudicium
920 2121 1051 2152 vestrum
1063 2121 1099 2151 ad

136 2172 240 2203 regern
253 2162 367 2193 deferre
375 2163 483 2192 debere
494 2184 502 2196 ‚
526 2165 614 2204 eique
623 2162 793 2203 praesidium
805 2173 911 2193 meum
923 2183 931 2198 ,
945 2164 977 2194 ὃς
991 2163 1096 2196 fidem,

136 2204 171 2234 &
180 2204 370 2244 diligentiam
386 2205 522 2244 polliceri
535 2216 540 2234 :
553 2215 585 2235 ut
596 2226 604 2239 ,
618 2215 714 2246 quum
726 2205 801 2236 salus
812 2205 899 2245 ipsius
910 2225 918 2240 ,
933 2206 1100 2236 incolumi-

136 2254 178 2276 tas
201 2249 284 2288 regni
297 2247 373 2275 inibi
383 2246 594 2277 commendata
604 2246 700 2279 effeta
711 2247 799 2277 vobis
813 2268 821 2281 ‚
841 2247 954 2278 diceret
967 2267 975 2280 ‚
995 2246 1016 2277 si
1026 2246 1099 2288 quid

137 2288 241 2318 vellet.
266 2290 340 2330 Qae
353 2297 424 2318 cum
436 2287 526 2318 essem
539 2290 571 2318 in
583 2288 710 2319 consilio
719 2299 789 2319 meo
802 2299 873 2319 cum
887 2299 954 2330 rege
963 2289 1098 2320 locutus:

136 2331 230 2360 initio
244 2330 297 2360 ille
307 2331 453 2360 orationis
463 2330 520 2360 sua:
532 2331 619 2360 vobis
634 2332 801 2372 maximas,
812 2340 844 2361 ut
855 2331 956 2361 debuit
968 2350 975 2364 ,
989 2330 1101 2360 deinde

136 2374 228 2402 etiam
242 2373 317 2402 mihi
331 2374 436 2413 gratias
446 2374 520 2413 egit:
544 2371 627 2413 quod
639 2374 665 2402 ei
674 2381 871 2413 permagnum
884 2392 892 2406 ‚
907 2372 938 2401 &
948 2374 1101 2411 perhono—

138 2412 260 2444 rificum
283 2414 439 2444 videbatur
449 2433 457 2446 ‚
479 2417 507 2444 S.
528 2417 558 2444 P.
578 2417 628 2455 Q
639 2417 677 2445 R.
698 2423 785 2444 tantae
806 2424 882 2444 curae
898 2412 956 2444 effe
977 2414 1100 2444 salutem

141 2456 225 2486 suam
239 2467 243 2484 :
269 2465 379 2497 meque
398 2464 510 2485 tantam
521 2456 709 2497 diligentiam
720 2456 860 2486 adhibere
874 2477 882 2489 ,
903 2456 978 2486 ut&
989 2466 1056 2485 mea
1067 2453 1102 2485 fi-

138 2497 191 2527 des
204 2518 212 2530 ,
234 2498 266 2528 &
276 2497 556 2529 commendationis
567 2497 670 2529 vestrae
687 2497 844 2530 :iufirmitas
855 2498 979 2538 perspici
999 2495 1103 2538 poss'ct.

117 2552 121 2556 ·
141 2541 239 2580 Atque
249 2539 302 2569 ille
311 2541 410 2579 primo
422 2559 430 2573 ‚
441 2539 523 2580 quod
536 2540 612 2569 mihi
624 2542 767 2571 maximat
778 2539 954 2571 laetitiaefuit
966 2559 974 2573 ‚
987 2541 1027 2570 ita
1041 2549 1104 2569 me-

143 2591 214 2610 cum
226 2582 342 2611 locutus
355 2580 396 2611 est
406 2601 415 2614 ‚
428 2592 458 2611 ut
470 2582 566 2612 nullas
583 2581 704 2612 infidias
717 2592 813 2622 neque
828 2584 897 2611 vitae
915 2582 972 2611 suae
985 2602 993 2613 .
1008 2591 1105 2621 neque

141 2632 234 2663 regno
243 2623 372 2657 diceret,
396 2623 426 2654 se
438 2632 488 2654 aut
499 2624 666 2666 intelligere
685 2623 768 2658 fieri,
789 2633 839 2654 aut
857 2625 947 2655 etiam
958 2623 1103 2664 suspicari.

147 2732 162 2750 1
177 2725 245 2778 ET*
256 2729 446 2754 ‘Philorhomaeum
463 2737 541 2754 meres
553 2749 561 2760 ‚
580 2730 648 2763 eyn]
671 2729 700 2756 Id
712 2730 748 2757 cst
761 2749 769 2761 ‚
788 2730 899 2757 amicum
910 2729 1002 2766 populi
1023 2729 1106 2757 Rom.

226 2770 272 2797 pro
292 2763 350 2799 lege
372 2764 484 2791 Manilia
504 2766 572 2791 circ-1
592 2766 711 2793 initium.
742 2766 811 2792 uude
839 2767 864 2792 iu
888 2775 952 2793 vett.
972 2767 1105 2793 nummis:

142 2801 358 2831 BACIAEQE
381 2806 712 2835 APIOBAPZANOT
727 2807 1022 2836 ‹DLxOPOMAffn
1046 2805 1107 2841 qui—

148 2839 210 2868 dam
222 2841 298 2868 codd.
310 2846 464 2871 Philonicum.
486 2845 540 2872 liaec
549 2845 689 2873 adnotarat
701 2848 756 2873 Cr..
771 2848 913 2874 Putemus.

166 2886 213 2918 ⁸2.
232 2880 451 2912 utqui-almania
469 2886 571 2907 Senatus
590 2883 713 2916 confideret
724 2884 804 2916 saluti
813 2884 888 2918 fiam]
911 2883 983 2919 Quia
996 2883 1107 2909 Hittor-

146 2922 239 2950 pianus
253 2915 335 2940 codex
349 2916 468 2948 habebit,
480 2919 633 2949 admonitum,
647 2918 751 2944 rescribi
766 2919 871 2945 volebat
881 2919 1045 2946 Gulielmius
1057 2938 1065 2951 ,
1078 2918 1110 2944 aii

148 2952 271 2990 munitum.
284 2950 336 2981 vel,
348 2952 417 2990 quod
429 2954 641 2986 Stewecliianus,
656 2955 780 2986 admoniti,
795 2954 902 2981 volebat
912 2956 1045 2980 admonitis.
1058 2954 1108 2980 Sed

148 2985 189 3011 his
207 2985 330 3011 omnibus
343 2988 407 3012 iiiiiil
420 2998 494 3023 opus.
517 2990 610 3016 Paullo
623 2999 682 3017 ante
702 2990 818 3017 scribunt
838 2991 996 3026 locupletius
1010 2991 1109 3017 Palati-

149 3030 198 3048 nus
210 3021 297 3048 sextus
317 3023 344 3047 &
367 3023 553 3059 Hirro-ipimus
567 3037 571 3052 :
594 3028 662 3061 idque
680 3037 714 3052 me
727 3027 830 3061 gaudere
847 3028 967 3062 dixi'ffbn:
987 3028 1016 3057 (ὲν
1032 3034 1111 3052 tamen

149 3057 312 3091 adolescentem
322 3058 384 3090 efferii
396 3061 536 3085 cohortium.

184 3101 210 3129 3.
235 3097 335 3126 'Propter
345 3101 429 3119 narrum
440 3097 605 3129 retianffi-rnq
628 3098 727 3124 Locum
751 3108 802 3125 non
812 3099 957 3134 genuinum
979 3097 1028 3125 esse
1049 3097 1110 3124 scri-

1131 240 1322 272 cohortatus‚
1344 239 1586 269 utrecordaretur
1595 240 1693 270 casum
1706 240 1795 270 illum
1808 242 1947 272 interitus
1964 243 2092 282 paterni,

1135 281 1167 310 ὃ(
1180 280 1339 320 vigilanter
1348 279 1377 310 se
1389 287 1520 310 tueretur
1531 300 1540 313 ,
1558 283 1574 300 2
1583 289 1669 322 atque
1678 281 1838 313 admonitu
1859 284 1974 313 senatus
1984 283 2095 314 consu-

1136 323 1207 352 leret
1223 322 1309 351 saluti
1320 322 1391 351 suae:
1415 330 1482 351 tum
1493 320 1509 351 a
1529 331 1579 351 me
1589 321 1713 352 discessit
1731 325 1764 354 in
1786 325 1933 365 oppidum
1948 324 2092 365 Cybistra.

1137 363 1258 395 Postero
1269 372 1371 393 autem
1383 363 1432 393 die
1442 372 1512 405 cum
1523 364 1683 398 Ariarathe,
1693 364 1780 395 fratre
1791 367 1863 400 suo,
1876 367 1908 397 &
1918 377 1987 396 cum
1998 375 2095 406 pater-

1137 408 1184 436 nis
1195 407 1299 436 amicis
1309 426 1317 439 ‚
1330 405 1495 440 maioribus
1505 413 1576 434 natu
1588 424 1596 438 ‚
1607 404 1700 435 adme
1710 407 1742 436 in
1755 407 1844 438 castra
1852 410 1937 439 venit
1952 419 1957 437 :
1980 417 2096 448 pertur-

1137 448 1278 487 batusque
1289 468 1298 481 ,
1319 447 1352 477 &
1369 445 1463 479 flens,
1481 445 1646 476 cumidem
1657 447 1689 476 δε
1707 446 1793 478 frater
1805 448 1929 484 faceret,
1947 450 1979 480 δε
1992 451 2093 483 amici,

1139 499 1239 519 meam
1252 487 1343 519 fidem
1357 510 1365 521 ,
1388 487 1517 519 vestram
1535 488 1836 519 commendationem
1856 492 2015 531 implorare
2032 501 2096 522 εοε-

1138 533 1191 571 pit.
1216 534 1293 561 Cum
1303 531 1463 561 admirarer
1474 550 1482 564 ‚
1502 530 1576 570 quid
1586 529 1734 560 accidisset
1743 533 1834 560 novi:
1857 532 1952 566 dixit,
1962 534 1997 564 ad
2008 535 2096 565 sein·

1137 574 1213 604 dicia
1222 571 1448 603 manifestarum
1465 571 1640 602 insidiarum
1651 570 1708 602 effe
1719 571 1814 602 delata
1823 593 1831 606 ‚
1848 583 1913 614 quae
1925 573 2016 606 essent
2026 585 2095 606 ante

1136 617 1300 646 adventum
1315 624 1419 644 meum
1430 614 1576 644 occultata
1585 633 1593 647 ‚
1605 614 1686 654 quod
1700 615 1741 647 ii,
1751 616 1803 655 qui
1814 625 1847 644 ea
1854 613 2016 655 patefacere
2025 618 2097 658 pos-

1137 658 1217 691 sent,
1252 660 1265 684 3
1277 665 1395 697 propter
1414 664 1532 685 metum
1555 654 1758 686 reticuiffent:
1789 666 1826 692 eo
1841 666 1942 687 autem
1961 666 2096 699 tempore

1139 699 1185 738 spe
1195 701 1258 728 mei
1268 697 1394 739 praesidii
1407 697 1591 737 complureis
1604 707 1637 727 ea
1647 717 1655 731 ,
1671 707 1737 738 qua:
1748 697 1866 732 scirent,
1877 698 2015 729 audaEter
2022 700 2058 731 ad
2068 701 2098 731 se

1137 739 1275 771 detuliffe
1288 751 1294 770 :
1317 742 1350 770 in
1360 740 1407 770 his
1417 737 1654 770 amantiffimum
1664 739 1708 769 sui
1720 759 1728 773 ,
1740 740 1858 770 summa
1866 742 1973 780 pietate
1989 741 2099 781 praedi-

1139 792 1217 817 tum,
1228 783 1362 815 fratrem,
1376 782 1475 812 dicere
1485 791 1518 811 ea
1528 801 1536 814 ,
1558 791 1624 822 quae
1636 783 1661 811 is
1673 791 1722 811 me
1733 791 1854 822 quoque
1864 782 2005 812 audiente
2015 783 2098 813 dice-

1139 825 1204 858 bat,
1223 825 1250 855 se
1261 824 1453 855 sollicitatum
1472 822 1549 856 effe,
1560 832 1594 853 ut
1620 832 1740 864 regnare
1753 824 1859 854 vellet:
1875 823 1907 854 id
1925 826 1998 855 vivo
2009 824 2097 856 fratre

1137 869 1190 899 suo
1201 866 1333 898 accidere
1344 875 1408 896 non
1426 864 1571 905 potuiffe:
1586 864 1614 895 se
1625 873 1727 895 tamen
1735 874 1803 895 ante
1813 865 1890 896 illud
1901 875 2020 907 tempus
2030 876 2100 898 eam

1137 919 1200 940 rem
1210 918 1378 949 numquam
1388 909 1421 937 in
1431 906 1568 937 medium
1579 926 1588 940 ‚
1601 915 1722 947 propter
1730 907 1856 947 periculi
1865 916 1983 938 metum
1998 929 2008 942 ,
2028 918 2100 949 pro-

1139 949 1247 982 tulisse.
1272 953 1347 991 Qiae
1358 960 1429 980 cum
1440 947 1512 980 ess‘et
1522 950 1641 978 locutus
1654 959 1659 978 :
1682 951 1792 978 monui
1801 959 1914 990 regem,
1927 959 1960 980 ut
1969 960 2098 981 omnem

1139 992 1327 1034 diligentiam
1345 991 1381 1022 ad
1398 991 1427 1022 se
1444 990 1682 1021 conservandum
1700 990 1869 1021 adhiberet:
1888 995 1907 1018 4
1924 993 2098 1034 amicosque

1139 1037 1171 1065 in
1183 1035 1272 1074 patris
1282 1035 1346 1074 ejus
1354 1043 1439 1073 atque
1448 1032 1618 1072 avijudicio
1629 1032 1769 1071 probatos
1779 1033 1911 1064 hortatus
1920 1035 1986 1064 sum
1997 1054 2006 1068 ,
2020 1036 2098 1075 regis

1138 1077 1183 1107 sui
1195 1077 1286 1106 vitam
1297 1095 1305 1108 ‚
1326 1074 1411 1104 doeh
1423 1074 1490 1104 casu
1506 1072 1690 1104 acerbiffimo
1708 1076 1798 1113 patris
1815 1075 1879 1112 ejus
1892 1096 1900 1109 ‚
1919 1078 2098 1115 omnicura,

1135 1117 1328 1157 custodiaque
1339 1115 1545 1146 defenderent.
1563 1117 1641 1145 Cum
1653 1125 1705 1145 rex
1715 1116 1731 1146 a
1742 1125 1791 1145 me
1800 1119 1977 1157 equitatum,
1987 1119 2098 1148 cohor-

1140 1160 1252 1200 teisque
1271 1159 1308 1188 de
1320 1159 1451 1188 exercitu
1462 1166 1533 1187 meo
1542 1156 1722 1197 postularet:
1741 1155 1793 1186 etfi
1803 1158 2006 1199 intelligebam
2018 1179 2027 1193 ,
2045 1169 2100 1189 ve-

1140 1201 1199 1232 stro
1220 1199 1475 1231 senatusconsulto
1492 1209 1556 1229 non
1573 1198 1668 1229 modo
1687 1197 1768 1239 posse
1784 1209 1834 1229 me
1854 1199 1886 1230 id
1905 1200 2018 1234 facere,
2048 1201 2099 1232 sed

1139 1246 1229 1274 etiarn
1248 1241 1371 1272 debere:
1396 1251 1497 1271 tamen
1509 1260 1517 1274 ,
1537 1250 1609 1271 cum
1627 1240 1741 1281 respub.
1762 1240 1926 1281 postularet
1942 1262 1950 1276 ‚
1979 1251 2100 1282 propter

1137 1284 1333 1327 quotidianos
1341 1293 1380 1314 ex
1389 1285 1472 1323 Syria
1482 1284 1606 1313 nuntios
1617 1302 1625 1316 ,
1644 1292 1677 1313 ut
1686 1282 1920 1323 quamprimum
1931 1286 2112 1315 exercitum*

1136 1328 1172 1359 ad
1184 1327 1298 1357 Ciliciae
1311 1324 1398 1356 fineis
1407 1325 1585 1356 adducerem
1597 1335 1602 1354 :
1626 1335 1755 1366 cumque
1766 1326 1845 1355 mihi
1855 1336 1909 1356 rex
1918 1346 1927 1361 ‚
1946 1325 2101 1367 patefa6tis

1134 1371 1199 1410 jam
1210 1367 1325 1399 insidiis
1336 1388 1344 1402 ‚
1357 1377 1421 1398 non
1431 1377 1514 1409 egere
1525 1368 1660 1397 exercitu
1670 1367 1775 1408 populi
1786 1370 1940 1402 Romani,
1959 1367 2008 1399 sed
2017 1364 2101 1408 poffe

1139 1412 1167 1443 se
1184 1412 1243 1442 suis
1252 1409 1360 1450 opibus
1370 1408 1532 1440 defendere
1541 1408 1708 1439 videretur:
1731 1409 1820 1440 illum
1831 1411 2001 1441 cohortatus
2018 1411 2099 1444 sum,

1138 1463 1172 1484 ut
1190 1455 1221 1483 in
1241 1453 1292 1482 sua
1310 1453 1371 1482 vita
1387 1450 1590 1481 conservanda
1616 1452 1752 1490 primum
1768 1461 1887 1492 regnare
1901 1451 2026 1483 disceret
2048 1463 2054 1482 ε
2081 1453 2098 1483 a

1138 1495 1248 1538 quibus
1258 1491 1452 1534 perspexisset
1460 1491 1513 1523 fibi
1524 1491 1643 1522 infidias
1653 1502 1761 1532 paratas
1770 1513 1779 1526 ‚
1791 1496 1823 1523 in
1834 1504 1885 1523 eos
1895 1503 2025 1524 uteretur
2033 1495 2101 1533 jure

1138 1538 1221 1579 regio
1233 1547 1238 1565 :
1262 1545 1351 1576 poena
1369 1533 1499 1566 afficeret
1519 1544 1571 1564 eos
1583 1554 1591 1568 ,
1612 1544 1689 1575 quos
1707 1534 1822 1564 neceffe
1842 1534 1913 1566 effer
1931 1546 1936 1564 ;
1967 1536 2100 1576 reliquos

1140 1588 1224 1610 metu
1236 1579 1389 1608 liberaret:
1412 1574 1548 1616 praefidio
1567 1577 1716 1606 exercitus
1735 1578 1796 1606 mei
1813 1576 1848 1606 ad
1859 1586 1963 1607 eorum
1977 1597 1986 1610 ‚
2003 1579 2103 1618 quiin

1138 1623 1225 1662 culpa
1233 1619 1327 1650 ess'ent
1335 1640 1344 1653 ,
1363 1621 1506 1649 timorem
1517 1619 1618 1658 potius
1629 1638 1638 1652 ,
1649 1627 1739 1659 quam
1749 1617 1783 1648 ad
1794 1621 2102 1653 contentionemute-

1139 1673 1227 1696 retur.
1250 1661 1314 1692 fore
1332 1671 1431 1691 autem
1444 1680 1452 1693 ,
1472 1669 1505 1690 ut
1523 1670 1632 1690 omnes
1650 1669 1746 1700 quum
1765 1659 2015 1691 senatusconsulta
2029 1661 2103 1691 nos—

1142 1707 1216 1740 sent,
1231 1704 1445 1744 intelligerent,
1457 1712 1507 1732 me
1517 1703 1588 1742 regi,
1600 1700 1619 1731 si
1630 1711 1706 1741 opus
1717 1700 1788 1731 effet
1798 1722 1807 1735 ‚
1819 1711 1856 1732 ex
1866 1701 2039 1733 au&oritate
2048 1713 2107 1733 ve-.

1143 1747 1199 1778 stra
1208 1744 1343 1787 praesidio
1361 1743 1507 1774 futurum.
1531 1747 1575 1774 Ita
1586 1742 1767 1774 confirmato
1778 1744 1834 1773 illo
1844 1763 1852 1776 ,
1871 1753 1909 1774 ex
1929 1754 1966 1774 eo
1975 1744 2043 1774 loco
2052 1754 2103 1775 ca-

1143 1789 1198 1820 stra
1211 1789 1317 1820 movi,
1337 1788 1393 1816 iter
1411 1787 1445 1815 in
1465 1786 1603 1816 Ciliciam
1621 1784 1715 1814 facere
1726 1783 1843 1815 institui
1855 1796 1861 1814 2
1884 1795 1954 1815 cum
1972 1787 2024 1816 hac
2034 1787 2104 1826 opi-

1143 1833 1237 1862 nione
1256 1829 1272 1859 ὲ
1284 1827 1467 1868 Cappadocia
1483 1826 1667 1857 discederem
1681 1845 1689 1859 ‚
1708 1835 1740 1856 ut
1755 1825 1881 1857 consilio
1898 1826 2015 1861 vestro,
2035 1827 2102 1859 casu

1143 1870 1327 1904 incredibili,
1339 1880 1369 1900 ac
1378 1868 1464 1910 paene
1478 1867 1596 1902 divino,
1607 1879 1638 1899 re
1660 1878 1720 1902 em,
1732 1879 1823 1909 quem
1833 1878 1888 1900 vos
1897 1867 2103 1900 honorificen-

1144 1914 1253 1946 tiffime
1263 1910 1459 1953 appellassetis
1470 1931 1478 1945 ,
1489 1911 1576 1941 nullo
1588 1921 1626 1951 po
1657 1911 1754 1941 ulante
1765 1930 1772 1944 ,
1784 1920 1936 1952 quemque
1946 1921 2022 1942 meae
2032 1909 2102 1942 fidei

1143 1953 1425 1988 commendassetis,
1450 1953 1482 1983 δε
1501 1953 1586 1988 cuius
1606 1953 1728 1984 salutem
1740 1963 1854 1994 magna:
1864 1953 1952 1983 vobis
1962 1952 2103 1984 curaeesse

1145 1995 1344 2030 decrevissetis
1358 2016 1366 2030 ,
1381 2005 1466 2025 meus
1475 1995 1620 2026 adventus
1631 1995 1823 2035 praesentibus
1833 1994 1948 2027 insidiis
1957 1995 2104 2026 liberaret.
2136 2026 2139 2035 ἶ

1147 2040 1238 2083 Qod
1248 2039 1284 2070 ad
1295 2048 1349 2069 vos
1360 2038 1376 2068 ὲ
1390 2048 1439 2067 me
1449 2037 1536 2067 scribi
1549 2058 1556 2071 ‚
1569 2047 1632 2067 non
1642 2037 1774 2067 alienum
1787 2038 1900 2077 putavi,
1912 2047 1944 2068 ut
1953 2038 2104 2079 intellige·
2136 2036 2139 2042 '

1147 2086 1217 2114 retis
1227 2082 1313 2112 exiis
1324 2100 1333 2114 ,
1350 2090 1417 2120 quae
1425 2079 1511 2119 paene
1523 2079 1712 2112 acciderunt,
1731 2089 1787 2109 vos
1798 2078 1898 2110 multo
1908 2079 1976 2110 ante
1990 2099 1999 2113 ,
2022 2089 2060 2109 ne
2071 2089 2104 2110 ea

1145 2124 1331 2156 acciderent,
1357 2120 1517 2162 providifl'e
1533 2131 1643 2162 :eoque
1652 2130 1706 2151 vos
1718 2120 1874 2151 studiosius
1884 2120 1941 2161 feci
1951 2122 2103 2154 certiores,

1146 2166 1230 2209 quod
1239 2168 1270 2196 in
1281 2174 1347 2207 rege
1359 2163 1560 2194 Ariobarzane
1568 2174 1601 2194 ea
1612 2163 1689 2193 mihi
1699 2162 1777 2205 signa
1786 2163 1891 2193 videor
1900 2164 2018 2193 virtutis
2028 2178 2044 2196 ,r
2057 2163 2107 2193 in-

1148 2210 1251 2250 genii,
1267 2205 1336 2237 fidei
1349 2226 1357 2240 ,
1368 2206 1645 2246 benivolentiaeque
1653 2216 1719 2246 erga
1729 2214 1782 2236 vos
1790 2203 1969 2245 perspexifl'e
1977 2224 1985 2237 ‚
1998 2213 2031 2234 ut
2039 2214 2106 2234 non

1149 2250 1210 2281 sine
1226 2260 1278 2280 cau
1284 2249 1309 2280 sa
1328 2257 1441 2279 tantam
1461 2257 1564 2279 curam
1573 2268 1582 2282 ‚
1602 2250 1636 2277 in
1656 2249 1681 2288 ej
1688 2257 1721 2278 us
1739 2257 1794 2278 vos
1803 2247 1928 2278 salutem
1938 2245 2106 2276 videamini

1147 2289 1318 2323 contuliss'e.
1362 2320 1381 2323 „

1251 2334 1592 2363 M.T.c.1MPER.
1617 2333 1891 2366 MCATONJ,
1920 2332 2031 2366 s.D.*,
2126 2329 2140 2363 3

1242 2377 1302 2404 UM
1324 2374 1359 2404 ad
1383 2384 1432 2403 me
1453 2374 1558 2415 legati,
1579 2371 1661 2402 miffi
1676 2372 1711 2403 ab
1721 2374 1874 2403 Antiocho
1883 2375 2106 2414 Commageno,

1241 2413 1390 2446 venissent
1400 2418 1430 2445 in
1441 2416 1530 2445 castra
1539 2415 1574 2445 ad
1583 2416 1724 2445 Iconium
1734 2414 1770 2444 ad
1781 2417 1834 2444 111.
1844 2417 1930 2444 Non.
1941 2415 2108 2455 Septembr.

1152 2459 1232 2496 iique
1242 2458 1322 2487 mihi
1335 2455 1537 2490 nuntiassent,
1552 2458 1628 2498 regis
1639 2457 1814 2487 Parthorum
1831 2455 1928 2486 filium
1939 2477 1947 2490 ‚
1958 2465 2108 2497 quo-cum
2144 2494 2147 2495 .

1152 2497 1224 2528 ess'et
1246 2508 1336 2539 nupta
1358 2500 1434 2539 regis
1454 2501 1672 2533 Armeniorum
1694 2499 1776 2528 soror
1785 2519 1793 2532 ‚
1813 2498 1847 2528 ad
1859 2500 2028 2538 Euphraten
2036 2508 2107 2529 cum

1154 2542 1295 2571 maximis
1318 2543 1494 2572 Parthorum
1520 2542 1615 2580 copiis
1626 2560 1635 2575 ‚
1657 2540 1882 2580 multarumque
1891 2539 2110 2581 praetereagen-

1153 2584 1232 2612 tium
1250 2592 1359 2622 magna
1368 2582 1376 2589 ⁴
1388 2592 1482 2612 manu
1503 2581 1618 2613 venisse
1635 2602 1644 2616 ,
1673 2584 1916 2623 Euphratemque
1932 2583 1994 2621 jam
2015 2580 2110 2611 trans-

1153 2625 1196 2654 ire
1213 2623 1332 2667 coepiffe
1349 2635 1354 2654 :
1374 2624 1493 2666 dicique
1519 2626 1702 2656 Armenium
1720 2634 1821 2665 regem
1840 2626 1874 2654 in
1893 2623 2108 2665 Cappadociam

1255 2672 1260 2675 -
2013 2665 2111 2704 impe-

1150 2729 1214 2756 dum
1227 2730 1308 2763 forte,
1320 2741 1368 2756 rem
1377 2732 1520 2764 niiqffaffent,
1533 2739 1561 2757 ut
1573 2731 1677 2758 volebat
1688 2731 1861 2757 Gulielmius.

1187 2783 1214 2807 4.
1233 2777 1380 2810 amicosque
1397 2780 1422 2802 in
1437 2777 1516 2809 patris
1525 2777 1574 2808 ejm
1591 2784 1662 2809 atque
1681 2779 1724 2802 avi
1732 2776 1823 2810 judicio
1835 2774 1974 2807 probaton]
1995 2774 2108 2809 Reprae-

1151 2811 1224 2838 sciito
1235 2812 1378 2838 lectionem
1392 2832 1400 2844 ‚
1412 2821 1489 2848 quani
1502 2812 1604 2846 reperio
1615 2812 1641 2838 iii
1654 2812 1772 2838 Palatino
1783 2810 1858 2836 sexto
1870 2829 1877 2839 ,
1888 2811 1989 2845 optimo
2001 2811 2090 2837 codice
2099 2821 2109 2839 ι

1153 2857 1212 2874 uam
1225 2848 1337 2883 primus,
1349 2847 1456 2874 secund.
1468 2848 1576 2878 tertius,
1587 2847 1777 2878 Gruterianus,
1787 2845 1868 2881 prista
1878 2845 1974 2877 editio,
1985 2847 2113 2881 amicofilue

1151 2886 1177 2909 in
1183 2885 1263 2916 panis
1272 2886 1321 2918 ejus
1331 2891 1401 2917 atque
1411 2883 1501 2918 judii-io
1509 2885 1618 2915 probatos
1627 2893 1634 2907 .-
1653 2882 1758 2908 ῐιῑιιῐὶῐὲ.
1785 2883 1905 2918 Qartus
1918 2882 1981 2908 vers)
1993 2883 2021 2908 δε
2032 2881 2112 2918 quin-

1154 2927 1196 2946 tus
1209 2920 1342 2955 vulgatam
1354 2920 1382 2944 &
1393 2927 1471 2955 quani
1485 2917 1619 2944 Victorius
1631 2917 1731 2944 secutus
1743 2917 1778 2944 cst
1791 2938 1798 2948 ‚
1809 2926 1954 2954 prorogant
1967 2937 1974 2950 ‚
1986 2918 2114 2953 amicosque

1152 2959 1179 2981 in
1186 2957 1264 2988 pruris
1276 2958 1325 2990 <jus
1337 2956 1387 2989 fide
1396 2955 1558 2989 atqnejudisio
1573 2956 1694 2986 probatos.
1718 2961 1793 2980 notat
1807 2955 1935 2989 Egnatius
1946 2955 1972 2980 in
1984 2954 2113 2981 Medic-teo

1153 2992 1186 3017 ab
1195 2991 1280 3018 aliena
1291 3000 1368 3017 manu
1381 2992 1411 3016 τὸ
1425 2991 1476 3023 fide
1488 2989 1609 3016 additum
1622 3000 1627 3016 z
1650 2989 1720 3025 quod
1733 2989 1867 3016 x'iSioriiis
1881 2999 1985 3026 quoque
1996 3000 2047 3017 uon
2059 2990 2115 3017 dif-

1154 3027 1256 3054 fitetur.
1279 3026 1381 3053 mavult
1391 3033 1480 3052 tamen
1493 3025 1576 3051 deleri
1597 3027 1627 3051 τὸ
1637 3029 1662 3050 in
1674 3025 1794 3052 Audi-eas
1806 3027 1929 3052 Scliottiis
1941 3026 1987 3052 lib.
2001 3035 2051 3053 ιιι.
2062 3036 2116 3053 no·

1152 3063 1212 3089 dor.
1223 3072 1278 3098 cap.
1288 3070 1317 3095 4.
1341 3062 1456 3097 vestigiis
1472 3081 1480 3093 ,
1503 3069 1532 3087 ut
1542 3062 1579 3087 :iit
1590 3081 1597 3092 ‚
1611 3061 1708 3088 codicis
1720 3062 1840 3089 Mcd'icaei
1852 3063 1978 3093 insistens,
1991 3062 2116 3097 amicofivue

1152 3100 1230 3132 patris
1240 3100 1288 3132 (jus
1299 3098 1607 3131 a-viqriejndicioprobatos,
1618 3098 1853 3130 eniendabat‚milii
1866 3108 1916 3126 non
1927 3097 2048 3134 displicet
2057 3097 2117 3125 Titi

144 3135 231 3165 pturae
239 3130 367 3170 varietate
377 3129 522 3169 depr-crido.
545 3131 678 3158 Palatinus
692 3135 779 3160 sextus
793 3154 801 3166 ‚
815 3135 948 3167 tacmfflnr.
969 3134 1011 3160 alii
1026 3145 1030 3160 :
1052 3136 1109 3160 obii·
1138 3165 1140 3167 ¹
1156 3135 1262 3170 Popmae
1281 3132 1434 3166 comestura
1452 3135 1533 3168 quam
1545 3134 1668 3169 proxima
1680 3134 1769 3163 nostro
1787 3134 1877 3167 libros
1898 3135 2024 3170 amicofizue
2036 3133 2118 3166 Pam*5

145 3165 251 3200 cmffint.
272 3175 372 3202 primus
387 3168 448 3194 vei-o
461 3170 487 3194 ὃς
499 3168 699 3196 Stewecliiunus
715 3172 885 3206 rmunnaffim
897 3190 905 3203 ‚
925 3170 997 3199 unde
1009 3170 1109 3199 facien·
1156 3173 1206 3205 ejus
1216 3177 1287 3206 atque
1297 3169 1561 3203 mijmi'iciofrobatas.
1979 3173 1981 3176 ⁴

2029 3204 2119 3232 infirm
