2360 3400
606 99 768 133 8215

136 169 236 203 filios,
259 165 396 209 quinque
410 163 492 197 filias
503 183 513 200 ,
529 171 646 197 tantam
667 164 818 199 domum,
843 172 936 196 tantas
945 164 1098 196 clientelas

135 212 252 252 Appius
272 209 389 249 regebat
410 207 444 239 &
462 207 574 242 senex,
593 206 628 238 &
642 216 750 238 caecus.
768 208 922 238 intentum
933 207 1018 236 enim
1028 208 1094 237 ani—

135 262 223 283 mum
237 272 245 285 ,
268 259 421 292 tamquam
446 259 570 284 arcum,
593 248 718 280 habebat
727 267 737 284 ‚
761 258 818 279 nec
827 248 1019 290 languescens
1029 248 1094 279 suc-

120 293 295 325 *cumbebat
305 291 461 323 seneuuti.
481 291 600 323 tenebat
611 300 675 322 non
690 290 787 321 modo
800 289 1007 321 au&oritatem
1021 309 1029 323 ³
1042 289 1091 320 sed

152 338 226 366 tiam
246 335 412 375 imperium
435 334 470 364 in
488 334 558 364 suos
572 344 579 363 :
599 332 775 364 metuebant
799 333 873 363 servi
887 351 896 366 ‚
916 331 1093 362 verebantur

146 377 220 408 iberi
234 396 244 411 ‚
268 386 370 407 carum
386 385 495 406 omnes
512 374 681 406 habebant:
698 373 817 414 vigebat
834 375 867 403 in
877 373 929 403 illa
937 372 1032 403 domo
1042 381 1093 413 pa-

132 421 207 450 trius
217 428 284 449 mos
295 438 305 451 ‚
329 418 364 449 &
375 418 543 457 disciplina.
566 419 610 447 Ita
620 416 704 447 enim
716 415 852 446 senectus
861 413 986 445 honesta
995 413 1038 444 est
1049 434 1058 446 ,
1070 412 1090 445 fi

127 460 164 492 se
184 461 244 501 ipsa
254 460 390 491 defendit
400 479 410 494 ‚
428 458 508 499 sijus
519 459 606 490 suum
617 459 745 492 retinet,
766 461 776 477 ¹
791 456 814 487 fi.
825 458 946 487 nemini
956 457 1091 487 emanci-

132 511 199 544 pata
208 500 286 536 est.s1
297 502 388 543 usque
397 500 432 532 ad
443 509 615 532 extremum
627 500 768 540 spiritum
779 499 955 529 dominatur
965 500 998 528 in
1007 498 1088 531 suos,

133 554 169 575 ut
190 554 287 575 εΝιΜ
304 543 522 575 adolescentem
536 562 545 577 ,
563 544 597 573 in
609 551 672 583 quo
682 541 775 572 senile
784 540 900 582 aliquid
911 550 916 570 :
929 538 967 571 fic
974 540 1090 575 senem,

133 588 168 617 iu
179 596 240 628 quo
251 585 292 617 est
301 585 498 617 adolescentis
506 584 619 626 aliquid
629 604 638 618 ‚
652 583 749 624 probo
761 593 767 612 :
788 582 870 624 quod
880 583 933 623 qui
945 582 1087 622 sequitur,

127 638 259 669 vcorpore
271 629 362 658 senex
371 625 428 658 esse
437 627 558 666 poterit,
570 628 675 656 animo
684 634 853 666 numquam
864 627 928 655 erit.
938 625 1092 664 Septimus

130 672 212 700 mihi
231 671 393 710 Originum
414 670 491 699 liber
507 667 551 698 est
571 670 605 698 in
619 667 777 698 manibus:
792 668 897 697 omnia
906 666 1092 705 antiquitatis

129 720 337 742 >monumenta
354 711 467 751 colligo
487 720 493 739 2
511 709 663 740 causarum
682 707 845 739 illustrium
859 728 868 742 ,
887 707 1091 748 quascumque

132 752 279 786 defendi,
299 762 382 782 nunc
397 755 487 793 quam
502 751 638 782 maxime
649 749 780 781 conficio
792 751 960 780 orationes:
974 750 1026 789 jus
1038 758 1091 779 au-

126 804 242 837 gurum
253 813 261 827 ,
284 792 465 834 pontificum
479 812 488 827 ,
505 793 595 823 civile
607 791 716 823 tra&o:
730 791 864 822 multum
875 792 967 821 etiam
979 792 1090 821 Graecis

132 838 241 867 litteris
260 844 328 865 utor
340 846 345 864 :
360 836 674 876 Pythagoreorumque
686 843 770 863 more
782 832 957 863 exercendae
969 842 1091 862 memo-

132 879 185 910 riae
195 878 286 920 gratia
296 897 305 911 ,
319 886 405 917 an
416 885 547 915 QQJE
557 876 606 906 die
615 877 746 906 dixerim
758 894 766 909 ,
785 874 932 906 audierim
944 894 953 908 ‚
965 876 1090 915 egerim,

127 929 349 951 commemoro
358 919 483 958 vesperi.
508 919 563 948 Hae
573 917 641 947 sunt
651 918 879 948 exercitationes
889 918 1017 957 ingenii,
1030 917 1091 946 haec

133 961 283 994 curricula
292 962 405 992 mentis
417 971 422 989 ε
433 963 466 990 in
478 960 524 989 his
535 958 691 993 desudans,
702 967 788 999 atque
798 958 951 989 elaborans
961 969 971 992 3
982 967 1091 998 corpo-

126 1006 173 1035 ris
183 1004 274 1034 vireis
284 1012 348 1032 non
358 1011 538 1044 magnopere
550 999 692 1032 desidero:
705 1001 943 1037 adsumramicis:
956 1001 1048 1030 venio
1058 1001 1090 1029 in

133 1047 270 1076 {enatum
288 1048 306 1073 ,²
318 1043 463 1085 frequens
473 1063 481 1077 ‚
505 1043 644 1083 ultroque
653 1041 744 1073 affero
754 1052 799 1072 res
810 1042 944 1073 multu-m
958 1061 968 1075 ‚
993 1041 1027 1073 δε
1037 1041 1090 1072 diu

131 1089 293 1128 cogitatas3
310 1086 414 1127 easque
425 1094 511 1116 tueor
519 1086 617 1115 animi
628 1104 637 1118 ,
656 1094 721 1115 non
732 1085 867 1124 corporis
877 1083 1005 1114 viribus.
1024 1093 1091 1124 quae

131 1127 155 1159 fi
166 1129 289 1169 exsequi
304 1130 461 1169 nequirem
471 1147 480 1161 ,
503 1136 605 1158 tamen
615 1136 665 1157 me
676 1125 804 1157 ΙεᾶυΙυε
814 1125 978 1156 οὓΙοᾶει-εῑ
991 1135 1088 1159 meus,

131 1181 166 1201 ea
184 1172 246 1210 ipsa
262 1172 465 1212 cogitantem,
489 1178 555 1210 quae
569 1170 630 1208 jam
649 1177 733 1209 agere
758 1177 821 1198 non
842 1165 958 1207 poffem
970 1177 975 1196 :
987 1167 1036 1197 sed
1057 1176 1090 1197 ut

129 1211 239 1253 poffirn
250 1232 258 1246 ‚
274 1211 346 1242 facit
353 1211 417 1242 affra
426 1213 496 1242 vita.
520 1220 652 1240 semma
662 1212 746 1240 enim
755 1210 789 1239 in
798 1211 848 1239 his
860 1208 965 1239 studiis
975 1227 984 1242 ,
998 1208 1065 1239 labo
1074 1227 1087 1232 -

129 1254 271 1295 ribusque
281 1255 396 1284 viventi
406 1263 469 1283 non
480 1252 669 1293 intelligitur,
681 1251 802 1292 quando
813 1251 934 1291 obrepat
943 1249 1089 1281 senectus.

130 1298 174 1326 Ita
195 1294 301 1326 sensim
314 1315 322 1329 ,
342 1294 401 1326 fine
423 1295 508 1326 sensu
526 1303 595 1324 aetas
607 1294 748 1324 senescit:
761 1303 816 1323 nec
826 1293 925 1324 subito
936 1292 1090 1333 frangitur:

70 1342 86 1368 t
99 1343 118 1368 2
131 1338 182 1368 sed
205 1337 399 1368 diuturnitate
418 1336 626 1377 exstinguitur.
649 1336 788 1375 Sequitur
815 1336 898 1365 tertia
911 1335 1090 1374 vituperatio

132 1378 305 1413 senectutis,
318 1378 402 1420 quod
409 1389 474 1408 eam
482 1387 572 1407 carere
582 1377 686 1407 dicunt
699 1375 908 1417 voluptatibus.
931 1379 958 1406 O
967 1376 1089 1416 praecla-

130 1431 200 1452 rum
221 1431 335 1452 munus
344 1422 435 1451 aetatis
445 1439 453 1453 ,
474 1418 494 1448 si
504 1419 628 1460 quidem
639 1418 669 1448 id
678 1418 772 1448 aufert
781 1418 871 1448 nobis
881 1437 890 1451 ‚
911 1418 993 1458 quod
1003 1417 1046 1447 est
1055 1419 1088 1448 in

130 1463 330 1494 adolescentia
338 1460 561 1492 vitiofiffimum
575 1462 581 1490 Ξ
597 1461 730 1498 Accipite
740 1461 837 1492 enim,
849 1461 961 1499 optimi
972 1459 1089 1489 adoles-

126 1515 229 1536 centes
243 1525 252 1538 ,
271 1513 402 1534 veterem
422 1504 590 1534 orationem
603 1502 733 1530 Architae
742 1502 918 1534 Tarentini,
939 1501 1041 1542 magni
1055 1502 1088 1530 in

128 1548 237 1587 primis
247 1565 257 1580 ,
284 1546 316 1576 ὃ(
325 1545 457 1585 praeclari
466 1545 524 1575 viri
536 1554 542 1573 1
553 1552 620 1584 quae
630 1543 707 1572 mihi
718 1542 821 1572 tradita
829 1541 872 1572 est
881 1561 890 1575 ,
910 1540 981 1571 cum
995 1539 1088 1571 ess'em

129 1588 300 1619 adolescens
320 1589 445 1617 Tarenti
464 1596 533 1617 cum
546 1586 748 1623 QMaximo.
767 1584 888 1613 Nullam
898 1583 1089 1624 capitaliorem

126 1628 237 1671 pestem,
247 1624 336 1670 quitm
345 1629 455 1670 corporis
464 1628 651 1668 voluptatem,
662 1624 818 1654 hominibus
830 1625 947 1656 dicebat
955 1620 973 1654 iz
984 1631 1089 1654 natura

128 1671 229 1701 datam
237 1682 248 1699 .·
268 1671 347 1709 cujus
365 1671 520 1711 voluptatis
538 1668 629 1697 avida
638 1666 766 1696 libidines
775 1666 893 1700 temere,
914 1666 949 1698 &-
958 1665 1091 1707 effrenat&

128 1713 169 1742 ad
182 1713 356 1756 potiundam
374 1712 566 1741 incitarentur.
590 1710 664 1739 Hinc
670 1709 767 1749 patria
774 1708 940 1749 proditiones
948 1728 957 1742 ‚
974 1708 1039 1737 hinc
1047 1718 1090 1738 re-

131 1763 224 1795 rump.
236 1754 392 1796 eversiones,
404 1753 470 1783 hinc
479 1762 542 1782 cum
552 1749 670 1786 hostibus
681 1754 693 1777 3
706 1749 871 1786 clandestina
880 1750 1018 1791 colloquia
1025 1750 1088 1789 na]²

131 1798 159 1826 ci
167 1807 180 1824 .·
190 1798 298 1825 nullum
306 1796 423 1837 denique
430 1794 530 1835 scelus,
542 1793 650 1823 nullum
659 1791 769 1821 malum
772 1792 888 1830 facinus
899 1790 947 1829 ff
957 1791 1012 1825 ‚ad
1018 1790 1094 1831 quod

126 1838 336 1879 sufiipiendum
345 1848 397 1867 non
407 1835 492 1866 libido
502 1835 658 1876 voluptatis
667 1833 815 1874 impellerer
823 1843 834 1860 :
849 1832 949 1875 stupra
959 1830 1022 1862 ver‘o
1032 1852 1042 1866 ,
1054 1832 1089 1864 &-

127 1881 280 1914 adulteria,
294 1879 328 1911 &⁴
338 1889 416 1909 omne
424 1878 481 1907 tale
483 1878 650 1919 flagirium,
658 1879 678 1903 4
685 1876 764 1904 nullis
771 1876 838 1904 aliis
847 1873 970 1904 illecebris
979 1881 1090 1903 excita-

124 1923 154 1951 ri
165 1942 174 1956 ‚
194 1921 250 1962 nist
267 1921 431 1963 «voluptatis.
463 1923 484 1950 C
484 1919 588 1961 nmque
605 1918 711 1947 homini
724 1917 786 1958 five
812 1924 916 1946 natura
926 1937 936 1950 ‚
949 1916 1012 1958 five
1028 1917 1089 1957 quis

122 1963 192 1992 dms
205 1963 278 1993 nihil
286 1970 377 1992 mente
384 1960 563 2002 prestabiltus
573 1959 683 1998 dedfflt
693 1971 703 1993 3
722 1959 788 1988 huic
796 1959 893 1988 divino
904 1959 1013 1988 muneri
1027 1977 1035 1992 ‚
1053 1968 1088 1987 ac

122 2004 194 2035 «dono
212 2005 287 2034 nihil
301 2004 351 2042 effe
367 2012 430 2033 tam
441 2004 590 2033 inimicum
601 2022 609 2036 ,
633 2011 722 2043 quam
733 2001 919 2043 voluptatem.
942 2003 1004 2029 Nec
1014 2001 1088 2029 enim

125 2046 242 2077 libidine
258 2046 420 2076 dominante
440 2046 626 2087 temperantia
643 2044 734 2072 locum
753 2042 801 2081 effe
811 2055 820 2077 3
838 2053 925 2084 neque
942 2043 1051 2072 omnino
1059 2043 1088 2071 in

127 2089 287 2129 voluptatis
304 2099 384 2129 regno
407 2095 547 2116 virtutem
552 2085 625 2128 μηβὲ
633 2084 773 2125 consistere.
796 2085 870 2126 quod
878 2095 933 2126 quo
944 2085 1035 2124 magis
1044 2084 1088 2113 in-

133 2129 317 2172 telligipiffit
325 2129 448 2171 ‚fingere
456 2130 551 2159 animo
560 2125 678 2169 jubebat
686 2146 694 2160 ‚
707 2134 790 2157 tanta
800 2134 955 2156 incitatum
961 2127 1090 2167 aliquem

134 2277 136 2280 ι
163 2269 172 2285 ι
180 2279 185 2285 .
206 2263 230 2285 Si
239 2263 327 2286 nemini
336 2262 487 2293 emancipata
498 2259 556 2294 effi]
570 2261 623 2286 Pro
632 2259 679 2285 hac
689 2257 805 2285 leffione
835 2265 911 2285 raeter
922 2258 1083 2286 Lambinum

123 2295 240 2332 aliosque
250 2296 433 2332 facitJuretus
446 2294 726 2322 Animadversionibus
738 2294 787 2321 suis
798 2305 812 2321 a
841 2295 1040 2330 Symmachum.
1054 2297 1082 2321 &

120 2332 186 2358 vero
199 2333 231 2358 lic
241 2342 346 2368 quoque
358 2332 415 2358 Pal.
425 2331 538 2368 primus.
558 2331 683 2357 secundus
704 2338 790 2357 tamen
803 2332 830 2356 Sc
843 2338 906 2358 tert.
917 2330 985 2358 stant
996 2332 1011 2357 a.
1021 2331 1083 2357 vul-

118 2374 196 2403 gato,
206 2371 345 2401 mancipata
357 2378 365 2399 3
377 2368 402 2394 in
414 2377 494 2404 quam
505 2368 588 2403 magis
598 2367 678 2394 etiam
690 2367 816 2393 inclinare
828 2366 966 2393 videbatui·
977 2366 1082 2393 Guliel-

119 2404 190 2431 mius
203 2424 210 2432 .
232 2404 339 2431 laudato
350 2404 492 2430 Ciceronis
504 2404 562 2431 loco
573 2413 636 2430 Χνι.
648 2403 729 2439 Epist.
740 2402 772 2430 ad
783 2405 896 2430 Brutum
909 2413 914 2430 z
935 2412 968 2429 an
987 2410 1015 2429 nt
1033 2403 1084 2437 effit

115 2440 226 2474 suijurio·
239 2460 247 2471 ,
259 2450 292 2466 an
302 2442 416 2472 mancipii
426 2442 565 2473 respublica.

156 2485 184 2502 2.
195 2479 314 2510 Frequens
327 2495 333 2507 ‚
344 2477 453 2509 ultroque
462 2487 469 2501 :
479 2476 585 2510 adftro]
597 2476 637 2502 lta
647 2474 816 2511 interpunxit
826 2474 999 2501 Gulielmius.
1010 2473 1082 2510 prius

120 2511 209 2538 fuerat
222 2531 229 2543 ,
241 2513 355 2546 frequens
365 2522 372 2536 .·
390 2513 497 2545 ultroque
511 2514 601 2543 adsero.
622 2512 760 2538 Nimirum
772 2517 818 2536 aut
829 2511 906 2537 inviti
918 2510 944 2537 in
957 2511 1082 2536 Senatum

119 2547 284 2582 cogebantur
295 2556 303 2576 3
315 2554 359 2573 aut
371 2548 432 2573 cum
444 2546 527 2574 abesse
538 2548 631 2574 liceret
643 2566 651 2579 ,
663 2547 735 2574 ultro
745 2545 898 2575 veniebant.
910 2555 994 2582 neque
1004 2546 1084 2573 aliter

120 2584 245 2610 distinxit
256 2583 312 2608 Pal.
323 2592 363 2618 pr.

156 2627 182 2655 3.
192 2620 343 2652 Clandgsffina
352 2620 460 2653 colloquia
470 2618 562 2652 nasci]
575 2619 712 2645 Attexunt
722 2618 778 2650 alii,
789 2618 892 2649 dicebat,
902 2627 978 2653 quam
992 2627 1082 2645 vocem

117 2664 178 2681 eum
191 2656 271 2681 Petro
282 2654 403 2680 Vic‘lorio
414 2654 496 2688 abjeci
509 2673 516 2686 ‚
536 2655 656 2690 quamvis
676 2662 769 2681 extare
783 2655 808 2680 in
821 2653 878 2680 mis.
899 2654 983 2680 tribus
1003 2656 1080 2681 Con-

119 2692 203 2718 tareni
216 2701 222 2717 ε
235 2690 326 2717 aberat
338 2691 407 2717 euim
420 2690 546 2717 Palatinis
558 2690 641 2717 tribus
655 2700 662 2721 ;
675 2693 700 2717 &
712 2691 823 2717 omniuo
835 2700 885 2716 non
897 2690 1054 2726 requiritur.

130 2738 134 2740 ·
153 2734 181 2760 4.
192 2727 268 2753 Minis
278 2728 332 2752 aliis
342 2727 453 2753 illecebri}
463 2729 575 2758 excitari,
585 2728 629 2759 nist
636 2727 791 2761 voluptatis]
803 2726 966 2753 Membranae
976 2727 1082 2754 Metelli

120 2766 181 2788 enim
191 2764 246 2789 alii's
256 2765 325 2788 rebm-
335 2763 443 2789 ilkcchais
455 2782 462 2794 ‚
482 2765 586 2788 excitari
595 2764 639 2796 nist
645 2765 822 2796 volicptatibus.
841 2763 961 2798 antique.
982 2772 1020 2789 res
1031 2765 1082 2788 ille-

117 2801 190 2825 cebrae
203 2818 210 2831 ,
231 2805 260 2825 ut
278 2807 326 2824 rate
338 2801 457 2831 jaculum.
477 2800 560 2824 mulier
568 2801 650 2824 Gallia
663 2819 669 2831 ‚
689 2801 825 2825 hecatombe
841 2801 923 2831 hostie.
953 2797 994 2825 sed
1015 2799 1080 2825 nihil

118 2842 205 2861 muto.
226 2835 266 2861 Ita
276 2834 448 2861 Gulielmius.
473 2844 523 2869 ego
539 2843 646 2870 propter
666 2835 730 2861 hanc
743 2834 921 2861 diversitatem
936 2833 1082 2869 scripttrrae,

118 2871 150 2896 εό
161 2870 251 2906 potius
263 2870 387 2898 inclinem
402 2891 409 2903 ‚
421 2878 450 2897 ut
460 2869 570 2907 suspicer
581 2870 648 2896 illud
658 2872 842 2905 nisirvolnpraris
855 2890 862 2902 ,
874 2869 924 2896 esse
936 2872 950 2896 a
961 2871 1065 2906 glossa„

128 2917 132 2920 -
155 2916 181 2941 5.
202 2908 302 2940 Quina
317 2910 409 2940 percipi
420 2908 491 2940 posset
504 2907 637 2940 maxima]
659 2908 719 2933 Vox
727 2909 815 2940 percipi
826 2916 876 2932 nou
889 2907 960 2933 estin
974 2906 1081 2933 Paric-

116 2943 216 2970 cundo.
236 2945 263 2969 ὃς
276 2944 339 2970 νει-ὸ
351 2942 480 2978 ejicienda
490 2942 629 2969 videbatur
639 2943 718 2969 etiam
731 2943 878 2969 Gulielmio
890 2962 900 2974 ‚
918 2952 963 2969 ceu
984 2942 1080 2979 spuria,

117 2979 238 3014 quamvis
249 2988 304 3005 eam
318 2979 453 3016 reperisset
464 2979 487 3005 in
502 2979 559 3005 mil'.
571 2978 621 3006 suis
631 2979 764 3005 omnibus.

153 3016 181 3041 6.
201 3018 233 3040 L.
244 3018 340 3041 Camillo
353 3036 360 3047 ,
377 3016 586 3050 Appio-Claudio]
608 3015 724 3052 Reposui
735 3017 818 3048 Appio,
828 3012 947 3050 ejecique
955 3015 1079 3047 Ῥμόίὶιηη,

114 3050 199 3085 quiin
211 3051 398 3087 posterioribus
409 3051 572 3077 editionibus
584 3051 725 3088 irrepserat
737 3071 745 3084 ‚
761 3058 853 3076 contra
867 3051 954 3077 Fastos
965 3051 1078 3086 Capito-

115 3086 185 3113 linos
196 3107 203 3118 ,
218 3095 310 3114 contra
322 3087 377 3113 mff.
389 3086 526 3122 plerosque
538 3088 564 3113 δ’
576 3089 667 3122 primae
677 3088 761 3114 :etatis
773 3086 859 3117 cusos;
870 3087 914 3122 qui
927 3094 1014 3113 tamen
1026 3087 1077 3113 cusi

117 3131 252 3159 perperam
265 3142 273 3157 ,
284 3126 314 3149 L.
326 3125 447 3152 Mamilio.
459 3132 518 3150 nam
530 3122 643 3151 alterum
655 3124 754 3160 reperit
763 3123 790 3151 in
800 3122 846 3150 sex
857 3122 914 3151 mss'.
924 3122 975 3151 suis
986 3122 1076 3150 Aldus

858 92 955 132 n'n
1035 86 1064 133 S
1099 101 1128 134 ε
1167 105 1201 136 N
1236 105 1265 137 E
1299 106 1327 138 c
1366 104 1399 137 T
1436 105 1471 137 u
1508 105 1541 138 τ
1575 86 1625 138 ΕΣ

1974 106 2097 159 1259

1138 169 1286 210 voluptate
1303 171 1419 212 corporis
1430 191 1440 205 ,
1463 174 1476 199 5
1489 180 1601 214 quanta
1616 169 1722 215 percipi
1739 169 1824 215 poffit
1831 172 1971 203 maxima.
1994 174 2100 205 nemine.

1136 211 1263 251 censebat
1273 213 1336 252 fore
1346 212 1465 242 dubium
1475 234 1485 248 ‚
1495 214 1566 255 quin
1576 214 1689 244 tamdiu
1699 235 1708 249 ,
1719 215 1788 244 dum
1797 216 1808 244 i
1811 222 1844 244 ta
1848 215 1987 256 gauderet
1998 230 2006 250 ·‚
2025 216 2100 245 m'hul

1140 254 1252 294 agitare
1259 262 1352 284 mente
1361 273 1370 288 ,
1391 255 1466 284 nihil
1472 256 1578 285 ratione
1589 276 1599 290 ‚
1611 256 1685 286 nihil
1691 257 1861 297 cogitatione
1871 257 1996 299 consequi
2003 257 2093 299 poffbt.

1139 296 1271 337 quocirca
1279 296 1352 325 nihil
1363 295 1412 333 aeffe
1422 304 1483 326 tam
1491 297 1649 334 detestabile
1659 318 1668 332 ‚
1691 306 1752 328 ram
1774 298 1971 341 uepestiferum
1981 319 1989 334 ,
2008 297 2095 341 quam

1139 337 1317 381 voluptatem
1327 338 1371 378 :fi
1379 339 1493 379 quidem
1504 349 1546 373 ea,
1557 339 1622 369 cerm
1629 340 1719 380 major
1729 351 1743 369 e
1763 348 1892 383 et,arque
1898 341 2097 382 longior-,omne

1137 378 1229 407 animi
1245 379 1338 424 lum-en
1359 378 1550 422 eastingueret.
1576 384 1650 413 Haec
1671 392 1743 412 cum
1763 384 1796 413 C.
1814 385 1928 415 Pontio
1948 385 2095 418 Samnite,

1136 428 1216 459 patre
1230 429 1294 460 ejus
1305 441 1314 455 ,
1332 421 1348 451 a
1357 431 1417 462 quo
1429 442 1438 455 ,
1459 423 1595 453 Caudino
1605 424 1715 464 proelio
1723 427 1773 465 Sp.
1786 424 1969 459 Postumi-us,
1983 428 2022 456 T.
2033 427 2097 455 Ve-

1137 462 1252 495 turius,
1263 463 1418 496 consules,
1440 464 1565 504 superati
1574 466 1661 498 sunt,
1680 467 1820 497 locutum
1831 469 1985 498 Architarn
2001 487 2010 500 ,
2031 469 2098 497 Ne-

1135 503 1239 533 archus
1257 506 1441 535 Tarentinus
1455 527 1464 540 ‚
1481 506 1587 546 hospes
1599 507 1702 539 noster
1712 528 1722 542 ,
1743 510 1797 548 qui
1808 510 1838 538 in
1849 511 1980 539 amicitia
1989 509 2094 549 populi

1136 547 1231 575 Rom.
1252 547 1471 585 permanserat,
1492 548 1544 578 sea
1556 550 1802 588 majoribus-natu
1814 548 1955 590 accepisse
1966 551 2094 583 dicebat,

1136 585 1209 617 cum
1237 587 1362 627 quidem
1388 590 1417 618 ei
1435 589 1568 620 sermoni
1586 589 1766 622 interfuisset
1785 592 1868 623 Plato
1885 591 2095 622 Atheniensis:

1135 638 1228 668 quem
1247 632 1414 660 Tarentum
1433 630 1567 666 veniffe,
1591 631 1608 652 ⁶
1626 635 1661 663 L.
1684 634 1836 667 Camillo,
1858 636 1958 674 Appio
1968 634 2096 664 Claudio

1136 669 1311 700 consulibus
1321 673 1446 711 reperio.
1471 674 1624 714 Qorsum
1636 676 1717 705 haec?
1737 675 1953 716 utintelligatis
1964 695 1972 709 ,
1994 685 2022 704 σι
2038 685 2097 705 νο-

1136 720 1322 742 {stinxi-EM
1342 713 1486 753 aspernari
1509 717 1624 745 ratione
1639 716 1670 746 &
1681 717 1821 756 sapientia
1831 721 1844 745 7
1857 727 1920 747 non
1930 715 2095 758 poffcmus,

1138 762 1279 794 magnam
1288 754 1457 785 habendam
1469 756 1613 787 sene6fflti
1623 760 1745 798 gratiam
1759 779 1768 791 ,
1778 768 1843 799 quae
1852 757 1984 789 efficeret
1993 778 2001 791 ‚
2022 768 2053 788 nt
2066 758 2096 788 id

1137 804 1203 825 non
1226 795 1351 829 liberet,
1369 798 1452 837 quod
1474 808 1537 828 non
1556 808 1715 838 oporteret.
1736 810 1886 830 unm-:Dn-
1905 802 1987 831 enim
1999 798 2099 830 confi-

1138 837 1216 867 lium
1241 837 1396 878 voluptas,
1417 840 1526 869 rationi
1542 842 1669 871 inimica
1688 851 1693 870 :
1715 851 1748 871 ac
1768 844 1880 872 mentis
1900 843 1952 881 (ut
1968 842 2065 872 dicam
2083 843 2095 882 )

1138 874 1153 897 ⁸
1172 878 1349 921 praestringit
1364 881 1470 911 oculos
1484 901 1492 914 ‚
1513 891 1568 912 nec
1586 883 1677 913 habet
1695 883 1793 913 ullum
1805 892 1876 913 cum
1887 886 1997 914 virtute
2007 892 2098 914 com-

1137 924 1301 951 mercium.
1325 924 1445 959 Invitus
1463 923 1586 963 quidem
1609 924 1666 955 feci
1678 944 1686 958 ‚
1707 924 1900 955 utfortiffimi
1910 927 1965 955 viri
1977 929 2017 956 T.
2029 925 2097 955 Fla-

1136 964 1250 993 minini
1259 962 1380 993 fratrem
1391 966 1424 994 L.
1434 965 1644 996 Flamininum
1656 966 1673 996 e
1684 967 1785 997 senatu
1796 968 1934 1005 ejicerem
1950 987 1957 1000 ‚
1979 967 2094 1007 septem

1137 1006 1226 1035 annis
1236 1003 1315 1044 post,
1327 1005 1416 1046 quam
1429 1007 1535 1036 consul
1548 1006 1664 1038 fuiss‘et:
1679 1009 1726 1039 sed
1737 1009 1898 1039 notandam
1909 1010 2011 1048 putavi
2025 1008 2098 1038 libi-

1137 1046 1256 1077 dinem.
1279 1047 1335 1077 llle
1355 1049 1439 1077 enim
1458 1047 1529 1079 cum
1550 1048 1623 1079 esset
1639 1050 1745 1080 consul
1764 1052 1796 1080 in
1807 1051 1916 1084 Gallia,
1930 1054 1945 1078 9
1957 1057 2095 1080 exoratus

1136 1089 1169 1118 in
1180 1089 1327 1119 convivio
1349 1088 1365 1119 a
1387 1089 1483 1119 scorto
1493 1089 1534 1120 est
1546 1110 1555 1124 ‚
1576 1100 1608 1120 ut
1618 1092 1711 1122 securi
1722 1091 1822 1122 feriret
1833 1091 1964 1133 aliquem
1974 1101 2092 1125 eorum,

1136 1132 1187 1170 qui
1206 1132 1240 1160 in
1259 1131 1391 1161 vinculis
1401 1130 1492 1162 essent
1503 1133 1637 1162 damnati
1648 1135 1842 1173 reicapitalis.
1861 1136 1911 1164 hic
1920 1136 1994 1164 Tito
2008 1132 2095 1163 fratre

1137 1173 1191 1202 suo
1210 1172 1332 1202 censore
1344 1192 1352 1206 ,
1374 1171 1446 1213 (qui
1463 1176 1623 1213 proximus
1633 1183 1700 1204 ante
1714 1185 1764 1205 me
1778 1175 1894 1214 fuerat)
1912 1176 2025 1215 elapsus
2035 1174 2094 1205 est:

1137 1215 1215 1244 mihi
1224 1213 1345 1247 vero‚&
1355 1215 1461 1245 Flacco
1471 1217 1644 1256 neutiquam
1657 1217 1773 1256 probari
1785 1220 1883 1257 potuit
1893 1227 1952 1247 tam
1966 1216 2096 1258 flagitio-

1136 1255 1164 1286 sa
1177 1275 1185 1289 ‚
1196 1255 1231 1286 &
1241 1264 1301 1286 tam
1313 1256 1425 1296 perdita
1436 1257 1532 1287 libido
1543 1277 1551 1291 ‚
1563 1268 1627 1298 quae
1638 1268 1707 1288 cum
1717 1259 1828 1299 probro
1839 1262 1953 1299 privato
1963 1259 2096 1298 conjun-

1134 1306 1215 1338 geret
1241 1299 1360 1337 imperii
1379 1297 1518 1329 dedecus.
1540 1303 1621 1340 Saepe
1642 1300 1943 1341 audiviamajoribus
1959 1309 2029 1331 natu
2041 1302 2095 1341 qui

1134 1340 1163 1369 se
1186 1338 1276 1379 porro
1289 1349 1397 1379 pueros
1409 1341 1424 1370 a
1433 1340 1552 1371 senibus
1561 1340 1817 1373 audiffedicebant
1829 1363 1837 1376 ,
1858 1344 1959 1373 mirari
1971 1342 2098 1373 solitum

1134 1383 1170 1410 C.
1189 1381 1358 1411 Fabricium
1371 1401 1379 1416 ‚
1398 1381 1479 1422 quod
1499 1383 1571 1413 cum
1585 1386 1614 1402 ¹0
1624 1384 1699 1424 apud
1712 1394 1809 1426 regem
1821 1386 1966 1425 Pyrrhum
1979 1385 2093 1425 legatus

1135 1420 1217 1455 esset,
1231 1421 1354 1453 audisset
1363 1426 1378 1453 a
1388 1423 1529 1455 Thessalo
1540 1427 1631 1456 Cinea
1641 1445 1649 1459 ‚
1661 1424 1720 1455 ess‘e
1729 1427 1879 1467 quendam
1892 1427 2029 1460 Athenis,
2039 1427 2092 1466 qui

1135 1464 1163 1494 se
1184 1465 1349 1503 sapientem
1368 1464 1556 1504 profiteretur
1576 1477 1581 1495 ε
1611 1477 1741 1508 eumque
1761 1468 1880 1502 dicere,
1900 1468 2014 1500 omnia,
2033 1477 2094 1508 qua

1127 1506 1285 1544 faceremus
1297 1526 1304 1539 ‚
1317 1506 1355 1534 ad
1362 1507 1539 1548 volupra'rem
1548 1507 1595 1545 ‘ffi’
1604 1509 1751 1546 rfferenda.
1775 1509 1857 1549 quod
1869 1519 1907 1539 ex
1916 1519 1957 1539 eo
1966 1509 2093 1538 audien-

1135 1555 1177 1576 tes
1191 1566 1200 1579 ,
1222 1549 1265 1576 M.
1278 1550 1406 1579 Curium
1422 1568 1430 1581 ,
1443 1549 1474 1578 &
1486 1551 1524 1578 T.
1537 1551 1762 1580 Coruncanium
1772 1560 1871 1590 optare
1883 1551 1989 1580 solitos
1999 1569 2007 1582 ‚
2020 1556 2054 1578 ur
2064 1550 2095 1578 id

1134 1587 1324 1622 Samnitibus,
1337 1590 1442 1631 ipsique
1454 1591 1554 1631 Pyrrho
1561 1591 1773 1632 persuaderetur
1781 1603 1794 1619 »π
1809 1601 1870 1632 quo
1881 1590 1999 1621 facilius
2009 1593 2091 1621 vinci

1133 1628 1270 1670 possent,
1292 1630 1363 1662 cum
1386 1632 1413 1662 se
1432 1632 1637 1672 voluptatibus
1653 1631 1809 1664 dedissent.
1834 1635 1956 1663 Vixerat
1974 1632 2093 1663 M.‘Cu·-

1132 1673 1195 1702 rius
1213 1681 1284 1702 cum
1305 1675 1335 1703 P.
1348 1675 1446 1704 Decio
1457 1694 1465 1708 ,
1485 1676 1536 1714 qui
1547 1676 1760 1715 quinquennio
1773 1683 1840 1705 ante
1850 1685 1921 1705 eum
1932 1674 2091 1705 consulem

1132 1713 1162 1743 se
1187 1723 1241 1754 pro
1260 1723 1322 1754 rep.
1341 1724 1445 1756 quarto
1463 1715 1622 1746 consulatu
1645 1716 1817 1747 devoverat.
1841 1719 1938 1747 Norat
1957 1715 2092 1747 eundem

1133 1754 1284 1785 Fabricius
1294 1775 1304 1789 ,
1325 1758 1631 1788 noratCoruncanius
1645 1760 1798 1798 :quicum
1813 1768 1850 1788 ex
1861 1758 1910 1788 sua
1920 1760 1982 1788 vita
1993 1778 2001 1791 ‚
2023 1767 2090 1789 tum

1132 1805 1171 1825 ex
1181 1796 1257 1835 ejus,
1273 1806 1365 1837 quern
1377 1798 1446 1828 dico
1458 1817 1467 1831 ,
1481 1801 1511 1829 P.
1524 1801 1611 1829 Decii
1621 1798 1701 1830 fadio
1718 1799 1906 1839 ‚judicabant
1915 1798 2091 1842 effeprofee‘io

1132 1837 1247 1878 aliquid
1258 1845 1363 1868 natura
1374 1840 1522 1880 pulchrum
1534 1860 1542 1873 ,
1560 1841 1818 1882 atquepraeclarum
1831 1861 1840 1875 ,
1858 1842 1934 1883 quod
1938 1842 1993 1881 sua
1995 1842 2092 1881 sponte

1127 1885 1268 1920 peteretur
1291 1899 1299 1913 ,
1325 1881 1453 1922 quodque
1462 1882 1553 1921 spreta
1565 1902 1573 1915 ,
1593 1883 1628 1915 (με
1650 1890 1788 1912 contemta
1805 1882 1953 1925 voluptate
1969 1884 2092 1925 optimus

1132 1921 1253 1962 quisque
1255 1921 1428 1962 sequeretur.
1443 1924 1593 1964 Qorsum
1605 1926 1696 1966 igitur
1707 1933 1765 1955 tam
1776 1925 1871 1955 multa
1880 1925 1916 1955 de
1925 1926 2096 1965 voluptate?

1131 1964 1200 2003 quia
1219 1972 1241 1991 N
1250 1972 1270 1991 o
1284 1973 1304 1992 Ν
1315 1964 1410 1995 modo
1420 1967 1598 2005 vituperatio
1610 1967 1692 1996 nulla
1702 1987 1710 2000 ‚
1731 1966 1778 1997 sed
1790 1968 1881 1997 etiam
1897 1966 2014 1997 summa
2026 1967 2091 1996 laus

1130 2003 1292 2035 senee'tutis
1302 2004 1354 2041 est,
1366 2006 1448 2047 quod
1458 2017 1493 2037 ea
1503 2008 1669 2048 voluptates
1679 2009 1776 2039 nullas
1786 2018 1967 2049 magnopere
1977 2006 2092 2038 defide-

1132 2055 1183 2076 rat.
1204 2055 1281 2076 caret
1298 2050 1394 2088 epulis
1413 2069 1422 2083 ,
1445 2048 1658 2091 exstruftisque
1681 2049 1809 2085 mensis,
1831 2051 1864 2081 &
1882 2049 2091 2091 frequentibus

1131 2089 1271 2128 poculis?
1296 2093 1322 2109 ¹¹
1335 2099 1411 2121 caret
1430 2101 1501 2131 ergo
1512 2093 1603 2121 etiam
1616 2092 1784 2122 vinolentia
1794 2112 1803 2126 ,
1825 2092 1858 2122 &
1869 2094 2013 2123 cruditate
2026 2111 2034 2125 ‚
2057 2091 2092 2122 &2

1124 2130 1304 2161 insomniis.
1327 2132 1384 2164 Sed
1395 2131 1415 2162 si
1425 2133 1538 2174 aliquid
1548 2133 1680 2165 dandum
1693 2133 1735 2164 est
1748 2134 1895 2174 voluptati
1908 2153 1916 2168 ‚
1942 2134 2090 2174 quoniam

2023 2184 2090 2211 elus

1107 2273 1108 2278 =
1124 2260 1229 2295 Nepos.
1249 2259 1410 2287 Consulatur
1421 2261 1531 2297 Pighius
1552 2258 1638 2288 noster
1648 2261 1717 2287 libro
1732 2271 1774 2288 1v.
1785 2262 1920 2289 Fastorum
1934 2270 1942 2291 3
1962 2261 2006 2297 qui
2019 2262 2089 2288 Fasti

1107 2307 1108 2314 .
1124 2295 1186 2322 dum
1207 2295 1286 2323 hodie
1296 2296 1383 2332 paucis
1402 2296 1460 2324 ssmt
1472 2299 1498 2324 in
1511 2298 1631 2325 manibus
1643 2306 1651 2329 5
1672 2297 1764 2324 saeculo
1775 2298 1863 2325 nostro
1874 2297 1973 2324 clarum
1985 2297 2088 2324 iaciunt

1125 2340 1287 2358 convictum.

1159 2375 1187 2401 7.
1208 2372 1259 2394 Non
1275 2369 1411 2403 possi—mun]
1433 2369 1476 2395 Sic
1488 2369 1544 2396 Pal.
1556 2370 1584 2395 &c
1604 2376 1657 2396 tres
1669 2369 1861 2397 Contareniani
1875 2388 1883 2401 ,
1901 2370 1988 2405 ne'que
2007 2368 2088 2396 aliter

1125 2403 1212 2430 Aldus
1225 2405 1327 2440 Nepos.
1348 2405 1449 2440 priores
1456 2407 1573 2438 poffitmur
1581 2413 1628 2432 aut
1639 2407 1755 2440 poffimne.

1162 2440 1189 2466 8.
1209 2441 1382 2475 Pr.ffll’s?fgft.]
1406 2440 1483 2467 Haud
1503 2441 1581 2468 aliter
1591 2441 1722 2468 editiones
1732 2449 1862 2468 annorum
1873 2447 1979 2467 centum
1991 2441 2019 2466 sc
2029 2449 2088 2468 am-

1124 2475 1205 2511 plius;
1216 2475 1825 2511 sequentes‚persta-ingirmovissimaeprastingrsit3
1836 2478 1861 2504 in
1874 2486 1951 2513 quam
1964 2477 2087 2504 ultimam

1124 2512 1305 2547 propendebat
1319 2512 1399 2539 etiam
1412 2513 1574 2540 Gulielmius
1587 2533 1594 2545 ,
1614 2521 1738 2549 tauquam
1761 2514 1895 2540 inventam
1916 2514 1942 2540 in
1963 2513 2088 2540 omuibus

1124 2547 1217 2574 libris:
1240 2548 1310 2583 quod
1331 2555 1418 2575 tamen
1438 2550 1612 2585 pronunciare
1632 2549 1708 2575 valde
1729 2549 1858 2576 lubricum
1878 2549 1925 2576 cst.
1945 2549 2003 2584 quis
2014 2549 2087 2576 enim

1121 2593 1214 2610 omues
1226 2583 1428 2620 inspexit?certe
1441 2585 1497 2611 Pal.
1508 2593 1617 2621 pr.tert.
1628 2585 1705 2611 habet
1714 2588 1861 2619 perstringit.
1876 2585 2090 2619 lec.praest›·ingie.

1159 2628 1187 2655 9.
1204 2622 1326 2646 Exortum
1336 2623 1361 2646 in
1373 2623 1479 2646 con-rivio
1488 2620 1584 2655 riscorro
1593 2621 1653 2655 effi]
1666 2622 1739 2648 Cum
1752 2631 1802 2648 non
1813 2622 1972 2648 offenderim
1989 2622 2014 2647 in
2026 2621 2085 2648 Pal.

1106 2680 1108 2688 ‚
1124 2655 1173 2684 sec.
1187 2655 1244 2687 illa,
1256 2656 1270 2681 ὰ
1280 2657 1354 2690 scm-10
1365 2659 1409 2688 eff,
1420 2656 1506 2684 ferme
1517 2657 1629 2693 lin'picor
1639 2657 1689 2684 csse
1699 2657 1909 2684 additamentum
1920 2657 2087 2693 interpretis.

1124 2692 1256 2718 Ceterum
1268 2692 1429 2718 Gulielmius
1441 2693 1498 2719 heic
1509 2693 1674 2725 introduxit,
1684 2696 1824 2720 exlwrrarm
1837 2697 1882 2726 eff,
1892 2703 1925 2720 ex
1938 2693 2011 2720 libris
2022 2692 2088 2720 scri-

1124 2728 1174 2764 ptis
1186 2729 1212 2754 &
1223 2728 1288 2754 olim
1301 2728 1374 2754 culis.
1390 2738 1440 2755 nou
1455 2737 1580 2765 repugno:
1593 2729 1634 2756 sed
1645 2736 1734 2757 tamen
1745 2730 1846 2756 imitari
1858 2739 1908 2756 uon
1921 2729 2011 2761 libuit,
2022 2730 2086 2756 cum

1126 2763 1205 2790 ctiam
1219 2764 1267 2790 sint
1278 2764 1440 2800 exemplaria
1451 2766 1553 2792 calamo
1563 2773 1681 2797 exarata,
1692 2766 1718 2793 in
1730 2766 1825 2801 quibus
1837 2766 1915 2793 restet
1923 2766 2046 2793 alterurn:
2059 2766 2088 2792 δε

1125 2800 1252 2827 convenit
1272 2801 1354 2836 magis
1374 2800 1488 2836 persona:
1505 2801 1628 2828 obuoxiae
1640 2821 1648 2833 ,
1667 2803 1746 2837 quam
1759 2804 1917 2834 exhortatus-3
1936 2800 2085 2829 dummodo

1125 2838 1212 2863 tamen
1224 2836 1317 2863 demus
1327 2837 1365 2863 ita
1375 2837 1440 2863 olim
1453 2838 1554 2864 locutos
1568 2838 1604 2863 rei
1617 2839 1718 2864 Latina:
1729 2837 1881 2874 scriptores.

1164 2881 1204 2898 10.
1226 2874 1312 2905 <Apud
1330 2883 1399 2906 regem
1409 2875 1552 2909 Pyrrhum]
1573 2873 1667 2901 Dietio
1686 2884 1757 2908 regem
1767 2884 1819 2901 nou
1831 2874 1867 2901 cst
1878 2874 1905 2902 in
1917 2874 1975 2901 Pal.
1985 2882 2026 2911 pr.
2037 2884 2086 2901 ne—

1123 2917 1173 2944 que
1184 2918 1215 2935 eo
1226 2917 1291 2944 opus
1304 2907 1401 2935 fuerat.

1165 2954 1172 2971 1
1184 2954 1205 2970 ι.
1225 2947 1297 2970 Caret
1307 2954 1356 2978 ergo
1366 2948 1437 2970 etiam
1447 2947 1579 2972 'vinolentia
1592 2966 1599 2978 ,
1617 2946 1646 2976 <22-
1657 2948 1777 2972 cruditate
1788 2966 1795 2978 ‚
1814 2947 1843 2977 &¹
1862 2947 2004 2980 inffimm'is]
2025 2950 2087 2980 Ergo

1120 2982 1192 3005 eriam
1201 2980 1297 3014 adjecit
1308 2980 1482 3013 Gulielmius,
1494 2992 1507 3008 e
1519 2982 1592 3009 libris
1603 2982 1725 3009 omnibus
1737 2993 1743 3009 :
1766 2990 1795 3009 ut
1805 2982 1947 3009 necess‘aria
1956 2982 1987 3009 ad
1998 2983 2088 3009 osteu-

1123 3015 1234 3042 dendam
1258 3017 1381 3044 anamiim.
1404 3017 1541 3044 sermonis.
1562 3019 1590 3044 8<
1610 3019 1727 3051 infirmniia·
1744 3019 1802 3045 heic
1813 3017 1885 3045 refu}
1896 3026 1986 3045 tuctur
1997 3025 2090 3045 contra

1123 3051 1248 3078 Lambini
1258 3053 1371 3087 infiamnia
1383 3072 1391 3084 ‚
1413 3053 1545 3080 Snffridus
1556 3055 1654 3082 noster.
1674 3054 1768 3081 falsum
1789 3058 1862 3081 certe
1881 3055 1916 3081 est
1938 3064 1946 3078 x
1955 3054 2089 3080 inolenros

1121 3086 1262 3115 traducere
1274 3089 1365 3153 ”testes
1376 3088 1518 3117 inibmneis
1532 3110 1540 3123 ,
1555 3100 1640 3125 neque
1651 3090 1700 3118 hoc
1711 3091 1849 3128 quisquam
1861 3098 1907 3118 aut
1919 3088 2030 3127 scripsit,
2043 3096 2090 3116 aut

1120 3132 1248 3160 expertus
1259 3128 1282 3152 el
1300 3145 1306 3152 .
1822 3133 1824 3136 ’

1401 3162 1623 3190 Vvvvvvvz
1985 3161 2093 3188 r.D.·.'e÷
