2379 3400
261 99 383 147 ¹30²

640 76 707 122 ul
775 73 826 118 Τ
862 88 895 118 υ
928 87 958 117 L
995 86 1024 116 L
1065 87 1136 115 11
1185 71 1310 118 sCr
1349 87 1376 116 c
1412 87 1441 118 E
1475 87 1509 119 R
1547 87 1575 117 ο
1615 87 1648 117 N
1684 89 1760 119 rs

256 172 324 194 tuos
336 162 411 201 ipsos
422 160 558 190 animum
569 154 773 185 traducamus,
793 149 1009 192 quipoffumus
1020 148 1204 182 existimare,
1247 148 1322 179 falso
1333 149 1540 180 secernebant:
1563 150 1684 182 utcredi
1694 158 1757 181 non
1766 151 1852 190 poffit
1862 173 1871 188 ,
1889 155 2051 197 quidquam
2061 157 2122 188 11115
2133 165 2199 198 per-

256 213 370 245 gratum
392 202 450 230 illis
460 199 522 228 fore
534 217 542 230 ,
564 196 646 237 quod
657 196 756 223 nimio
767 193 873 223 dolore
883 193 1070 222 cruciemur?
1089 191 1207 230 praeser—

258 256 313 276 tim
335 245 405 273 cum
415 251 453 270 ex
467 249 503 269 eo
512 239 588 268 nihil
605 237 640 267 ad
653 236 721 265 illos
739 235 873 265 utilitatis
883 254 892 268 ‚
921 233 968 264 sed
978 234 1162 273 permultum
1173 231 1208 263 ad

257 296 313 316 nos
326 284 494 315 dedecoris,
515 289 602 320 atque
621 277 815 308 incommodi
832 284 996 316 permanet.
1019 274 1100 315 Qid
1118 275 1208 315 igitur

256 336 307 356 eos
318 325 395 365 ipsos
408 324 423 353 a
436 322 525 352 nobis
540 330 649 360 optare,
661 328 746 360 atque
757 327 894 358 expetere
907 317 1107 348 arbitremur?
1127 315 1207 345 nihil

258 369 284 397 sa
290 377 324 396 ne
335 386 343 399 ,
366 364 419 396 nisi
430 373 462 395 ut
473 373 523 394 eos
534 361 640 392 illustri
650 363 798 391 memoria
808 380 816 394 ,
830 369 861 391 36
870 358 1074 390 recordatione
1085 357 1208 389 decore—

256 418 336 438 mus.
676 425 679 427 -

351 451 440 478 Nemo
450 458 492 476 ms
501 446 643 488 lachrymis
651 445 755 474 decoret
764 464 772 478 ,
785 445 824 474 ait
833 444 952 474 Ennius
964 452 971 472 :

350 501 399 519 cur
409 494 420 519 ἓ
431 490 502 531 quia
512 490 600 518 volito
611 488 698 517 vivus
705 496 752 528 per
762 496 809 515 ora
819 483 928 514 viram.
1162 509 1167 514 ,

255 533 328 575 quid
343 534 433 574 igitur
445 531 488 562 est
501 531 592 561 causae
605 551 613 563 ‚
633 539 686 560 cur
697 529 801 558 fletum
814 548 822 561 ,
843 526 1064 567 lachrymasque
1077 524 1212 556 recuset?

257 577 404 605 nimirum
418 583 449 603 ea
467 574 560 615 gloria
571 592 580 606 ,
601 581 690 612 quam
705 571 733 601 se
757 570 852 600 adhuc
867 572 1022 599 viventem
1047 566 1210 598 assecutum

255 616 314 647 effe
324 614 502 647 confidebat.
525 614 651 644 eandem
663 614 753 653 igitur
762 612 802 642 ob
813 611 930 641 causam
941 610 1077 641 nostrum
1091 618 1211 649 quoque

256 657 375 688 1116111111
388 657 516 687 mortuis
527 658 678 696 ingratum
688 674 696 688 ‚
710 652 932 693 molestumque
941 652 1006 682 fore
1016 652 1208 691 suspicemur,

257 710 313 730 nec
323 700 403 730 aliud
415 709 464 728 eos
475 699 490 728 a
501 698 589 728 nobis
601 696 764 738 quidquam
776 693 903 735 flagitare
913 694 1067 724 credamus
1080 713 1086 725 ‚
1108 692 1209 733 quam,

258 751 292 771 111
311 741 341 771 1(1
362 741 457 781 ipsum
475 740 537 770 iliis
548 760 556 773 ,
577 749 637 780 quo
658 739 791 768 maxime
811 735 994 766 11616613111111
1005 756 1014 769 ,
1034 735 1210 765 tribuamus·

258 785 322 814 haec
332 792 431 813 aurern
442 783 538 822 gloria
547 780 601 814 est,
614 780 645 810 &
657 778 765 810 affidua
774 779 898 808 illorum
908 780 1026 808 virtutis
1037 776 1211 806 recordatio.

258 835 348 865 quam
365 824 384 853 si
398 825 536 854 sermone
547 844 556 856 ,
575 822 806 861 laudationeque
816 819 914 850 nostra
929 820 1133 849 immortalem
1148 815 1212 847 effi-

256 877 322 896 cere
343 867 446 900 liceat,
468 867 525 895 hoc
540 875 601 894 uno
617 865 653 894 de
667 865 796 893 mortuis
815 871 871 891 1105
888 862 937 892 vel
954 861 1071 901 optime
1090 861 1214 889 meritos

258 907 431 938 existimare
451 905 615 947 possemus.
647 905 728 946 Qid
740 924 747 938 ,
768 903 852 944 quod
869 913 940 933 eum
951 923 959 936 ‚
980 904 1032 943 qui
1052 901 1088 932 sic
1101 901 1211 933 doleat,

256 959 290 980 ut
301 951 421 979 recreari
433 970 440 983 ‚
453 947 685 988 confirmarique
698 956 759 976 non
771 943 855 986 poffit
867 965 875 978 ‚
888 955 925 975 ne
936 945 1078 974 divinum
1088 942 1211 984 quidem

257 1001 375 1022 numen
386 993 504 1021 horrere
516 1010 524 1024 ,
543 987 748 1030 sapienriffimi
762 989 904 1017 homines
916 986 1134 1031 prodiderunt?
1154 987 1213 1014 im-

256 1035 343 1073 pium
354 1041 452 1063 autern
465 1031 507 1062 est
517 1052 526 1066 ‚
539 1031 648 1072 quibus
659 1030 805 1060 debemus
815 1031 918 1059 omnia
930 1049 938 1062 ‚
954 1030 990 1058 iis
1001 1026 1155 1067 pessimam
1168 1036 1213 1056 re-

256 1073 333 1104 ferre
346 1076 478 1117 gratiam.
502 1073 604 1104 contra
617 1071 689 1103 vero
702 1092 710 1105 ,
729 1074 781 1112 qui
792 1074 931 1101 Deorum
946 1071 1094 1101 voluntati
1111 1078 1214 1108 parue-

255 1125 344 1150 runt,
360 1116 497 1157 nihilque
509 1116 546 1149 se,
557 1114 638 1155 quod
649 1113 755 1144 abillis
765 1111 843 1143 111110
854 1112 971 1142 daretur
981 1132 989 1145 ‚
1002 1110 1128 1141 moleste
1139 1109 1214 1139 ferre

257 1158 498 1192 declaraverunt,
516 1167 568 1187 eos
579 1166 643 1186 non
654 1154 754 1186 solum
766 1156 901 1185 viventes
912 1156 1058 1193 praecipua
1070 1152 1154 1182 laude
1165 1161 1214 1181 or-

257 1203 344 1230 navit
362 1201 522 1241 antiquitas
532 1219 539 1232 ‚
561 1198 610 1229 sed
625 1199 714 1228 etiam
730 1197 747 1227 ἐ
759 1199 819 1227 vita
832 1195 959 1237 egress'os
969 1204 1112 1235 perpetuo
1121 1193 1217 1224 coluit

255 1243 383 1271 honore.
406 1242 497 1282 idque
507 1240 545 1270 eo
557 1238 714 1271 studiosius
726 1259 734 1273 ,
754 1249 786 1268 ac
798 1238 940 1268 libentius
952 1257 959 1270 ‚
978 1236 998 1266 fi
1009 1246 1084 1277 quos
1097 1235 1212 1265 intelle-

257 1285 306 1314 xit
319 1294 388 1314 cum
401 1286 538 1313 Deorum
553 1282 636 1312 6111111
649 1283 893 1311 exercitationem
909 1281 1029 1309 virtutis
1040 1299 1049 1311 ‚
1070 1278 1102 1308 &
1112 1278 1214 1317 praeci-

255 1335 347 1365 puam
361 1327 393 1355 in
407 1325 547 1355 mortales
561 1322 790 1353 beneficentiam
801 1342 809 1357 ,
830 1318 1029 1360 conjunxisse.
1054 1320 1125 1350 scite
1145 1328 1214 1359 pro-

255 1366 340 1397 ἱεᾶὶὸ
354 1387 363 1400 ,
385 1375 417 1397 111
427 1375 521 1396 661613
530 1365 627 1395 ferme
637 1367 752 1395 omnia.
776 1363 848 1404 quid
859 1365 942 1392 enim
955 1363 1062 1401 majori
1072 1360 1157 1391 laude
1168 1361 1214 1390 di-

256 1418 352 1450 gnum
365 1428 373 1442 ,
394 1418 433 1438 ex
453 1408 598 1438 omnibus
615 1407 702 1437 rebus
715 1408 857 1435 humanis
868 1413 1111 1435 commemorare
1124 1401 1214 1443 poffi-

257 1459 328 1480 mus
341 1470 350 1484 ‚
370 1451 459 1491 quam
471 1460 540 1479 eum
554 1469 562 1483 ,
583 1451 634 1490 qui
653 1450 745 1478 vitam
765 1448 852 1478 ducat
870 1456 940 1477 cum
959 1447 1067 1476 virtute
1086 1445 1216 1483 conjun-

258 1490 338 1522 &am
351 1512 358 1525 ,
369 1492 405 1522 ad
417 1495 552 1522 Deorum
563 1492 678 1521 cultum
692 1499 796 1529 ,atque
808 1490 957 1519 honorem
969 1508 977 1522 ,
993 1496 1170 1527 perpetuum
1182 1488 1215 1516 in

257 1535 402 1564 homines
418 1533 550 1563 studium
564 1552 573 1566 ,
591 1542 623 1562 ac
636 1535 776 1571 pietatem
790 1533 962 1571 aggregare?
983 1539 1039 1559 nec
1051 1528 1215 1569 quidquam

260 1575 410 1604 tantulum
426 1573 520 1603 modo
536 1577 567 1603 in
578 1574 641 1608 ejus
651 1575 755 1602 animo
765 1573 889 1604 existere
901 1590 910 1604 ,
927 1570 1008 1611 quod
1021 1580 1083 1599 non
1094 1571 1142 1599 vel
1151 1572 1215 1608 pie-

259 1624 310 1646 tati
321 1635 329 1649 ‚
342 1616 389 1645 vel
401 1615 597 1647 humanitati,
608 1614 656 1643 vel
667 1613 797 1653 denique
804 1614 908 1642 virtuti
918 1611 951 1642 fit
960 1611 1215 1642 consentaneum?

260 1659 328 1687 Nec
338 1657 425 1686 aliam
438 1657 506 1687 sane
517 1656 557 1685 ob
566 1656 680 1685 causam
691 1654 852 1694 perturbari
861 1663 988 1683 omnem
998 1655 1091 1683 vitam
1104 1661 1214 1685 errore,

258 1699 434 1738 inscitiaque
445 1698 583 1727 videmus
595 1718 603 1730 ‚
621 1695 674 1726 nisi
684 1696 766 1736 quod
779 1715 787 1729 ‚
807 1696 915 1736 quaein
925 1696 1060 1724 hominis
1072 1695 1131 1723 vita
1140 1702 1214 1732 prae-

258 1743 345 1781 cipua
356 1740 414 1770 effe
425 1740 566 1769 deberent
577 1758 585 1772 ‚
607 1740 698 1778 pietas
707 1748 772 1778 erga
781 1740 865 1766 Deos
876 1755 884 1769 ‚
905 1738 937 1764 in
949 1736 1090 1764 homines
1100 1732 1215 1763 benefi-

259 1784 371 1815 centia,
386 1783 479 1812 virtus
491 1782 522 1810 in
532 1781 673 1821 ingeniis,
685 1789 717 1808 ac
727 1779 873 1810 moribus,
886 1787 919 1806 ea
927 1776 989 1806 fere
1003 1777 1109 1805 omnia
1118 1775 1214 1814 negli-

258 1833 377 1865 guntur.
401 1822 564 1862 eademque
575 1824 688 1852 ratione
701 1830 766 1860 quae
777 1818 913 1849 maxime
923 1820 1016 1848 vitare
1026 1817 1216 1850 deberemus,

258 1876 292 1896 ea
307 1864 438 1895 studiose
454 1865 623 1904 expetimus
635 1883 643 1896 ,
663 1872 800 1903 caecoque
818 1863 933 1900 impetu
950 1858 1079 1889 ferimur
1097 1858 1132 1888 ad
1152 1859 1214 1892 illa,

259 1907 370 1948 quibus
384 1907 443 1937 vita
455 1905 554 1936 nostra
567 1904 655 1945 plane
669 1903 729 1934 fera
739 1923 747 1937 ‚
767 1912 854 1944 atque
864 1903 1008 1932 immanis
1017 1899 1154 1931 efficitur.
1177 1910 1215 1930 ex

257 1950 318 1979 hoc
332 1949 416 1978 fonte
428 1948 601 1988 cupiditates
614 1946 794 1977 insatiabiles
806 1946 1004 1977 exoriuntur,
1025 1942 1133 1983 quibus
1148 1952 1212 1972 non

258 1990 355 2021 modo
367 1990 497 2031 singulos
512 1990 669 2022 homines,
693 1988 740 2018 sed
758 1996 832 2017 totas
848 1986 978 2016 familias
990 2005 999 2018 ,
1019 1985 1051 2014 ὅ(
1063 1984 1214 2014 universas

257 2031 396 2063 funditus
407 2031 517 2062 eversas
526 2032 660 2061 civitates
669 2030 809 2060 videmus
820 2039 825 2057 ·.
836 2037 973 2068 praeterea
982 2027 1154 2059 seditiones,
1166 2027 1198 2055 in
1206 2042 1213 2046 -

259 2073 338 2104 sidiae
348 2093 355 2107 ‚
368 2073 532 2106 discordiae,
543 2082 712 2112 rerumque,
725 2071 756 2101 &
767 2072 931 2101 hominum
943 2068 1040 2099 clades
1050 2088 1059 2102 ,
1071 2068 1103 2098 &
1112 2069 1215 2098 interi—

260 2124 320 2149 tus,
333 2126 371 2146 ex
382 2117 428 2145 his
437 2117 526 2145 etiam
538 2114 637 2144 incred
644 2114 729 2143 ibiles
738 2113 856 2143 dolores
865 2119 1018 2144 emanant,
1028 2110 1137 2151 quibus
1147 2119 1214 2149 per-

259 2157 370 2188 turbari
381 2159 472 2188 vitam
486 2176 494 2191 ,
515 2166 611 2197 neque
630 2155 728 2186 solum
750 2155 901 2184 insuavem
915 2173 923 2188 ‚
942 2152 990 2183 sed
999 2150 1212 2184 acerbiffimam

258 2198 340 2230 effici
350 2197 461 2229 necesse
472 2197 523 2228 est.
546 2197 629 2238 quod
640 2196 740 2228 contra
750 2196 851 2236 probis
861 2216 869 2230 ‚
890 2198 1094 2234 virtutemque
1112 2203 1215 2224 aman-

261 2241 339 2272 tibus
356 2241 471 2271 accidit.
494 2250 564 2270 113111
575 2240 686 2270 divinae
698 2239 846 2268 voluntati
856 2238 1097 2276 obtemperantes
1108 2256 1117 2270 ‚
1137 2236 1216 2265 nihil

262 2285 295 2313 111
310 2284 338 2313 se
355 2281 440 2323 ipsis,
462 2282 510 2312 sed
530 2284 562 2311 in
581 2291 613 2312 ea
630 2282 657 2311 se
677 2281 757 2321 ipsos
769 2300 777 2314 ‚
798 2290 830 2310 ac
848 2280 897 2310 sua
915 2287 1051 2318 ponunt,
1073 2277 1217 2308 &locant

261 2327 386 2355 omnia:
406 2326 564 2354 neminem
575 2323 704 2353 laedunt:
725 2331 833 2352 omnes
844 2321 1017 2351 liberalitate
1026 2339 1035 2352 ‚
1049 2319 1217 2360 benignita-

261 2375 288 2397 te
300 2386 308 2400 ‚
330 2368 468 2396 charitate
477 2365 699 2405 ampleEmntur
713 2375 718 2393 z
739 2363 822 2394 nulla
832 2373 860 2393 re
870 2365 1037 2393 cruciantur
1053 2371 1058 2391 :
1079 2362 1217 2401 nihilap-

261 2417 367 2448 petunt
378 2428 386 2442 ‚
398 2409 539 2438 omnium
551 2409 695 2437 vitiorum
707 2405 801 2435 smero
811 2407 927 2444 impetu
939 2424 947 2438 ,
958 2403 1217 2444 cupiditatumque

209 2447 218 2457 '
261 2450 411 2480 radicibus
422 2459 459 2479 ex
469 2451 573 2479 animo
583 2457 702 2489 penitus
712 2445 829 2478 evulsis.
853 2449 973 2486 Nempe
983 2447 1073 2486 igitur
1082 2454 1133 2475 eos
1143 2464 1151 2478 ‚
1164 2445 1216 2485 qui

262 2493 303 2522 ira
317 2494 477 2525 vixerunt,
500 2500 530 2521 ut
544 2489 736 2530 fibijucundi
748 2508 756 2523 ,
776 2488 834 2519 diis
847 2490 920 2530 grati
933 2508 941 2521 ‚
963 2485 1215 2517 hominibusfru-

264 2532 441 2563 &uofiffimi
458 2531 639 2566 exstiterint,
651 2532 764 2562 divinis
777 2530 944 2560 honoribus
956 2530 1022 2569 jure
1033 2528 1140 2569 dignos
1152 2538 1216 2558 ma-

260 2576 342 2615 jores
361 2574 453 2605 nostri
473 2574 674 2605 censuerunt:
698 2573 807 2613 eosque
825 2582 895 2603 611111
916 2572 973 2602 61115
992 2570 1216 2600 immortalibus

263 2627 362 2647 aevum
381 2627 466 2658 agere
484 2615 712 2655 sapientissimus
731 2616 817 2655 poeta
838 2623 902 2644 non
922 2611 1077 2643 immerito
1099 2614 1216 2642 cecinit.

264 2661 329 2688 Nec
343 2668 443 2688 tamen
458 2660 566 2688 iccirco
577 2678 585 2691 ‚
604 2656 685 2698 quod
696 2666 800 2687 eorum
814 2665 935 2696 corpora
949 2657 979 2684 in
991 2654 1096 2685 caelum
1111 2654 1220 2694 perlata

264 2699 379 2730 credere
399 2701 540 2740 sapienter
559 2700 713 2740 quisquam
735 2697 836 2739 poffit:
855 2697 936 2738 quod
953 2699 1023 2737 quia
1038 2705 1138 2726 natura
1154 2706 1218 2726 non

264 2750 374 2781 patitur
387 2762 394 2775 ,
411 2752 461 2775 111-,
474 2742 555 2782 quod
567 2746 668 2771 eterra
677 2740 718 2771 est
730 2760 737 2774 ‚
751 2740 843 2773 alibi,
858 2742 948 2780 quam
961 2741 992 2768 in
1004 2747 1079 2769 terra
1089 2746 1235 2771 maneat,.

265 2792 306 2812 ne
314 2783 393 2812 credi
405 2784 526 2823 quidem
540 2783 643 2814 debeat
653 2803 661 2816 ,
681 2781 795 2813 necess'e
806 2781 867 2812 est:
887 2781 935 2810 scd
946 2779 1026 2821 (111ὸά
1037 2789 1143 2810 60111111
1156 2781 1219 2809 ani-

265 2825 331 2856 mi,
351 2832 498 2864 tamquam
510 2826 673 2855 hominum
686 2823 722 2854 de
733 2824 792 2854 diis
808 2822 1030 2853 immortalibus
1043 2842 1051 2856 ‚
1073 2823 1220 2851 humano-

265 2875 325 2906 que
344 2875 449 2905 genere
466 2868 580 2905 optime
597 2869 777 2896 meritorum
790 2885 798 2899 ,
821 2867 852 2894 in
863 2866 971 2895 caelum
985 2873 1128 2904 putentur
1141 2863 1221 2893 elati.

266 2907 348 2948 quod
360 2906 395 2935 de
407 2908 542 2937 Romulo
553 2928 560 2940 ,
579 2909 668 2938 Urbis
681 2906 788 2938 nostrae
797 2906 953 2936 conditore
963 2927 972 2940 ,
988 2906 1144 2936 memoriae
1154 2914 1222 2945 pro-

266 2949 366 2978 ditum
375 2950 542 2987 accepimus
557 2960 562 2976 ·.
581 2960 671 2989 quem
684 2948 867 2990 singularem
882 2957 975 2989 genus
986 2950 1147 2978 hominum
1158 2946 1222 2976 col·

265 2990 360 3019 latum
377 2998 488 3018 munus
502 2999 560 3018 13111
574 2992 715 3029 praeclarae
730 2991 809 3020 urbis
826 2990 992 3020 condendae
1008 3009 1016 3023 ,
1037 2992 1069 3019 111
1083 2992 1222 3019 Deorum

1250 191 1363 222 suaderi
1373 190 1518 231 potuiss'e,
1540 192 1622 232 quod
1634 193 1724 224 ullam
1740 191 1819 227 sisti,
1837 196 1957 227 autfalfi
1968 200 2130 240 imaginem
2142 209 2202 240 prae

1250 233 1278 262 se
1288 232 1387 263 ferret.
1411 233 1460 264 sed
1470 253 1479 267 ‚
1499 233 1580 274 quod
1592 234 1642 264 ille
1653 235 1787 264 mortalis
1798 254 1807 268 ,
1822 237 1935 267 eximia
1948 241 2065 270 virtutis
2076 261 2084 275 ,
2104 252 2136 271 ac
2151 242 2205 271 be-

1250 273 1415 305 neficentiae
1426 275 1530 316 gloria,
1541 275 1716 307 consecutus
1727 275 1815 308 est‚ut
1826 286 1889 307 non
1899 278 1996 310 solum
2009 282 2204 318 immortaliS‚

1251 316 1297 347 sed
1311 319 1396 347 Deus
1410 317 1607 356 judicaretur:
1628 317 1658 347 id
1673 318 1771 357 ipsum
1785 318 1851 348 aliis
1865 321 1953 349 etiam
1969 322 2113 354 tributum
2134 323 2205 359 effe.

1253 367 1283 388 ut
1303 360 1379 388 inter
1390 361 1474 388 Deos
1493 360 1603 398 recepti
1620 368 1810 398 putarentur,
1830 370 1899 390 cum
1915 361 2094 395 exceffiss'ent
2105 366 2121 396 e
2133 368 2205 400 vita.

1253 401 1373 430 annales
1391 410 1526 431 veterum
1546 401 1721 441 loquuntur.
1745 401 1826 441 quod
1846 402 1878 432 &
1895 403 1971 442 apud
1991 405 2108 437 Graecos
2125 409 2208 447 prius

1253 444 1399 483 contigit,
1421 442 1454 472 &
1469 442 1538 473 inde
1551 441 1669 473 fortasse
1686 442 1721 473 ad
1741 442 1858 473 nostros
1876 448 2070 483 permanavit.
2092 449 2205 480 nam&

1255 484 1399 514 Hercules
1410 504 1419 517 ‚
1432 483 1465 514 &
1476 484 1567 514 Liber
1578 504 1586 517 ‚
1605 483 1706 514 fratres
1718 485 1898 524 Tyndarida:
1909 505 1918 519 ‚
1934 486 1965 516 &
1976 485 2107 518 faeminae
2117 489 2209 528 pluri-

1253 536 1323 558 mae,
1333 525 1441 566 quibus
1451 536 1533 556 nunc
1545 528 1622 556 inter
1632 526 1704 557 deos
1717 527 1800 556 locus
1810 525 1867 557 effe
1883 530 2047 568 praecipuus
2061 530 2204 564 creditur.

1256 567 1288 597 δε
1300 567 1479 598 hominibus
1489 569 1551 598 nati
1563 588 1571 601 ,
1587 568 1618 597 &
1628 570 1769 598 homines
1777 567 1908 599 fuerunt.
1923 572 1978 600 Sed
1989 590 1996 603 ‚
2007 570 2089 611 quod
2100 573 2210 602 virtute

1254 609 1452 648 praestiterunt
1464 629 1472 643 ,
1493 609 1542 643 &‚
1565 618 1597 639 ut
1610 612 1714 640 ceteris
1727 610 1761 640 ad
1775 609 1855 640 16616
1868 611 2034 642 vivendum
2046 633 2054 646 ‚
2075 613 2213 654 beneque

1255 651 1434 681 merendum
1445 652 1638 691 praelucerent
1648 671 1655 685 ,
1666 652 1890 685 laboraverunt,
1904 653 1972 683 ideo
1983 663 2034 684 eos
2047 656 2208 685 hominum

1253 691 1349 726 fama,
1370 691 1585 723 beneficiorum
1606 703 1746 727 memor,
1771 696 1803 723 in
1823 693 1960 724 consess'u
1980 715 1989 728 ,
2017 697 2212 736 concilioque

1255 734 1416 765 caelestium
1439 735 1608 765 collocavit.
1632 745 1720 776 atque
1737 736 1835 775 ipsos,
1856 746 1933 776 quos
1953 746 2095 768 vocamus
2114 740 2212 777 majo-

1256 787 1322 806 rum
1333 779 1469 818 gentium
1483 779 1578 810 Deos,
1589 777 1720 818 aliosque
1730 778 1971 817 quamplurimos
1980 798 1988 812 ‚
2000 789 2075 818 quos
2084 780 2118 809 in
2127 782 2212 809 Deo-

1255 828 1323 848 rum
1343 828 1506 849 numerum
1525 819 1685 849 retulimus
1696 839 1704 852 ‚
1726 821 1797 848 ’111116
1807 820 1821 848 a
1832 819 1921 849 nobis
1931 820 2057 860 egress‘os
2068 821 2143 850 &in
2156 831 2212 851 cae-

1255 860 1319 890 lum
1331 859 1482 900 profesios
1492 880 1500 893 ,
1512 859 1694 892 facillimum
1706 863 1761 891 erit
1770 861 1934 901 agnoscere.
1955 864 2128 892 Maximum
2141 861 2214 891 verb

1254 912 1463 942 argumentum
1479 901 1521 932 cst
1532 921 1542 936 ,
1564 903 1645 943 quod
1664 903 1699 933 de
1710 903 1773 933 illis
1790 902 1941 933 credimus
1952 923 1960 937 ‚
1979 904 2010 934 id
2030 903 2086 934 effe
2099 903 2214 933 11611111-

1259 953 1344 974 11111111
1357 963 1365 978 ,
1386 943 1469 984 (111ὸά
1481 944 1622 974 &tantus
1637 954 1681 975 tot
1696 945 1871 975 saeculorum
1883 964 1892 977 ,
1912 944 2215 985 (1015111111ῃο1111110116

1257 986 1421 1016 hominum
1436 986 1616 1020 consensus,
1635 987 1765 1016 veritatis
1783 995 1844 1016 vox
1863 987 1922 1025 ipsa
1940 986 1997 1016 ess'e
2015 988 2153 1021 videtur,
2174 987 2208 1017 &

1256 1026 1339 1068 quod
1359 1036 1465 1060 tantae,
1485 1036 1605 1068 tamque
1626 1029 1769 1068 ρι’-«6613131
1782 1029 1903 1061 virtuti,
1923 1038 2012 1068 quem
2029 1030 2122 1059 aliurn
2142 1028 2212 1059 vere

1256 1079 1473 1110 congruentem
1485 1069 1589 1099 locum
1605 1070 1730 1100 tribuere
1741 1078 1874 1109 oporteat
1885 1090 1894 1103 ‚
1914 1080 1978 1099 non
1993 1070 2059 1100 sane
2073 1073 2211 1110 reperies.

1257 1113 1325 1151 quis
1343 1110 1385 1140 est
1395 1120 1493 1141 autem
1505 1120 1565 1142 tam
1576 1111 1702 1146 demens
1712 1131 1720 1145 ,
1733 1120 1782 1145 ut,
1794 1120 1869 1151 quos
1879 1113 2053 1142 innocentia
2063 1132 2072 1145 ‚
2083 1112 2214 1143 liberali-

1258 1162 1334 1186 tate,
1355 1153 1388 1183 &
1407 1151 1544 1194 singulari
1563 1152 1691 1194 quadam
1701 1163 1732 1184 ac
1741 1155 1889 1193 praecipua
1906 1155 2012 1183 virtute
2030 1154 2089 1184 diis
2108 1155 2213 1193 proxi-

1259 1204 1327 1224 mos
1341 1195 1504 1235 intelligat,
1526 1196 1565 1224 iis
1579 1195 1751 1234 sejunlr'mm
1772 1195 1787 1226 a
1810 1197 1880 1225 Diis
1897 1195 2092 1225 tribuendum
2107 1197 2211 1225 locum

1257 1237 1391 1267 censeat?
1411 1237 1461 1270 &‚
1491 1235 1561 1267 cum
1583 1238 1720 1267 hominis
1738 1240 1858 1268 animus
1879 1245 1995 1266 terrena
2019 1238 2153 1277 respuat,
2176 1235 2213 1268 ad

1259 1279 1359 1317 supera
1373 1278 1489 1318 semper
1501 1277 1626 1309 feratur:
1647 1282 1700 1320 qui
1716 1289 1781 1309 non
1799 1278 1899 1309 solum
1919 1280 2009 1308 tacito
2026 1288 2135 1309 naturae
2152 1280 2214 1309 im-

1259 1320 1344 1359 pulsu
1355 1340 1364 1353 ,
1385 1320 1433 1350 sed
1446 1321 1598 1350 voluntate
1610 1341 1617 1355 ‚
1637 1331 1726 1361 reque
1738 1321 1814 1361 ipsa,
1835 1320 1967 1361 utquam
1979 1321 2113 1351 maxime
2124 1319 2212 1351 63616-

1258 1361 1352 1393 stibus
1361 1360 1473 1392 similes
1484 1360 1577 1392 efl'ent
1587 1382 1594 1395 ‚
1614 1362 1811 1402 praestiterunt
1825 1383 1834 1396 ‚
1851 1372 1902 1392 eos
1915 1362 2057 1392 licebitne
2065 1363 2144 1393 caelo
2155 1359 2213 1392 effe

1258 1406 1387 1444 privatos
1400 1406 1409 1433 ?
1432 1404 1512 1435 Mihi
1526 1402 1598 1434 verb
1612 1414 1648 1435 eo
1658 1403 1767 1443 justius
1780 1406 1812 1434 in
1825 1404 1900 1437 caelo
1911 1403 2049 1434 collocati
2059 1404 2211 1437 videntur.

1258 1455 1318 1486 quo
1328 1445 1433 1476 clarior
1441 1455 1548 1476 eorum
1561 1447 1638 1477 inter
1648 1448 1790 1476 homines
1801 1447 1848 1475 vel
1859 1446 1955 1475 eluxit
1965 1445 2123 1476 liberalitas
2133 1466 2142 1479 ,
2161 1443 2212 1475 vel

1257 1491 1352 1518 virtus
1364 1488 1462 1518 nituit.
1485 1489 1553 1527 quis
1561 1489 1644 1518 enim
1656 1488 1786 1518 Hercule
1794 1486 1922 1516 fortior?
1939 1489 2005 1526 quis
2015 1487 2211 1526 prudentior?

1258 1530 1324 1569 quis
1342 1529 1379 1559 ab
1397 1529 1485 1558 omni
1502 1528 1665 1567 cupiditate
1681 1530 1849 1558 remotior?
1866 1536 1943 1567 quos
1957 1528 2008 1556 ille
2021 1528 2154 1562 labores,
2175 1535 2208 1557 ut

1258 1570 1374 1599 fortiter
1382 1578 1475 1609 ageret
1488 1589 1497 1601 ‚
1516 1568 1548 1598 &
1559 1570 1738 1599 hominibus
1748 1567 1912 1609 prodesset,
1936 1569 2059 1608 suscepit
2070 1589 2079 1602 ,
2098 1569 2129 1599 &
2140 1577 2209 1609 per·

1257 1611 1345 1642 tulit?
1361 1619 1411 1640 aut
1419 1610 1492 1650 quid
1503 1620 1566 1640 non
1577 1610 1692 1640 doloris
1701 1631 1709 1644 ,
1721 1611 1753 1641 &
1762 1611 1936 1640 calamitatis
1950 1630 1959 1643 ,
1971 1609 2123 1641 exhaufit?
2140 1611 2209 1651 quis

1259 1661 1328 1692 ergo
1340 1652 1420 1681 hunc
1433 1651 1506 1681 caelo
1520 1651 1641 1681 excludi
1654 1654 1796 1691 patiatur,
1816 1650 1887 1681 cum
1901 1652 1964 1690 ejus
1983 1653 2087 1681 virtuti
2100 1651 2212 1691 sempi-

1258 1702 1340 1722 terna
1357 1693 1472 1733 gloria,
1491 1691 1524 1721 &
1542 1692 1639 1722 laudis
1659 1694 1783 1732 patuerit
1800 1692 2030 1723 immortalitas?
2048 1692 2211 1732 eademque

1257 1743 1424 1764 ceterorum
1435 1732 1572 1763 conditio
1583 1732 1642 1764 est:
1662 1743 1793 1774 quorum
1803 1734 1878 1764 alius
1891 1734 1949 1764 3110
1959 1743 2064 1774 genere
2080 1736 2210 1769 virtutis,

1259 1784 1368 1805 omnes
1381 1775 1510 1805 summis
1521 1794 1530 1807 2
1551 1775 1583 1805 &
1595 1774 1791 1816 singularibus
1803 1775 1851 1806 vel
1865 1777 1898 1805 in
1911 1775 1990 1815 ipsos
2004 1774 2076 1805 deos
2088 1795 2097 1809 ‚
2117 1776 2165 1806 vel
2178 1777 2213 1808 in

1259 1818 1400 1847 homines
1419 1818 1536 1846 meritis
1553 1816 1760 1857 praestiterunt.
1792 1819 1889 1857 itaque
1906 1826 1966 1847 tam
1982 1818 2126 1858 egregiis,
2146 1819 2214 1848 exi—

1261 1859 1390 1900 miisque
1404 1857 1490 1888 factis
1503 1868 1567 1889 non
1581 1857 1690 1890 infixas
1699 1859 1828 1900 plumbo
1838 1858 1942 1889 statuas
1952 1878 1961 1892 ,
1981 1869 2045 1888 non
2054 1859 2214 1890 arescentes

1259 1902 1485 1941 triumphorum
1494 1909 1619 1931 coronas
1629 1901 1695 1932 satis
1709 1901 1848 1931 diuturna
1864 1900 2031 1941 persolvere
2042 1899 2126 1941 posse
2136 1910 2214 1941 prae—

1261 1944 1321 1973 mia
1336 1942 1500 1979 judicatum
1519 1942 1562 1973 est
1573 1962 1582 1976 ‚
1603 1943 1651 1973 sed
1663 1942 1852 1976 florentiora‚
1872 1941 2079 1983 stabilioraque
2090 1951 2215 1973 munera

1258 1983 1376 2025 quaesita
1383 1984 1454 2014 sunt
1464 2004 1473 2018 ,
1482 1984 1592 2024 quibus
1602 1994 1777 2015 ornarentur
1787 1986 1826 2019 ii,
1838 1986 1890 2025 qui
1902 1986 2042 2014 virtutem
2054 2004 2062 2018 ‚
2076 1983 2215 2015 honesta-
2236 2019 2241 2022 .

1260 2036 1341 2060 tem,
1366 2026 1494 2067 gloriam
1507 2047 1516 2061 ,
1540 2029 1623 2061 otio,
1647 2027 1791 2060 libidini,
1811 2027 1976 2066 voluptati,
1997 2028 2064 2056 vitae
2084 2026 2215 2067 denique

1258 2067 1462 2108 praetuliffent-
1485 2079 1604 2110 tamque
1616 2069 1647 2100 id
1659 2078 1777 2110 aequum
1789 2068 1831 2098 est
1841 2087 1849 2102 ‚
1869 2077 1958 2108 quam
1970 2068 2045 2098 illud
2056 2067 2214 2102 decorum,

1261 2113 1455 2151 maximeque
1464 2111 1664 2151 probandum,
1677 2121 1742 2141 non
1752 2110 1866 2141 easdem
1878 2110 2026 2149 improbis
2037 2109 2132 2144 sedes,
2141 2119 2213 2150 quas

1260 2152 1349 2182 bonis
1361 2172 1369 2185 ,
1388 2162 1474 2192 atque
1489 2154 1611 2195 integris
1622 2173 1631 2186 ,
1649 2152 1715 2193 post
1725 2161 1854 2182 mortem
1866 2150 1923 2181 effe
1932 2150 2101 2191 propositas.
2124 2151 2217 2182 intel-

1259 2195 1397 2224 lexerunt
1405 2196 1488 2224 enim
1498 2205 1536 2225 ex
1547 2195 1711 2231 majoribus
1722 2193 1828 2224 nostris
1839 2194 2010 2232 complures
2019 2212 2026 2226 ,
2040 2194 2092 2233 qui
2101 2194 2218 2233 sapien-

1262 2238 1301 2266 tia
1315 2235 1514 2275 praestiterunt
1524 2256 1533 2271 ,
1552 2247 1622 2267 cum
1633 2238 1666 2266 in
1677 2237 1735 2266 diis
1745 2237 1866 2276 aequitas
1876 2234 2021 2275 praecipue
2035 2238 2149 2276 vigeat,
2169 2244 2218 2265 ea-

1261 2288 1319 2318 que
1337 2279 1371 2307 in
1391 2287 1497 2308 eorum
1516 2279 1731 2318 gubernatione
1746 2286 1881 2317 appareat
1895 2275 2031 2306 maxime
2043 2296 2052 2310 ,
2072 2275 2136 2307 fieri
2153 2285 2218 2307 non

1261 2317 1342 2359 poss'e
1352 2339 1361 2354 ‚
1380 2321 1455 2360 quin
1468 2322 1633 2361 nequitiam
1646 2339 1654 2353 ‚
1674 2320 1838 2360 sceleraque
1851 2318 2021 2349 aversentur
2032 2338 2041 2351 ‚
2061 2320 2172 2359 quique
2185 2327 2219 2348 ea

1263 2364 1296 2391 in
1313 2362 1374 2391 vita
1392 2371 1608 2396 exercuerunt,
1630 2371 1680 2392 eos
1699 2361 1715 2392 ὲ
1731 2362 1759 2391 se
1777 2360 1845 2401 ipfis
1862 2358 2035 2401 longissime
2049 2360 2217 2401 sejungant.

1262 2403 1344 2444 quod
1358 2404 1390 2433 in
1403 2405 1511 2445 vulgus
1525 2403 1593 2437 edi,
1616 2413 1781 2444 verumque
1791 2402 1976 2435 existimari,
1994 2412 2057 2431 non
2069 2402 2163 2432 modo
2173 2410 2219 2432 ra·

1263 2446 1340 2475 troni
1354 2448 1539 2476 conveniens
1549 2465 1557 2479 ‚
1570 2445 1618 2475 sed
1634 2446 1706 2475 utile
1719 2455 1839 2485 quoque
1850 2454 1883 2473 111
1896 2445 2002 2483 primis
2016 2443 2057 2473 est
2070 2443 2218 2474 futurum.

1264 2496 1333 2516 narn
1346 2505 1355 2520 ,
1373 2484 1393 2515 si
1407 2487 1479 2527 quid
1491 2489 1523 2517 in
1535 2488 1700 2516 hominum
1710 2489 1821 2516 animis
1831 2486 1944 2525 pietatis
1956 2505 1964 2518 ‚
1984 2483 2003 2513 si
2014 2485 2086 2525 quid
2097 2487 2266 2526 religio-,2²

1264 2531 1310 2558 nis
1322 2529 1410 2558 inerit
1422 2548 1431 2562 ‚
1450 2528 1527 2559 certe
1539 2528 1579 2558 ob
1594 2530 1669 2558 hanc
1681 2526 1870 2568 potissimum
1881 2526 1995 2557 causam
2009 2527 2037 2556 se
2055 2527 2071 2556 ὲ
2087 2526 2218 2567 flagitiis,

1263 2581 1296 2601 ac
1317 2569 1500 2600 facinoribus
1514 2569 1705 2600 abstinebunt
1717 2589 1725 2604 ‚
1739 2569 1821 2610 quod
1831 2570 1943 2609 impios
1954 2588 1963 2602 ,
1978 2578 2011 2599 ac
2020 2568 2151 2598 nefarios
2163 2569 2226 2598 ho·-

1264 2612 1534 2643 minesaDeorum
1544 2612 1695 2645 concilio,
1716 2622 1748 2642 ac
1767 2612 1903 2642 societate
1921 2612 2010 2640 316611
2028 2610 2215 2649 judicabunt.

1267 2657 1332 2684 Nec
1351 2656 1434 2684 enim
1452 2654 1598 2684 omnibus
1608 2654 1705 2684 iidem
1717 2654 1762 2683 illi
1772 2654 1915 2692 sapientes
1926 2652 2055 2682 arbitrati
2067 2652 2216 2682 sunteun·

1265 2696 1334 2727 dem
1353 2697 1470 2726 cursum
1491 2698 1524 2726 in
1542 2695 1648 2726 caelum
1668 2694 1775 2735 patere.
1798 2704 1867 2725 113111
1887 2695 1989 2727 vitiis,
2009 2693 2041 2724 &
2060 2691 2216 2725 sceleribus

1264 2740 1502 2771 contaminatos,
1522 2737 1652 2777 deprimi
1662 2738 1694 2767 in
1705 2736 1855 2770 tenebras,
1873 2745 1960 2776 atque
1975 2745 2006 2765 111
2022 2744 2105 2765 caeno
2118 2734 2213 2773 jacere

1267 2779 1445 2810 docuerunt.
1469 2779 1563 2809 castos
1572 2788 1671 2809 autem
1682 2781 1800 2809 animos
1813 2799 1821 2811 ,
1833 2787 1922 2818 puros
1933 2797 1940 2810 ‚
1953 2779 2082 2816 integros
2091 2794 2101 2808 ,
2115 2777 2217 2804 incor-

1268 2831 1369 2861 ruptos
1381 2841 1389 2855 ,
1410 2821 1498 2852 bonis
1509 2824 1597 2851 etiam
1609 2819 1714 2851 studiis
1725 2841 1733 2854 ,
1754 2829 1838 2860 atque
1849 2820 1959 2849 artibus
1970 2817 2118 2856 expolitos
2127 2834 2135 2849 ,
2154 2815 2216 2846 leni

1268 2863 1399 2903 quodam
1411 2882 1419 2896 ,
1441 2873 1473 2893 36
1487 2862 1568 2893 facili
1585 2862 1665 2902 lapsu
1682 2863 1716 2892 ad
1728 2865 1812 2892 Deos
1825 2882 1833 2894 ,
1855 2860 1936 2891 idest
1947 2880 1956 2892 ,
1973 2858 2007 2889 ad
2019 2866 2153 2889 naturam
2170 2856 2216 2888 sui

1270 2904 1399 2934 similem
1411 2925 1419 2938 ,
1435 2905 1596 2945 pervolare.
1619 2905 1701 2945 quod
1712 2903 1731 2934 si
1742 2908 1781 2934 ita
1790 2902 1832 2933 est
1843 2923 1851 2936 ,
1865 2901 1943 2932 certe
1952 2900 2040 2930 nobis
2050 2919 2058 2934 ‚
2069 2907 2217 2939 quantum

1269 2949 1387 2977 conniti
1404 2949 1509 2977 animo
1528 2945 1684 2986 poffumus
1701 2967 1710 2980 ,
1734 2953 1878 2985 quantum
1895 2943 2048 2982 diligentia
2064 2940 2218 2980 consequi,

1270 2989 1516 3019 contendendum
1530 3008 1538 3022 ,
1555 2997 1640 3028 atque
1651 2985 1861 3017 elaborandum
1872 2983 1913 3013 est
1923 3003 1932 3017 2
1944 2993 2021 3014 utne
2032 2983 2067 3013 ab
2078 2984 2114 3012 iis
2124 2982 2220 3022 segre-

266 3040 396 3061 numero
406 3031 575 3060 collocavit.
600 3031 688 3071 idque
699 3043 734 3061 eo
748 3042 882 3072 tempore
894 3052 902 3066 ‚
915 3041 975 3072 quo
986 3033 1101 3062 litteris.
1124 3030 1157 3059 ὃ(
1167 3031 1224 3060 do·-
1269 3040 1375 3071 gemur
1385 3051 1394 3064 ‚
1404 3041 1533 3070 quorum
1544 3030 1585 3059 est
1595 3031 1747 3069 proprium
1761 3028 1820 3057 vita
1829 3025 1887 3055 frui
1898 3026 2076 3065 sempiterna
2087 3044 2094 3057 2
2110 3034 2141 3054 ac
2152 3024 2221 3055 bea-

264 3073 371 3105 &rinis
384 3074 527 3104 homines
541 3073 653 3104 exculti
664 3072 749 3106 facile
763 3072 869 3106 11611110
880 3074 1069 3116 agermano,
1089 3081 1196 3106 verum
1207 3071 1223 3104 a
1243 3097 1248 3110 .
1271 3081 1305 3104 ta.
1329 3072 1411 3113 quod
1430 3070 1546 3103 efficere
1563 3072 1617 3113 qui
1634 3070 1763 3101 voluerit
1780 3070 1899 3109 (omnes
1915 3076 2013 3099 autem
2032 3066 2109 3098 velle
2128 3064 2221 3096 debe-

2119 3106 2211 3142 buna

2346 3188 2376 3269 .-zea
2348 3133 2362 3176 »ι’
2355 3062 2370 3102 we
2348 2997 2373 3041 :a

2322 0 2342 54 s

2361 83 2366 95 -
2346 0 2377 62 ‹Af-E
