2379 3400
239 111 374 174 1²36
641 98 1163 150 M.'1'unt.11

243 192 297 233 Jus
306 191 387 219 enim
400 187 512 224 semper
520 181 673 224 quaesitum
684 178 726 210 est
737 177 888 218 aequabile.
910 185 1007 216 neque
1018 175 1100 204 enim
1112 173 1197 204 aliter

245 230 315 262 esset
329 232 382 266 ius.
406 228 435 257 id
448 226 466 255 si
477 226 512 254 ab
523 222 671 261 unoJusto
683 241 690 254 ,
711 222 742 250 ὃς
756 221 837 249 bono
850 227 915 247 viro
927 217 1194 257 consequebantur,

245 268 528 301 eoeiaritcontenti.
550 265 621 295 cum
641 263 671 292 id
691 259 794 291 minus
813 261 1017 300 contingeret,
1040 261 1116 297 leges
1131 257 1198 287 sunt

247 315 387 342 inventae,
397 318 460 348 quae
469 316 538 337 cum
550 305 695 335 omnibus
706 303 820 342 semper
830 311 887 331 una
897 320 905 333 ‚
915 310 1002 340 atque
1011 298 1116 328 eadem
1128 308 1199 328 voce

247 354 447 392 loquerentur.
471 351 549 387 Ergo
569 350 625 376 hoc
644 345 766 386 quidem
785 343 973 383 perspicuum
994 340 1053 373 est,
1075 350 1127 369 eos
1148 349 1168 369 Α
1181 349 1200 368 D

251 405 261 423 1
275 404 299 422 M
311 403 326 422 Ρ
337 402 355 421 ε
366 402 383 420 n
397 400 416 420 A
428 400 446 419 N
457 400 507 420 nu
518 399 544 418 M
563 389 652 428 deligi
667 387 769 416 solitos
782 405 789 417 ‚
813 393 941 425 quorum
957 383 993 412 de
1007 381 1119 420 justitia
1137 391 1200 411 ma-

247 445 303 477 gna
313 432 382 463 ess‘et
391 434 498 472 opinio
509 429 724 460 multitudinis.
740 425 894 465 Adjuntffto
905 424 976 454 vcro
987 443 995 457 ,
1008 431 1041 452 ut
1052 423 1144 452 iidem
1158 432 1200 451 et-

248 486 306 505 iam
326 474 486 514 prudentes
504 472 697 503 haberentur,
718 469 795 498 nihil
807 477 883 499 erat,
904 466 985 506 quod
999 466 1140 494 homines
1155 465 1201 493 his

247 515 417 547 ati-§toribus
432 524 493 543 non
507 512 585 553 pofl'e
599 512 743 550 consequi
756 511 783 540 sc
797 509 1013 539 arbitrarentur.
1038 508 1131 535 Omni
1145 508 1201 546 igi-

248 568 294 588 tur
305 559 420 587 ratione
428 556 553 586 colenda
566 575 573 587 ,
586 554 617 583 &
629 552 781 582 retinenda
791 551 904 590 justitia
916 549 957 579 est
967 569 974 582 ‚
987 558 1051 578 tum
1063 548 1122 588 ipsa
1132 557 1202 587 pro-

248 609 312 639 pter
323 599 399 629 sese:
421 608 488 627 nain
501 594 703 634 alitcrjustitia
714 603 776 623 non
787 591 872 622 esset:
892 601 956 620 tum
967 599 1085 630 propter
1094 590 1203 628 ampli-

249 641 420 672 ficationem
433 640 578 670 honori&
599 637 630 666 &
641 638 754 677 gloriae.
779 634 833 664 Sed
847 642 877 663 ut
888 634 1023 672 pecunia:
1042 641 1104 661 non
1123 640 1203 671 qua:-

251 682 350 713 renda:
365 681 460 711 solum
472 690 546 709 ratio
556 678 617 711 est,
639 678 688 708 sed
704 679 791 707 etiam
806 674 987 705 collocandae
999 693 1006 707 ‚
1027 683 1091 714 qua:
1103 682 1204 712 perpe—

250 734 317 754 tuos
328 725 441 754 sumtus
453 721 616 761 suppeditet
628 739 636 752 ‚
658 729 713 749 nec
729 719 826 748 solum
841 715 1014 746 necessarios
1026 735 1033 748 ‚
1056 715 1104 744 sed
1115 723 1203 743 etiam

250 765 398 795 liberaleis
409 775 413 792 :
426 763 463 792 sic
473 764 565 803 gloria
577 763 608 791 &
620 760 788 801 quaerenda,
800 759 831 788 δέ
841 757 1015 788 collocanda
1026 757 1137 786 ratione
1149 754 1200 784 est.

249 809 438 848 Qamquarn
458 805 591 844 praeclare
603 806 733 833 Socrates
745 822 754 835 ,
772 803 848 830 hanc
863 802 941 830 viam
954 799 986 828 ad
998 799 1124 838 gloriam
1136 807 1205 836 pro—

248 858 366 879 ximam
379 867 386 880 ‚
407 847 440 876 ὃς
459 845 536 886 quasi
555 844 810 884 compendiariam
829 842 942 871 dicebat
961 839 1037 872 effe,
1059 838 1078 869 si
1093 848 1159 878 quis
1171 837 1201 867 id

250 898 349 931 ageret
359 909 367 922 ‚
388 898 419 918 ut
430 908 438 922 ,
452 888 546 928 qualis
559 888 659 916 haberi
672 886 779 917 vellet,
796 885 860 914 ralis
871 881 951 912 esset.
976 880 1066 922 Qod
1077 879 1096 909 si
1107 882 1159 920 qui
1171 879 1208 908 si-

251 933 418 961 mulatione
430 949 438 963 ‚
459 931 491 959 &
506 931 589 959 inani
603 927 799 958 ostentatione
810 946 817 958 ,
832 926 863 954 δε
878 924 948 953 ficio
963 933 1025 953 non
1041 922 1135 952 modo
1151 922 1208 951 ser-

252 983 346 1003 mone
357 992 364 1006 ,
377 971 424 1002 sed
435 974 523 1001 etiarn
535 971 617 1000 vultu
630 989 637 1002 ‚
650 968 783 999 stabilem
798 968 825 997 se
835 968 960 1007 gloriam
974 965 1115 1004 consequi
1126 962 1206 1003 poll‘e

250 1023 354 1045 :rentur
373 1033 382 1047 ‚
407 1013 602 1043 vehementer
621 1019 727 1042 errant.
759 1013 785 1039 V
796 1019 814 1037 i:
824 1019 843 1037 R
854 1017 875 1037 Α
903 1017 924 1036 G
935 1017 953 1036 L
963 1017 981 1036 o
990 1017 1011 1035 R
1023 1016 1034 1036 ι
1046 1015 1067 1034 Α
1096 1006 1207 1035 radices

251 1058 310 1096 agit
323 1076 330 1089 ‚
349 1064 437 1095 atque
450 1056 539 1084 etiam
554 1061 743 1093 propagatur:
768 1049 835 1080 ficia
850 1050 956 1079 omnia
969 1049 1101 1077 celeiiter
1114 1067 1121 1080 ,
1144 1056 1206 1076 tan-

249 1107 339 1139 quam
353 1096 487 1128 flosculi,
507 1095 669 1126 decidunt,
693 1103 745 1123 nec
756 1091 927 1122 simulatum
939 1089 1035 1130 potest
1045 1090 1206 1129 quidquam

252 1138 309 1169 effe
321 1139 508 1168 diuturnum.
526 1136 631 1166 Testes
644 1134 860 1175 suntpermulti
871 1135 902 1162 in
914 1141 1067 1171 utramque
1076 1139 1203 1169 partem:

250 1180 300 1211 fed
312 1180 465 1210 brevitatis
475 1179 557 1209 causa
566 1198 574 1211 ‚
586 1177 700 1207 familia
711 1179 823 1206 erimus
832 1183 968 1205 contenti
979 1183 1045 1202 una.
1065 1173 1208 1202 Tiberius

252 1224 335 1252 enim
356 1223 505 1251 Gracchus
517 1240 524 1253 ‚
548 1220 646 1250 Publii
667 1215 746 1248 filius
758 1238 766 1251 ,
788 1217 902 1247 tamdiu
922 1215 1107 1246 laudabitur,
1131 1213 1205 1242 dum

251 1266 401 1294 memoria
418 1273 517 1292 rerum
533 1265 740 1292 Romanarum
759 1259 902 1289 manebit.
926 1261 964 1287 At
978 1266 1040 1295 ejus
1056 1254 1109 1286 filii
1123 1275 1131 1288 ‚
1152 1265 1206 1284 nec

251 1308 315 1335 vivi
327 1305 524 1345 probabantur
535 1304 623 1333 bonis
636 1323 646 1335 ‚
665 1303 820 1332 &mortui
841 1304 848 1319 ¹
863 1309 978 1329 nomen
992 1298 1132 1327 obtinent
1148 1297 1209 1332 jure

219 1359 230 1369 α
254 1347 387 1387 castrum.
418 1348 479 1384 Qui
495 1348 583 1385 igitur
592 1344 714 1384 adipisci
725 1353 823 1372 veram
837 1342 963 1382 gloriam
976 1340 1057 1369 volet
1069 1338 1207 1378 ,justitiae

252 1389 394 1429 fungatur
404 1387 524 1417 officiis.
542 1397 573 1416 ea
584 1396 648 1426 quae
661 1384 753 1415 ess'ent
762 1405 769 1417 ‚
782 1383 897 1414 dietum
908 1382 949 1412 est
959 1382 1039 1411 libro
1049 1381 1205 1421 superiore.

252 1432 308 1461 Sed
320 1451 327 1464 ‚
345 1440 375 1460 ut
386 1429 532 1460 facillime
546 1448 554 1462 ,
573 1428 675 1468 quales
684 1425 775 1456 fimus
787 1445 794 1459 ‚
811 1426 881 1455 tales
893 1423 949 1453 effe
960 1423 1116 1453 videamur
1127 1442 1136 1456 ,
1156 1419 1206 1451 etfi

252 1475 286 1502 in
297 1472 407 1511 eovipso
418 1474 463 1501 vis
476 1472 608 1501 maxima
618 1468 660 1499 est
673 1489 680 1502 ,
693 1479 725 1498 ut
736 1466 825 1497 simus
837 1469 856 1496 ii
868 1487 876 1499 ,
890 1468 941 1506 qui
954 1465 1054 1495 haberi
1064 1464 1207 1496 velimus,

254 1523 355 1544 tamen
365 1513 498 1553 quaedam
510 1520 650 1551 praecepta
660 1510 755 1540 danda
766 1510 842 1543 sunt.
851 1518 922 1538 nam
933 1505 953 1536 sl
962 1508 1029 1547 quis
1040 1506 1075 1535 ab
1085 1508 1208 1535 ineunte

252 1564 334 1585 aetate
345 1552 431 1584 habet
439 1554 553 1584 causam
565 1553 742 1582 celebri-tatis
753 1570 761 1584 ,
776 1551 808 1580 &
820 1552 956 1579 nominis
969 1569 977 1581 ,
989 1556 1038 1578 aut
1047 1548 1062 1577 ὲ
1073 1556 1151 1586 patre
1162 1556 1208 1576 ac—

251 1605 366 1636 ceptam
378 1615 386 1628 ,
398 1595 491 1635 (quod
502 1595 573 1626 tibi,
591 1595 634 1623 mi
643 1595 750 1623 Cicero
761 1611 769 1624 ,
781 1591 908 1621 arbitror
918 1587 1086 1629 contigiss'e)
1096 1597 1144 1617 aut
1153 1587 1208 1616 ali-

253 1648 315 1679 quo
328 1638 394 1667 casu
405 1656 416 1670 2
432 1645 518 1676 atque
531 1635 669 1665 fortuna:
691 1644 701 1663 1
714 1643 732 1662 N
755 1642 807 1663 uu
819 1642 840 1661 N
852 1641 870 1660 c
890 1631 969 1661 oculi
980 1631 1122 1659 omnium
1134 1638 1208 1658 con-

249 1680 396 1721 jiciuntur
406 1698 414 1711 ,
426 1687 512 1718 atque
523 1678 555 1706 in
566 1686 636 1706 eum
650 1695 658 1709 ‚
669 1675 742 1716 quid
752 1683 832 1715 agat,
845 1671 1102 1714 quemadmodum
1114 1672 1208 1703 vivat,

254 1723 435 1761 anquiritur:
451 1719 483 1748 δε
495 1727 635 1758 tanquam
646 1719 677 1746 in
687 1715 843 1747 clarilsima
854 1719 919 1744 luce
930 1713 1058 1742 versetur
1068 1732 1076 1745 ‚
1089 1714 1127 1741 ita
1140 1711 1208 1740 nul—

254 1764 319 1792 lum
340 1761 499 1791 obscurum
517 1758 612 1799 potest
629 1768 683 1788 nec
700 1757 818 1787 difflmm
836 1756 900 1794 ejus
918 1753 975 1784 eflie
985 1773 994 1787 ‚
1013 1763 1068 1783 nec
1081 1752 1207 1782 factum.

255 1807 393 1842 Quorum
404 1811 501 1832 autern
512 1803 608 1840 prima
618 1809 685 1830 aetas
694 1807 812 1838 propter
822 1797 1025 1825 humilitatem
1038 1814 1045 1827 ,
1061 1794 1092 1824 ὅτ.
1103 1793 1210 1822 obscu-

255 1849 373 1876 ritatem
387 1846 418 1873 in
430 1845 592 1873 hominum
605 1843 793 1882 ignoratione
807 1838 951 1868 versatur:
971 1838 1001 1865 hi
1016 1834 1103 1865 simul
1118 1845 1149 1864 ac
1159 1836 1208 1873 ju-

256 1897 346 1918 venes
357 1884 414 1916 effe
424 1893 588 1925 coeperunt,
601 1892 707 1923 magna
717 1880 844 1922 speEAEare
856 1899 864 1913 ‚
878 1879 909 1909 &
920 1878 954 1908 ad
966 1873 1095 1921 eaqreetis
1107 1876 1211 1906 studiis

257 1929 366 1958 debent
376 1927 574 1958 contendere:
599 1925 680 1969 quod
691 1934 728 1954 eo
740 1923 872 1953 firmiore
883 1923 987 1951 animo
997 1921 1104 1949 taciem
1114 1938 1127 1951 ,
1135 1919 1211 1962 ‘quia

258 1973 273 1990 ²
286 1980 306 1999 N
316 1980 334 2000 o
345 1980 364 1998 N
385 1979 410 1999 M
421 1979 440 1999 o
449 1979 469 1998 n
478 1978 497 1998 ο
514 1977 577 1998 non
589 1967 739 1996 invidetur
749 1965 794 1995 illi
805 1965 881 1994 aetati
892 1982 900 1996 ,
911 1961 1016 1992 verum
1029 1963 1118 1990 etiam
1129 1962 1211 1989 lave-

257 2021 312 2042 tur.
334 2013 433 2042 Prima
444 2013 533 2051 igitur
542 2008 585 2038 est
595 2008 775 2038 adolescenti
785 2003 1012 2036 commendatio
1023 2002 1056 2032 ad
1070 2003 1210 2043 gloriam,

257 2053 278 2083 si
288 2063 345 2095 qua
356 2063 393 2082 ex
405 2053 521 2082 bellicis
532 2050 618 2081 rebus
629 2049 791 2089 comparari
801 2045 896 2087 potest
909 2057 914 2075 :
926 2047 958 2075 in
969 2055 1025 2085 qua
1036 2045 1124 2073 multi
1135 2042 1210 2087 apud

256 2096 383 2135 majores
397 2093 514 2124 nostros
524 2092 715 2122 exstiterunt:
738 2091 854 2129 semper
868 2090 950 2118 enim
966 2086 1118 2116 tere-bella
1131 2094 1211 2125 gere-

258 2137 377 2167 bantur.
401 2139 468 2166 Tua
477 2143 574 2164 autem
585 2143 653 2163 aetas
665 2131 771 2162 incidit
781 2133 814 2160 in
826 2131 854 2160 id
866 2130 980 2159 bellum
993 2147 1001 2161 ‚
1022 2129 1106 2165 cujus
1125 2128 1213 2156 altera

257 2188 321 2218 pars
332 2198 340 2211 ‚
362 2178 478 2207 sceleris
498 2178 631 2205 nimium
653 2175 754 2204 habuit
769 2184 774 2202 z
798 2173 885 2202 altera
898 2191 907 2204 ,
927 2170 1079 2200 felicitatis
1097 2178 1212 2208 parum.

259 2222 328 2261 Qo
341 2228 440 2249 tamen
453 2220 484 2247 in
495 2218 575 2247 bello
587 2237 596 2250 ,
615 2217 687 2246 cnm
701 2225 729 2245 te
740 2215 901 2254 Pompeius
913 2213 964 2243 alae
975 2212 1057 2241 alteri
1069 2209 1214 2250 praefecis-

258 2262 299 2292 set
311 2280 319 2295 ‚
331 2269 467 2300 magnam
479 2259 596 2288 laudern
609 2259 640 2288 &
650 2261 665 2287 a
678 2258 798 2287 summo
811 2258 876 2286 vii-o
887 2274 894 2287 2
911 2254 942 2284 &
952 2253 986 2283 ab
998 2254 1130 2284 exercitu
1141 2261 1215 2282 con-

258 2302 415 2344 sequebare
431 2300 593 2344 equitando
604 2320 614 2333 ,
634 2298 794 2340 jaculando
805 2317 813 2332 ‚
840 2297 952 2327 {omni
970 2295 1094 2326 militari
1115 2294 1215 2324 labore

298 2412 319 2428 1.
340 2406 425 2430 Nom-en
435 2402 598 2434 obtinentjure
608 2400 736 2433 cesarum]
750 2400 817 2426 Aliae
828 2397 957 2425 editiones
968 2407 1089 2423 numerum
1098 2398 1216 2427 obtinent,

258 2438 299 2463 led
312 2446 406 2473 praetei·
417 2437 572 2472 scripturam
585 2436 640 2461 Pal.
652 2445 692 2471 pr.
704 2438 729 2461 δ(
742 2435 983 2462 Gulielmiaiiorum
998 2453 1005 2464 ‚
1018 2441 1046 2459 ut
1058 2440 1122 2469 puto
1134 2451 1142 2464 ‚
1155 2441 1214 2458 nam

258 2475 323 2500 nihil
335 2474 386 2510 ipit·
398 2473 530 2509 adscriplit
542 2472 602 2497 huic
614 2472 671 2497 loco
684 2491 692 2503 ,
712 2472 758 2497 nili
771 2480 864 2497 nomen
879 2470 973 2505 Langii
986 2478 993 2499 3
1010 2478 1088 2504 quein
1100 2468 1215 2494 &initio
1236 2491 1237 2500 ¹

260 2511 360 2536 ’'t-cutus
373 2510 461 2536 fuerat
472 2509 627 2539 Lambinus,
639 2507 680 2533 sed
691 2508 777 2542 postea
786 2506 890 2533 atlllaesit
907 2506 1016 2532 lectioni
1027 2505 1104 2531 alteri
1117 2513 1125 2534 3
1137 2513 1215 2539 quam

259 2554 346 2572 taint-n
359 2545 490 2582 improbo.
511 2545 626 2571 rationes
646 2543 759 2579 prompsi
777 2542 809 2569 ad
830 2543 916 2568 locum
938 2544 1040 2568 Seneca:
1061 2536 1141 2576 Epist.
1157 2547 1215 2572 104.
1236 2563 1237 2574 ¹

260 2582 285 2608 in
299 2581 496 2617 suspicionibus.
509 2581 594 2606 l'alat.
606 2579 712 2606 secund.
723 2588 843 2605 nimici-»tm
854 2575 971 2613 agnoscit
983 2596 991 2609 ,
1002 2578 1048 2604 iicc
1057 2585 1136 2602 nomm
1148 2595 1156 2608 ‚
1168 2585 1216 2602 ne·
1235 2593 1237 2612 :

1235 2614 1236 2621 ¹
1256 2611 1393 2647 gloffeina,
1405 2614 1419 2638 e
1432 2611 1505 2637 libris
1517 2610 1602 2636 tribus
1613 2609 1671 2636 inff.
1685 2609 1857 2635 Gulielmius.
1874 2608 1941 2634 idem
1954 2616 2060 2643 quoque
2070 2605 2153 2632 statim
2165 2603 2214 2629 de-

258 2627 310 2652 que
320 2617 391 2644 alind
402 2616 465 2653 quid
478 2626 569 2642 eorum
585 2616 653 2642 loco.

295 2663 322 2679 2.
344 2657 394 2678 Non
404 2654 468 2678 modi
475 2662 520 2678 non
530 2651 678 2685 invi-letum]
702 2651 756 2677 Pal.
768 2660 807 2687 pr.
819 2660 862 2676 non
872 2650 981 2675 videtur.
1002 2650 1030 2675 8:
1040 2649 1106 2674 vero
1116 2649 1180 2674 cnm
1189 2647 1215 2673 in

259 2688 376 2723 plin-ibus
388 2690 452 2715 olim
464 2687 616 2715 auStoribus
636 2688 782 2714 invenirem
793 2684 882 2713 liventi·
893 2695 939 2721 pro
949 2687 1073 2711 invidi-mr
1084 2694 1093 2715 5
1113 2684 1216 2711 exami-

261 2732 306 2750 net
317 2724 400 2750 rufior
411 2744 419 2755 ,
441 2725 498 2750 heic
508 2724 622 2750 nostium
634 2723 754 2750 obtinere
774 2730 852 2758 queat
870 2722 976 2750 locum3
999 2721 1070 2756 quod
1086 2720 1172 2747 fo'rliin
1184 2719 1216 2745 ab

262 2759 467 2795 'imperitioribus
479 2759 543 2786 abiit
555 2760 669 2795 primum
682 2760 707 2785 in
718 2761 831 2789 viditur,
841 2757 936 2784 deinde
947 2757 972 2782 in
984 2758 1118 2782 invidi-tur.

300 2803 324 2828 ς,
344 2797 631 2830 Omnimi‘litarilabori.]
655 2794 732 2821 Haud
743 2795 820 2821 aliter
832 2794 945 2820 Palatin.
957 2794 984 2818 St
997 2794 1025 2819 F.
1039 2791 1216 2828 expresserat-

262 2840 312 2865 que
325 2831 348 2856 in
358 2831 475 2856 editione
487 2831 633 2857 Victorius.
654 2840 712 2857 nam
725 2831 838 2866 pi·i0res‚
847 2832 924 2855 omnia
934 2830 1007 2854 milit.
1018 2836 1062 2855 aut
1076 2837 1161 2854 omnem
1171 2830 1218 2853 mi-

259 2870 358 2891 marum
369 2868 476 2891 labin-rm.
497 2867 665 2901 posteriores,
673 2870 794 2900 omniaque
804 2868 874 2891 milti.
1084 2880 1086 2882 ·

299 2909 327 2933 4.
345 2903 408 2933 Qin
426 2906 537 2939 *contentio
556 2904 655 2928 rationi:
665 2904 774 2935 majorem
784 2904 835 2927 ⁴raim
845 2902 942 2927 habeat*
951 2903 1023 2926 etlam
1042 2900 1075 2925 ad
1087 2898 1214 2932 gloriam]

261 2937 327 2963 Hauc
338 2940 372 2962 elt
384 2936 510 2971 scriptura
523 2938 704 2964 l'alzitiiiornni
719 2957 726 2969 ‚
746 2947 761 2963 a
780 2938 874 2973 quibus
896 2937 960 2962 nihil
979 2936 1033 2962 abit
1048 2937 1077 2961 F.
1098 2942 1144 2961 aut
1157 2935 1216 2960 Ro-

261 2982 338 2998 mana
348 2972 389 2997 cd.
401 2973 485 3007 prima
497 2991 505 3002 ,
525 2973 569 2998 nisi
579 2973 648 3008 quod
660 2982 695 2998 cie
708 2992 715 3004 ,
734 2973 763 3004 <ly
781 2975 814 2999 ad
826 2976 935 3005 gloriam.
957 2971 1042 3006 sicque
1052 2971 1132 2997 etiam
1143 2969 1216 3006 seqq.

259 3008 322 3034 edii.
341 3016 514 3043 praeterquam
526 3010 596 3041 quod
606 3009 782 3035 destituantur
795 3009 843 3034 illo
863 3009 901 3038 &¹-
922 3015 949 3034 at
961 3008 1116 3042 posteriores
1129 3025 1137 3037 ,
1161 3015 1217 3031 orei-

257 3045 326 3069 wionis
333 3046 462 3079 plurimum
469 3044 531 3075 poffit
543 3061 550 3072 ,
569 3045 597 3072 (17¹
607 3046 713 3076 majorem
726 3048 777 3069 vim
787 3045 873 3069 habeat
892 3044 926 3068 ad
937 3046 1047 3076 gloriam.
1071 3041 1215 3068 Lambinus

257 3081 324 3105 vero
341 3099 347 3110 ‚
356 3081 410 3112 plui
419 3080 481 3111 poffit
493 3096 501 3109 ,
520 3079 670 3111 majera-mque
679 3081 729 3103 vim
739 3081 824 3104 habeat
834 3079 862 3108 &¹
872 3080 1019 3111 adgrati'am
1027 3079 1215 3110 &adgloriam

262 3115 318 3142 *ath
329 3114 469 3143 licentiose
483 3123 491 3145 5
511 3117 582 3141 certe
592 3121 688 3148 proeter
698 3113 756 3143 iuss.
774 3114 819 3140 etii
831 3113 882 3148 ipse
893 3113 969 3150 super
986 3115 1034 3141 isto
1045 3112 1089 3140 suo
1099 3113 1217 3141 facinore

1259 98 1805 148 Cice-nonis

1245 177 1410 207 tolerando.
1434 186 1518 217 atque
1532 186 1564 206 ea
1574 177 1697 217 quidem
1709 185 1758 207 tua
1769 178 1830 209 laus
1840 177 1948 218 pai->iter
1958 180 2026 211 cnm
2038 179 2138 222 repub».
2149 182 2199 211 de·-

1245 219 1328 249 cidit.
1354 219 1432 248 Mihi
1446 227 1545 248 autem
1563 219 1626 247 haec
1640 220 1735 248 oratio
1751 219 1878 258 suscepta
1893 231 1953 252 non
1968 222 2003 252 de
2018 231 2045 252 te
2060 221 2101 252 est
2119 242 2128 255 ,
2150 221 2200 253 scd.

1246 260 1282 290 de
1295 270 1399 301 genere
1414 269 1486 289 toto.
1509 260 1706 299 quamobrem
1724 270 1878 301 pergamus
1892 262 1926 291 ad
1938 273 1970 292 ea
1984 283 1992 296 ,
2009 274 2073 303 quae
2083 263 2200 294 restant.

1247 304 1388 343 Utigitui·
1400 303 1430 330 in
1448 301 1572 342 reliquis
1588 301 1674 330 rebus
1696 310 1812 330 mum-o
1832 303 2021 336 maiora-sunt
2039 315 2125 344 opera
2135 306 2201 334 ani·

1248 346 1310 376 mi,
1323 352 1412 383 quam
1423 344 1573 382 corporis:
1589 342 1626 371 sic
1637 344 1680 372 hae
1692 352 1737 371 res
1747 362 1755 375 ‚
1770 352 1840 382 quas
1852 344 2051 384 persequimur
2063 348 2200 387 ingenio,

1247 395 1279 414 ac
1289 394 1402 414 ratione
1414 405 1422 416 ,
1433 386 1579 423 graviores
1593 384 1676 416 sunt,
1688 393 1778 423 quam
1791 384 1848 414 illae
1859 393 1949 425 ,quas
1960 387 2082 416 viribus.
2102 390 2200 418 Prima

1247 428 1336 466 igitur
1354 425 1580 455 commendatio
1594 424 1789 464 proficiscitur
1801 426 1817 455 a
1832 425 1976 456 modestia
1988 447 1995 458 ,
2018 436 2081 457 tum
2094 430 2199 467 pietate

1247 471 1279 498 in
1289 468 1433 507 parenteis
1444 486 1453 499 ‚
1476 476 1540 496 turn
1557 469 1587 496 in
1603 467 1670 496 suos
1684 466 1899 496 benivolentia.
1923 468 2077 498 Facillime
2086 479 2200 503 autem,

1249 510 1280 539 &
1295 519 1328 539 in
1343 510 1491 548 optimam
1511 517 1623 547 partem
1644 508 1864 547 cognoscuntur
1882 508 2082 539 adolescentes
2095 529 2103 544 ,
2122 519 2174 549 Q:
2187 521 2199 541 ι

1248 561 1259 580 s
1273 561 1292 580 E
1312 560 1332 580 A
1346 561 1364 579 D
1383 551 1496 583 claron
1513 550 1544 579 δε
1556 550 1710 589 sapienteis
1722 552 1820 583 viros,
1841 550 1916 579 bene
1928 551 2117 580 consulentes
2127 554 2201 591 reip.
2247 576 2249 578 .

1249 593 1459 623 contulerunt:
1480 591 1589 630 quibus
1604 601 1672 620 cnm
1689 590 1708 619 si
1728 590 1912 631 frequenteis
1927 590 1999 625 sint,
2022 602 2040 621 o
2064 594 2200 623 inionem

1249 632 1374 664 afferunt
1384 633 1498 672 populo
1511 653 1518 665 ‚
1539 642 1645 662 eorum
1657 632 1721 662 foi-e
1731 633 1758 662 se
1770 632 1890 662 simileis
1902 653 1909 666 ‚
1929 643 2005 673 quos
2016 631 2068 663 sini
2087 632 2139 673 ipsi
2151 633 2204 663 de-

1251 676 1376 716 legerint
1396 674 1430 704 ad
1452 674 1643 704 imitandum.
1669 675 1822 704 P.Rutilii
1838 674 2066 705 adolescentiam
2082 675 2117 705 ad
2137 676 2206 715 opi-

1251 727 1377 747 nionem
1399 716 1430 745 &
1453 718 1654 749 innocentiae,
1678 716 1800 755 &juris
1818 717 1945 746 scientiae
1963 719 1991 746 P.
2005 718 2099 746 Mucii
2119 727 2207 746 corn.-

1253 758 1405 788 mendavit
1415 758 1534 787 domus.
1559 767 1627 787 nam
1641 759 1752 787 Lucius
1762 757 1885 797 quidem
1900 756 2014 787 Crafl'us
2025 777 2033 791 ,
2054 758 2124 787 cum
2136 756 2208 788 ess‘et

1250 800 1416 830 admodum
1430 799 1599 828 adolescens
1611 819 1619 831 ‚
1641 809 1704 828 non
1715 800 1833 828 aliunde
1849 808 2000 829 mutuatus
2011 799 2071 834 est,
2093 800 2141 829 sed
2153 799 2207 829 sibi.

1250 842 1309 881 ipse
1322 842 1431 881 peperit
1444 843 1606 871 maximam
1624 840 1744 870 laudem
1759 841 1856 871 exilla
1869 841 2055 871 accusatione
2065 841 2207 872 nobili&

1249 884 1385 924 gloriosa.
1410 883 1441 911 Sc
1452 903 1462 916 ‚
1481 892 1538 923 qua
1549 891 1632 912 aetate
1641 884 1692 921 qui
1704 891 1878 912 exercentur
1888 902 1896 916 ‚
1920 883 2003 912 laude
2017 881 2094 914 affici
2112 883 2209 913 solent

1251 930 1295 963 (ut
1304 925 1340 954 de
1351 923 1558 954 Demosthene
1568 925 1748 963 accepimus)
1757 934 1788 953 ea
1798 934 1882 954 aetate
1892 926 1926 954 L.
1938 922 2053 954 Crass'us
2063 924 2205 957 ostendit,

1253 966 1284 1007 id
1302 968 1327 996 se
1342 969 1373 995 in
1390 966 1456 996 foro
1470 966 1586 1004 opume
1597 967 1660 1004 jam
1676 964 1769 995 facere
1785 985 1794 999 ‚
1814 966 1896 1006 quod.
1910 974 2078 995 etiamtum
2093 974 2208 1005 poterat

1253 1008 1422 1038 domicum
1439 1007 1523 1037 laude
1539 1007 1684 1036 meditari.

1252 1051 1363 1082 tionis,
1384 1059 1509 1089 quarum
1528 1050 1558 1077 in
1572 1050 1659 1077 altera
1673 1048 1770 1077 sermo
1785 1047 1817 1077 sit
1831 1059 1840 1082 3
1862 1050 1898 1077 in'
1908 1050 1994 1078 altera
2007 1070 2015 1082 ‚
2034 1051 2217 1079 contentio:

1253 1101 1315 1120 non
1325 1090 1409 1120 estid
1421 1090 1542 1130 quidem
1555 1090 1681 1119 dubium
1693 1109 1701 1123 ,
1712 1094 1729 1116 4
1738 1092 1811 1130 quin
1822 1092 1977 1120 contentio
1988 1093 2130 1120 orationis
2143 1100 2208 1121 ma-

1247 1133 1348 1172 jorem
1369 1134 1431 1161 vim
1453 1131 1555 1162 habeat
1572 1133 1662 1161 etiam
1683 1132 1717 1160 ad
1731 1134 1867 1172 gloriam.
1891 1141 1923 1161 ea
1937 1131 1978 1161 est
1991 1134 2074 1161 enim
2088 1152 2095 1166 ‚
2115 1142 2207 1172 quam

1250 1175 1454 1214 eloquentiam
1467 1174 1606 1203 dicimus.
1632 1173 1678 1203 sed
1690 1183 1789 1202 tamen
1801 1171 1924 1203 difficile
1934 1172 2017 1202 di&u
2028 1174 2069 1203 est
2081 1194 2089 1206 ‚
2111 1184 2207 1214 quan-

1253 1225 1353 1255 topere
1367 1216 1508 1245 conciliet
1521 1217 1641 1244 animos
1652 1216 1815 1244 hominum
1826 1217 1953 1245 comitas
1964 1234 1973 1248 ‚
1992 1213 2205 1256 affabilitasque

1251 1257 1409 1287 sermonis.
1433 1256 1556 1287 Exstant
1565 1256 1707 1296 epistolae,
1720 1257 1752 1286 &
1763 1257 1892 1296 Philippi
1902 1256 1937 1286 ad
1947 1257 2208 1292 Alexandrumsssc

1254 1301 1398 1338 Antipatri
1410 1299 1443 1329 ad
1455 1298 1699 1331 Cass'andrum,&
1711 1298 1898 1339 Antigoniad
1910 1299 2079 1338 Philippum
2094 1297 2205 1332 filium,

1252 1343 1344 1370 trium
1357 1339 1663 1380 prudenflffimorum,
1674 1338 1723 1378 (fic
1733 1343 1816 1370 enim
1828 1340 2122 1380 accepimus)quibus
2133 1350 2208 1379 prae-

1251 1384 1368 1422 cipiunt
1379 1402 1387 1415 ,
1408 1389 1441 1410 ut
1452 1383 1573 1410 oratione
1584 1381 1702 1421 benigna
1716 1381 1904 1410 multitudinis
1916 1382 2023 1410 animos
2038 1382 2074 1410 acl
2093 1380 2206 1410 benivo-

1251 1423 1372 1453 lentiam
1389 1425 1520 1452 alliciant
1538 1443 1545 1457 ‚
1567 1427 1579 1450 5
1590 1424 1749 1464 murrasque
1767 1422 1867 1451 blande
1882 1423 2038 1464 appellando
2056 1423 2204 1452 deiseniant.

1252 1469 1327 1506 Qae
1342 1475 1442 1496 autem
1457 1467 1488 1494 in
1502 1465 1697 1494 multitudine
1711 1474 1780 1494 curn
1794 1474 1990 1493 contentione
2004 1465 2127 1494 habetur
2139 1474 2207 1494 ora-

1251 1509 1296 1536 tio
1306 1527 1316 1540 ‚
1335 1517 1368 1537 ea
1378 1507 1450 1545 saepe
1463 1506 1629 1535 universam
1641 1506 1759 1535 excitat.
1783 1507 1891 1545 Magna
1902 1504 1944 1534 est
1953 1507 2035 1534 enim
2046 1505 2205 1535 admiratio

1252 1548 1373 1587 copiose
1386 1567 1394 1581 ,
1406 1549 1609 1586 sapienterque
1618 1546 1746 1576 dicentis
1758 1557 1763 1574 :
1775 1556 1866 1586 quem
1878 1549 1927 1586 qui
1938 1546 2080 1579 audiunt,
2091 1547 2206 1576 intelli-

1251 1599 1317 1629 gere
1338 1591 1425 1618 etiam
1439 1608 1446 1621 ‚
1468 1588 1500 1617 &
1515 1588 1610 1627 sapere
1627 1588 1694 1627 plus
1707 1608 1715 1621 ‚
1736 1585 1849 1627 6quam
1864 1597 1996 1621 ceteros,
2015 1587 2202 1618 arbitrantur.

1253 1630 1368 1660 sivero
1383 1630 1459 1659 inest
1474 1632 1504 1658 in
1520 1631 1653 1659 oratione
1673 1639 1700 1658 M
1714 1639 1724 1658 1
1739 1639 1751 1658 s
1761 1640 1781 1657 τ
1793 1638 1815 1657 Α
1834 1628 1989 1658 modestiae
1997 1632 2121 1669 gravitas
2132 1649 2140 1662 ,
2158 1630 2204 1659 nil

1251 1671 1455 1701 admirabilius
1466 1670 1528 1699 fieri
1539 1669 1634 1709 potest
1645 1681 1653 1703 3
1673 1680 1769 1710 eoque
1779 1672 1873 1710 magis
1884 1690 1892 1703 ,
1914 1669 1933 1698 si
1944 1680 1975 1700 ea
1985 1671 2094 1700 suntin
2104 1671 2206 1700 adole·

1252 1713 1358 1742 scente.
1374 1711 1444 1744 Sed,
1455 1711 1526 1741 cum
1538 1710 1593 1740 sint
1602 1712 1684 1750 plura
1694 1711 1843 1740 causarum
1857 1720 1972 1751 genera,
1985 1721 2048 1752 quae
2059 1713 2206 1753 eloquen-

1253 1755 1324 1783 tiam
1340 1752 1518 1785 dcfiderant,
1539 1754 1687 1792 multique
1697 1754 1729 1781 in
1740 1751 1837 1781 nostra
1848 1752 1950 1792 repub.
1960 1753 2159 1783 adolescentes
2172 1753 2205 1783 &

1253 1794 1329 1834 apud
1345 1794 1479 1834 judices,
1504 1794 1535 1824 &
1557 1793 1632 1833 apud
1653 1793 1786 1823 senatum
1803 1793 1932 1823 dicendo
1951 1789 2068 1824 laudem
2087 1793 2206 1825 ass'ecuri

1257 1835 1312 1866 sint
1322 1856 1330 1869 ‚
1352 1837 1486 1867 maxima
1497 1836 1656 1865 admiratio
1668 1834 1709 1864 est
1723 1838 1755 1864 in
1769 1835 1887 1871 judiciis
1899 1855 1911 1868 ,
1927 1845 2055 1876 quorum
2066 1836 2207 1866 i·atio.du-

1244 1878 1323 1917 plex
1334 1877 1385 1907 est.
1409 1887 1478 1907 nam
1491 1887 1529 1906 ex
1540 1877 1725 1906 accusatione
1735 1895 1745 1910 ‚
1760 1877 1791 1906 &
1801 1876 1971 1906 defensione
1982 1876 2111 1908 constat:
2133 1887 2207 1918 qua·-

1254 1930 1321 1949 rum
1340 1918 1391 1949 etsi
1411 1919 1587 1949 laudabilior
1606 1917 1649 1948 est
1667 1917 1801 1947 defensio
1816 1938 1831 1952 >
1847 1927 1946 1948 tamen
1960 1921 2051 1948 etiam
2064 1920 2208 1949 accusatio

1255 1961 1373 2001 probata
1392 1960 1518 2000 persaepe
1534 1959 1585 1990 est.
1612 1961 1690 1989 Dixi
1702 1961 1802 1999 paullo
1812 1961 1880 1990 ante
1891 1960 1927 1990 de
1939 1959 2049 1990 Crasso.
2070 1961 2151 1991 idem
2163 1959 2210 1990 fe-

1253 2005 1294 2032 cit
1305 2002 1475 2032 adolescens
1486 2006 1529 2031 M.
1545 2003 1705 2031 Antonius.
1727 2004 1817 2031 etiam
1829 2005 1858 2032 P.
1869 2003 1993 2041 Sulpicii
2004 2003 2208 2043 eloquentiam

1254 2045 1398 2074 accusatio
1411 2043 1584 2077 illustravit,
1605 2044 1674 2073 cum
1688 2043 1859 2073 seditiosum
1873 2063 1881 2078 ‚
1902 2044 2084 2073 &inutilem
2096 2046 2209 2077 civem,

1256 2088 1290 2115 C.
1303 2086 1482 2115 Norbanum
1498 2106 1506 2119 ‚
1526 2085 1714 2125 injudicium
1726 2087 1853 2115 vocavit.
1876 2085 1932 2115 Sed
1944 2086 2001 2116 hoc
2009 2086 2131 2125 quidem
2145 2094 2210 2116 non

1259 2127 1301 2157 est
1312 2129 1384 2167 saepe
1395 2126 1565 2157 faciendum
1578 2147 1586 2159 ,
1598 2136 1652 2157 nec
1663 2136 1807 2167 umquam
1820 2125 1874 2156 nisi
1884 2136 1933 2156 aut
1943 2129 2055 2167 reipub.
2065 2137 2115 2157 cau
2122 2127 2162 2160 sa,
2177 2135 2210 2157 ut

1258 2169 1318 2199 duo
1329 2169 1465 2199 Luculli:
1481 2178 1530 2198 aut
1545 2170 1713 2208 patrocinio
1723 2187 1732 2201 ‚
1748 2176 1780 2198 ut
1790 2178 1846 2197 nos
1856 2178 1911 2207 pro
1921 2170 2027 2198 Siculis
2041 2181 2049 2202 ·,
2063 2174 2076 2197 7
2085 2179 2139 2208 pio
2147 2171 2212 2199 Sar-

1259 2211 1323 2240 dis:
1347 2220 1400 2250 pro
1421 2210 1604 2240 M.Albucio
1621 2210 1730 2250 Julius.
1762 2211 1794 2239 in
1811 2209 1974 2240 accusando
1993 2213 2082 2240 etiarn
2102 2207 2210 2240 8Man.

1261 2253 1384 2293 Aquilio
1395 2254 1429 2282 L.
1442 2251 1518 2282 Fufii
1535 2261 1657 2292 cognita
1673 2250 1820 2281 industria
1836 2250 1886 2283 est.
1916 2253 2015 2282 Semel
2033 2254 2141 2293 igitur,
2161 2260 2212 2282 aut

1261 2304 1324 2325 non
1336 2295 1408 2335 [πρε
1418 2296 1507 2325 certe.
1529 2294 1670 2328 sitierit>
1684 2294 1733 2324 cui
1751 2291 1922 2325 faciendum
1941 2292 1975 2324 fit
1993 2293 2116 2334 saepius,
2137 2295 2212 2332 reip.

2106 2335 2216 2365 tribuet

1258 2403 1328 2422 totus
1341 2403 1424 2422 taceat
1436 2405 1444 2427 3
1457 2403 1487 2422 ut
1498 2396 1573 2426 solet,
1586 2396 1646 2420 cnm
1659 2394 1765 2420 mentiri
1777 2393 1860 2429 palam
1874 2392 1954 2428 pudet
1968 2412 1975 2425 ,
1986 2394 2011 2418 &
2027 2391 2134 2419 interim
2150 2399 2213 2416 ven·

1236 2430 1237 2437 ¹
1257 2433 1325 2458 ditat
1335 2441 1438 2467 operam
1452 2431 1520 2458 suam
1532 2432 1618 2457 minus
1630 2430 1736 2456 nasutis.
1758 2429 1826 2456 unde
1837 2429 1936 2455 facium
1951 2448 1958 2460 ‚
1979 2435 2008 2454 ut
2020 2426 2150 2454 Suffridus
2162 2424 2214 2451 Pe-

1259 2468 1294 2494 tri
1314 2468 1485 2494 Lambiniana
1503 2467 1614 2493 omnino
1636 2465 1765 2501 sequenda
1785 2464 1886 2491 censeat
1899 2484 1907 2495 ,
1926 2472 2053 2499 tanquam
2074 2462 2212 2489 Ciceronis

1257 2505 1373 2530 maxime¹
1383 2512 1531 2539 germana;
1551 2504 1611 2530 cum
1622 2501 1773 2528 adulterina
1783 2501 1851 2532 sint5
1873 2503 1945 2527 certi:
1965 2501 2017 2526 tale
2029 2498 2093 2525 nihil
2114 2499 2141 2525 in
2152 2495 2211 2524 mss‘.

1256 2539 1342 2567 Aldus
1354 2540 1377 2564 Ν
1386 2549 1458 2575 epos.
1993 2547 1995 2549 >

1295 2585 1320 2610 5.
1342 2577 1476 2609 Miliiifiqiie
1495 2574 1578 2601 bland&
1596 2575 1731 2607 appellando
1749 2572 1895 2605 deliniam]
1917 2573 1956 2599 Tb
1959 2572 2063 2605 sermone
2072 2568 2172 2596 delevit
2183 2574 2213 2595 ut

1258 2649 1293 2674 lei
1302 2649 1323 2673 it
1335 2657 1422 2674 vocem
1430 2649 1529 2680 gloriam
1540 2665 1548 2677 ‚
1558 2655 1637 2681 quam
1650 2655 1700 2671 non
1711 2652 1841 2680 agnorant
1851 2652 1896 2670 aut
1907 2644 2002 2677 Langu
2010 2663 2023 2675 .,
2034 2650 2078 2669 aut
2091 2638 2212 2666 Lambini

1234 2677 1237 2688 ⁴
1257 2683 1462 2710 membranacei.
1484 2684 1513 2708 ln
1526 2684 1556 2708 1³.
1567 2689 1625 2708 erat
1644 2683 1735 2707 excitat
1745 2683 1842 2706 turbam
1862 2687 1905 2705 aut
1920 2682 2019 2713 gloriam
2032 2697 2040 2710 ,
2060 2674 2212 2711 interpretis

1256 2719 1355 2746 scilicet
1366 2718 1588 2745 additamentum.

1292 2756 1321 2780 6.
1341 2757 1400 2780 Plus
1410 2754 1482 2788 quizm
1492 2761 1576 2780 ceteros
1587 2750 1766 2786 arbitramur]
1790 2751 1873 2778 Palat.
1884 2759 1925 2787 pr.
1933 2752 1987 2783 plus
1997 2748 2076 2775 ceteris
2086 2747 2212 2772 arbitran-

1255 2798 1308 2822 ίαν,
1321 2791 1404 2817 nihilo
1417 2790 1489 2826 pejus
1501 2789 1628 2824 vulgatis,
1640 2788 1656 2814 (i
1668 2798 1719 2814 non
1731 2787 1838 2814 melius.

1291 2836 1318 2861 7.
1338 2831 1386 2852 ‘Pro
1395 2826 1478 2851 Sardis
1489 2844 1497 2857 ‚
1514 2832 1554 2858 pro
1564 2829 1602 2851 M.
1615 2826 1725 2852 tAlhucio
1741 2823 1853 2857 Julim]

1257 2862 1429 2888 Gulielmiani
1443 2881 1451 2893 ,
1461 2869 1511 2887 aut.
1517 2860 1642 2891 Palatini,
1655 2859 1799 2885 Lambinus
1809 2858 1881 2884 delet
1892 2876 1900 2888 ,
1909 2864 1952 2889 pro
1962 2859 2000 2881 M.
2010 2856 2118 2879 Albucio.
2140 2854 2215 2878 Lan-

1255 2899 1314 2934 gius
1325 2907 1354 2924 ac
1366 2897 1464 2924 Paulus
1476 2896 1612 2923 Manutius
1625 2902 1760 2921 mutarunt
1778 2895 1803 2920 in
1815 2899 1897 2918 contra
1908 2895 1946 2917 M.
1956 2891 2113 2921 uilbuciiim5
2133 2896 2177 2914 aut
2188 2891 2215 2914 in

1256 2939 1295 2960 M.
1315 2935 1465 2962 eA'hucium.
1496 2931 1538 2958 sed
1558 2931 1710 2966 conjectura
1729 2927 1836 2955 obtrudi
1859 2926 1951 2960 nequit
1971 2934 2019 2960 pro
2037 2934 2111 2952 vero.
2133 2932 2215 2959 quare

1257 2970 1337 2996 malui
1357 2968 1541 3004 repra-lentare
1560 2968 1679 2994 oninium
1691 2965 1838 2992 editionum
1858 2961 2012 2997 scripturam
2034 2979 2042 2992 ‚
2071 2962 2151 2996 quam
2162 2961 2215 2986 -nir-

1258 3006 1341 3031 mium
1352 3006 1470 3031 tribuere
1481 3003 1600 3030 hariolis.

1261 3052 1265 3055 ’
1294 3040 1518 3074 8.’Λίαπ.ΑᾳιηἸιό
1532 3041 1562 3062 L.
1577 3036 1663 3070 Fufit'ss]
1685 3034 1728 3060 sic
1745 3033 1882 3068 ingeniosi:
1901 3032 2009 3058 Paullus
2021 3031 2159 3058 Manutius
2179 3039 2214 3057 ex

1258 3076 1400 3103 Ciceronis
1413 3077 1506 3106 Bruto,
1520 3074 1594 3105 cujus
1604 3070 1803 3101 comest-aueum
1815 3068 1960 3095 Lambinus
1972 3068 2017 3095 (ibi
2028 3067 2214 3104 arrogasse-vir

1257 3112 1347 3141 detur.
1370 3111 1442 3139 [diti
1457 3111 1547 3136 ΜωιΙῘο
1561 3113 1590 3135 ιῖ.
1604 3108 1681 3141 Fastis
1691 3104 1747 3134 mis.
1758 3107 1852 3134 Mansio
1861 3107 1976 3139 L.F11fik'.

1877 2821 1953 2848 Nihil
1974 2819 2075 2845 variant
2086 2817 2142 2843 heic
2153 2815 2210 2843 mss.

2103 3148 2126 3166 ι.
2135 3137 2216 3173 puli-

1730 1007 1785 1037 Sed
1799 1017 1868 1036 cum
1883 1006 1993 1046 duplex
2007 1010 2080 1037 ratio
2095 1006 2127 1037 sit
2141 1017 2205 1037 ora·
2228 1015 2273 1048 14
2296 1003 2301 1015 ¹
