2302 3353
495 138 594 170 DE-
616 121 1030 170 Iuvaurio-ua
1071 122 1464 172 Riia'ronica
1510 121 1639 168 LIB.
1676 119 1740 167 ΙΙ.

1127 203 1130 214 ’
1146 210 1211 240 pter
1219 201 1301 242 quod
1311 200 1363 232 sibi
1373 211 1440 232 reus
1450 199 1576 232 concedi
1584 207 1666 240 putat
1675 206 1811 239 oportere
1822 218 1831 233 ,
1854 195 1947 240 qu'am
1956 197 2097 238 plurimis

154 204 252 238 moria
269 210 417 236 maneret:
435 210 555 233 aeneum
565 201 729 232 statuerunt
737 209 896 241 tropaeum.
921 203 1102 233 Aecus-antui-

152 248 230 288 apud
242 244 476 286 Amphiayonas
486 262 495 277 ,
509 248 519 263 ¹
531 243 562 274 id
572 242 626 277 est,
637 242 712 283 apud
722 252 887 273 commune
898 244 1020 272 Graeciae
1030 253 1106 272 con-

151 290 271 320 cilium.
294 288 428 318 Intentio
439 285 481 316 est
491 304 499 319 ‚
520 287 595 315 Non
604 286 748 324 oportuit.
773 280 916 324 Depulsio
927 282 969 313 est
980 303 989 317 ,
1012 286 1108 323 Opor-

155 333 222 360 tuit.
246 328 379 369 Qiaestio
389 326 432 358 est
441 347 450 361 ‚
462 327 684 367 Oportueritne.
711 327 803 355 Ratio
812 324 854 355 est
867 345 874 359 ‚
888 327 962 355 Eam
972 326 1057 354 enim'
1069 335 1106 354 ex

153 371 235 402 bello
251 371 379 412 gloriam
397 371 505 400 virtute
523 369 711 408 peperimus,
732 375 765 397 ut
782 368 846 406 ejus
865 375 974 396 aeterna
984 365 1109 408 insignia
1124 383 1125 386 =

149 411 281 453 -posteris
291 406 399 441 nostris
408 410 574 451 relinquere
593 409 751 439 vellemus.
782 406 955 439 Infirmatio
971 407 1014 437 est
1023 428 1032 441 ‚
1053 410 1108 437 At-

149 463 257 484 tamen
277 462 421 483 aeternum
440 452 660 481 inimicitiarum
676 458 916 480 monumentum
937 450 1005 485 Graj
1009 459 1043 478 os
1071 448 1107 479 de

154 496 253 534 GraJis
272 493 394 524 statuere
414 503 478 524 non
494 501 624 533 oportet.
649 492 799 534 Judicatio
809 491 852 522 est
861 512 871 525 ,
892 489 971 521 Cum
982 491 1108 521 summae

136 544 145 555 ¹
154 538 273 566 virtutis
291 535 473 566 celebiandae
492 536 576 565 causa
594 536 677 574 Graji
693 533 729 564 de
740 534 836 572 Graiis
845 542 991 563 aeternum
1001 534 1109 562 inimi-

152 579 291 608 citiarum
302 586 544 607 monumentum
552 575 710 606 stamerint
721 596 729 609 ,
749 575 867 606 rectene
878 594 886 608 ‚
906 585 944 604 an
952 573 1055 604 contra
1063 573 1109 603 fe-

155 622 259 650 cerint·
295 622 380 650 Hanc
390 619 459 649 ideo
470 621 618 649 rationem
628 618 808 658 subjecimus
819 636 827 650 ‚
848 625 880 646 ut
890 617 947 645 hoc
956 616 1048 646 causae
1057 626 1108 656 gc-

153 671 211 691 nus
222 661 320 701 ipsum
331 682 340 695 ,
360 661 396 691 de
407 671 467 701 quo
477 671 493 690 a
514 663 592 690 imus
602 679 611 693 ,
629 659 865 699 cognosceretur.
899 660 979 687 Nam
1001 655 1022 685 si
1041 667 1107 687 eam

154 701 418 743 supposuissemus,
429 713 487 743 qua
493 671 612 732 {ortaffe
623 699 665 730 usi
676 701 760 730 sunt:
776 702 852 729 Non
861 698 1041 738 enimjuste,
1053 708 1107 728 ne-

152 754 210 784 que
227 744 277 784 pie
294 744 408 774 bellum
418 742 539 786 gesfistis
552 753 557 771 :
577 745 611 772 in
620 742 797 772 relationem
808 742 945 771 criminis
956 739 1107 771 delabere-

155 796 233 819 mur,
246 785 281 815 de
293 796 349 827 qua
357 785 424 826 post
433 786 600 826 loquemur.
621 786 790 824 Utrumque
801 790 901 812 autem
910 781 1002 812 causae
1012 791 1106 824 genus

153 829 187 857 in
197 828 273 857 hanc
283 829 396 858 caulam
407 827 538 857 incidere
547 825 735 865 perspicuum
745 823 796 854 est.
816 827 852 853 In
863 824 939 854 hanc
947 833 1106 865 argumen-

153 871 280 900 tationes
299 879 338 899 ex
355 868 460 899 iisdem
479 868 554 897 locis
571 866 724 897 sumendae
739 866 809 896 sunt
817 886 826 900 ,
847 874 934 906 atque
945 867 978 894 in
987 866 1104 895 causam

154 911 335 952 negotialem
347 930 355 944 ‚
375 920 432 950 qua
450 909 486 939 de
507 908 575 939 ante
595 907 713 938 dicium
722 907 774 938 est.
792 910 898 938 'Locos
908 916 1008 937 autem
1019 917 1104 936 com—

152 954 275 982 munei's
285 953 317 982 δε
326 961 365 981 ex
374 951 456 981 causa
465 949 634 991 ipsa,siquid
644 951 734 980 inerit
743 949 961 991 indignationis
970 958 1019 979 aut
1029 958 1104 978 con-

149 992 314 1034 questionis
325 1012 334 1026 ,
355 993 387 1022 ὃς
397 1003 436 1022 ex
443 993 518 1033 juris
528 993 653 1022 utilitate
663 1012 672 1026 ,
686 992 718 1021 &
729 1000 831 1021 natura
840 991 953 1021 multos
964 1010 972 1024 ‚
994 991 1027 1020 δι’
1038 1000 1103 1032 gra-

150 1036 213 1064 veis
223 1034 338 1064 sumere
349 1034 467 1068 licebit,
485 1034 517 1064 &
527 1034 679 1073 oportebit
689 1054 697 1067 ,
713 1032 735 1062 si
743 1033 834 1063 causae
846 1032 974 1073 dignitas
982 1031 1103 1068 videbi-

83 1091 105 1116 ς,
111 1094 131 1124 4
150 1084 196 1106 tur
213 1075 369 1116 postulare.
415 1078 508 1105 Nunc
516 1074 705 1106 ass'umtivam
716 1083 829 1115 partem
838 1073 1016 1114 juridicialis
1027 1083 1102 1103 con-

149 1115 319 1147 fideremus.
352 1116 532 1155 Affiimtiva
541 1119 632 1159 igitur
641 1126 711 1147 tunc
721 1116 829 1147 dicitur
840 1136 849 1149 ‚
872 1119 943 1146 cum
955 1116 1054 1155 ipsum
1064 1125 1103 1145 ex

147 1160 178 1190 se
189 1157 301 1189 istium
311 1159 428 1199 probari
438 1169 502 1189 non
512 1158 608 1199 potest
618 1171 627 1193 ς
655 1159 757 1199 aliquo
766 1167 866 1188 autem
876 1156 949 1187 foris
960 1156 995 1187 ad
994 1157 1005 1196 j
1010 1156 1103 1187 unc‘to

145 1209 323 1242 argumento
332 1199 510 1231 defenditur.
539 1201 611 1240 Ejus
622 1209 717 1241 partes
726 1200 795 1230 sunt
803 1208 944 1241 quattuor
955 1209 959 1227 :
979 1209 1102 1239 compa-

141 1244 221 1273 -ratio
232 1262 241 1276 ‚
251 1243 357 1273 relatio
368 1244 518 1276 criminis,
530 1245 660 1273 remotio
669 1243 818 1275 criminis,
829 1239 986 1271 concessio.
1007 1243 1102 1270 Com—

139 1286 256 1324 paratio
266 1283 318 1318 est,
329 1283 401 1314 cum
411 1284 532 1326 aliquod
542 1284 655 1315 fastum
666 1304 674 1318 ,
692 1284 772 1325 quod
783 1293 834 1324 per
844 1284 872 1313 se
883 1283 982 1323 ipsum
993 1292 1057 1312 non
1068 1280 1102 1313 fit

139 1325 334 1365 probandum
348 1346 357 1360 ,
369 1336 408 1356 ex
420 1337 456 1356 eo
465 1347 473 1360 ,
485 1327 570 1366 cujus
580 1326 611 1357 id
621 1326 704 1357 causa
712 1325 826 1356 sanstum
836 1324 879 1354 est
889 1344 897 1358 ‚
918 1323 1098 1354 defenditur.

141 1370 190 1398 —Ea
208 1366 251 1398 est
268 1368 442 1408 hujusmodi
455 1378 461 1398 z
483 1368 614 1409 Qdam
634 1370 796 1408 imperator
808 1389 815 1401 ,
835 1366 907 1397 cum
917 1366 953 1396 ab
963 1365 1100 1396 hostibus

143 1407 403 1440 circumsideretur
413 1430 422 1443 ‚
435 1420 533 1450 neque
543 1409 672 1451 effugere
682 1411 735 1439 uuo
743 1409 818 1439 modo
828 1407 922 1449 poffet
931 1428 939 1442 ,
959 1407 1099 1448 depactus

138 1449 187 1480 >est
194 1460 266 1480 cum
277 1452 319 1481 eis
330 1471 340 1484 ‚
353 1460 472 1481 utarma
481 1453 514 1482 &
523 1452 744 1492 impedimenta
753 1452 933 1492 relinqueret
943 1470 953 1483 ,
973 1450 1098 1483 milites,

144 1491 298 1522 educeret:
309 1494 405 1533 itaque
413 1491 486 1524 fecit
497 1504 502 1523 :
521 1496 612 1523 armis
623 1493 891 1533 &impedimentis
900 1490 1100 1532 amiffis,prae—

144 1542 188 1565 ter
197 1534 278 1574 spem
290 1535 401 1564 milites
409 1535 608 1566 conservavit.
631 1536 790 1566 Accusatur
801 1533 969 1574 majestatis.
991 1536 1099 1564 Incur-

140 1577 180 1605 rit
189 1576 247 1606 huc
254 1574 402 1606 definitio.
424 1576 480 1607 Sed
491 1587 547 1607 nos
558 1578 638 1608 hunc
647 1577 802 1611 locum‚de
812 1586 873 1618 quo
882 1577 1009 1616 agimus,
1019 1585 1096 1605 con—

142 1615 314 1648 fideremus.
346 1620 481 1649 Intentio
491 1618 551 1654 est,
574 1621 648 1650 Non
659 1621 793 1659 oportuit
802 1628 883 1649 arma
894 1638 902 1651 ,
924 1617 1098 1657 &impedi-
1135 1626 1155 1656 q

135 1667 246 1689 menta
262 1661 438 1701 relinquere.
470 1660 615 1701 Depulsio
633 1660 676 1691 est
686 1681 695 1695 ‚
717 1662 866 1701 oportuit.
898 1658 1031 1701 Qaestio
1041 1658 1095 1692 est,

141 1702 362 1740 Oportueritne.
402 1704 493 1733 Ratio
513 1703 572 1737 est,
594 1704 710 1733 Milites
719 1705 805 1733 enim
815 1711 923 1733 omnes
932 1699 1095 1742 periissent.

139 1740 311 1773 Infirmatio
321 1743 373 1778 est,
385 1753 436 1774 aut
444 1745 652 1782 conjefilmralis
663 1765 671 1779 ‚
684 1747 758 1774 Non
766 1742 921 1785 periissent
933 1754 938 1772 ;
950 1752 999 1773 aut
1009 1743 1097 1773 altera

135 1783 350 1824 conjeefflralis
360 1806 369 1819 ‚
391 1788 465 1816 Non
483 1786 553 1817 ideo
571 1786 678 1817 fecisti.
702 1790 717 1806 ²
726 1790 774 1817 Ex
785 1786 894 1827 quibus
905 1784 1096 1825 suntjudica-

138 1827 247 1860 tione&
259 1826 467 1858 Periifl‘entne:
490 1829 534 1862 δε,
545 1829 659 1859 Ideone
668 1827 772 1858 fecerit
783 1838 789 1857 z
807 1836 857 1858 aut
866 1828 929 1857 haec
939 1836 1095 1867 compara—

134 1868 218 1901 tiva,
237 1868 321 1907 cujus
337 1879 422 1899 nunc
437 1869 502 1900 indi
524 1881 609 1901 emus
621 1891 630 1904 ,
648 1873 689 1900 At
698 1872 782 1900 enim
794 1870 882 1900 satius
891 1868 949 1899 fuit
958 1871 1093 1899 amittere

139 1909 255 1939 milites
268 1929 276 1943 ,
287 1909 377 1949 quam
388 1921 468 1941 arma
478 1931 486 1945 ,
499 1881 532 1942 ἐς
541 1913 759 1952 impedimenta
768 1911 905 1941 hostibus
915 1909 1092 1941 concedere.

139 1952 187 1980 Ex
196 1960 254 1990 qua
259 1951 270 1990 j
275 1951 404 1981 udicatio
414 1953 542 1983 nascitur
551 1973 561 1987 ,
582 1953 660 1984 Cum
670 1963 780 1983 omnes
789 1954 913 1992 perituri
924 1952 1037 1982 milites
1048 1952 1094 1981 es—

138 1992 203 2022 sent
213 2011 221 2025 ,
235 1990 290 2022 nisi
300 1992 334 2021 ad
344 1993 419 2023 hanc
427 1993 601 2033 paffionem
610 1994 759 2025 venissent
768 2014 777 2028 ‚
798 1992 896 2022 utram
902 1992 1094 2032 shtimfuerit

134 2034 275 2062 amittere
295 2034 408 2063 milites
420 2055 428 2067 ,
448 2045 486 2066 an
504 2036 539 2065 ad
550 2036 626 2068 hanc
635 2035 847 2066 conditionem
858 2037 972 2064 venire.
999 2038 1011 2061 3
1025 2036 1094 2064 Hoc

138 2074 229 2104 causae
239 2084 332 2115 genus
344 2085 382 2105 ex
393 2076 440 2104 his
449 2077 524 2106 locis
536 2077 649 2108 tra6leari
660 2079 832 2108 conveniet.
865 2075 1022 2116 Oportebit
1039 2075 1091 2105 ad·
1109 2099 1111 2109 .

138 2114 240 2145 hibere
250 2125 411 2147 ceterarum
422 2127 542 2158 quoque
552 2119 806 2149 constitutionum
817 2119 965 2148 rationem
978 2137 985 2150 ‚
1005 2126 1093 2158 atque
1108 2113 1111 2133 ³
1129 2128 1162 2146 ea
1172 2114 1300 2145 faciendi
1311 2115 1393 2145 causa
1403 2123 1453 2154 per
1463 2113 1546 2144 idem
1555 2123 1673 2155 tempus
1682 2113 1840 2145 accidisset.
1854 2115 1971 2146 Relatio
1982 2118 2087 2145 crimi—

136 2166 278 2197 praecepta
289 2177 299 2190 ,
319 2168 351 2187 ac
360 2159 497 2189 maxime
507 2161 575 2199 conj
580 2160 688 2190 ec‘turis
697 2159 842 2190 faciendis
854 2180 863 2193 ,
884 2158 1035 2189 infirmare
1054 2158 1092 2187 il-

135 2198 200 2232 lud,
210 2198 292 2240 quod
303 2209 374 2229 cum
385 2210 431 2234 e0‚
443 2202 523 2241 quod
533 2203 656 2232 crimini
666 2201 794 2235 dabitur,
808 2203 841 2235 ii,
853 2203 904 2242 qui
912 2200 1093 2230 accusabun-

136 2248 192 2274 tur,
205 2241 427 2282 comparabunt.
455 2243 489 2273 ld
501 2242 563 2277 fiet,
574 2242 594 2272 fi
603 2253 654 2274 aut
662 2243 703 2277 id,
715 2243 796 2284 quod
807 2242 908 2272 dicent
918 2241 1091 2272 defensores

129 2280 272 2312 sumtum
282 2281 370 2312 fuisse
380 2303 390 2317 ‚
401 2282 457 2314 nisi
466 2285 496 2314 id
507 2284 621 2315 faERum
632 2283 704 2316 effer
714 2305 722 2318 ‚
734 2295 796 2326 quo
807 2284 843 2314 de
852 2283 1092 2323 faelojudicium

133 2323 178 2353 est
187 2344 196 2358 ‚
215 2323 351 2355 futurum
360 2323 448 2355 fuifl‘e
457 2326 632 2368 negabitur:
652 2336 701 2357 aut
711 2325 731 2356 si
740 2327 796 2356 alia
806 2328 920 2357 ratione
931 2346 939 2359 ,
960 2326 993 2356 ὅ(
1002 2325 1090 2355 aliam

129 2365 178 2395 ob
188 2366 303 2396 causam
314 2386 323 2400 ,
335 2376 367 2396 ac
377 2366 455 2398 dicet
465 2369 493 2398 se
502 2378 568 2398 reus
577 2367 676 2399 fecisse
688 2388 697 2403 ,
714 2366 968 2399 demonstrabitur
977 2365 1036 2397 esse
1047 2365 1091 2396 fa-

135 2406 233 2438 netum.
257 2409 328 2448 Ejus
337 2410 380 2438 rei
390 2408 584 2440 confirmatio
594 2431 604 2443 ,
626 2410 658 2440 &
668 2411 742 2440 item
753 2411 898 2439 contraria
907 2409 943 2439 de
954 2410 1092 2448 partein-

136 2446 268 2479 firmatio
278 2459 315 2480 ex
323 2450 518 2490 conjefimmli
526 2452 744 2482 constitutione
755 2452 896 2482 sumetur.
926 2453 979 2481 Sin
990 2459 1091 2480 autem
1107 2466 1109 2476 ι

138 2499 218 2520 certo
229 2493 356 2534 nomine
366 2492 508 2523 maleficii
518 2493 674 2524 vocabitur
682 2495 714 2523 in
721 2492 872 2533 judicium
882 2513 892 2527 ,
912 2490 986 2522 sicut
994 2493 1027 2521 in
1037 2492 1091 2521 hac

137 2533 220 2562 causa
232 2538 311 2571 'triam
322 2533 480 2573 majestatis
489 2533 660 2575 ai·ceffitur‚)
670 2534 849 2565 definitione
860 2535 893 2564 &
901 2532 1091 2564 definitionis

128 2658 275 2688 Sinlaliud
284 2667 402 2699 quoque
412 2659 534 2700 aliquod
543 2670 638 2701 genus
649 2659 782 2692 incidet,
805 2659 870 2699 ejus
887 2660 1003 2699 generis
1009 2668 1088 2700 pra:-

1992 107 2098 178 s7

1146 241 1280 273 infirmet
1289 243 1467 273 rationibus.
1488 241 1568 283 quod
1579 241 1667 272 taclle
1679 240 1731 274 est,
1743 239 1764 270 si
1773 240 1863 282 quam
1873 241 2013 280 plurimis
2023 251 2097 271 con-

1124 288 1126 293 ·
1147 282 1353 314 stitutionibus
1364 282 1779 326 aggrediaturidimprobare.
1811 283 1874 322 Ipsa
1892 292 1990 312 autern
2010 292 2097 312 com-

1145 326 1254 362 paratio
1265 325 1411 364 separataa
1422 328 1525 356 ceteris
1542 325 1700 367 generibus
1715 321 1983 354 controversiarum
2003 322 2041 354 sic
2060 333 2099 354 ex

1146 364 1197 393 sua
1207 368 1238 393 vi
1247 365 1487 400 considerabitur,
1500 365 1520 396 si
1530 366 1602 397 illud
1616 387 1625 400 ,
1636 365 1717 407 quod
1726 365 1945 406 comparabitur
1953 385 1962 399 ,
1973 374 2020 395 aut
2032 375 2098 395 non

1145 404 1294 440 honestum,
1306 416 1355 436 aut
1364 418 1426 437 non
1435 409 1506 437 utile
1516 429 1525 443 ‚
1544 418 1592 438 aut
1601 418 1666 438 non
1675 407 1851 445 necffzrium
1859 404 1946 437 fuiffe
1954 428 1964 441 ‚
1974 415 2022 437 aut
2033 417 2097 437 non

1145 455 1297 486 tantopere
1308 448 1381 492 utile
1392 469 1400 482 ,
1411 458 1461 478 aut
1471 460 1535 479 non
1545 459 1696 490 tantopere
1705 448 1866 480 honestum
1877 469 1885 482 ‚
1897 458 1948 479 aut
1958 459 2022 479 non
2032 458 2099 479 tan-

1145 497 1246 528 topere
1257 487 1450 518 necessariurn
1461 489 1548 520 fuisse
1558 490 1592 520 de
1598 490 1819 522 monstrabitur.
1851 491 1971 521 Deinde
1981 499 2100 531 oportet

1145 528 1353 563 accusatorem,
1365 530 1450 563 illud,
1462 532 1542 571 quod
1555 532 1614 571 ipse
1625 541 1724 572 arguat
1736 553 1744 565 ,
1755 533 1792 563 ab
1801 543 1838 563 eo
1849 553 1857 566 ,
1868 532 1949 573 quod
1959 532 2098 563 defensor

1145 580 1297 611 comparat
1306 591 1315 605 ,
1335 572 1472 611 separare.
1496 572 1529 601 Id
1540 582 1640 602 autem
1649 576 1737 604 iaciet
1747 594 1755 607 ,
1775 573 1796 604 si
1805 573 2023 605 demonstrabit
2032 583 2097 604 non

1145 614 1185 642 ita
1196 611 1260 642 sieri
1270 613 1362 643 solere
1375 633 1383 645 ,
1396 622 1491 653 neque
1502 622 1650 652 oportere,
1666 625 1760 655 neque
1770 615 1827 646 esse
1838 617 1997 649 rationem,
2009 626 2098 657 quare

1146 655 1205 684 hoc
1223 663 1342 694 propter
1353 655 1411 684 hoc
1422 652 1471 684 fiat
1481 674 1489 688 ,
1514 664 1544 684 ut
1552 664 1672 694 propter
1681 657 1803 687 salutem
1815 658 1950 688 militum
1960 668 1993 688 ea
2003 678 2010 691 ‚
2031 667 2098 698 quae

1144 696 1245 726 salutis
1264 695 1348 726 causa
1364 704 1531 736 comparata
1550 696 1618 726 sunt
1630 716 1637 729 ‚
1658 697 1791 727 hostibus
1812 699 1970 729 tradantur.
1993 699 2096 730 Postea

1144 747 1313 777 comparare
1322 737 1473 778 oportebit
1483 747 1553 767 cum
1564 736 1712 768 beneficio
1723 738 1955 774 maleficium,&
1964 742 2096 771 omnino

1145 779 1186 812 id,
1200 779 1283 819 quod
1294 780 1424 821 arguitur
1434 799 1441 812 ‚
1453 789 1523 809 curn
1535 789 1571 809 eo
1581 799 1590 812 ‚
1609 779 1690 819 quod
1701 779 1813 810 faCmm
1823 781 1858 810 ab
1868 781 2022 813 defensore
2032 783 2096 813 lau-

1144 820 1271 855 dabitur,
1282 830 1331 851 aut
1340 820 1513 852 faciendum
1523 819 1610 851 fuisse
1620 821 1871 852 demonstrabitur
1881 843 1888 856 ‚
1900 824 2094 858 contendere,

1145 862 1178 892 &
1195 862 1254 893 hoc
1272 862 1465 893 exrenuando
1475 883 1483 897 ‚
1505 861 1646 893 maleficii
1657 863 1895 904 magnitudinem
1908 863 1995 895 simul
2005 866 2093 896 adau-

1142 914 1221 945 gere.
1245 904 1279 934 Id
1291 903 1355 934 fieri
1365 906 1484 944 poterit,
1496 903 1516 934 si
1526 903 1788 937 demonstrabitur,
1800 905 1964 940 honestius,
1975 908 2092 942 utilius,

1143 948 1237 987 magis
1248 944 1442 977 necessarium
1454 944 1541 976 fuiss'e
1553 945 1628 976 illud
1640 966 1647 979 ‚
1659 945 1741 987 quod
1752 947 1851 976 vitarit
1858 956 1924 976 reus
1934 968 1941 981 ,
1955 948 2045 988 quam
2057 944 2094 979 ilss

1142 987 1205 1021 lud,
1217 987 1298 1029 quod
1308 987 1419 1018 fecerit.
1443 986 1554 1024 Honesti
1563 996 1663 1018 autem
1675 1007 1683 1021 ‚
1704 988 1736 1018 ὃ(
1747 988 1824 1017 utilis
1833 1008 1841 1022 ,
1861 988 1893 1019 ὃς
1902 989 2039 1026 necisffizrii
2049 992 2095 1021 vis

1143 1029 1177 1059 δε
1187 1039 1298 1063 natura,
1313 1031 1344 1059 in
1355 1029 1580 1060 deliberationis
1588 1031 1740 1069 praeceptis
1750 1029 1951 1070 cognoscetur.
1975 1032 2096 1062 Deinde

1141 1071 1293 1110 oportebit
1309 1071 1402 1111 ipsam
1422 1071 1506 1101 illam
1524 1074 1756 1112 comparativam
1771 1071 1990 1112 judicationem
2001 1083 2095 1112 expo-

1142 1122 1213 1142 nere
1223 1133 1231 1147 ,
1252 1121 1392 1154 tanquam
1404 1113 1520 1143 causam
1531 1112 1755 1144 deliberativam
1767 1133 1775 1147 ,
1801 1113 1833 1143 &
1843 1112 1879 1143 de
1888 1123 1922 1143 ea
1931 1124 1969 1143 ex
1978 1114 2094 1145 delibe-

1142 1156 1264 1184 rationis
1276 1156 1428 1195 praeceptis
1439 1154 1578 1195 deinceps
1587 1155 1693 1185 dicere.
1716 1156 1760 1186 Sit
1771 1157 1854 1185 enim
1866 1155 1928 1185 haec
1935 1156 2093 1195 judicatio,

1140 1206 1232 1236 quam
1250 1196 1319 1226 ante
1338 1196 1532 1236 exposuimus
1547 1208 1552 1225 ι
1576 1196 1655 1227 cum
1675 1206 1782 1227 omnes
1792 1199 1915 1236 perituri
1927 1198 2039 1228 milites
2051 1199 2092 1228 es—

1140 1238 1214 1272 sent,
1227 1236 1282 1268 nisi
1291 1238 1326 1268 ad
1337 1238 1414 1268 'nanc
1422 1237 1594 1278 pafflonem
1606 1237 1754 1268 venissent
1765 1259 1774 1272 ‚
1797 1237 1898 1269 utrum
1909 1239 1996 1269 satius
2005 1239 2095 1270 fuerit

1138 1282 1234 1320 perire
1246 1280 1358 1310 milites
1369 1301 1378 1313 ‚
1389 1289 1426 1310 an
1436 1279 1471 1310 ad
1481 1280 1558 1311 hanc
1567 1279 1739 1320 paEuonem
1750 1282 1863 1311 venire.
1894 1283 1963 1311 Hoc
1971 1291 2009 1311 ex
2019 1282 2094 1311 locis

1141 1320 1462 1362 delibei·ationi's,quasi
1471 1322 1604 1362 aliquam
1615 1324 1647 1352 in
1658 1323 1912 1352 consultationem
1923 1332 1967 1352 res
1977 1326 2090 1357 veniat,

1138 1363 1253 1393 metari
1265 1363 1424 1403 oportebit.
1469 1364 1619 1394 Defensor
1627 1373 1737 1397 autem,
1750 1364 1860 1404 quibus
1872 1366 1904 1394 in
1916 1365 1990 1394 locis
2000 1365 2036 1395 ab
2044 1375 2091 1395 ac-

1135 1405 1267 1436 cusatore
1277 1406 1340 1435 aliae
1352 1404 1584 1436 constitutiones
1593 1416 1679 1436 erunt
1689 1405 1818 1436 indufi’ae
1829 1425 1838 1439 ‚
1856 1408 1934 1436 iniis
1946 1407 2005 1446 ipse
2015 1417 2092 1447 quo-

1135 1457 1193 1488 que
1204 1457 1242 1477 ex
1251 1446 1356 1477 iisdem
1374 1446 1643 1477 constitutionibus
1661 1446 1869 1477 defensionem
1891 1450 2091 1488 comparabit·

1134 1498 1247 1519 ceteros
1257 1497 1355 1518 autem
1367 1491 1487 1519 omneis
1497 1489 1579 1519 locos
1591 1509 1599 1522 ,
1619 1492 1670 1529 qui
1680 1489 1716 1519 ad
1727 1489 1820 1528 ipsam
1832 1492 2088 1529 comparationem

1133 1530 1344 1571 pertinebunt,
1367 1540 1406 1561 ex
1417 1532 1567 1561 contrario
1578 1531 1720 1561 tractabit.
1753 1533 1827 1561 Loci
1837 1540 1938 1562 autem
1948 1541 2090 1562 commu-

1135 1583 1187 1603 nes
1199 1581 1295 1606 erunt,
1306 1572 1502 1606 Accusamus,
1516 1574 1548 1602 in
1559 1582 1631 1602 eum
1644 1593 1651 1605 ,
1663 1571 1800 1614 quicum
1812 1573 1848 1603 de
1858 1572 1938 1604 fatto
1949 1576 2027 1614 turpi
2037 1574 2086 1604 ali—

1158 1625 1209 1648 uo‚
1220 1623 1271 1644 aut
1279 1614 1445 1647 inutili‚aut
1455 1623 1581 1656 utroque
1593 1614 1838 1656 fateatui·‚quaerat
1848 1623 1950 1646 tamen
1958 1615 2087 1656 aliquam

1133 1655 1341 1688 defensionem
1351 1676 1360 1690 ,
1374 1656 1406 1686 &
1416 1655 1486 1686 fafflzi
1496 1656 1692 1687 inutilitatem
1704 1677 1712 1690 ‚
1724 1666 1774 1686 aut
1788 1657 2006 1697 turpitudinem
2017 1668 2086 1687 cum

1133 1699 1343 1740 indignatione
1352 1697 1492 1738 proferre.
1516 1697 1691 1729 Defensoris
1702 1697 1744 1728 est
1754 1718 1762 1731 ‚
1783 1700 1904 1729 nullum
1913 1698 2028 1729 fastum
2039 1701 2088 1728 in—

1133 1742 1217 1775 utile,
1229 1750 1327 1781 neque
1337 1748 1532 1780 turpe‚neque
1542 1741 1616 1770 item
1628 1740 1812 1781 utile‚neque
1823 1740 1984 1771 honestum
1993 1749 2086 1781 putari

1132 1791 1277 1823 oportere,
1290 1780 1355 1816 nisi,
1366 1791 1428 1823 quo
1436 1782 1542 1815 animo,
1554 1792 1615 1823 quo
1625 1789 1753 1823 tempore,
1764 1792 1823 1823 qua
1831 1782 1867 1813 de
1878 1783 1963 1821 causta
1972 1782 2086 1812 fabium

1132 1823 1174 1859 sit,
1189 1824 1379 1866 intelligatur.
1391 1825 1443 1866 qui
1452 1823 1535 1854 locus
1548 1826 1587 1854 ita
1597 1826 1772 1854 communis
1783 1824 1843 1858 est,
1855 1834 1887 1854 ut
1897 1824 1973 1854 bene
1984 1823 2089 1854 tmesis*

1133 1876 1179 1897 tus
1189 1868 1221 1896 in
1232 1867 1284 1896 hac
1293 1866 1375 1896 causa
1385 1885 1394 1899 ,
1415 1875 1527 1906 magno
1537 1865 1572 1895 ad
1582 1865 1820 1906 persuadendum
1832 1875 1992 1897 momento
2002 1865 2085 1895 futu-

1132 1919 1180 1939 rus
1192 1906 1232 1937 sit.
1255 1910 1292 1938 Et
1301 1908 1373 1937 alter
1382 1907 1532 1946 locus‚per
1540 1917 1631 1949 quem
1641 1917 1748 1948 magna
1758 1917 1828 1937 cum
1839 1906 2085 1947 amplificatione,

1130 1948 1271 1981 beneficii
1282 1948 1456 1989 magnitudo
1466 1958 1504 1978 ex
1515 1948 1651 1982 utilitate,
1662 1957 1712 1979 aut
1720 1948 1884 1982 honestate,
1895 1958 1943 1979 aut
1952 1948 2023 1978 faeti
2033 1959 2086 1979 ne-

1130 1990 1303 2021 celsitudine
1312 1989 1539 2020 demonstratur.
1567 1992 1605 2020 Et
1616 1992 1728 2022 tertius.
1739 2000 1890 2031 perquem
1902 2000 1946 2020 res
1955 1989 2088 2030 expressa

1130 2032 1229 2063 verbis
1241 2052 1250 2066 ,
1270 2041 1338 2062 ante
1349 2031 1454 2061 oculos
1464 2041 1581 2064 eorum,
1595 2033 1647 2072 qui
1657 2031 1793 2064 audiunt.
1805 2033 1937 2071 ponitur,
1949 2041 1982 2062 ut
1992 2031 2045 2071 ipfi
2056 2033 2086 2063 se

1129 2083 1249 2116 quoque
1260 2073 1332 2102 idem
1341 2071 1471 2103 fatturos
1480 2071 1567 2103 fuiss'e
1577 2074 1765 2106 arbitrentur,
1777 2072 1797 2102 si
1808 2072 1860 2103 sibi
1872 2074 1923 2103 illa
1932 2084 1988 2106 res,
1999 2083 2086 2114 atquc

1129 2159 1177 2188 nis
1189 2155 1316 2190 est2ct¹im
1328 2165 1393 2185 reus
1403 2154 1529 2197 id,quod
1540 2159 1681 2196 arguitur,
1694 2155 1856 2190 confessus,
1868 2157 1987 2187 alterius
1998 2157 2026 2186 se
2038 2158 2083 2187 in—

1131 2198 1259 2230 duetum
1270 2197 1468 2238 peccat021‘ure
1478 2196 1578 2227 feciss'e
1588 2197 1781 2228 demonstrat.
1794 2201 1836 2228 Ea
1844 2197 1887 2229 est
1898 2198 2082 2233 huiusmodi:

1131 2242 1274 2271 Horatius
1285 2237 1386 2269 occisis
1397 2242 1410 2266 ἲ
1421 2239 1513 2269 tribus
1524 2240 1660 2269 Curiatiis
1672 2260 1680 2274 ,
1696 2240 1729 2270 ὃ(
1738 2239 1856 2270 duobus
1867 2239 1976 2270 amissis
1986 2239 2083 2270 fiatri—

1130 2283 1185 2312 bus
1195 2302 1202 2315 ‚
1225 2281 1355 2311 domum
1373 2281 1401 2311 se
1420 2280 1520 2311 vffi‘cor
1538 2283 1655 2320 recepit.
1689 2284 1718 2312 Is
1730 2281 1941 2312 animadvertit
1949 2283 2081 2313 soi-orem

1129 2325 1211 2356 suam
1223 2322 1258 2353 de
1269 2322 1394 2353 fratrum
1405 2332 1501 2353 morte
1514 2333 1577 2353 non
1588 2323 1772 2354 laborantem
1785 2334 1791 2352 :
1810 2322 1906 2364 sponsi
1915 2333 2015 2354 autem
2026 2334 2083 2353 nos

1129 2376 1201 2396 men
1210 2365 1407 2406 appellantem
1418 2364 1716 2395 identidemCuriatis
1725 2375 1794 2395 cum
1804 2367 1918 2407 gemitu
1928 2366 1960 2396 &
1969 2367 2081 2396 lamen—

1127 2410 1248 2438 tatione.
1259 2406 1384 2447 indigne
1395 2404 1501 2447 passus,
1514 2408 1663 2447 virginem
1672 2407 1790 2437 occidit.
1801 2408 1954 2437 accusatur.
1979 2408 2083 2436 Inten-

1129 2451 1172 2479 tio
1182 2448 1234 2482 est,
1246 2449 1358 2488 Injuria
1369 2449 1499 2478 sororem
1512 2448 1657 2478 occidisti.
1676 2446 1819 2488 Depulfio
1832 2447 1883 2480 cst,
1892 2449 1965 2489 Jure
1975 2448 2084 2479 occidi.

1128 2490 1262 2533 Qaestio
1270 2489 1323 2523 est,
1331 2491 1446 2531 Jurene
1455 2490 1608 2520 occiderit.
1628 2491 1718 2520 Ratio
1728 2488 1779 2522 est,
1792 2489 1847 2519 Illa
1858 2492 1942 2519 enim
1952 2489 2085 2520 hostium

1107 2535 1108 2542 ¹
1128 2541 1260 2563 mortem
1271 2532 1524 2572 lugebai,frati·um
1535 2531 1717 2572 negligebat:
1729 2541 1777 2559 me
1789 2530 1821 2560 &
1830 2531 1977 2571 populum
1989 2533 2026 2561 R.
2038 2533 2085 2561 vi-

74 2586 117 2617 25
136 2576 286 2614 praeceptis
304 2577 347 2605 uti
367 2576 525 2615 oportebit.
569 2581 587 2604 4
597 2580 693 2617 Atque
705 2578 764 2607 hoc
774 2575 899 2616 quidem
909 2576 1089 2616 plerumque
1106 2584 1107 2597 ³

135 2617 168 2645 in
178 2626 284 2656 genere
293 2615 399 2647 accidit
409 2637 417 2651 ‚
430 2626 463 2648 ut
472 2618 646 2658 conjeEtura
655 2618 688 2648 δε
697 2617 876 2648 definitione
886 2616 1032 2647 utendum
1043 2615 1086 2646 sit.
1105 2633 1106 2643 η

1127 2573 1197 2605 ciss'e
1207 2573 1334 2603 moleste
1344 2572 1464 2603 ferebat.
1487 2571 1655 2602 Infirmatio
1665 2571 1717 2605 est,
1729 2575 1848 2602 Tamen
1858 2571 1872 2602 a
1882 2572 1968 2603 fratre
1979 2573 2087 2601 indem-

1127 2624 1227 2645 natam
1237 2617 1335 2645 necari
1346 2625 1409 2645 non
1419 2616 1560 2654 oportuit*
1572 2617 1618 2644 Ex
1628 2623 1685 2654 qua
1695 2613 1837 2651 judicatio
1849 2613 1974 2648 fit3cum
1986 2617 2085 2644 Hora—

1127 2660 1166 2688 tia
1174 2657 1299 2687 fratrum
1310 2666 1440 2686 mortem
1454 2656 1614 2696 negligeret
1625 2675 1633 2688 ‚
1647 2654 1780 2686 hostium
1791 2655 1902 2695 lugeret
1913 2677 1921 2690 ‚
1946 2656 2040 2686 fratris
2051 2656 2086 2686 S:

131 2708 214 2738 cepta
231 2699 334 2730 licebit
351 2701 410 2730 huc
426 2704 489 2740 pari
508 2706 622 2732 ratione
642 2701 806 2731 transferre.
837 2710 908 2730 nam
928 2700 1087 2730 accusatori
1105 2732 1106 2741 ἵ
1126 2700 1281 2739 populiR.
1297 2697 1422 2727 vistoria
1433 2707 1495 2726 non
1506 2697 1662 2737 gauderet,
1684 2700 1887 2738 oportueritne
1897 2708 1962 2729 cani
1973 2698 1987 2728 a
1999 2697 2086 2727 fratre

134 2740 269 2772 maxime
279 2740 322 2772 est
331 2743 364 2771 in
374 2742 433 2773 hoc
443 2742 669 2777 elaborandum,
680 2751 713 2773 ut
721 2742 752 2772 id
763 2742 862 2782 ipsum
872 2740 987 2772 fafitum
997 2762 1005 2775 ‚
1014 2751 1088 2783 pro·
1104 2743 1106 2759 ¹
1124 2742 1331 2771 indemnatam
1341 2740 1448 2769 necari·
1479 2741 1546 2768 Hoc
1556 2740 1587 2768 in
1598 2748 1704 2779 genere
1715 2739 1805 2769 causa:
1816 2758 1824 2771 ‚
1837 2742 1916 2779 prim
1922 2738 1972 2770 sim
1984 2739 2003 2769 si
2014 2739 2085 2781 quid

1991 2791 2028 2811 QX
2038 2791 2086 2811 ce·

175 2855 184 2871 i
193 2866 198 2872 .
219 2847 247 2872 ld
254 2850 289 2872 eff
299 2866 307 2879 ‚
323 2849 507 2880 apudcommune
516 2851 607 2874 (ἔνατα
615 2850 761 2883 concilium]
780 2848 943 2875 Gulielmius
955 2847 1031 2873 babet
1041 2856 1089 2883 pro
1135 2846 1286 2872 emendavit
1297 2846 1457 2872 bulielmius
1470 2865 1478 2875 ,
1497 2845 1630 2871 stcutul'ne
1640 2844 1762 2870 Lambini
1782 2844 1961 2878 conjecturam
1975 2864 1982 2877 ,
2001 2854 2033 2871 an
2053 2845 2088 2870 li-

124 2880 301 2909 adulterinis.
312 2884 339 2909 &
351 2890 472 2919 poterant
482 2883 563 2911 abesse
574 2884 626 2911 sine
636 2883 799 2912 detrimento
808 2883 955 2911 sententiae.
971 2883 1090 2910 visuntur

125 2933 128 2935 Δ
138 2924 224 2944 tamen
236 2919 261 2944 in
272 2918 431 2946 membranis
443 2920 536 2946 nostris
547 2920 680 2948 omnibus,

124 2979 126 2981 ,
174 2962 202 2979 2.
213 2957 252 2980 Ex
260 2957 346 2989 quibui
347 2956 590 2990 Ji‹ntjudicat1·0nes.]
601 2957 666 2982 Non
677 2964 733 2983 erat
743 2954 873 2989 illud-fimi
883 2956 908 2982 in
920 2954 964 2982 Pal
972 2954 1092 2992 .pr.uude

127 2996 231 3022 ..verum
244 2990 398 3022 videtur,.cx
407 2993 611 3025 quibmjudjtatia
619 2995 663 3018 eff.
675 2992 745 3028 quod
756 2991 921 3028 repraesentat
933 2991 1068 3018 secundus.

1134 2882 1196 2909 bros
1215 2882 1272 2908 suos
1285 2902 1293 2913 ,
1312 2882 1407 2908 neseio.
1427 2890 1486 2907 nain
1499 2880 1566 2907 i’all.
1576 2890 1666 2907 omnes
1680 2881 1824 2916 praeserunt
1836 2900 1844 2912 ‚
1864 2883 1940 2914 Atque
1948 2883 1988 2906 hoc
1997 2882 2089 2914 quidem

1130 2920 1259 2952 plerunque
1268 2921 1294 2943 ln
1303 2919 1428 2950 hocgcncrc
1436 2917 1558 2948 aradum,
1567 2924 1593 2941 ut
1603 2919 1741 2951 conjeHm-a.
1759 2916 1866 2951 vulgata
1877 2935 1885 2948 ,
1895 2920 1971 2952 Atque
1976 2918 2024 2944 hac
2033 2919 2087 2951 qni-

1136 2955 1184 2979 dcm
1190 2956 1318 2987 pli-nmque
1328 2957 1352 2978 in
1361 2955 1486 2984 bergom-rc
1495 2953 1613 2983 accidunt,
1624 2954 1674 2984 εἴγε.

1175 2999 1201 3022 5.
1219 2991 1302 3015 'Tribus
1320 2989 1460 3022 curiatiis]
1481 2990 1521 3014 lta
1532 2988 1673 3015 Lambinus
1687 3009 1695 3021 ‚
1715 2998 1799 3023 neque
1817 2988 1870 3014 :ibit
1881 2989 1924 3014 Pal
1933 3009 1938 3013 .
1949 2987 1997 3013 see.
2008 2996 2085 3024 quarn

175 3032 188 3058 3
196 3045 201 3050 .
222 3029 267 3050 Huc
276 3027 426 3060 emaefiegenm
434 3036 463 3052 ex
471 3027 506 3053 his
515 3028 566 3053 locis
575 3031 650 3060 tra-H.
660 3028 727 3062 &ej
739 3030 794 3054 Gre
800 3028 874 3054 venb.
885 3029 967 3060 exfizis
978 3028 1038 3059 Ιοτὶςς
1048 3036 1091 3052 ce-
1136 3025 1206 3061 quod
1219 3025 1239 3050 is
1249 3025 1373 3056 Cin-iaris,⁴
1394 3033 1401 3046 x
1411 3023 1498 3059 ulgatai
1516 3027 1666 3051 cin—mribus.
1686 3035 1737 3051 non
1748 3025 1845 3050 damno
1857 3034 1865 3054 ς
1886 3025 1940 3050 imo
1953 3023 2012 3049 ideo
2024 3032 2086 3049 niort

138 3064 224 3086 terum
235 3061 315 3088 nostri
325 3071 417 3090 omnes
427 3063 542 3091 retinent
553 3067 671 3090 conveniet
681 3083 690 3096 ,
702 3063 774 3100 quod
786 3064 830 3091 uni
840 3063 947 3090 suorum
958 3063 1039 3090 abesse
1051 3070 1092 3089 te-
1137 3061 1233 3087 retinui
1245 3058 1433 3094 Cu›·iati5,quod
1447 3060 1478 3086 fic
1488 3069 1594 3096 quoquc
1603 3060 1666 3087 esset
1677 3060 1703 3087 in
1713 3061 1763 3086 (cc.
1773 3070 1802 3087 ac
1813 3060 1994 3095 reliqitis‚cnm
2006 3060 2086 3084 Lani-

139 3095 221 3121 statur
230 3097 384 3125 Lambinus.

174 3137 203 3164 4.
221 3136 311 3168 casque
327 3136 366 3162 hoc
382 3135 474 3170 quidem
479 3138 609 3171 plerunque
619 3138 733 3171 ingenere
742 3138 827 3163 accidit
837 3143 863 3163 ut
873 3135 1033 3171 conjcflura]
1052 3135 1094 3162 Ita
1112 3124 1117 3166 i
1136 3133 1209 3163 natio
1220 3131 1338 3159 fueritin
1349 3130 1404 3159 usu.

1137 3097 1212 3122 binus
1233 3094 1380 3131 oggeffiss‘et
1388 3098 1512 3130 Curiatii',
1531 3097 1596 3124 nihil
1607 3097 1677 3124 enim
1690 3104 1760 3124 vetat
1773 3116 1780 3130 ‚
1799 3097 1862 3132 quin
1873 3102 1983 3132 utraque
1994 3095 2087 3121 termi-

1620 3169 1648 3196 H
1964 3175 1989 3194 i.
2001 3165 2087 3192 Austa-

2111 1368 2156 1399 :6
