2297 3389
667 104 964 153 Aca-1011.

105 198 144 220 ne
167 185 403 219 uehocavaritiae
418 180 555 226 ficpplicio
566 183 726 217 communi,
750 183 842 224 quise
853 183 1068 225 totsceleribus

103 197 299 261 obarinxerit
307 249 316 263 ‚
327 236 485 259 contentus
497 223 565 256 effe.
592 223 770 266 singularem
783 225 932 265 quandam
942 235 1066 265 poenam

101 272 188 304 istius
197 272 361 304 immanis,
381 277 468 309 atque
479 269 654 307 importuna
664 276 766 298 natura
775 265 924 297 desiderat.
947 277 1013 297 non
1035 267 1066 297 id

101 313 203 346 solum
220 314 378 354 quaeritur,
399 318 450 344 ut,
472 309 529 340 isto
539 309 683 340 damnato
695 329 703 343 ‚
725 309 803 339 bona
813 308 1006 339 restituantur
1016 310 1064 342 iis,

100 356 210 398 quibus
219 363 315 395 erepta
326 353 394 384 sunt
404 363 410 382 :
422 352 472 382 sed
484 352 516 382 &
527 353 689 393 religiones
699 351 828 382 deorum
841 351 1065 381 immortalium

99 396 255 438 expiandae
265 416 274 429 ,
295 395 328 426 &
339 396 454 425 civium
464 396 681 425 Romanorum
694 395 838 424 cruciatus
851 413 859 427 ‚
879 393 1066 423 multorum-

98 449 174 481 qum
191 439 404 468 innocentium
431 437 566 478 sanguis,
593 435 679 466 istius
698 436 845 476 supplicio
861 434 989 465 luendus
1009 433 1062 464 est.

98 484 175 512 Non
187 482 269 510 enim
279 479 391 512 furem,
404 478 452 509 sed
467 486 613 519 ereptorem
625 489 629 507 z
650 488 715 508 non
725 478 906 511 adulterum,
919 476 967 507 sed
976 484 1065 518 expu-

94 530 242 565 gnatorem
247 521 391 563 pudicitia:
400 532 410 548 .·
429 531 494 551 non
509 521 684 563 sacrilegum
698 541 706 553 ‚
729 520 776 551 sed
797 518 896 555 hostem
908 519 1062 558 sacrorum,

98 565 362 607 religionumque:
383 573 447 593 non
468 561 623 596 sicarium,
646 563 696 593 sed
717 561 932 601 crudeliffimum
951 560 1066 599 carnifi-

97 617 156 638 cem
173 608 289 636 civium
300 626 308 639 ‚
331 606 562 646 sociorumque,
580 607 613 634 in
633 604 765 634 vestrum
772 604 924 643 judicium
935 603 1065 633 adduxi—

98 658 186 679 mus:
207 657 240 678 ut
258 658 314 690 ego
334 648 414 677 hunc
437 658 553 681 unum,
582 646 732 687 ejusmodi
758 656 845 676 reum
872 644 941 686 post
960 646 1066 674 homi-

97 701 174 721 num
186 692 367 721 memoriam
379 688 466 720 fuiss'e
476 689 599 720 arbitrer
609 709 617 722 ‚
640 693 648 708 ¹
658 690 707 718 cui
724 691 901 718 DAMNARI
923 697 1064 718 exram—

98 742 171 764 κυεῖ-ι’.
218 733 300 762 Nam
319 734 386 773 quis
404 733 462 762 hoc
477 741 541 762 non
558 731 702 772 intelligit
715 750 723 764 ,
753 729 848 760 istum
870 730 1040 760 absolutum
1054 749 1062 762 ,

96 774 175 808 diis,
203 775 443 815 hominibusque
463 775 586 806 invitis,
617 782 719 803 tamen
739 782 776 802 ex
798 771 939 802 manibus
959 771 1065 812 populi

63 816 66 819 ’
98 818 195 848 Rom.
208 818 282 856 eripi
293 816 381 846 nullo
390 815 485 846 modo
494 814 576 855 poss'e
588 818 598 844 ,³
609 817 675 856 quis
685 816 743 845 hoc
754 824 819 844 non
828 814 978 854 perspicit,
990 823 1065 853 prae-

94 858 173 890 clare
183 858 343 889 nobiscum
353 857 454 888 aestum
465 860 501 887 iri
512 877 520 891 ,
537 856 557 886 si
566 858 695 897 populus
706 859 866 887 Romanus
878 855 962 886 istius
974 857 1065 885 unius

95 901 243 941 supplicio
263 909 423 930 contentus
440 901 517 933 erit,
536 909 567 929 ac
586 909 649 929 non
668 897 705 929 sic
725 898 877 931 statuerit,
896 908 961 928 non
971 898 1062 928 istum

96 943 237 982 majusin
247 942 307 972 sese
317 942 411 972 scelus
432 940 620 982 concepiss‘e‚
640 940 714 971 cum
730 940 799 971 fana
818 941 967 980 spoliarit,
990 939 1062 970 cum

95 992 144 1015 tot
168 985 312 1014 homines
340 985 531 1014 innocenteis
561 984 673 1013 necarit
693 994 698 1012 :
727 982 799 1013 cum
830 985 924 1014 civeis
946 985 1063 1013 Roma-

92 1035 153 1057 ·nos
175 1033 292 1059 morte,
322 1027 473 1060 cruciatu,
505 1036 591 1056 cruce
609 1023 758 1055 affecerit:
786 1023 859 1055 cum
880 1024 1061 1064 praedonum
1085 1042 1086 1045 =

97 1068 186 1098 duces
195 1075 331 1107 ,accepta
340 1069 466 1107 pecunia
474 1088 482 1101 ,
493 1067 641 1097 dimiserit
654 1078 658 1096 :
677 1067 772 1108 quam
784 1077 835 1097 eos
845 1087 853 1100 ,
875 1066 896 1095 si
906 1069 958 1107 qui
969 1065 1061 1096 istum

95 1118 157 1143 tot,
171 1111 259 1140 tantis
270 1130 279 1142 ,
298 1118 357 1139 tam
370 1109 492 1140 nefariis
503 1109 660 1140 sceleribus
671 1119 850 1149 coopertum
860 1129 868 1143 ,
880 1109 977 1148 jurati
994 1109 1062 1138 sen-

94 1152 188 1183 tentia
196 1152 247 1182 sua
257 1151 411 1182 liberarint
423 1155 433 1181 ?
456 1154 531 1182 Non
541 1150 584 1182 est
593 1172 601 1186 ,
621 1161 686 1181 non
695 1150 737 1181 est
748 1153 780 1181 in
791 1152 849 1181 hoc
859 1152 987 1181 homine
997 1152 1062 1180 cui-

94 1203 185 1235 quam
196 1193 339 1234 peccandi
349 1194 433 1224 locus
444 1214 452 1228 ,
461 1194 578 1234 judices
589 1205 594 1223 :
610 1203 675 1223 non
685 1195 709 1223 is
721 1192 764 1223 est
774 1203 851 1226 reus,
863 1203 928 1223 non
939 1192 970 1223 id
981 1201 1060 1222 tem-

94 1245 150 1276 pus
160 1255 169 1270 ,
182 1245 246 1266 non
254 1235 285 1265 id
296 1234 456 1266 consilium
471 1235 481 1275 (
494 1244 599 1266 metuo
610 1235 722 1276 nequid
731 1234 917 1276 arrogantius
927 1234 1005 1275 apud
1018 1244 1060 1264 ta-

92 1278 149 1308 leis
156 1279 237 1308 viros
247 1276 348 1308 videar
358 1278 467 1319 dicere)
476 1288 514 1308 ne
525 1278 607 1307 istor
616 1277 740 1318 quidem
751 1276 794 1307 est
804 1281 839 1311 is,
852 1279 901 1307 cui
911 1286 977 1307 reus
996 1286 1057 1306 tam

91 1329 204 1350 nocens
215 1340 224 1354 ,
243 1328 303 1350 tam
314 1320 447 1360 perditus
458 1340 467 1353 ‚
488 1329 548 1350 tam
558 1319 673 1353 vidius,
694 1320 857 1349 autocculte'»
866 1319 973 1359 surripi
983 1339 991 1352 ,
1010 1328 1061 1349 aut

90 1360 203 1403 impune‘
213 1361 281 1403 eripi
289 1359 386 1401 poffit.
411 1363 468 1391 His
479 1371 535 1403 ego
541 1360 695 1401 judicibus
708 1370 772 1391 non
782 1361 926 1401 probabo,
941 1363 973 1390 C.
984 1363 1059 1390 Ver-

92 1413 158 1434 rem
168 1412 271 1434 contra
279 1403 358 1444 leges
366 1405 509 1444 pecunias
519 1402 628 1444 cepiffe
638 1406 648 1433 ?
659 1402 852 1433 sustinebunt
861 1403 932 1433 tales
943 1404 1018 1436 viri,
1030 1402 1058 1432 se

91 1453 138 1476 tot
145 1445 330 1475 senatoribus
340 1465 349 1479 ,
362 1454 407 1475 tot
416 1446 566 1487 equitibus
575 1447 725 1476 Romanis
735 1465 743 1478 ,
763 1453 807 1475 tot
817 1444 1001 1478 civitatibus,
1014 1453 1059 1475 tot

91 1487 271 1518 hominibus
280 1486 496 1518 honestissimis
508 1497 546 1519 ex
560 1496 621 1518 tam
631 1486 739 1517 illustri
748 1489 905 1527 provincia
921 1507 929 1520 ‚
949 1495 993 1517 tot
1002 1496 1058 1526 po-

89 1529 231 1570 pulorum
243 1549 252 1563 ,
270 1530 514 1572 privatorumque
526 1530 632 1560 litteris
642 1539 707 1559 non
715 1528 872 1560 credidiffe
882 1532 893 1557 ?
905 1537 991 1559 tantae
999 1538 1056 1569 po-

87 1571 153 1612 puli
162 1573 296 1603 Romani
306 1572 456 1602 voluntati
473 1570 629 1603 restitiffe?
645 1570 826 1602 Sustineant.
849 1573 1032 1612 reperiemus
1043 1591 1054 1604 ,

89 1611 112 1643 fi
121 1612 213 1643 istum
224 1615 331 1644 vivum
342 1613 376 1644 ad
388 1614 470 1645 aliud
476 1614 628 1655 judicium
637 1614 797 1654 perducere
804 1616 1057 1654 poterimus,qui-

89 1654 146 1686 bus
155 1655 317 1695 probemus
327 1676 335 1689 ,
347 1655 439 1686 istum
452 1658 485 1687 in
494 1655 640 1698 quaestura
648 1658 810 1696 pecuniam
820 1655 984 1696 publicam,
998 1658 1053 1685 Cn.

91 1697 220 1728 Carboni
230 1700 303 1728 Cos.
316 1697 424 1732 datam,
436 1698 569 1729 avertiffe
582 1710 586 1727 :
598 1698 709 1740 quibus
718 1696 1055 1738 persuadeamus,istum

87 1738 177 1768 alieno
187 1740 295 1769 nomine
305 1739 320 1770 a
327 1740 527 1781 quaestoribus
536 1741 668 1774 urbanis,
678 1740 761 1782 quod
770 1742 868 1780 priore
879 1739 998 1770 afflone
1009 1739 1056 1770 di-

90 1780 202 1812 dicistis
213 1802 221 1815 ‚
238 1791 398 1822 pecuniam
420 1782 584 1813 abstulisse.
610 1786 706 1813 Erunt
721 1784 775 1823 qui
786 1782 861 1813 &in
878 1792 916 1812 eo
933 1792 1053 1823 quoque

85 1823 238 1853 audaciam
248 1825 312 1865 ejus
322 1824 635 1866 reprehendant,quod
644 1825 760 1866 aliquot
770 1824 949 1854 nominibus
959 1824 996 1854 de
1007 1834 1056 1854 ca-

84 1867 147 1906 pite
158 1886 167 1899 ,
179 1874 326 1906 quantum
334 1867 535 1897 commodum
547 1867 637 1897 fuerit
648 1887 656 1901 ,
672 1866 821 1897 frumenti
830 1866 990 1897 decumani
1001 1866 1054 1896 de-

85 1910 217 1937 traxerit.
241 1910 338 1938 Erunt
346 1911 439 1938 etiarn
450 1908 568 1940 fortass'e
582 1909 588 1945 ι’
593 1908 694 1939 udices
704 1928 713 1942 ,
733 1911 786 1950 qui
795 1909 886 1938 illum
897 1910 961 1948 ejus
967 1916 1054 1950 pecu-

84 1948 180 1978 latum
188 1949 237 1979 vel
246 1950 388 1980 acerrime
398 1950 618 1981 vindicandum
628 1959 744 1990 putent,
759 1948 842 1991 quod
853 1950 906 1980 iste
917 1953 960 1979 M.
971 1953 1053 1980 Mar-

81 1991 202 2025 celli‚&
212 1994 242 2022 Ρ.
254 1990 388 2021 Africani
400 2001 601 2022 monumenta
609 2011 617 2026 ,
629 2002 696 2032 quae
704 1994 833 2022 nomine
842 2011 850 2025 ,
862 1992 1003 2025 illorum3
1019 2001 1049 2021 re

83 2041 165 2066 vera,
175 2034 280 2073 populi
290 2035 437 2067 Romani,
450 2034 483 2064 δε
493 2043 586 2067 erant,
593 2034 626 2063 δε
635 2033 830 2067 habebantur,
844 2043 881 2063 ex
890 2032 969 2063 fanis
979 2034 1049 2062 reli-

84 2073 266 2116 giosissimis,
279 2084 317 2105 ex
325 2075 449 2105 urbibus
459 2076 620 2109 sociorum,
632 2085 692 2116 atq;
702 2077 872 2106 amicorum
883 2085 948 2105 non
959 2074 1049 2105 dubi-

44 2126 67 2159 5
86 2116 191 2147 taverit
197 2116 318 2147 auferre.
332 2117 493 2147 Emer-serit
502 2128 541 2147 ex
550 2117 702 2158 peculatus
711 2119 800 2147 etiam
808 2117 933 2155 judicio.
950 2116 1052 2147 Medi-

86 2166 164 2189 tetur
170 2158 206 2189 de
216 2158 342 2189 ducibus
352 2158 578 2201 hostium,qu0s
587 2167 702 2199 accepta
710 2161 836 2199 pecunia
844 2158 990 2189 liberavit:
1002 2160 1049 2188 vi-

87 2200 168 2235 deat,
182 2200 255 2242 quid
265 2200 302 2231 de
311 2201 373 2230 illis
382 2201 575 2241 respondeat,
586 2211 662 2242 quos
671 2203 704 2230 in
714 2211 821 2231 eorum
833 2201 936 2231 locum
947 2200 1050 2231 subdi-

85 2249 133 2274 tos
144 2242 230 2273 domi
241 2243 297 2273 suae
307 2243 476 2273 reservavit.
500 2252 612 2284 quaerat
630 2253 694 2273 non
710 2242 811 2274 solum
821 2263 829 2276 ‚
847 2242 1050 2283 quemadmo—

87 2283 160 2314 dum
171 2283 273 2314 nostro
282 2286 405 2315 crimini
416 2305 424 2319 ‚
436 2284 543 2315 verum
553 2287 644 2316 etiam
654 2294 716 2326 quo
726 2284 812 2325 padio
820 2285 877 2325 sua
894 2284 1050 2324 confffoni

82 2326 164 2368 poffit
180 2327 289 2356 mederi.
313 2329 491 2357 meminerit
499 2347 507 2361 ‚
529 2328 558 2358 se
570 2329 669 2367 priore
687 2327 806 2358 afflone
815 2347 823 2360 ,
844 2327 975 2357 clamore
993 2337 1049 2366 po-

85 2368 148 2408 puli
158 2370 292 2399 Romani
301 2368 412 2399 infesto
422 2390 433 2403 ,
443 2378 530 2410 atque
539 2371 669 2399 inimico
677 2372 842 2399 excitatum
852 2389 860 2403 ,
876 2368 1048 2399 confeffum

86 2408 155 2444 effe,
166 2410 255 2441 duces
264 2411 280 2441 a
291 2411 317 2441 se
329 2411 507 2452 praedonum
519 2412 611 2442 securi
622 2421 686 2442 non
697 2410 754 2441 esse
763 2410 914 2451 percussos
926 2421 931 2440 t
947 2411 1046 2450 sejam

88 2460 152 2482 tum
162 2451 221 2483 effe
230 2454 372 2487 veritum,
384 2463 421 2483 ne
432 2453 485 2483 fibi
495 2455 618 2484 crimini
629 2453 756 2487 daretur,
768 2463 820 2483 eos
834 2453 871 2483 ab
884 2453 911 2482 se
921 2455 1047 2493 pecunia

86 2493 236 2525 liberatos.
259 2494 383 2526 fateatur
393 2495 422 2526 id
434 2516 443 2529 ‚
457 2495 539 2536 quod
551 2497 651 2538 negari
661 2505 725 2526 non
735 2494 832 2536 potest
841 2515 850 2529 ‚
862 2495 890 2525 se
897 2496 942 2535 pri
946 2502 1048 2523 vatum

87 2536 223 2566 hominem
233 2557 240 2570 ,
252 2537 430 2577 praedonum
439 2537 530 2568 duces
539 2548 626 2568 vivos
639 2557 647 2571 ,
666 2547 754 2578 atque
766 2538 951 2567 incolumeis
960 2537 1047 2567 dorni

87 2577 144 2608 suae
154 2598 164 2612 ,
180 2578 372 2620 posteaquam
383 2581 518 2610 Romam
528 2580 664 2613 redierit,
683 2580 776 2620 usque
795 2579 869 2609 dum
880 2589 931 2619 per
946 2589 996 2609 me
1012 2580 1050 2609 li-

89 2623 191 2654 cuerit,
204 2619 336 2651 tenuiss'e.
354 2621 422 2655 hoc,
435 2624 468 2652 in
478 2623 532 2652 illo
543 2621 704 2662 majestatis
711 2621 828 2662 judicio
837 2620 858 2651 si
868 2619 982 2651 licuisse
993 2620 1046 2651 sibi

88 2660 249 2692 ostenderit
258 2683 267 2697 ,
287 2672 342 2704 ego
353 2662 517 2703 oportuiffe
526 2664 703 2695 concedam.
727 2673 765 2694 ex
776 2665 832 2693 hoc
843 2673 964 2704 quoque
980 2673 1049 2694 eva-

87 2703 170 2734 serit:
188 2704 355 2744 proficiscar
372 2704 410 2735 eo
419 2725 427 2739 ‚
446 2704 508 2746 quo
529 2716 578 2736 me
596 2707 660 2745 jam
679 2705 797 2746 pridem
816 2715 902 2735 vocat
918 2706 1048 2745 populus

89 2746 256 2776 Romanus.
289 2749 337 2776 De
340 2748 407 2786 jure
417 2750 501 2777 enim
511 2747 647 2777 libertam
657 2768 664 2781 ,
687 2748 720 2778 &
729 2749 857 2777 civitatis
866 2748 954 2777 suum
967 2756 1050 2788 putat

88 2785 303 2826 effe-judicium
318 2800 323 2818 :
347 2790 380 2819 δε
390 2788 469 2819 reSte
479 2799 574 2830 putat.
607 2788 783 2831 Confringat
792 2789 845 2819 iste
856 2789 924 2820 sane
936 2792 966 2819 vi
978 2790 1027 2819 sua
1038 2810 1046 2824 ,

1019 119 1086 151 IN
1133 104 1191 151 C.
1230 103 1524 151 VERREM„

1997 89 2057 170 ἐς
2073 116 2091 155 r

1120 181 1158 214 ei<
1167 183 1262 216 vestra
1271 185 1433 216 severitate.
1457 185 1536 215 mihi
1547 181 1675 218 credite,
1694 180 1873 214 arffloribus
1891 181 1967 222 apud
1986 193 2091 226 popu-

1118 226 1182 256 lum
1193 229 1374 258 Romanum
1385 228 1497 268 laqueis
1506 225 1771 258 tenebitur-credet
1779 227 1815 255 iis
1827 225 1977 266 equitibus
1987 228 2083 258 Rom.

1118 269 1248 308 populus
1258 271 1419 301 Romanus
1427 271 1480 311 qui
1488 269 1524 300 ad
1533 278 1590 300 vos
1598 277 1683 299 antea
1690 266 1831 309 produffl
1841 266 1929 298 testes
1941 266 2028 308 ,ipsis
2042 271 2090 300 in-

1118 309 1320 348 speRantibus
1330 311 1367 342 ab
1377 311 1435 342 isto
1445 312 1537 341 civem
1548 314 1709 341 Romanum
1719 331 1726 345 ,
1736 312 1789 351 qui
1800 311 1973 352 cognitores
1983 311 2089 342 homi-

1117 361 1171 380 nes
1189 352 1334 383 honestos
1352 353 1447 387 daret,
1461 353 1610 393 fiiblatum
1623 352 1671 391 effi·
1682 353 1710 382 in
1721 362 1828 382 crucem
1839 352 1992 383 dixerunt.
2024 364 2088 384 cre-

1117 392 1190 422 dent
1200 404 1309 424 omnes
1320 406 1351 425 v.
1363 396 1395 425 δε
1407 406 1478 426 xxx
1490 396 1585 426 tribus
1594 396 1715 425 homini
1724 392 1900 436 graviflimo
1910 415 1918 427 ,
1940 404 2029 435 atque
2040 405 2090 426 or-

1116 433 1271 465 natiss‘imo
1283 439 1329 465 M.
1342 440 1463 471 Annio,
1484 440 1552 478 qui,
1571 438 1598 468 se
1608 437 1751 477 praesente
1763 457 1771 471 ,
1789 438 1889 467 civem
1907 438 2086 468 Romanurn

1110 476 1204 515 [brari
1219 477 1374 517 percuffum
1388 478 1445 508 ess'e
1455 478 1545 509 dixit.
1569 479 1704 509 audietur
1721 478 1737 509 a
1751 478 1866 519 populo
1877 481 2022 509 Romano
2039 482 2087 510 vir

1116 520 1274 558 primarius
1285 539 1292 553 ‚
1305 530 1393 560 eques
1405 523 1564 551 Romanus
1581 524 1618 551 L.
1632 522 1751 551 Flavius
1765 541 1773 554 ,
1785 522 1836 561 qui
1854 521 1941 551 suum
1953 520 2088 552 familia-

1115 570 1181 590 rem
1193 563 1385 591 Herennium
1397 582 1405 595 ,
1422 564 1640 602 negotiatorem
1651 573 1688 592 ex
1700 561 1814 596 Africa,
1834 562 1907 593 cum
1917 573 1989 593 eum
1999 567 2087 603 Syra-

1115 600 1190 632 cusis
1207 603 1338 643 amplius
1357 613 1481 633 centum
1500 606 1578 634 cives
1590 607 1725 635 Romani
1735 605 1970 646 cognoscerent,
1992 605 2088 646 lacry-

1116 645 1291 686 mantesque
1310 645 1524 679 defenderent,
1542 656 1597 686 pro
1618 646 1793 677 testimonio
1812 646 1891 677 dixit
1912 647 2006 677 securi
2026 647 2087 678 effe

1114 686 1295 726 percussum.
1328 690 1341 706 ²
1353 687 1493 718 Probabit
1504 686 1596 718 fidem
1608 709 1616 721 ,
1635 688 1884 719 &auctoritatem
1896 709 1903 723 ‚
1917 689 1950 719 &
1959 690 2084 729 religio-

1115 738 1187 758 nem
1207 729 1289 759 suam
1309 731 1343 759 L.
1355 731 1471 760 Suetius
1483 750 1491 763 ‚
1517 731 1612 759 homo
1623 730 1768 760 omnibus
1779 733 1965 761 ornamentis
1976 732 2085 771 praedi-

1115 778 1182 804 tus,
1202 773 1254 812 qui
1270 772 1383 811 juratus
1396 771 1473 812 apud
1491 781 1546 801 vos
1564 771 1660 805 dixit,
1681 772 1794 802 multos
1809 774 1901 803 civeis
1911 775 2006 803 Rom.
2027 777 2083 804 310

1114 813 1264 842 lautumiis
1282 813 1368 843 istius
1386 815 1516 854 imperio
1535 812 1738 843 crudelissime
1758 823 1808 853 per
1825 816 1890 844 vim
1909 824 2007 845 morte
2026 814 2086 846 esse

1114 855 1271 886 multato&
1297 858 1384 886 Hanc
1403 866 1458 898 ego
1475 856 1593 886 causam
1613 854 1685 886 curn
1707 865 1791 896 agam
1812 854 1959 886 beneficio
1977 858 2084 897 populi

1114 899 1206 927 Rom.
1222 897 1258 928 de
1270 898 1339 928 loco
1350 898 1516 938 superiore:
1539 908 1604 928 non
1615 907 1718 928 vereor
1727 917 1735 930 ,
1756 907 1792 927 ne
1803 907 1852 927 aut
1863 897 1954 928 istum
1965 901 2012 928 vis
2023 901 2084 929 ulla

1113 949 1151 969 ex
1161 940 1265 979 populi
1274 942 1371 970 Rom.
1383 938 1528 980 suffragiis
1538 942 1668 979 eripere,
1688 948 1737 969 aut
1756 939 1771 969 iz
1793 949 1842 969 me
1862 940 1960 970 ullum
1979 950 2082 969 munus

1113 982 1253 1011 admiratis
1263 983 1417 1022 4amplius
1429 1002 1437 1016 ,
1455 991 1505 1012 aut
1514 984 1623 1024 gratius
1633 982 1748 1022 populo
1758 984 1902 1012 Romano
1913 981 1970 1012 effe
1980 982 2079 1022 possit.

1113 1025 1300 1064 Qapropter
1319 1034 1427 1054 omnes
1447 1026 1480 1054 in
1496 1025 1555 1054 hoc
1568 1024 1686 1064 judicio
1697 1026 1978 1054 conenturomnia:
2001 1025 2077 1054 nihil
2100 1028 2120 1059 6

1112 1065 1223 1105 estjam
1233 1087 1240 1100 ,
1252 1066 1334 1107 quod
1344 1068 1377 1096 in
1389 1068 1443 1096 hac
1453 1067 1536 1096 causa
1545 1076 1661 1106 peccare
1672 1066 1829 1107 quisquam
1841 1086 1850 1100 ,
1868 1065 1986 1105 judices
1996 1086 2004 1100 ,
2025 1065 2080 1097 nisi

1111 1107 1210 1138 vestro
1220 1109 1353 1149 periculo
1364 1129 1371 1142 ,
1382 1107 1482 1148 possit.
1508 1111 1577 1138 Mea
1590 1108 1715 1150 quidem
1727 1109 1803 1138 ratio
1813 1127 1822 1141 ,
1834 1109 1906 1138 cum
1918 1109 1950 1137 in
1961 1117 2082 1148 praeter—

1111 1151 1161 1180 itis
1172 1150 1259 1180 rebus
1270 1150 1312 1181 est
1321 1153 1441 1192 cognita
1449 1170 1457 1184 ,
1475 1153 1583 1181 cumin
1597 1151 1719 1191 reliquis
1730 1150 1882 1190 explorata
1893 1169 1901 1183 ‚
1911 1158 1997 1190 atque
2006 1160 2078 1190 pro-

1110 1193 1173 1222 visa
1188 1192 1243 1223 est.
1267 1195 1331 1234 Ego
1340 1203 1447 1223 meum
1459 1191 1593 1223 studium
1603 1194 1637 1222 in
1648 1192 1785 1232 rempub.
1804 1192 1863 1228 jam
1877 1192 1932 1221 illo
1944 1201 2079 1232 ternpore

1111 1234 1247 1269 ostendi,
1258 1234 1330 1266 curn
1343 1235 1435 1277 longo
1447 1235 1607 1266 intervallo
1618 1242 1739 1263 veterem
1747 1234 1968 1274 conficcrudznem
1977 1235 2079 1267 retuli,

1113 1277 1145 1306 &
1153 1286 1255 1318 rogatu
1264 1278 1428 1311 sociorum,
1439 1287 1526 1319 atque
1537 1279 1707 1308 amicorum
1718 1276 1823 1316 populi
1832 1278 1979 1309 Romani,
1990 1286 2077 1306 meo—

1110 1328 1178 1348 rum
1192 1328 1291 1349 autem
1303 1318 1546 1353 necefliirioium,
1558 1329 1674 1349 nomen
1684 1319 1821 1349 hominis
1831 1316 2016 1348 audacissimi
2026 1318 2079 1349 dc—

1109 1361 1175 1390 tuli·
1194 1361 1285 1403 Qod
1294 1372 1401 1391 meum
1413 1360 1530 1391 fa&um
1542 1360 1697 1391 leeliss'imi
1708 1362 1776 1393 viri,
1787 1369 1874 1401 atque
1883 1359 2076 1395 ornatissimi,

1109 1402 1182 1443 (quo
1192 1404 1226 1433 in
1236 1413 1367 1433 numero
1376 1403 1392 1433 ὲ
1402 1403 1492 1433 vobis
1504 1404 1674 1444 complures
1685 1402 1768 1433 fuere
1780 1402 1839 1442 >ita
1847 1402 2012 1442 probarunt
2022 1423 2030 1436 ,
2043 1412 2077 1433 ut

1107 1447 1153 1479 ei,
1166 1447 1218 1485 qui
1230 1445 1315 1475 istius
1325 1444 1453 1486 quaestor
1462 1444 1563 1475 fuifi'et
1573 1466 1580 1479 ,
1597 1445 1629 1475 Sc
1638 1445 1674 1475 ab
1682 1444 1740 1475 isto
1750 1444 1833 1474 laesus
1844 1446 2019 1474 inimicitias
2031 1445 2077 1481 ju<

1107 1486 1162 1517 stas
1172 1488 1409 1528 persequeretur,
1431 1497 1495 1518 non
1516 1486 1611 1517 modo
1630 1486 1784 1517 deferendi
1801 1487 1940 1516 nominis
1949 1506 1958 1519 ,
1978 1485 2026 1516 sed
2038 1496 2078 1516 ne

1107 1529 1311 1559 subscribendi
1322 1529 1446 1570 quidem
1460 1550 1468 1563 ,
1485 1529 1556 1560 curn
1567 1529 1598 1559 id
1607 1529 1786 1570 postularet,
1806 1527 2077 1568 facerentpotesta-

1107 1579 1179 1601 tern-
1203 1573 1239 1601 In
1249 1572 1384 1601 Siciliam
1403 1572 1470 1602 sum
1487 1571 1660 1613 inquirendi
1674 1571 1757 1601 causa
1774 1569 1940 1610 profeestus.
1962 1580 2024 1611 quo
2041 1572 2076 1600 in

1107 1615 1232 1655 negotio
1249 1612 1418 1650 industriam
1436 1623 1536 1644 meam
1552 1614 1688 1644 celeritas
1699 1612 1873 1646 reditionis,
1894 1612 2079 1652 diligentiam

1108 1655 1276 1686 multitudo
1287 1656 1453 1686 litterarum
1465 1676 1473 1689 ,
1486 1655 1651 1687 &testium
1663 1655 1822 1686 declaravit
1832 1654 1979 1697 :pudorem
1988 1652 2078 1688 verb.

1106 1708 1139 1728 ac
1159 1698 1340 1740 religionem
1352 1718 1360 1732 ‚
1378 1697 1461 1739 quod
1470 1718 1479 1732 ,
1498 1697 1570 1728 cum
1580 1696 1728 1729 veniss'em
1738 1697 1855 1727 senator
1863 1696 1899 1727 ad
1911 1697 2007 1727 socios
2018 1706 2075 1736 po-

1106 1740 1171 1780 puli
1180 1742 1318 1771 Romani
1327 1742 1380 1782 qui
1395 1743 1428 1770 in
1438 1750 1470 1770 ea
1481 1741 1636 1781 provincia
1646 1738 1776 1781 quaestor
1783 1736 1917 1772 fuissem,
1926 1738 1962 1769 ad
1974 1739 2075 1778 hospi-

1105 1791 1148 1812 tes
1160 1792 1247 1812 meos
1258 1802 1267 1816 ,
1291 1793 1324 1813 ac
1334 1780 1513 1813 necefl‘arios
1522 1783 1614 1813 causae
1623 1782 1801 1813 communis
1810 1779 1949 1811 defensor
1960 1780 2076 1811 deverti

1105 1824 1226 1864 potius,
1245 1823 1337 1865 quam
1347 1824 1382 1855 ad
1393 1835 1445 1856 eos
1454 1845 1462 1858 ‚
1483 1827 1536 1866 qui
1551 1825 1567 1855 a
1577 1835 1628 1855 me
1635 1824 1786 1854 auxilium
1796 1820 1977 1862 petivifl'ent.
2003 1825 2072 1854 NE-

1107 1876 1192 1896 M1N1
1214 1876 1306 1897 Mizus
1323 1866 1470 1897 adventus
1491 1867 1605 1900 labori,
1626 1866 1799 1896 autsumtui
1816 1874 1914 1905 neque
1927 1864 2049 1905 publice
2061 1883 2070 1899 a

1104 1918 1202 1949 neque
1223 1910 1366 1948 privatim
1383 1908 1450 1939 fuit.
1489 1910 1564 1938 Vim
1580 1909 1614 1937 in
1628 1905 1811 1948 inquirendo
1828 1914 1940 1937 tantam
1957 1906 2046 1936 habui
2060 1926 2071 1939 ,

1102 1959 1246 1991 quantam
1257 1951 1336 1980 mihi
1346 1949 1392 1979 lex
1401 1949 1495 1980 dabat:
1504 1960 1569 1979 non
1580 1957 1722 1990 quantam
1733 1948 1841 1978 habere
1847 1956 1984 1987 poteram
1995 1946 2070 1977 isto·

1102 2002 1171 2021 rum
1182 1990 1280 2022 studio
1289 2011 1298 2025 ,
1316 2001 1393 2032 quos
1402 1991 1457 2022 iste
1467 2000 1593 2022 vexarat.
1618 1993 1755 2021 Romam
1772 1998 1806 2020 ut
1821 1999 1860 2019 ex
1870 1989 1970 2020 Sicilia
1979 1989 2071 2022 redii,

1103 2032 1176 2064 cum
1186 2032 1240 2063 iste
1250 2053 1259 2067 ,
1271 2042 1358 2073 atque
1368 2032 1453 2063 istius
1463 2034 1571 2066 amici,
1581 2034 1725 2063 homines
1734 2032 1805 2062 lauti
1817 2051 1825 2065 ,
1840 2031 1873 2062 ὅ(
1881 2031 1998 2065 urbani3
2008 2031 2069 2061 ser«

1102 2085 1210 2105 mones
1221 2075 1430 2115 hujuscemodi
1442 2073 1623 2115 diffipassent
1632 2094 1640 2108 ,
1661 2084 1722 2115 quo
1739 2076 1859 2104 animos
1879 2072 2002 2103 testium
2022 2083 2069 2103 re·-

1101 2117 1265 2151 tardarent,
1278 2127 1328 2147 me
1339 2127 1446 2158 magna
1459 2118 1580 2158 pecunia
1598 2113 1616 2146 a
1637 2125 1705 2145 vera
1721 2116 1898 2156 accusatione
1917 2114 1966 2153 effe
1982 2115 2069 2144 dedu-

1102 2157 1179 2187 [bum
1190 2171 1198 2193 3
1211 2157 1324 2190 tametsi
1333 2159 1511 2199 probabatur
1520 2160 1637 2189 nemini
1651 2180 1659 2192 ‚
1679 2158 1761 2200 quod
1773 2159 1806 2189 ὃς
1816 2168 1854 2188 ex
1864 2159 1965 2188 Sicilia
1979 2156 2068 2187 testes

1101 2210 1182 2231 erant
1200 2203 1242 2235 ii,
1260 2202 1312 2242 qui
1323 2200 1501 2242 quaestorem
1519 2211 1568 2231 me
1581 2203 1613 2231 in
1622 2202 1779 2241 provincia
1788 2210 1823 2230 co
1847 2208 2010 2234 noverant,
2034 2199 2067 2229 &

1099 2244 1171 2273 hinc
1181 2244 1323 2273 homines
1334 2242 1470 2273 maxime
1482 2242 1629 2277 illustres,
1652 2245 1722 2284 qui,
1743 2244 1814 2282 utip
1829 2243 1915 2271 inoti
1925 2242 2009 2275 sunt,
2029 2239 2067 2271 sic

1099 2283 1239 2315 nostrum
1258 2295 1508 2326 unumquemque
1528 2285 1646 2325 optime
1665 2293 1795 2315 norunt:
1813 2293 1915 2314 tamen
1925 2284 2016 2324 usque
2027 2281 2066 2312 eo

1099 2329 1208 2362 timui,
1220 2337 1259 2357 ne
1268 2329 1335 2368 quis
1347 2327 1383 2358 de
1394 2337 1462 2357 mea
1472 2325 1530 2357 fide
1541 2347 1549 2360 ,
1562 2337 1649 2368 atque
1660 2329 1825 2366 integritate
1837 2325 1991 2359 dubitaret,
2009 2324 2066 2355 do-

1098 2380 1153 2400 nec
1163 2369 1197 2399 ad
1208 2369 1388 2409 rejiciendos
1396 2369 1512 2409 judices
1523 2371 1677 2399 venimus.
1698 2368 1834 2399 Sciebam
1846 2369 1878 2397 in
1889 2367 2063 2407 rejiciundis

1094 2411 1247 2452 judicibus
1267 2412 1437 2441 nonnullos
1458 2414 1607 2442 memoria
1623 2410 1723 2442 nostra
1732 2409 1869 2453 pastionis
1882 2409 2065 2448 suspicionem

1098 2464 1161 2484 non
1171 2451 1290 2487 vitaffe,
1313 2452 1385 2483 cum
1398 2453 1459 2493 ipsa
1468 2455 1502 2482 in
1511 2454 1696 2485 accusatione
1709 2473 1717 2485 ,
1736 2461 1844 2482 eorum
1855 2450 2001 2481 industria
2011 2472 2019 2484 ,
2031 2460 2064 2481 ac

1099 2495 1255 2536 diligentia
1269 2495 1450 2535 probaretur.
1483 2498 1527 2525 Ita
1542 2497 1631 2535 reJ'eci
1643 2494 1760 2535 jndices
1771 2515 1780 2527 ‚
1800 2503 1831 2523 ut
1851 2494 1909 2523 hoc
1926 2492 2063 2526 constet,

1097 2537 1164 2578 post
1175 2539 1255 2567 hunc
1267 2542 1280 2565 5
1288 2536 1396 2567 statum
1408 2539 1479 2576 reip.
1489 2547 1550 2577 quo
1561 2547 1642 2567 nunc
1654 2538 1779 2569 utimur,
1790 2535 1881 2565 simili
1892 2535 2060 2576 splendore,

1100 2581 1132 2610 &
1143 2579 1286 2621 dignitate
1296 2578 1455 2610 consilium
1469 2579 1586 2608 nullum
1599 2577 1696 2609 fuiffe.
1729 2581 1829 2619 Qatn
1849 2576 1903 2607 iste
1921 2577 2040 2607 laudem
2054 2597 2063 2611 ‚

1098 2631 1301 2652 communem
1317 2623 1356 2651 ait
1372 2620 1425 2650 sibi
1442 2619 1498 2650 esse
1515 2631 1654 2651 mecum:
1673 2622 1725 2660 qui
1736 2621 1808 2650 curn
1824 2622 1854 2650 P.
1871 2619 1999 2649 Galbam
2021 2620 2066 2653 ju-

1098 2664 1196 2695 dicem
1207 2662 1353 2704 rejeciss‘et
1363 2684 1370 2696 ,
1388 2665 1431 2692 M.
1447 2664 1622 2692 Lucretium
1631 2664 1772 2692 retinuit:
1791 2662 1841 2695 &‚
1854 2671 1925 2692 cum
1937 2662 2001 2701 ejus
2012 2671 2065 2701 pa·-

1100 2716 1203 2736 tronus
1213 2716 1250 2735 ex
1263 2716 1300 2735 eo
1309 2714 1454 2746 quaereret
1463 2725 1471 2738 ,
1490 2714 1542 2734 cur
1557 2705 1625 2734 suos
1635 2702 1899 2737 familiarissimos,
1920 2707 1987 2733 Sex.
2000 2705 2063 2733 Pae-

1099 2748 1243 2781 duceum,
1254 2745 1488 2787 QConsidium,
1498 2744 1512 2765 ⁶
1524 2747 1699 2786 QIunium
1708 2747 1791 2785 rejici
1799 2744 1895 2785 passus
1910 2744 1997 2776 esset:
2016 2755 2063 2774 re-

1099 2789 1238 2830 spondit,
1248 2789 1329 2830 quod
1340 2798 1391 2819 eos
1402 2789 1608 2828 injudicando
1618 2788 1880 2827 nimiumsuijuru,
1891 2788 2063 2818 sententiae·

87 2828 208 2862 confina
217 2831 378 2862 senatoriaz
397 2831 576 2874 quaestiones
585 2834 730 2863 omnium
739 2841 927 2873 perrumpat:
948 2832 1048 2863 evolet
1071 2843 1076 2868 ι
1098 2842 1157 2874 que
1169 2831 1368 2874 cognosceret.
1392 2833 1494 2872 Itaque
1504 2850 1513 2865 ,
1520 2829 1673 2871 judicibus
1684 2829 1801 2871 rejectis
1813 2850 1821 2864 ,
1841 2830 1990 2871 sperabam
1999 2830 2066 2869 jam·

1982 2881 2062 2901 ORUS

126 2980 150 2999 1.
169 2976 213 3001 Cui
221 2975 333 3002 damnari
342 2977 484 3011 expediret]
510 2978 703 3013 interpretatus
714 2975 768 3002 sum
780 2976 849 3001 hunc
859 2975 946 3001 locum
958 2982 1051 3001 contra
1069 2976 1072 3017 Ι
1090 2972 1224 3012 primariis
1236 2983 1244 3005 3
1265 2975 1292 3001 3<
1304 2974 1337 3000 fic
1346 2972 1423 2998 scribi
1442 2970 1538 2998 debere
1548 2971 1636 3007 liquet
1646 2980 1679 2998 ex
1692 2971 1778 2998 verbis
1791 2970 1879 2997 Sabini
1898 2969 1966 3006 apud
1978 2972 2059 2996 Sene-

88 3007 201 3036 Paediani
220 3010 375 3039 sententiani
389 3033 396 3045 ‚
414 3012 446 3039 ad
456 3012 524 3039 illud
538 3013 623 3040 Taciti
635 3013 683 3039 lib.
695 3021 742 3039 XV.
755 3013 853 3038 Anna).
864 3021 921 3048 cap⁴
933 3012 980 3037 63.
999 3015 1051 3038 Non
1090 3022 1146 3038 cain
1161 3011 1237 3037 libris
1248 3009 1501 3037 contrmersiarum.

88 3047 160 3070 aliter
168 3048 305 3079 totflagitiio·
315 3050 495 3083 ejussub‘veniri
500 3050 568 3082 poffl'.

125 3089 154 3106 2.
172 3083 359 3117 ‘Probabitfidem
368 3086 396 3116 <3-
405 3086 596 3120 auHcrirar-’mj
619 3085 801 3112 Lambinianae
811 3083 915 3119 aliquot
925 3082 987 3109 edd.
994 3090 1051 3116 pro-

87 3116 159 3142 bavit
170 3135 177 3147 ‚
188 3125 277 3143 errore
287 3119 366 3145 credo
377 3121 579 3157 typographico.

126 3159 153 3186 3.
172 3155 200 3179 ln
209 3154 329 3182 lautumiis
341 3157 434 3191 istum]
459 3157 503 3183 Aa
514 3157 580 3185 hanc
590 3156 686 3184 faeiem
697 3155 819 3184 scribitur
829 3156 857 3184 in
868 3155 935 3183 Pan.
947 3155 974 3182 iii
986 3153 1048 3182 edd.

1123 3056 1152 3080 4.
1172 3049 1296 3079 (Amplius
1315 3053 1357 3071 ant
1372 3045 1497 3079 gratim]
1522 3045 1663 3081 Perperam
1682 3044 1781 3071 iterum
1805 3043 1909 3077 aliquot
1928 3041 2059 3068 editiones

1091 3083 1216 3110 Lambini
1225 3085 1338 3115 gravius.

1129 3128 1154 3152 ς.
1174 3123 1270 3144 Statum
1281 3120 1340 3150 reip.
1350 3126 1393 3150 quo
1402 3117 1588 3151 mmcmimur]
1608 3116 1771 3143 Gulielmius
1783 3113 1924 3142 conabatur
1936 3116 2047 3139 nitimur.

1125 3156 1153 3182 6.
1173 3157 1220 3189 Q.
1234 3153 1363 3188 ymnum]
1375 3153 1481 3189 eujaci‘i
1489 3153 1650 3182 membrana:
1663 3162 1671 3185 3
1684 3156 1791 3185 Vinum,
1804 3151 1874 3180 sorte
1885 3156 1895 3178 Ι
1904 3154 1988 3177 'mmm
2001 3185 2042 3210 με

1962 3194 1972 3212 i
1983 3206 1987 3211 .
2000 3191 2026 3209 „t
2044 3193 2060 3209 ³·
