<?xml version="1.0" encoding="UTF-8"?>
<!DOCTYPE html PUBLIC "-//W3C//DTD XHTML 1.0 Transitional//EN"
    "http://www.w3.org/TR/xhtml1/DTD/xhtml1-transitional.dtd">
<html xmlns="http://www.w3.org/1999/xhtml" xml:lang="en" lang="en">
 <head>
  <title>
</title>
<meta http-equiv="Content-Type" content="text/html;charset=utf-8" />
  <meta name='ocr-system' content='tesseract 3.04.00' />
  <meta name='ocr-capabilities' content='ocr_page ocr_carea ocr_par ocr_line ocrx_word'/>
</head>
<body>
  <div class='ocr_page' id='page_1' title='image "./mtuliiciceroniso00cice/mtuliiciceroniso00cice_0600.png"; bbox 0 0 2337 3400; ppageno 0'>
   <div class='ocr_carea' id='block_1_1' title="bbox 239 121 1157 194">
    <p class='ocr_par' dir='ltr' id='par_1_1' title="bbox 239 121 1157 194">
     <span class='ocr_line' id='line_1_1' title="bbox 239 121 1157 194; baseline -0.021 -15"><span class='ocrx_word' id='word_1_1' title='bbox 239 148 332 194; x_wconf 83' lang='lat'>522</span> <span class='ocrx_word' id='word_1_2' title='bbox 644 121 1157 172; x_wconf 77' lang='lat' dir='ltr'>M.TUL1.11</span> 
     </span>
    </p>
   </div>
   <div class='ocr_carea' id='block_1_2' title="bbox 238 196 1214 908">
    <p class='ocr_par' dir='ltr' id='par_1_2' title="bbox 238 196 1214 908">
     <span class='ocr_line' id='line_1_2' title="bbox 238 196 1201 251; baseline -0.018 -10"><span class='ocrx_word' id='word_1_3' title='bbox 238 210 320 242; x_wconf 82' lang='lat' dir='ltr'>tibus</span> <span class='ocrx_word' id='word_1_4' title='bbox 329 207 460 251; x_wconf 74' lang='lat' dir='ltr'>oppressa</span> <span class='ocrx_word' id='word_1_5' title='bbox 471 214 557 236; x_wconf 82' lang='lat' dir='ltr'>mens</span> <span class='ocrx_word' id='word_1_6' title='bbox 567 201 637 235; x_wconf 83' lang='lat' dir='ltr'>esl&#39;et</span> <span class='ocrx_word' id='word_1_7' title='bbox 648 224 656 238; x_wconf 91' lang='lat'>‚</span> <span class='ocrx_word' id='word_1_8' title='bbox 676 211 849 233; x_wconf 86' lang='lat' dir='ltr'>extremum</span> <span class='ocrx_word' id='word_1_9' title='bbox 859 200 979 232; x_wconf 85' lang='lat' dir='ltr'>sensum</span> <span class='ocrx_word' id='word_1_10' title='bbox 992 198 1027 229; x_wconf 87' lang='lat' dir='ltr'>ad</span> <span class='ocrx_word' id='word_1_11' title='bbox 1038 196 1201 227; x_wconf 75' lang='lat' dir='ltr'>memoriam</span> 
     </span>
     <span class='ocr_line' id='line_1_3' title="bbox 243 237 1201 292; baseline -0.017 -9"><span class='ocrx_word' id='word_1_12' title='bbox 243 252 371 292; x_wconf 84' lang='lat' dir='ltr'>reipubl.</span> <span class='ocrx_word' id='word_1_13' title='bbox 384 249 545 280; x_wconf 81' lang='lat' dir='ltr'>reservabat</span> <span class='ocrx_word' id='word_1_14' title='bbox 559 257 564 275; x_wconf 98' lang='lat'>:</span> <span class='ocrx_word' id='word_1_15' title='bbox 587 246 659 276; x_wconf 77' lang='lat' dir='ltr'>curn</span> <span class='ocrx_word' id='word_1_16' title='bbox 680 255 728 274; x_wconf 88' lang='lat' dir='ltr'>me</span> <span class='ocrx_word' id='word_1_17' title='bbox 740 247 862 274; x_wconf 84' lang='lat' dir='ltr'>intuens</span> <span class='ocrx_word' id='word_1_18' title='bbox 879 241 1004 272; x_wconf 76' lang='lat' dir='ltr'>flentem</span> <span class='ocrx_word' id='word_1_19' title='bbox 1021 237 1201 281; x_wconf 81' lang='lat' dir='ltr'>significabat</span> 
     </span>
     <span class='ocr_line' id='line_1_4' title="bbox 247 279 1197 331; baseline -0.015 -8"><span class='ocrx_word' id='word_1_20' title='bbox 247 294 419 331; x_wconf 78' lang='lat' dir='ltr'>interruptis</span> <span class='ocrx_word' id='word_1_21' title='bbox 432 311 439 323; x_wconf 95' lang='lat'>‚</span> <span class='ocrx_word' id='word_1_22' title='bbox 451 298 536 330; x_wconf 89' lang='lat' dir='ltr'>atque</span> <span class='ocrx_word' id='word_1_23' title='bbox 546 287 749 319; x_wconf 88' lang='lat' dir='ltr'>morientibus</span> <span class='ocrx_word' id='word_1_24' title='bbox 758 285 884 316; x_wconf 89' lang='lat' dir='ltr'>vocibus</span> <span class='ocrx_word' id='word_1_25' title='bbox 895 304 903 318; x_wconf 85' lang='lat'>‚</span> <span class='ocrx_word' id='word_1_26' title='bbox 918 292 1027 325; x_wconf 84' lang='lat' dir='ltr'>quanta</span> <span class='ocrx_word' id='word_1_27' title='bbox 1038 279 1197 321; x_wconf 67' lang='lat' dir='ltr'>impende-</span> 
     </span>
     <span class='ocr_line' id='line_1_5' title="bbox 241 323 1202 373; baseline -0.012 -9"><span class='ocrx_word' id='word_1_28' title='bbox 241 340 292 365; x_wconf 81' lang='lat' dir='ltr'>&#39;ret</span> <span class='ocrx_word' id='word_1_29' title='bbox 303 333 434 373; x_wconf 83' lang='lat' dir='ltr'>procella</span> <span class='ocrx_word' id='word_1_30' title='bbox 444 332 510 361; x_wconf 89' lang='lat' dir='ltr'>urbi</span> <span class='ocrx_word' id='word_1_31' title='bbox 522 351 530 364; x_wconf 93' lang='lat'>‚</span> <span class='ocrx_word' id='word_1_32' title='bbox 546 339 654 371; x_wconf 85' lang='lat' dir='ltr'>quanta</span> <span class='ocrx_word' id='word_1_33' title='bbox 672 327 829 368; x_wconf 88' lang='lat' dir='ltr'>tempestas</span> <span class='ocrx_word' id='word_1_34' title='bbox 838 328 967 358; x_wconf 82' lang='lat' dir='ltr'>civitati:</span> <span class='ocrx_word' id='word_1_35' title='bbox 984 325 1016 354; x_wconf 85' lang='lat'>&amp;</span> <span class='ocrx_word' id='word_1_36' title='bbox 1025 323 1096 355; x_wconf 79' lang='lat' dir='ltr'>cum</span> <span class='ocrx_word' id='word_1_37' title='bbox 1109 324 1202 363; x_wconf 77' lang='lat' dir='ltr'>parie—</span> 
     </span>
     <span class='ocr_line' id='line_1_6' title="bbox 243 366 1203 414; baseline -0.013 -9"><span class='ocrx_word' id='word_1_38' title='bbox 243 385 311 406; x_wconf 69' lang='lat' dir='ltr'>tem</span> <span class='ocrx_word' id='word_1_39' title='bbox 323 375 395 414; x_wconf 83' lang='lat' dir='ltr'>saepe</span> <span class='ocrx_word' id='word_1_40' title='bbox 414 374 524 403; x_wconf 85' lang='lat' dir='ltr'>feriens</span> <span class='ocrx_word' id='word_1_41' title='bbox 536 382 607 402; x_wconf 87' lang='lat' dir='ltr'>eum</span> <span class='ocrx_word' id='word_1_42' title='bbox 619 392 628 405; x_wconf 89' lang='lat'>,</span> <span class='ocrx_word' id='word_1_43' title='bbox 646 372 700 412; x_wconf 91' lang='lat' dir='ltr'>qui</span> <span class='ocrx_word' id='word_1_44' title='bbox 709 380 779 400; x_wconf 92' lang='lat' dir='ltr'>cum</span> <span class='ocrx_word' id='word_1_45' title='bbox 790 369 946 410; x_wconf 71' lang='lat' dir='ltr'>QCatulo</span> <span class='ocrx_word' id='word_1_46' title='bbox 955 366 1049 397; x_wconf 75' lang='lat' dir='ltr'>fuerat</span> <span class='ocrx_word' id='word_1_47' title='bbox 1067 368 1097 395; x_wconf 88' lang='lat' dir='ltr'>ei</span> <span class='ocrx_word' id='word_1_48' title='bbox 1115 374 1203 395; x_wconf 92' lang='lat' dir='ltr'>corn-</span> 
     </span>
     <span class='ocr_line' id='line_1_7' title="bbox 251 407 1204 453; baseline -0.012 -7"><span class='ocrx_word' id='word_1_49' title='bbox 251 418 366 450; x_wconf 91' lang='lat' dir='ltr'>munis‚</span> <span class='ocrx_word' id='word_1_50' title='bbox 378 414 483 445; x_wconf 72' lang='lat' dir='ltr'>crebro</span> <span class='ocrx_word' id='word_1_51' title='bbox 498 414 638 444; x_wconf 84' lang='lat' dir='ltr'>Catulum</span> <span class='ocrx_word' id='word_1_52' title='bbox 650 434 658 446; x_wconf 93' lang='lat'>,</span> <span class='ocrx_word' id='word_1_53' title='bbox 671 413 743 453; x_wconf 81' lang='lat' dir='ltr'>saepe</span> <span class='ocrx_word' id='word_1_54' title='bbox 754 422 803 442; x_wconf 89' lang='lat' dir='ltr'>me</span> <span class='ocrx_word' id='word_1_55' title='bbox 814 432 822 445; x_wconf 94' lang='lat'>‚</span> <span class='ocrx_word' id='word_1_56' title='bbox 835 408 989 451; x_wconf 73' lang='lat' dir='ltr'>saepiffime</span> <span class='ocrx_word' id='word_1_57' title='bbox 997 407 1133 448; x_wconf 85' lang='lat' dir='ltr'>rempub.</span> <span class='ocrx_word' id='word_1_58' title='bbox 1147 416 1204 436; x_wconf 91' lang='lat' dir='ltr'>no-</span> 
     </span>
     <span class='ocr_line' id='line_1_8' title="bbox 251 447 1204 494; baseline -0.012 -6"><span class='ocrx_word' id='word_1_59' title='bbox 251 459 400 488; x_wconf 76' lang='lat' dir='ltr'>minabat:</span> <span class='ocrx_word' id='word_1_60' title='bbox 427 466 533 487; x_wconf 91' lang='lat' dir='ltr'>utnon</span> <span class='ocrx_word' id='word_1_61' title='bbox 543 465 601 486; x_wconf 89' lang='lat' dir='ltr'>tam</span> <span class='ocrx_word' id='word_1_62' title='bbox 616 456 641 486; x_wconf 88' lang='lat' dir='ltr'>se</span> <span class='ocrx_word' id='word_1_63' title='bbox 652 457 762 487; x_wconf 88' lang='lat' dir='ltr'>emori,</span> <span class='ocrx_word' id='word_1_64' title='bbox 773 463 862 494; x_wconf 89' lang='lat' dir='ltr'>quam</span> <span class='ocrx_word' id='word_1_65' title='bbox 874 452 994 493; x_wconf 87' lang='lat' dir='ltr'>spoliari</span> <span class='ocrx_word' id='word_1_66' title='bbox 1007 451 1059 481; x_wconf 90' lang='lat' dir='ltr'>suo</span> <span class='ocrx_word' id='word_1_67' title='bbox 1069 447 1204 490; x_wconf 78' lang='lat' dir='ltr'>praesidio</span> 
     </span>
     <span class='ocr_line' id='line_1_9' title="bbox 243 493 1204 540; baseline -0.011 -10"><span class='ocrx_word' id='word_1_68' title='bbox 243 499 324 530; x_wconf 69' lang='lat' dir='ltr'>cum</span> <span class='ocrx_word' id='word_1_69' title='bbox 336 501 470 540; x_wconf 88' lang='lat' dir='ltr'>patriam,</span> <span class='ocrx_word' id='word_1_70' title='bbox 483 507 548 528; x_wconf 89' lang='lat' dir='ltr'>tum</span> <span class='ocrx_word' id='word_1_71' title='bbox 558 499 648 528; x_wconf 88' lang='lat' dir='ltr'>etiam</span> <span class='ocrx_word' id='word_1_72' title='bbox 660 506 710 526; x_wconf 90' lang='lat' dir='ltr'>me</span> <span class='ocrx_word' id='word_1_73' title='bbox 718 496 841 527; x_wconf 87' lang='lat' dir='ltr'>doleret.</span> <span class='ocrx_word' id='word_1_74' title='bbox 857 498 957 535; x_wconf 84' lang='lat' dir='ltr'>Qem</span> <span class='ocrx_word' id='word_1_75' title='bbox 966 493 1090 534; x_wconf 87' lang='lat' dir='ltr'>quidem</span> <span class='ocrx_word' id='word_1_76' title='bbox 1105 494 1204 520; x_wconf 89' lang='lat' dir='ltr'>virum</span> 
     </span>
     <span class='ocr_line' id='line_1_10' title="bbox 252 532 1206 581; baseline -0.013 -9"><span class='ocrx_word' id='word_1_77' title='bbox 252 540 273 572; x_wconf 90' lang='lat' dir='ltr'>si</span> <span class='ocrx_word' id='word_1_78' title='bbox 285 542 368 572; x_wconf 87' lang='lat' dir='ltr'>nulla</span> <span class='ocrx_word' id='word_1_79' title='bbox 378 543 422 571; x_wconf 85' lang='lat' dir='ltr'>vis</span> <span class='ocrx_word' id='word_1_80' title='bbox 433 541 582 581; x_wconf 79' lang='lat' dir='ltr'>repentini</span> <span class='ocrx_word' id='word_1_81' title='bbox 594 540 709 570; x_wconf 85' lang='lat' dir='ltr'>sceleris</span> <span class='ocrx_word' id='word_1_82' title='bbox 719 536 892 569; x_wconf 71' lang='lat' dir='ltr'>sustulisset:</span> <span class='ocrx_word' id='word_1_83' title='bbox 905 545 1037 577; x_wconf 86' lang='lat' dir='ltr'>quonam</span> <span class='ocrx_word' id='word_1_84' title='bbox 1050 532 1145 563; x_wconf 89' lang='lat' dir='ltr'>modo</span> <span class='ocrx_word' id='word_1_85' title='bbox 1156 532 1206 561; x_wconf 91' lang='lat' dir='ltr'>ille</span> 
     </span>
     <span class='ocr_line' id='line_1_11' title="bbox 252 573 1207 622; baseline -0.013 -8"><span class='ocrx_word' id='word_1_86' title='bbox 252 582 365 614; x_wconf 83' lang='lat' dir='ltr'>furenti</span> <span class='ocrx_word' id='word_1_87' title='bbox 380 582 461 613; x_wconf 86' lang='lat' dir='ltr'>fratri</span> <span class='ocrx_word' id='word_1_88' title='bbox 478 583 531 612; x_wconf 91' lang='lat' dir='ltr'>suo</span> <span class='ocrx_word' id='word_1_89' title='bbox 540 582 665 622; x_wconf 83' lang='lat' dir='ltr'>patrueli</span> <span class='ocrx_word' id='word_1_90' title='bbox 680 580 844 611; x_wconf 87' lang='lat' dir='ltr'>consularis</span> <span class='ocrx_word' id='word_1_91' title='bbox 854 575 1002 609; x_wconf 79' lang='lat' dir='ltr'>restitiss&#39;et</span> <span class='ocrx_word' id='word_1_92' title='bbox 1013 597 1021 610; x_wconf 88' lang='lat'><em>,</em></span> <span class='ocrx_word' id='word_1_93' title='bbox 1041 577 1093 616; x_wconf 89' lang='lat' dir='ltr'>qui</span> <span class='ocrx_word' id='word_1_94' title='bbox 1105 573 1207 618; x_wconf 82' lang='lat' dir='ltr'>consul</span> 
     </span>
     <span class='ocr_line' id='line_1_12' title="bbox 241 618 1209 665; baseline -0.011 -10"><span class='ocrx_word' id='word_1_95' title='bbox 241 627 450 665; x_wconf 73' lang='lat' dir='ltr'>‘incipientem</span> <span class='ocrx_word' id='word_1_96' title='bbox 462 624 558 654; x_wconf 88' lang='lat' dir='ltr'>furere</span> <span class='ocrx_word' id='word_1_97' title='bbox 567 644 576 656; x_wconf 81' lang='lat'>‚</span> <span class='ocrx_word' id='word_1_98' title='bbox 586 632 672 664; x_wconf 87' lang='lat' dir='ltr'>atque</span> <span class='ocrx_word' id='word_1_99' title='bbox 682 631 843 658; x_wconf 73' lang='lat' dir='ltr'>conantem</span> <span class='ocrx_word' id='word_1_100' title='bbox 857 641 864 654; x_wconf 88' lang='lat'>‚</span> <span class='ocrx_word' id='word_1_101' title='bbox 878 621 924 650; x_wconf 85' lang='lat' dir='ltr'>sua</span> <span class='ocrx_word' id='word_1_102' title='bbox 936 620 964 650; x_wconf 89' lang='lat' dir='ltr'>se</span> <span class='ocrx_word' id='word_1_103' title='bbox 975 628 1066 648; x_wconf 86' lang='lat' dir='ltr'>manu</span> <span class='ocrx_word' id='word_1_104' title='bbox 1085 618 1209 646; x_wconf 76' lang='lat' dir='ltr'>interie-</span> 
     </span>
     <span class='ocr_line' id='line_1_13' title="bbox 252 660 1211 703; baseline -0.011 -6"><span class='ocrx_word' id='word_1_105' title='bbox 252 666 386 700; x_wconf 59' lang='lat' dir='ltr'>crurum,</span> <span class='ocrx_word' id='word_1_106' title='bbox 396 666 536 696; x_wconf 83' lang='lat' dir='ltr'>audiente</span> <span class='ocrx_word' id='word_1_107' title='bbox 545 666 657 699; x_wconf 88' lang='lat' dir='ltr'>senatu,</span> <span class='ocrx_word' id='word_1_108' title='bbox 669 665 801 695; x_wconf 80' lang='lat' dir='ltr'>dixerit?</span> <span class='ocrx_word' id='word_1_109' title='bbox 821 667 866 694; x_wconf 89' lang='lat' dir='ltr'>Ex</span> <span class='ocrx_word' id='word_1_110' title='bbox 878 664 930 692; x_wconf 83' lang='lat' dir='ltr'>hac</span> <span class='ocrx_word' id='word_1_111' title='bbox 939 663 1026 703; x_wconf 87' lang='lat' dir='ltr'>igitur</span> <span class='ocrx_word' id='word_1_112' title='bbox 1037 660 1132 689; x_wconf 89' lang='lat' dir='ltr'>domo</span> <span class='ocrx_word' id='word_1_113' title='bbox 1142 667 1211 697; x_wconf 88' lang='lat' dir='ltr'>pro-</span> 
     </span>
     <span class='ocr_line' id='line_1_14' title="bbox 239 700 1211 749; baseline -0.012 -10"><span class='ocrx_word' id='word_1_114' title='bbox 239 707 347 749; x_wconf 78' lang='lat' dir='ltr'>&#39;greffa</span> <span class='ocrx_word' id='word_1_115' title='bbox 369 708 422 739; x_wconf 86' lang='lat' dir='ltr'>ista</span> <span class='ocrx_word' id='word_1_116' title='bbox 440 708 553 738; x_wconf 89' lang='lat' dir='ltr'>mulier</span> <span class='ocrx_word' id='word_1_117' title='bbox 570 727 579 741; x_wconf 79' lang='lat'>,</span> <span class='ocrx_word' id='word_1_118' title='bbox 606 707 642 738; x_wconf 91' lang='lat' dir='ltr'>de</span> <span class='ocrx_word' id='word_1_119' title='bbox 660 708 773 737; x_wconf 89' lang='lat' dir='ltr'>veneni</span> <span class='ocrx_word' id='word_1_120' title='bbox 790 706 938 735; x_wconf 88' lang='lat' dir='ltr'>celeritate</span> <span class='ocrx_word' id='word_1_121' title='bbox 955 703 1054 733; x_wconf 85' lang='lat' dir='ltr'>dicere</span> <span class='ocrx_word' id='word_1_122' title='bbox 1070 700 1211 730; x_wconf 83' lang='lat' dir='ltr'>audebit?</span> 
     </span>
     <span class='ocr_line' id='line_1_15' title="bbox 256 742 1214 790; baseline -0.011 -10"><span class='ocrx_word' id='word_1_123' title='bbox 256 751 466 790; x_wconf 89' lang='lat' dir='ltr'>nonneipsam</span> <span class='ocrx_word' id='word_1_124' title='bbox 487 750 618 780; x_wconf 88' lang='lat' dir='ltr'>domum</span> <span class='ocrx_word' id='word_1_125' title='bbox 635 757 767 781; x_wconf 86' lang='lat' dir='ltr'>metuet,</span> <span class='ocrx_word' id='word_1_126' title='bbox 791 752 800 767; x_wconf 92' lang='lat'>¹</span> <span class='ocrx_word' id='word_1_127' title='bbox 813 756 950 787; x_wconf 90' lang='lat' dir='ltr'>nequam</span> <span class='ocrx_word' id='word_1_128' title='bbox 969 753 1078 774; x_wconf 79' lang='lat' dir='ltr'>vocem</span> <span class='ocrx_word' id='word_1_129' title='bbox 1095 742 1214 771; x_wconf 88' lang='lat' dir='ltr'>eliciat?</span> 
     </span>
     <span class='ocr_line' id='line_1_16' title="bbox 254 783 1213 832; baseline -0.013 -9"><span class='ocrx_word' id='word_1_130' title='bbox 254 802 319 822; x_wconf 89' lang='lat' dir='ltr'>non</span> <span class='ocrx_word' id='word_1_131' title='bbox 330 795 453 832; x_wconf 88' lang='lat' dir='ltr'>parietes</span> <span class='ocrx_word' id='word_1_132' title='bbox 464 792 614 825; x_wconf 82' lang='lat' dir='ltr'>conscios,</span> <span class='ocrx_word' id='word_1_133' title='bbox 626 801 688 821; x_wconf 89' lang='lat' dir='ltr'>non</span> <span class='ocrx_word' id='word_1_134' title='bbox 699 789 822 820; x_wconf 62' lang='lat' dir='ltr'>nfflstem</span> <span class='ocrx_word' id='word_1_135' title='bbox 833 789 917 818; x_wconf 84' lang='lat' dir='ltr'>illam</span> <span class='ocrx_word' id='word_1_136' title='bbox 936 784 1084 817; x_wconf 84' lang='lat' dir='ltr'>funestam</span> <span class='ocrx_word' id='word_1_137' title='bbox 1096 803 1104 817; x_wconf 92' lang='lat'>‚</span> <span class='ocrx_word' id='word_1_138' title='bbox 1124 793 1156 813; x_wconf 94' lang='lat' dir='ltr'>ac</span> <span class='ocrx_word' id='word_1_139' title='bbox 1167 783 1213 811; x_wconf 78' lang='lat' dir='ltr'>lu-</span> 
     </span>
     <span class='ocr_line' id='line_1_17' title="bbox 256 825 1214 874; baseline -0.011 -10"><span class='ocrx_word' id='word_1_140' title='bbox 256 833 391 864; x_wconf 70' lang='lat' dir='ltr'>&amp;uosam</span> <span class='ocrx_word' id='word_1_141' title='bbox 403 834 621 874; x_wconf 75' lang='lat' dir='ltr'>perhorrescet?</span> <span class='ocrx_word' id='word_1_142' title='bbox 639 832 694 863; x_wconf 87' lang='lat' dir='ltr'>Sed</span> <span class='ocrx_word' id='word_1_143' title='bbox 705 841 831 862; x_wconf 87' lang='lat' dir='ltr'>revertar</span> <span class='ocrx_word' id='word_1_144' title='bbox 844 830 879 860; x_wconf 93' lang='lat' dir='ltr'>ad</span> <span class='ocrx_word' id='word_1_145' title='bbox 889 831 1014 859; x_wconf 82' lang='lat' dir='ltr'>crimen.</span> <span class='ocrx_word' id='word_1_146' title='bbox 1026 828 1140 856; x_wconf 86' lang='lat' dir='ltr'>etenim</span> <span class='ocrx_word' id='word_1_147' title='bbox 1152 825 1214 854; x_wconf 85' lang='lat' dir='ltr'>haec</span> 
     </span>
     <span class='ocr_line' id='line_1_18' title="bbox 256 868 1213 908; baseline -0.013 -1"><span class='ocrx_word' id='word_1_148' title='bbox 256 875 333 906; x_wconf 65' lang='lat' dir='ltr'>faeta</span> <span class='ocrx_word' id='word_1_149' title='bbox 343 877 426 906; x_wconf 91' lang='lat' dir='ltr'>illius</span> <span class='ocrx_word' id='word_1_150' title='bbox 437 873 589 906; x_wconf 81' lang='lat' dir='ltr'>clarissimi</span> <span class='ocrx_word' id='word_1_151' title='bbox 600 895 609 908; x_wconf 84' lang='lat'>‚</span> <span class='ocrx_word' id='word_1_152' title='bbox 631 885 662 904; x_wconf 92' lang='lat' dir='ltr'>ac</span> <span class='ocrx_word' id='word_1_153' title='bbox 672 871 826 903; x_wconf 78' lang='lat' dir='ltr'>fortifl&#39;imi</span> <span class='ocrx_word' id='word_1_154' title='bbox 838 873 894 901; x_wconf 89' lang='lat' dir='ltr'>viri</span> <span class='ocrx_word' id='word_1_155' title='bbox 904 871 1023 900; x_wconf 82' lang='lat' dir='ltr'>mentio</span> <span class='ocrx_word' id='word_1_156' title='bbox 1033 888 1042 902; x_wconf 89' lang='lat'>‚</span> <span class='ocrx_word' id='word_1_157' title='bbox 1063 868 1096 898; x_wconf 90' lang='lat'>&amp;</span> <span class='ocrx_word' id='word_1_158' title='bbox 1105 876 1213 897; x_wconf 89' lang='lat' dir='ltr'>vocem</span> 
     </span>
    </p>
   </div>
   <div class='ocr_carea' id='block_1_3' title="bbox 190 907 1238 956">
    <p class='ocr_par' dir='ltr' id='par_1_3' title="bbox 190 907 1238 956">
     <span class='ocr_line' id='line_1_19' title="bbox 190 907 1238 956; baseline -0.011 -7"><span class='ocrx_word' id='word_1_159' title='bbox 190 924 236 956; x_wconf 83' lang='lat'>25</span> <span class='ocrx_word' id='word_1_160' title='bbox 257 928 355 948; x_wconf 89' lang='lat' dir='ltr'>meam</span> <span class='ocrx_word' id='word_1_161' title='bbox 368 917 439 948; x_wconf 88' lang='lat' dir='ltr'>fletu</span> <span class='ocrx_word' id='word_1_162' title='bbox 450 917 639 950; x_wconf 80' lang='lat' dir='ltr'>debilitavit,</span> <span class='ocrx_word' id='word_1_163' title='bbox 662 916 693 945; x_wconf 91' lang='lat'><strong>&amp;</strong></span> <span class='ocrx_word' id='word_1_164' title='bbox 705 923 840 944; x_wconf 86' lang='lat' dir='ltr'>mentem</span> <span class='ocrx_word' id='word_1_165' title='bbox 851 913 956 943; x_wconf 89' lang='lat' dir='ltr'>dolore</span> <span class='ocrx_word' id='word_1_166' title='bbox 966 910 1136 951; x_wconf 86' lang='lat' dir='ltr'>impedivit.</span> <span class='ocrx_word' id='word_1_167' title='bbox 1160 907 1216 938; x_wconf 85' lang='lat' dir='ltr'>Sed</span> <span class='ocrx_word' id='word_1_168' title='bbox 1236 917 1238 924; x_wconf 68' lang='grc'>’</span> 
     </span>
    </p>
   </div>
   <div class='ocr_carea' id='block_1_4' title="bbox 254 948 1224 1751">
    <p class='ocr_par' dir='ltr' id='par_1_4' title="bbox 254 948 1224 1751">
     <span class='ocr_line' id='line_1_20' title="bbox 258 948 1216 996; baseline -0.013 -5"><span class='ocrx_word' id='word_1_169' title='bbox 258 969 361 991; x_wconf 88' lang='lat' dir='ltr'>tamen</span> <span class='ocrx_word' id='word_1_170' title='bbox 373 969 526 990; x_wconf 85' lang='lat' dir='ltr'>venenum</span> <span class='ocrx_word' id='word_1_171' title='bbox 537 958 617 988; x_wconf 87' lang='lat' dir='ltr'>unde</span> <span class='ocrx_word' id='word_1_172' title='bbox 628 957 718 987; x_wconf 87' lang='lat' dir='ltr'>fuerit</span> <span class='ocrx_word' id='word_1_173' title='bbox 731 978 739 989; x_wconf 92' lang='lat'><strong><em>,</em></strong></span> <span class='ocrx_word' id='word_1_174' title='bbox 757 953 1016 996; x_wconf 85' lang='lat' dir='ltr'>quemadmodum</span> <span class='ocrx_word' id='word_1_175' title='bbox 1027 961 1159 993; x_wconf 85' lang='lat' dir='ltr'>paratum</span> <span class='ocrx_word' id='word_1_176' title='bbox 1170 948 1216 983; x_wconf 85' lang='lat' dir='ltr'>sit,</span> 
     </span>
     <span class='ocr_line' id='line_1_21' title="bbox 254 992 1216 1038; baseline -0.012 -5"><span class='ocrx_word' id='word_1_177' title='bbox 254 1012 319 1033; x_wconf 90' lang='lat' dir='ltr'>non</span> <span class='ocrx_word' id='word_1_178' title='bbox 330 1002 446 1032; x_wconf 86' lang='lat' dir='ltr'>dicitur.</span> <span class='ocrx_word' id='word_1_179' title='bbox 472 1004 585 1031; x_wconf 85' lang='lat' dir='ltr'>Datum</span> <span class='ocrx_word' id='word_1_180' title='bbox 596 998 653 1029; x_wconf 72' lang='lat' dir='ltr'>ess&#39;e</span> <span class='ocrx_word' id='word_1_181' title='bbox 666 1000 723 1028; x_wconf 87' lang='lat' dir='ltr'>hoc</span> <span class='ocrx_word' id='word_1_182' title='bbox 731 999 814 1038; x_wconf 80' lang='lat' dir='ltr'>ajunt</span> <span class='ocrx_word' id='word_1_183' title='bbox 824 1000 853 1027; x_wconf 88' lang='lat' dir='ltr'>P.</span> <span class='ocrx_word' id='word_1_184' title='bbox 864 998 997 1029; x_wconf 85' lang='lat' dir='ltr'>Licinio,</span> <span class='ocrx_word' id='word_1_185' title='bbox 1009 994 1136 1035; x_wconf 89' lang='lat' dir='ltr'>pudenti</span> <span class='ocrx_word' id='word_1_186' title='bbox 1145 992 1216 1022; x_wconf 86' lang='lat' dir='ltr'>ado-</span> 
     </span>
     <span class='ocr_line' id='line_1_22' title="bbox 255 1033 1215 1077; baseline -0.01 -3"><span class='ocrx_word' id='word_1_187' title='bbox 255 1044 379 1074; x_wconf 86' lang='lat' dir='ltr'>lescenti</span> <span class='ocrx_word' id='word_1_188' title='bbox 391 1063 398 1077; x_wconf 88' lang='lat'>‚</span> <span class='ocrx_word' id='word_1_189' title='bbox 420 1044 451 1073; x_wconf 88' lang='lat'>&amp;</span> <span class='ocrx_word' id='word_1_190' title='bbox 463 1043 546 1073; x_wconf 92' lang='lat' dir='ltr'>bono</span> <span class='ocrx_word' id='word_1_191' title='bbox 558 1061 566 1075; x_wconf 80' lang='lat'><em>,</em></span> <span class='ocrx_word' id='word_1_192' title='bbox 588 1041 678 1071; x_wconf 86' lang='lat' dir='ltr'>Coelii</span> <span class='ocrx_word' id='word_1_193' title='bbox 694 1039 837 1070; x_wconf 80' lang='lat' dir='ltr'>familiari</span> <span class='ocrx_word' id='word_1_194' title='bbox 850 1049 855 1068; x_wconf 90' lang='lat'>:</span> <span class='ocrx_word' id='word_1_195' title='bbox 878 1037 1077 1068; x_wconf 87' lang='lat' dir='ltr'>constitutum</span> <span class='ocrx_word' id='word_1_196' title='bbox 1100 1033 1215 1065; x_wconf 63' lang='lat' dir='ltr'>factum</span> 
     </span>
     <span class='ocr_line' id='line_1_23' title="bbox 257 1077 1217 1117; baseline -0.011 -1"><span class='ocrx_word' id='word_1_197' title='bbox 257 1084 316 1116; x_wconf 76' lang='lat' dir='ltr'>efl&#39;e</span> <span class='ocrx_word' id='word_1_198' title='bbox 326 1095 396 1116; x_wconf 91' lang='lat' dir='ltr'>cum</span> <span class='ocrx_word' id='word_1_199' title='bbox 410 1086 511 1117; x_wconf 83' lang='lat' dir='ltr'>servis,</span> <span class='ocrx_word' id='word_1_200' title='bbox 522 1093 556 1114; x_wconf 90' lang='lat' dir='ltr'>ut</span> <span class='ocrx_word' id='word_1_201' title='bbox 565 1085 703 1113; x_wconf 85' lang='lat' dir='ltr'>venirent</span> <span class='ocrx_word' id='word_1_202' title='bbox 713 1086 727 1102; x_wconf 90' lang='lat'><em>²</em></span> <span class='ocrx_word' id='word_1_203' title='bbox 737 1082 772 1112; x_wconf 88' lang='lat' dir='ltr'>ad</span> <span class='ocrx_word' id='word_1_204' title='bbox 784 1081 902 1112; x_wconf 85' lang='lat' dir='ltr'>balneas</span> <span class='ocrx_word' id='word_1_205' title='bbox 912 1082 1013 1110; x_wconf 88' lang='lat' dir='ltr'>Senias</span> <span class='ocrx_word' id='word_1_206' title='bbox 1026 1089 1031 1108; x_wconf 91' lang='lat'>:</span> <span class='ocrx_word' id='word_1_207' title='bbox 1044 1077 1151 1109; x_wconf 89' lang='lat' dir='ltr'>eodem</span> <span class='ocrx_word' id='word_1_208' title='bbox 1165 1078 1217 1106; x_wconf 82' lang='lat' dir='ltr'>Li-</span> 
     </span>
     <span class='ocr_line' id='line_1_24' title="bbox 256 1118 1216 1166; baseline -0.01 -9"><span class='ocrx_word' id='word_1_209' title='bbox 256 1129 376 1158; x_wconf 89' lang='lat' dir='ltr'>cinium</span> <span class='ocrx_word' id='word_1_210' title='bbox 388 1125 444 1156; x_wconf 81' lang='lat' dir='ltr'>ess&#39;e</span> <span class='ocrx_word' id='word_1_211' title='bbox 454 1135 616 1155; x_wconf 88' lang='lat' dir='ltr'>venturum</span> <span class='ocrx_word' id='word_1_212' title='bbox 629 1145 636 1158; x_wconf 92' lang='lat'>‚</span> <span class='ocrx_word' id='word_1_213' title='bbox 657 1133 743 1166; x_wconf 88' lang='lat' dir='ltr'>atque</span> <span class='ocrx_word' id='word_1_214' title='bbox 754 1125 791 1154; x_wconf 86' lang='lat' dir='ltr'>iis</span> <span class='ocrx_word' id='word_1_215' title='bbox 801 1123 912 1153; x_wconf 87' lang='lat' dir='ltr'>veneni</span> <span class='ocrx_word' id='word_1_216' title='bbox 929 1121 1075 1162; x_wconf 86' lang='lat' dir='ltr'>pyxidem</span> <span class='ocrx_word' id='word_1_217' title='bbox 1093 1118 1216 1149; x_wconf 80' lang='lat' dir='ltr'>traditu-</span> 
     </span>
     <span class='ocr_line' id='line_1_25' title="bbox 257 1158 1214 1207; baseline -0.01 -8"><span class='ocrx_word' id='word_1_218' title='bbox 257 1179 338 1200; x_wconf 80' lang='lat' dir='ltr'>rum.</span> <span class='ocrx_word' id='word_1_219' title='bbox 372 1167 431 1198; x_wconf 86' lang='lat' dir='ltr'>Hic</span> <span class='ocrx_word' id='word_1_220' title='bbox 448 1166 584 1207; x_wconf 77' lang='lat' dir='ltr'>primum</span> <span class='ocrx_word' id='word_1_221' title='bbox 602 1166 678 1197; x_wconf 91' lang='lat' dir='ltr'>illud</span> <span class='ocrx_word' id='word_1_222' title='bbox 700 1167 837 1207; x_wconf 84' lang='lat' dir='ltr'>requiro:</span> <span class='ocrx_word' id='word_1_223' title='bbox 869 1164 941 1205; x_wconf 86' lang='lat' dir='ltr'>quid</span> <span class='ocrx_word' id='word_1_224' title='bbox 965 1163 1120 1193; x_wconf 86' lang='lat' dir='ltr'>attinuerit</span> <span class='ocrx_word' id='word_1_225' title='bbox 1138 1158 1214 1190; x_wconf 91' lang='lat' dir='ltr'>illud</span> 
     </span>
     <span class='ocr_line' id='line_1_26' title="bbox 261 1201 1215 1240; baseline -0.008 -2"><span class='ocrx_word' id='word_1_226' title='bbox 261 1210 353 1240; x_wconf 80' lang='lat' dir='ltr'>3ferri</span> <span class='ocrx_word' id='word_1_227' title='bbox 368 1212 401 1239; x_wconf 90' lang='lat' dir='ltr'>in</span> <span class='ocrx_word' id='word_1_228' title='bbox 420 1220 491 1240; x_wconf 86' lang='lat' dir='ltr'>eum</span> <span class='ocrx_word' id='word_1_229' title='bbox 509 1210 613 1239; x_wconf 88' lang='lat' dir='ltr'>locum</span> <span class='ocrx_word' id='word_1_230' title='bbox 632 1207 849 1238; x_wconf 89' lang='lat' dir='ltr'>constitutum:</span> <span class='ocrx_word' id='word_1_231' title='bbox 873 1215 925 1236; x_wconf 89' lang='lat' dir='ltr'>cur</span> <span class='ocrx_word' id='word_1_232' title='bbox 939 1205 985 1234; x_wconf 90' lang='lat' dir='ltr'>illi</span> <span class='ocrx_word' id='word_1_233' title='bbox 1005 1205 1081 1234; x_wconf 90' lang='lat' dir='ltr'>servi</span> <span class='ocrx_word' id='word_1_234' title='bbox 1099 1212 1163 1232; x_wconf 90' lang='lat' dir='ltr'>non</span> <span class='ocrx_word' id='word_1_235' title='bbox 1180 1201 1215 1231; x_wconf 88' lang='lat' dir='ltr'>ad</span> 
     </span>
     <span class='ocr_line' id='line_1_27' title="bbox 257 1242 1217 1283; baseline -0.01 -1"><span class='ocrx_word' id='word_1_236' title='bbox 257 1252 390 1283; x_wconf 87' lang='lat' dir='ltr'>Coelium</span> <span class='ocrx_word' id='word_1_237' title='bbox 403 1251 533 1282; x_wconf 89' lang='lat' dir='ltr'>domum</span> <span class='ocrx_word' id='word_1_238' title='bbox 544 1252 692 1281; x_wconf 81' lang='lat' dir='ltr'>venerint.</span> <span class='ocrx_word' id='word_1_239' title='bbox 705 1249 724 1279; x_wconf 84' lang='lat' dir='ltr'>si</span> <span class='ocrx_word' id='word_1_240' title='bbox 735 1249 872 1279; x_wconf 86' lang='lat' dir='ltr'>manebat</span> <span class='ocrx_word' id='word_1_241' title='bbox 881 1255 959 1277; x_wconf 82' lang='lat' dir='ltr'>tanta</span> <span class='ocrx_word' id='word_1_242' title='bbox 969 1246 1020 1275; x_wconf 83' lang='lat' dir='ltr'>iila</span> <span class='ocrx_word' id='word_1_243' title='bbox 1029 1242 1217 1275; x_wconf 83' lang='lat' dir='ltr'>consuetudo</span> 
     </span>
     <span class='ocr_line' id='line_1_28' title="bbox 260 1286 1218 1332; baseline -0.013 -7"><span class='ocrx_word' id='word_1_244' title='bbox 260 1295 351 1325; x_wconf 83' lang='lat' dir='ltr'>Coelii</span> <span class='ocrx_word' id='word_1_245' title='bbox 361 1304 430 1323; x_wconf 87' lang='lat' dir='ltr'>curn</span> <span class='ocrx_word' id='word_1_246' title='bbox 443 1293 548 1323; x_wconf 89' lang='lat' dir='ltr'>Clodia</span> <span class='ocrx_word' id='word_1_247' title='bbox 560 1313 567 1325; x_wconf 86' lang='grc'>,</span> <span class='ocrx_word' id='word_1_248' title='bbox 581 1301 717 1332; x_wconf 88' lang='lat' dir='ltr'>tantaque</span> <span class='ocrx_word' id='word_1_249' title='bbox 727 1290 931 1320; x_wconf 85' lang='lat' dir='ltr'>familiaritas:</span> <span class='ocrx_word' id='word_1_250' title='bbox 954 1287 1028 1328; x_wconf 85' lang='lat' dir='ltr'>quid</span> <span class='ocrx_word' id='word_1_251' title='bbox 1041 1286 1218 1325; x_wconf 78' lang='lat' dir='ltr'>suspicionis</span> 
     </span>
     <span class='ocr_line' id='line_1_29' title="bbox 259 1326 1218 1375; baseline -0.013 -8"><span class='ocrx_word' id='word_1_252' title='bbox 259 1335 340 1369; x_wconf 77' lang='lat' dir='ltr'>esset,</span> <span class='ocrx_word' id='word_1_253' title='bbox 354 1334 372 1364; x_wconf 85' lang='lat' dir='ltr'>fi</span> <span class='ocrx_word' id='word_1_254' title='bbox 383 1335 459 1375; x_wconf 89' lang='lat' dir='ltr'>apud</span> <span class='ocrx_word' id='word_1_255' title='bbox 471 1335 603 1365; x_wconf 82' lang='lat' dir='ltr'>Ccelium</span> <span class='ocrx_word' id='word_1_256' title='bbox 616 1334 753 1362; x_wconf 89' lang='lat' dir='ltr'>mulieris</span> <span class='ocrx_word' id='word_1_257' title='bbox 764 1332 864 1362; x_wconf 88' lang='lat' dir='ltr'>servus</span> <span class='ocrx_word' id='word_1_258' title='bbox 873 1329 953 1360; x_wconf 83' lang='lat' dir='ltr'>visus</span> <span class='ocrx_word' id='word_1_259' title='bbox 963 1327 1053 1358; x_wconf 88' lang='lat' dir='ltr'>esset?</span> <span class='ocrx_word' id='word_1_260' title='bbox 1066 1326 1107 1357; x_wconf 87' lang='lat' dir='ltr'>sin</span> <span class='ocrx_word' id='word_1_261' title='bbox 1118 1335 1218 1356; x_wconf 87' lang='lat' dir='ltr'>autem</span> 
     </span>
     <span class='ocr_line' id='line_1_30' title="bbox 255 1368 1218 1420; baseline -0.011 -12"><span class='ocrx_word' id='word_1_262' title='bbox 255 1380 320 1420; x_wconf 88' lang='lat' dir='ltr'>jam</span> <span class='ocrx_word' id='word_1_263' title='bbox 332 1377 446 1407; x_wconf 82' lang='lat' dir='ltr'>suberat</span> <span class='ocrx_word' id='word_1_264' title='bbox 456 1375 588 1406; x_wconf 79' lang='lat' dir='ltr'>simultas</span> <span class='ocrx_word' id='word_1_265' title='bbox 601 1396 608 1409; x_wconf 89' lang='lat'>‚</span> <span class='ocrx_word' id='word_1_266' title='bbox 620 1374 769 1405; x_wconf 62' lang='lat' dir='ltr'>exstin6ht</span> <span class='ocrx_word' id='word_1_267' title='bbox 779 1382 838 1403; x_wconf 90' lang='lat' dir='ltr'>erat</span> <span class='ocrx_word' id='word_1_268' title='bbox 846 1370 1046 1403; x_wconf 84' lang='lat' dir='ltr'>consuetudo,</span> <span class='ocrx_word' id='word_1_269' title='bbox 1057 1368 1218 1399; x_wconf 85' lang='lat' dir='ltr'>discidium</span> 
     </span>
     <span class='ocr_line' id='line_1_31' title="bbox 258 1409 1220 1459; baseline -0.011 -9"><span class='ocrx_word' id='word_1_270' title='bbox 258 1419 425 1450; x_wconf 84' lang='lat' dir='ltr'>exstiterat:</span> <span class='ocrx_word' id='word_1_271' title='bbox 449 1420 520 1448; x_wconf 88' lang='lat' dir='ltr'>hinc</span> <span class='ocrx_word' id='word_1_272' title='bbox 531 1419 580 1447; x_wconf 65' lang='lat' dir='ltr'>illa</span> <span class='ocrx_word' id='word_1_273' title='bbox 589 1418 713 1459; x_wconf 53' lang='lat' dir='ltr'>lacrymae</span> <span class='ocrx_word' id='word_1_274' title='bbox 722 1417 869 1446; x_wconf 88' lang='lat' dir='ltr'>nimirum</span> <span class='ocrx_word' id='word_1_275' title='bbox 882 1434 890 1447; x_wconf 91' lang='lat'><strong>,</strong></span> <span class='ocrx_word' id='word_1_276' title='bbox 905 1413 937 1443; x_wconf 89' lang='lat'>&amp;</span> <span class='ocrx_word' id='word_1_277' title='bbox 947 1414 1009 1442; x_wconf 81' lang='lat' dir='ltr'>haec</span> <span class='ocrx_word' id='word_1_278' title='bbox 1019 1412 1102 1442; x_wconf 88' lang='lat' dir='ltr'>causa</span> <span class='ocrx_word' id='word_1_279' title='bbox 1111 1409 1153 1440; x_wconf 93' lang='lat' dir='ltr'>est</span> <span class='ocrx_word' id='word_1_280' title='bbox 1164 1411 1220 1439; x_wconf 89' lang='lat' dir='ltr'>ho-</span> 
     </span>
     <span class='ocr_line' id='line_1_32' title="bbox 256 1454 1218 1499; baseline -0.01 -8"><span class='ocrx_word' id='word_1_281' title='bbox 256 1472 327 1494; x_wconf 78' lang='lat' dir='ltr'>rum</span> <span class='ocrx_word' id='word_1_282' title='bbox 336 1463 479 1491; x_wconf 86' lang='lat' dir='ltr'>omnium</span> <span class='ocrx_word' id='word_1_283' title='bbox 491 1460 634 1490; x_wconf 88' lang='lat' dir='ltr'>scelerum</span> <span class='ocrx_word' id='word_1_284' title='bbox 646 1479 654 1493; x_wconf 89' lang='lat'>‚</span> <span class='ocrx_word' id='word_1_285' title='bbox 669 1468 755 1499; x_wconf 85' lang='lat' dir='ltr'>atque</span> <span class='ocrx_word' id='word_1_286' title='bbox 766 1459 944 1487; x_wconf 89' lang='lat' dir='ltr'>criminum.</span> <span class='ocrx_word' id='word_1_287' title='bbox 967 1457 1071 1484; x_wconf 90' lang='lat' dir='ltr'>Immo</span> <span class='ocrx_word' id='word_1_288' title='bbox 1082 1473 1090 1487; x_wconf 89' lang='lat'>‚</span> <span class='ocrx_word' id='word_1_289' title='bbox 1108 1454 1218 1493; x_wconf 90' lang='lat' dir='ltr'>inquit,</span> 
     </span>
     <span class='ocr_line' id='line_1_33' title="bbox 258 1494 1221 1535; baseline -0.011 -1"><span class='ocrx_word' id='word_1_290' title='bbox 258 1514 330 1535; x_wconf 89' lang='lat' dir='ltr'>cum</span> <span class='ocrx_word' id='word_1_291' title='bbox 346 1503 421 1533; x_wconf 90' lang='lat' dir='ltr'>servi</span> <span class='ocrx_word' id='word_1_292' title='bbox 440 1502 475 1532; x_wconf 90' lang='lat' dir='ltr'>ad</span> <span class='ocrx_word' id='word_1_293' title='bbox 487 1502 648 1532; x_wconf 87' lang='lat' dir='ltr'>dominam</span> <span class='ocrx_word' id='word_1_294' title='bbox 660 1510 724 1531; x_wconf 87' lang='lat' dir='ltr'>rem</span> <span class='ocrx_word' id='word_1_295' title='bbox 743 1498 828 1529; x_wconf 89' lang='lat' dir='ltr'>istam</span> <span class='ocrx_word' id='word_1_296' title='bbox 841 1519 849 1531; x_wconf 85' lang='lat'><em>,</em></span> <span class='ocrx_word' id='word_1_297' title='bbox 871 1498 904 1527; x_wconf 87' lang='lat'>&amp;</span> <span class='ocrx_word' id='word_1_298' title='bbox 923 1495 1111 1526; x_wconf 84' lang='lat' dir='ltr'>maleficium</span> <span class='ocrx_word' id='word_1_299' title='bbox 1131 1494 1221 1525; x_wconf 85' lang='lat' dir='ltr'>Coelii</span> 
     </span>
     <span class='ocr_line' id='line_1_34' title="bbox 256 1538 1221 1584; baseline -0.011 -8"><span class='ocrx_word' id='word_1_300' title='bbox 256 1543 432 1576; x_wconf 71' lang='lat' dir='ltr'>detulissent</span> <span class='ocrx_word' id='word_1_301' title='bbox 443 1566 452 1579; x_wconf 90' lang='lat'><em>,</em></span> <span class='ocrx_word' id='word_1_302' title='bbox 463 1544 574 1573; x_wconf 87' lang='lat' dir='ltr'>mulier</span> <span class='ocrx_word' id='word_1_303' title='bbox 584 1542 738 1584; x_wconf 88' lang='lat' dir='ltr'>ingeniosa</span> <span class='ocrx_word' id='word_1_304' title='bbox 751 1542 889 1582; x_wconf 87' lang='lat' dir='ltr'>praecepit</span> <span class='ocrx_word' id='word_1_305' title='bbox 900 1539 958 1568; x_wconf 90' lang='lat' dir='ltr'>suis</span> <span class='ocrx_word' id='word_1_306' title='bbox 970 1558 978 1572; x_wconf 91' lang='lat'>,</span> <span class='ocrx_word' id='word_1_307' title='bbox 997 1547 1029 1567; x_wconf 93' lang='lat' dir='ltr'>ut</span> <span class='ocrx_word' id='word_1_308' title='bbox 1038 1538 1143 1567; x_wconf 89' lang='lat' dir='ltr'>omnia</span> <span class='ocrx_word' id='word_1_309' title='bbox 1152 1539 1221 1567; x_wconf 87' lang='lat' dir='ltr'>Coe-</span> 
     </span>
     <span class='ocr_line' id='line_1_35' title="bbox 262 1578 1221 1627; baseline -0.01 -10"><span class='ocrx_word' id='word_1_310' title='bbox 262 1588 305 1618; x_wconf 85' lang='lat' dir='ltr'>lio</span> <span class='ocrx_word' id='word_1_311' title='bbox 315 1587 545 1627; x_wconf 83' lang='lat' dir='ltr'>pollicerentur:</span> <span class='ocrx_word' id='word_1_312' title='bbox 568 1585 617 1615; x_wconf 89' lang='lat' dir='ltr'>sed</span> <span class='ocrx_word' id='word_1_313' title='bbox 631 1605 639 1619; x_wconf 87' lang='lat'>‚</span> <span class='ocrx_word' id='word_1_314' title='bbox 651 1593 682 1614; x_wconf 87' lang='lat' dir='ltr'>ut</span> <span class='ocrx_word' id='word_1_315' title='bbox 693 1592 848 1614; x_wconf 88' lang='lat' dir='ltr'>venenum</span> <span class='ocrx_word' id='word_1_316' title='bbox 861 1601 869 1615; x_wconf 85' lang='lat'><strong>,</strong></span> <span class='ocrx_word' id='word_1_317' title='bbox 882 1579 954 1611; x_wconf 78' lang='lat' dir='ltr'>cum</span> <span class='ocrx_word' id='word_1_318' title='bbox 966 1580 980 1610; x_wconf 78' lang='lat' dir='ltr'>a</span> <span class='ocrx_word' id='word_1_319' title='bbox 990 1581 1114 1609; x_wconf 90' lang='lat' dir='ltr'>Licinio</span> <span class='ocrx_word' id='word_1_320' title='bbox 1124 1578 1221 1608; x_wconf 88' lang='lat' dir='ltr'>trade-</span> 
     </span>
     <span class='ocr_line' id='line_1_36' title="bbox 259 1620 1222 1666; baseline -0.01 -7"><span class='ocrx_word' id='word_1_321' title='bbox 259 1638 350 1662; x_wconf 79' lang='lat' dir='ltr'>retur,</span> <span class='ocrx_word' id='word_1_322' title='bbox 361 1626 522 1658; x_wconf 76' lang='lat' dir='ltr'>manifesto</span> <span class='ocrx_word' id='word_1_323' title='bbox 533 1625 748 1666; x_wconf 85' lang='lat' dir='ltr'>comprehendi</span> <span class='ocrx_word' id='word_1_324' title='bbox 760 1623 854 1664; x_wconf 81' lang='lat' dir='ltr'>poffet</span> <span class='ocrx_word' id='word_1_325' title='bbox 866 1643 873 1656; x_wconf 86' lang='lat'>‚</span> <span class='ocrx_word' id='word_1_326' title='bbox 895 1621 1041 1653; x_wconf 86' lang='lat' dir='ltr'>constitui</span> <span class='ocrx_word' id='word_1_327' title='bbox 1050 1622 1152 1651; x_wconf 89' lang='lat' dir='ltr'>locum</span> <span class='ocrx_word' id='word_1_328' title='bbox 1160 1620 1222 1659; x_wconf 84' lang='lat' dir='ltr'>jus-</span> 
     </span>
     <span class='ocr_line' id='line_1_37' title="bbox 258 1663 1224 1705; baseline -0.012 -4"><span class='ocrx_word' id='word_1_329' title='bbox 258 1671 305 1704; x_wconf 81' lang='lat' dir='ltr'>sit,</span> <span class='ocrx_word' id='word_1_330' title='bbox 317 1670 436 1701; x_wconf 89' lang='lat' dir='ltr'>balneas</span> <span class='ocrx_word' id='word_1_331' title='bbox 445 1671 558 1702; x_wconf 82' lang='lat' dir='ltr'>Senias,</span> <span class='ocrx_word' id='word_1_332' title='bbox 569 1667 648 1698; x_wconf 78' lang='lat' dir='ltr'>uteo</span> <span class='ocrx_word' id='word_1_333' title='bbox 658 1669 789 1697; x_wconf 87' lang='lat' dir='ltr'>mitteret</span> <span class='ocrx_word' id='word_1_334' title='bbox 801 1667 928 1697; x_wconf 86' lang='lat' dir='ltr'>amicos,</span> <span class='ocrx_word' id='word_1_335' title='bbox 938 1665 990 1705; x_wconf 88' lang='lat' dir='ltr'>qui</span> <span class='ocrx_word' id='word_1_336' title='bbox 1000 1663 1206 1693; x_wconf 85' lang='lat' dir='ltr'>delitescerent</span> <span class='ocrx_word' id='word_1_337' title='bbox 1219 1671 1224 1689; x_wconf 89' lang='lat'>:</span> 
     </span>
     <span class='ocr_line' id='line_1_38' title="bbox 261 1704 1224 1751; baseline -0.01 -8"><span class='ocrx_word' id='word_1_338' title='bbox 261 1712 371 1744; x_wconf 89' lang='lat' dir='ltr'>deinde</span> <span class='ocrx_word' id='word_1_339' title='bbox 380 1710 501 1751; x_wconf 78' lang='lat' dir='ltr'>repente</span> <span class='ocrx_word' id='word_1_340' title='bbox 511 1731 520 1743; x_wconf 93' lang='lat'>,</span> <span class='ocrx_word' id='word_1_341' title='bbox 530 1709 601 1740; x_wconf 78' lang='lat' dir='ltr'>cum</span> <span class='ocrx_word' id='word_1_342' title='bbox 614 1707 741 1739; x_wconf 69' lang='lat' dir='ltr'>venisset</span> <span class='ocrx_word' id='word_1_343' title='bbox 754 1709 891 1738; x_wconf 90' lang='lat' dir='ltr'>Licinius</span> <span class='ocrx_word' id='word_1_344' title='bbox 904 1726 912 1740; x_wconf 58' lang='lat'>2</span> <span class='ocrx_word' id='word_1_345' title='bbox 924 1715 955 1735; x_wconf 89' lang='lat' dir='ltr'>ut</span> <span class='ocrx_word' id='word_1_346' title='bbox 965 1714 1118 1735; x_wconf 88' lang='lat' dir='ltr'>venenum</span> <span class='ocrx_word' id='word_1_347' title='bbox 1131 1704 1224 1734; x_wconf 89' lang='lat' dir='ltr'>trade—</span> 
     </span>
    </p>
   </div>
   <div class='ocr_carea' id='block_1_5' title="bbox 196 1747 1224 1794">
    <p class='ocr_par' dir='ltr' id='par_1_5' title="bbox 196 1747 1224 1794">
     <span class='ocr_line' id='line_1_39' title="bbox 196 1747 1224 1794; baseline -0.011 -8"><span class='ocrx_word' id='word_1_348' title='bbox 196 1753 243 1787; x_wconf 69' lang='lat'>26</span> <span class='ocrx_word' id='word_1_349' title='bbox 261 1763 305 1786; x_wconf 89' lang='lat' dir='ltr'>ret</span> <span class='ocrx_word' id='word_1_350' title='bbox 317 1767 325 1789; x_wconf 79' lang='lat'>3</span> <span class='ocrx_word' id='word_1_351' title='bbox 337 1752 515 1794; x_wconf 76' lang='lat' dir='ltr'>prosilirent,</span> <span class='ocrx_word' id='word_1_352' title='bbox 528 1753 749 1791; x_wconf 89' lang='lat' dir='ltr'>hominemque</span> <span class='ocrx_word' id='word_1_353' title='bbox 759 1747 1059 1789; x_wconf 84' lang='lat' dir='ltr'>comprehenderent.</span> <span class='ocrx_word' id='word_1_354' title='bbox 1072 1749 1146 1788; x_wconf 81' lang='lat' dir='ltr'>Qae</span> <span class='ocrx_word' id='word_1_355' title='bbox 1155 1757 1224 1787; x_wconf 85' lang='lat' dir='ltr'>qui-</span> 
     </span>
    </p>
   </div>
   <div class='ocr_carea' id='block_1_6' title="bbox 216 1788 1231 2711">
    <p class='ocr_par' dir='ltr' id='par_1_6' title="bbox 216 1788 1231 2711">
     <span class='ocr_line' id='line_1_40' title="bbox 263 1788 1226 1833; baseline -0.012 -6"><span class='ocrx_word' id='word_1_356' title='bbox 263 1797 335 1828; x_wconf 90' lang='lat' dir='ltr'>dem</span> <span class='ocrx_word' id='word_1_357' title='bbox 347 1796 451 1826; x_wconf 85' lang='lat' dir='ltr'>omnia</span> <span class='ocrx_word' id='word_1_358' title='bbox 462 1814 470 1827; x_wconf 88' lang='grc'>,</span> <span class='ocrx_word' id='word_1_359' title='bbox 488 1793 623 1832; x_wconf 48' lang='lat' dir='ltr'>judicem</span> <span class='ocrx_word' id='word_1_360' title='bbox 642 1792 814 1833; x_wconf 85' lang='lat' dir='ltr'>perfacilem</span> <span class='ocrx_word' id='word_1_361' title='bbox 829 1792 977 1820; x_wconf 84' lang='lat' dir='ltr'>rationem</span> <span class='ocrx_word' id='word_1_362' title='bbox 999 1788 1110 1818; x_wconf 86' lang='lat' dir='ltr'>habent</span> <span class='ocrx_word' id='word_1_363' title='bbox 1127 1798 1226 1827; x_wconf 91' lang='lat' dir='ltr'>repre-</span> 
     </span>
     <span class='ocr_line' id='line_1_41' title="bbox 261 1828 1226 1873; baseline -0.012 -4"><span class='ocrx_word' id='word_1_364' title='bbox 261 1837 428 1869; x_wconf 75' lang='lat' dir='ltr'>hendendi.</span> <span class='ocrx_word' id='word_1_365' title='bbox 453 1838 512 1865; x_wconf 92' lang='lat' dir='ltr'>Cur</span> <span class='ocrx_word' id='word_1_366' title='bbox 529 1837 614 1865; x_wconf 87' lang='lat' dir='ltr'>enim</span> <span class='ocrx_word' id='word_1_367' title='bbox 625 1835 744 1865; x_wconf 76' lang='lat' dir='ltr'>balneas</span> <span class='ocrx_word' id='word_1_368' title='bbox 760 1833 893 1873; x_wconf 87' lang='lat' dir='ltr'>publicas</span> <span class='ocrx_word' id='word_1_369' title='bbox 912 1828 1102 1870; x_wconf 88' lang='lat' dir='ltr'>potissimum</span> <span class='ocrx_word' id='word_1_370' title='bbox 1114 1828 1226 1859; x_wconf 87' lang='lat' dir='ltr'>consti-</span> 
     </span>
     <span class='ocr_line' id='line_1_42' title="bbox 262 1871 1226 1918; baseline -0.01 -8"><span class='ocrx_word' id='word_1_371' title='bbox 262 1882 377 1911; x_wconf 74' lang='lat' dir='ltr'>tuerat?</span> <span class='ocrx_word' id='word_1_372' title='bbox 396 1880 429 1908; x_wconf 90' lang='lat' dir='ltr'>in</span> <span class='ocrx_word' id='word_1_373' title='bbox 439 1877 548 1918; x_wconf 83' lang='lat' dir='ltr'>quibus</span> <span class='ocrx_word' id='word_1_374' title='bbox 559 1886 622 1906; x_wconf 90' lang='lat' dir='ltr'>non</span> <span class='ocrx_word' id='word_1_375' title='bbox 633 1876 761 1906; x_wconf 88' lang='lat' dir='ltr'>invenio</span> <span class='ocrx_word' id='word_1_376' title='bbox 770 1884 836 1916; x_wconf 80' lang='lat' dir='ltr'>quae</span> <span class='ocrx_word' id='word_1_377' title='bbox 856 1871 964 1902; x_wconf 71' lang='lat' dir='ltr'>latebra</span> <span class='ocrx_word' id='word_1_378' title='bbox 973 1873 1079 1913; x_wconf 87' lang='lat' dir='ltr'>togatis</span> <span class='ocrx_word' id='word_1_379' title='bbox 1091 1872 1226 1900; x_wconf 87' lang='lat' dir='ltr'>homini—</span> 
     </span>
     <span class='ocr_line' id='line_1_43' title="bbox 264 1913 1224 1960; baseline -0.011 -8"><span class='ocrx_word' id='word_1_380' title='bbox 264 1922 321 1952; x_wconf 87' lang='lat' dir='ltr'>bus</span> <span class='ocrx_word' id='word_1_381' title='bbox 333 1920 391 1951; x_wconf 86' lang='lat' dir='ltr'>esse</span> <span class='ocrx_word' id='word_1_382' title='bbox 409 1918 508 1960; x_wconf 80' lang='lat' dir='ltr'>poss&#39;it.</span> <span class='ocrx_word' id='word_1_383' title='bbox 532 1921 613 1949; x_wconf 90' lang='lat' dir='ltr'>Nam</span> <span class='ocrx_word' id='word_1_384' title='bbox 627 1938 635 1952; x_wconf 85' lang='lat'>,</span> <span class='ocrx_word' id='word_1_385' title='bbox 660 1916 680 1947; x_wconf 84' lang='lat' dir='ltr'>si</span> <span class='ocrx_word' id='word_1_386' title='bbox 699 1915 793 1947; x_wconf 75' lang='lat' dir='ltr'>essent</span> <span class='ocrx_word' id='word_1_387' title='bbox 810 1918 843 1946; x_wconf 90' lang='lat' dir='ltr'>in</span> <span class='ocrx_word' id='word_1_388' title='bbox 861 1914 1012 1945; x_wconf 87' lang='lat' dir='ltr'>vestibulo</span> <span class='ocrx_word' id='word_1_389' title='bbox 1032 1913 1204 1943; x_wconf 86' lang='lat' dir='ltr'>balnearum</span> <span class='ocrx_word' id='word_1_390' title='bbox 1219 1924 1224 1942; x_wconf 89' lang='lat'>:</span> 
     </span>
     <span class='ocr_line' id='line_1_44' title="bbox 264 1955 1227 1998; baseline -0.009 -4"><span class='ocrx_word' id='word_1_391' title='bbox 264 1973 328 1994; x_wconf 86' lang='lat' dir='ltr'>non</span> <span class='ocrx_word' id='word_1_392' title='bbox 338 1963 471 1993; x_wconf 86' lang='lat' dir='ltr'>laterent.</span> <span class='ocrx_word' id='word_1_393' title='bbox 489 1960 533 1991; x_wconf 85' lang='lat' dir='ltr'>sin</span> <span class='ocrx_word' id='word_1_394' title='bbox 548 1961 619 1991; x_wconf 91' lang='lat' dir='ltr'>sein</span> <span class='ocrx_word' id='word_1_395' title='bbox 631 1963 778 1990; x_wconf 89' lang='lat' dir='ltr'>intimum</span> <span class='ocrx_word' id='word_1_396' title='bbox 789 1958 940 1998; x_wconf 86' lang='lat' dir='ltr'>conjicere</span> <span class='ocrx_word' id='word_1_397' title='bbox 951 1955 1080 1985; x_wconf 87' lang='lat' dir='ltr'>vellent:</span> <span class='ocrx_word' id='word_1_398' title='bbox 1093 1965 1148 1985; x_wconf 90' lang='lat' dir='ltr'>nec</span> <span class='ocrx_word' id='word_1_399' title='bbox 1160 1955 1227 1986; x_wconf 84' lang='lat' dir='ltr'>satis</span> 
     </span>
     <span class='ocr_line' id='line_1_45' title="bbox 261 1995 1226 2039; baseline -0.01 -3"><span class='ocrx_word' id='word_1_400' title='bbox 261 2004 428 2037; x_wconf 73' lang='lat' dir='ltr'>commode</span> <span class='ocrx_word' id='word_1_401' title='bbox 438 2003 575 2037; x_wconf 87' lang='lat' dir='ltr'>calceati,</span> <span class='ocrx_word' id='word_1_402' title='bbox 598 2003 631 2033; x_wconf 74' lang='grc' dir='ltr'>δε</span> <span class='ocrx_word' id='word_1_403' title='bbox 641 2001 741 2033; x_wconf 92' lang='lat' dir='ltr'>vestiti</span> <span class='ocrx_word' id='word_1_404' title='bbox 753 2001 782 2031; x_wconf 81' lang='lat' dir='ltr'>id</span> <span class='ocrx_word' id='word_1_405' title='bbox 803 2000 897 2030; x_wconf 79' lang='lat' dir='ltr'>facere</span> <span class='ocrx_word' id='word_1_406' title='bbox 907 1996 1024 2039; x_wconf 77' lang='lat' dir='ltr'>possent</span> <span class='ocrx_word' id='word_1_407' title='bbox 1035 2017 1042 2031; x_wconf 82' lang='lat'>‚</span> <span class='ocrx_word' id='word_1_408' title='bbox 1065 1996 1098 2026; x_wconf 88' lang='lat'>&amp;</span> <span class='ocrx_word' id='word_1_409' title='bbox 1108 1995 1226 2027; x_wconf 74' lang='lat' dir='ltr'>fortasse</span> 
     </span>
     <span class='ocr_line' id='line_1_46' title="bbox 263 2039 1224 2086; baseline -0.01 -8"><span class='ocrx_word' id='word_1_410' title='bbox 263 2057 328 2078; x_wconf 85' lang='lat' dir='ltr'>non</span> <span class='ocrx_word' id='word_1_411' title='bbox 339 2048 556 2086; x_wconf 82' lang='lat' dir='ltr'>reciperentur:</span> <span class='ocrx_word' id='word_1_412' title='bbox 579 2043 634 2074; x_wconf 89' lang='lat' dir='ltr'>nisi</span> <span class='ocrx_word' id='word_1_413' title='bbox 644 2043 722 2074; x_wconf 78' lang='lat' dir='ltr'>forte</span> <span class='ocrx_word' id='word_1_414' title='bbox 742 2043 855 2072; x_wconf 88' lang='lat' dir='ltr'>mulier</span> <span class='ocrx_word' id='word_1_415' title='bbox 868 2050 975 2081; x_wconf 91' lang='lat' dir='ltr'>potens</span> <span class='ocrx_word' id='word_1_416' title='bbox 991 2039 1224 2080; x_wconf 63' lang='lat' dir='ltr'>4qnadrantaria</span> 
     </span>
     <span class='ocr_line' id='line_1_47' title="bbox 266 2082 1226 2129; baseline -0.009 -10"><span class='ocrx_word' id='word_1_417' title='bbox 266 2090 318 2120; x_wconf 88' lang='lat' dir='ltr'>illa</span> <span class='ocrx_word' id='word_1_418' title='bbox 335 2089 556 2129; x_wconf 80' lang='lat' dir='ltr'>permutatione</span> <span class='ocrx_word' id='word_1_419' title='bbox 575 2086 731 2116; x_wconf 87' lang='lat' dir='ltr'>familiaris</span> <span class='ocrx_word' id='word_1_420' title='bbox 748 2084 825 2115; x_wconf 70' lang='lat' dir='ltr'>faEta</span> <span class='ocrx_word' id='word_1_421' title='bbox 841 2091 905 2113; x_wconf 77' lang='lat' dir='ltr'>erat</span> <span class='ocrx_word' id='word_1_422' title='bbox 920 2082 1095 2112; x_wconf 83' lang='lat' dir='ltr'>balneatori.</span> <span class='ocrx_word' id='word_1_423' title='bbox 1127 2084 1226 2122; x_wconf 90' lang='lat' dir='ltr'>Atque</span> 
     </span>
     <span class='ocr_line' id='line_1_48' title="bbox 264 2122 1226 2172; baseline -0.009 -11"><span class='ocrx_word' id='word_1_424' title='bbox 264 2131 407 2172; x_wconf 83' lang='lat' dir='ltr'>equidem</span> <span class='ocrx_word' id='word_1_425' title='bbox 418 2130 612 2160; x_wconf 87' lang='lat' dir='ltr'>vehementer</span> <span class='ocrx_word' id='word_1_426' title='bbox 631 2126 838 2167; x_wconf 61' lang='lat' dir='ltr'>exspe6lmbam</span> <span class='ocrx_word' id='word_1_427' title='bbox 849 2146 857 2159; x_wconf 95' lang='lat'>,</span> <span class='ocrx_word' id='word_1_428' title='bbox 876 2126 1002 2166; x_wconf 87' lang='lat' dir='ltr'>quinam</span> <span class='ocrx_word' id='word_1_429' title='bbox 1012 2122 1061 2153; x_wconf 88' lang='lat' dir='ltr'>isti</span> <span class='ocrx_word' id='word_1_430' title='bbox 1071 2125 1130 2154; x_wconf 87' lang='lat' dir='ltr'>viri</span> <span class='ocrx_word' id='word_1_431' title='bbox 1140 2123 1226 2157; x_wconf 85' lang='lat' dir='ltr'>boni,</span> 
     </span>
     <span class='ocr_line' id='line_1_49' title="bbox 263 2166 1227 2212; baseline -0.008 -9"><span class='ocrx_word' id='word_1_432' title='bbox 263 2172 351 2204; x_wconf 82' lang='lat' dir='ltr'>testes</span> <span class='ocrx_word' id='word_1_433' title='bbox 362 2173 449 2212; x_wconf 77' lang='lat' dir='ltr'>hujus</span> <span class='ocrx_word' id='word_1_434' title='bbox 460 2169 622 2201; x_wconf 74' lang='lat' dir='ltr'>manifesto</span> <span class='ocrx_word' id='word_1_435' title='bbox 632 2166 805 2210; x_wconf 80' lang='lat' dir='ltr'>deprehensi</span> <span class='ocrx_word' id='word_1_436' title='bbox 825 2168 936 2198; x_wconf 88' lang='lat' dir='ltr'>veneni</span> <span class='ocrx_word' id='word_1_437' title='bbox 948 2166 1125 2197; x_wconf 87' lang='lat' dir='ltr'>dicerentur.</span> <span class='ocrx_word' id='word_1_438' title='bbox 1148 2166 1227 2195; x_wconf 91' lang='lat' dir='ltr'>nulli</span> 
     </span>
     <span class='ocr_line' id='line_1_50' title="bbox 268 2206 1226 2249; baseline -0.009 -4"><span class='ocrx_word' id='word_1_439' title='bbox 268 2217 353 2245; x_wconf 89' lang='lat' dir='ltr'>enim</span> <span class='ocrx_word' id='word_1_440' title='bbox 365 2214 433 2244; x_wconf 88' lang='lat' dir='ltr'>sunt</span> <span class='ocrx_word' id='word_1_441' title='bbox 444 2213 540 2243; x_wconf 87' lang='lat' dir='ltr'>adhuc</span> <span class='ocrx_word' id='word_1_442' title='bbox 551 2212 712 2242; x_wconf 90' lang='lat' dir='ltr'>nominati.</span> <span class='ocrx_word' id='word_1_443' title='bbox 735 2210 784 2240; x_wconf 86' lang='lat' dir='ltr'>sed</span> <span class='ocrx_word' id='word_1_444' title='bbox 798 2220 862 2239; x_wconf 92' lang='lat' dir='ltr'>non</span> <span class='ocrx_word' id='word_1_445' title='bbox 871 2208 978 2239; x_wconf 88' lang='lat' dir='ltr'>dubito</span> <span class='ocrx_word' id='word_1_446' title='bbox 988 2227 996 2241; x_wconf 82' lang='lat'>‚</span> <span class='ocrx_word' id='word_1_447' title='bbox 1015 2210 1091 2248; x_wconf 90' lang='lat' dir='ltr'>quin</span> <span class='ocrx_word' id='word_1_448' title='bbox 1102 2206 1226 2249; x_wconf 72' lang='lat' dir='ltr'>lintper-</span> 
     </span>
     <span class='ocr_line' id='line_1_51' title="bbox 262 2249 1227 2299; baseline -0.006 -15"><span class='ocrx_word' id='word_1_449' title='bbox 262 2267 384 2299; x_wconf 75' lang='lat' dir='ltr'>graves,</span> <span class='ocrx_word' id='word_1_450' title='bbox 404 2252 600 2296; x_wconf 81' lang='lat' dir='ltr'>quiprimum</span> <span class='ocrx_word' id='word_1_451' title='bbox 616 2252 671 2284; x_wconf 86' lang='lat' dir='ltr'>fint</span> <span class='ocrx_word' id='word_1_452' title='bbox 680 2252 746 2283; x_wconf 88' lang='lat' dir='ltr'>talis</span> <span class='ocrx_word' id='word_1_453' title='bbox 765 2250 1093 2284; x_wconf 72' lang='lat' dir='ltr'>foeminaefamiliares3</span> <span class='ocrx_word' id='word_1_454' title='bbox 1117 2249 1227 2279; x_wconf 88' lang='lat' dir='ltr'>deinde</span> 
     </span>
     <span class='ocr_line' id='line_1_52' title="bbox 268 2292 1224 2339; baseline -0.009 -10"><span class='ocrx_word' id='word_1_455' title='bbox 268 2309 333 2330; x_wconf 85' lang='lat' dir='ltr'>eam</span> <span class='ocrx_word' id='word_1_456' title='bbox 345 2299 534 2339; x_wconf 87' lang='lat' dir='ltr'>provinciam</span> <span class='ocrx_word' id='word_1_457' title='bbox 546 2296 735 2335; x_wconf 81' lang='lat' dir='ltr'>susceperint,</span> <span class='ocrx_word' id='word_1_458' title='bbox 747 2295 820 2323; x_wconf 85' lang='lat' dir='ltr'>utin</span> <span class='ocrx_word' id='word_1_459' title='bbox 830 2293 947 2322; x_wconf 84' lang='lat' dir='ltr'>balneas</span> <span class='ocrx_word' id='word_1_460' title='bbox 956 2292 1206 2322; x_wconf 82' lang='lat' dir='ltr'>contruderentur</span> <span class='ocrx_word' id='word_1_461' title='bbox 1218 2301 1224 2320; x_wconf 87' lang='lat'>:</span> 
     </span>
     <span class='ocr_line' id='line_1_53' title="bbox 267 2331 1228 2382; baseline -0.008 -12"><span class='ocrx_word' id='word_1_462' title='bbox 267 2340 348 2382; x_wconf 86' lang='lat' dir='ltr'>quod</span> <span class='ocrx_word' id='word_1_463' title='bbox 360 2339 410 2369; x_wconf 89' lang='lat' dir='ltr'>illa</span> <span class='ocrx_word' id='word_1_464' title='bbox 420 2358 429 2373; x_wconf 89' lang='lat'>‚</span> <span class='ocrx_word' id='word_1_465' title='bbox 451 2337 506 2368; x_wconf 84' lang='lat' dir='ltr'>nisi</span> <span class='ocrx_word' id='word_1_466' title='bbox 517 2338 533 2368; x_wconf 76' lang='lat' dir='ltr'>a</span> <span class='ocrx_word' id='word_1_467' title='bbox 542 2339 616 2366; x_wconf 88' lang='lat' dir='ltr'>viris</span> <span class='ocrx_word' id='word_1_468' title='bbox 626 2334 840 2366; x_wconf 77' lang='lat' dir='ltr'>honestissimis</span> <span class='ocrx_word' id='word_1_469' title='bbox 851 2353 859 2368; x_wconf 90' lang='lat'>‚</span> <span class='ocrx_word' id='word_1_470' title='bbox 868 2343 900 2364; x_wconf 89' lang='lat' dir='ltr'>ac</span> <span class='ocrx_word' id='word_1_471' title='bbox 910 2331 1089 2373; x_wconf 83' lang='lat' dir='ltr'>pleniflimis</span> <span class='ocrx_word' id='word_1_472' title='bbox 1099 2333 1228 2373; x_wconf 86' lang='lat' dir='ltr'>dignita-</span> 
     </span>
     <span class='ocr_line' id='line_1_54' title="bbox 267 2374 1228 2423; baseline -0.009 -10"><span class='ocrx_word' id='word_1_473' title='bbox 267 2392 304 2414; x_wconf 83' lang='lat' dir='ltr'>tis</span> <span class='ocrx_word' id='word_1_474' title='bbox 315 2402 323 2416; x_wconf 94' lang='lat'>‚</span> <span class='ocrx_word' id='word_1_475' title='bbox 335 2380 426 2423; x_wconf 74' lang='lat' dir='ltr'>quarn</span> <span class='ocrx_word' id='word_1_476' title='bbox 438 2380 528 2413; x_wconf 86' lang='lat' dir='ltr'>velit,</span> <span class='ocrx_word' id='word_1_477' title='bbox 552 2378 585 2409; x_wconf 89' lang='lat' dir='ltr'>sit</span> <span class='ocrx_word' id='word_1_478' title='bbox 596 2387 722 2419; x_wconf 88' lang='lat' dir='ltr'>potens,</span> <span class='ocrx_word' id='word_1_479' title='bbox 744 2385 913 2417; x_wconf 88' lang='lat' dir='ltr'>numquam</span> <span class='ocrx_word' id='word_1_480' title='bbox 924 2374 1147 2414; x_wconf 72' lang='lat' dir='ltr'>impetravisset.</span> <span class='ocrx_word' id='word_1_481' title='bbox 1171 2375 1228 2404; x_wconf 85' lang='lat' dir='ltr'>Sed</span> 
     </span>
     <span class='ocr_line' id='line_1_55' title="bbox 216 2416 1227 2465; baseline -0.011 -10"><span class='ocrx_word' id='word_1_482' title='bbox 216 2426 222 2432; x_wconf 87' lang='lat'><strong>‘</strong></span> <span class='ocrx_word' id='word_1_483' title='bbox 267 2424 340 2465; x_wconf 88' lang='lat' dir='ltr'>quid</span> <span class='ocrx_word' id='word_1_484' title='bbox 360 2422 461 2465; x_wconf 88' lang='lat' dir='ltr'>egode</span> <span class='ocrx_word' id='word_1_485' title='bbox 480 2421 625 2463; x_wconf 85' lang='lat' dir='ltr'>dignitate</span> <span class='ocrx_word' id='word_1_486' title='bbox 646 2419 774 2450; x_wconf 86' lang='lat' dir='ltr'>istorum</span> <span class='ocrx_word' id='word_1_487' title='bbox 795 2418 917 2449; x_wconf 89' lang='lat' dir='ltr'>testium</span> <span class='ocrx_word' id='word_1_488' title='bbox 931 2416 1059 2457; x_wconf 88' lang='lat' dir='ltr'>loquor?</span> <span class='ocrx_word' id='word_1_489' title='bbox 1081 2418 1227 2446; x_wconf 87' lang='lat' dir='ltr'>virtutem</span> 
     </span>
     <span class='ocr_line' id='line_1_56' title="bbox 267 2457 1225 2505; baseline -0.011 -9"><span class='ocrx_word' id='word_1_490' title='bbox 267 2475 393 2499; x_wconf 84' lang='lat' dir='ltr'>eorum,</span> <span class='ocrx_word' id='word_1_491' title='bbox 413 2464 662 2505; x_wconf 85' lang='lat' dir='ltr'>diligentiamque</span> <span class='ocrx_word' id='word_1_492' title='bbox 679 2461 865 2503; x_wconf 84' lang='lat' dir='ltr'>cognoscite:</span> <span class='ocrx_word' id='word_1_493' title='bbox 889 2459 919 2488; x_wconf 83' lang='lat' dir='ltr'>in</span> <span class='ocrx_word' id='word_1_494' title='bbox 928 2457 1026 2486; x_wconf 72' lang='lat' dir='ltr'>balneis</span> <span class='ocrx_word' id='word_1_495' title='bbox 1034 2457 1225 2487; x_wconf 65' lang='lat' dir='ltr'>delituerunt:</span> 
     </span>
     <span class='ocr_line' id='line_1_57' title="bbox 270 2501 1230 2547; baseline -0.01 -9"><span class='ocrx_word' id='word_1_496' title='bbox 270 2507 368 2538; x_wconf 81' lang='lat' dir='ltr'>testeis</span> <span class='ocrx_word' id='word_1_497' title='bbox 379 2509 523 2547; x_wconf 79' lang='lat' dir='ltr'>egregios.</span> <span class='ocrx_word' id='word_1_498' title='bbox 536 2504 644 2535; x_wconf 87' lang='lat' dir='ltr'>deinde</span> <span class='ocrx_word' id='word_1_499' title='bbox 655 2513 767 2534; x_wconf 89' lang='lat' dir='ltr'>temere</span> <span class='ocrx_word' id='word_1_500' title='bbox 777 2501 977 2544; x_wconf 85' lang='lat' dir='ltr'>prosilierunt:</span> <span class='ocrx_word' id='word_1_501' title='bbox 992 2503 1004 2527; x_wconf 80' lang='lat'>5</span> <span class='ocrx_word' id='word_1_502' title='bbox 1013 2501 1155 2530; x_wconf 87' lang='lat' dir='ltr'>homines</span> <span class='ocrx_word' id='word_1_503' title='bbox 1165 2509 1230 2540; x_wconf 81' lang='lat' dir='ltr'>gra-</span> 
     </span>
     <span class='ocr_line' id='line_1_58' title="bbox 267 2539 1226 2587; baseline -0.007 -9"><span class='ocrx_word' id='word_1_504' title='bbox 267 2551 353 2580; x_wconf 74' lang='lat' dir='ltr'>vitati</span> <span class='ocrx_word' id='word_1_505' title='bbox 373 2548 501 2579; x_wconf 87' lang='lat' dir='ltr'>deditos.</span> <span class='ocrx_word' id='word_1_506' title='bbox 525 2546 563 2577; x_wconf 88' lang='lat' dir='ltr'>fic</span> <span class='ocrx_word' id='word_1_507' title='bbox 582 2547 667 2576; x_wconf 84' lang='lat' dir='ltr'>enim</span> <span class='ocrx_word' id='word_1_508' title='bbox 681 2544 820 2587; x_wconf 86' lang='lat' dir='ltr'>fingunt,</span> <span class='ocrx_word' id='word_1_509' title='bbox 840 2543 912 2574; x_wconf 82' lang='lat' dir='ltr'>cum</span> <span class='ocrx_word' id='word_1_510' title='bbox 931 2543 1070 2572; x_wconf 87' lang='lat' dir='ltr'>Licinius</span> <span class='ocrx_word' id='word_1_511' title='bbox 1089 2539 1226 2576; x_wconf 78' lang='lat' dir='ltr'>venisset,</span> 
     </span>
     <span class='ocr_line' id='line_1_59' title="bbox 270 2583 1229 2631; baseline -0.008 -10"><span class='ocrx_word' id='word_1_512' title='bbox 270 2591 413 2631; x_wconf 77' lang='lat' dir='ltr'>pyxidem</span> <span class='ocrx_word' id='word_1_513' title='bbox 427 2597 539 2620; x_wconf 88' lang='lat' dir='ltr'>teneret</span> <span class='ocrx_word' id='word_1_514' title='bbox 547 2590 581 2618; x_wconf 90' lang='lat' dir='ltr'>in</span> <span class='ocrx_word' id='word_1_515' title='bbox 591 2597 696 2621; x_wconf 83' lang='lat' dir='ltr'>manu,</span> <span class='ocrx_word' id='word_1_516' title='bbox 707 2596 863 2618; x_wconf 79' lang='lat' dir='ltr'>conaretur</span> <span class='ocrx_word' id='word_1_517' title='bbox 873 2583 982 2616; x_wconf 85' lang='lat' dir='ltr'>tradere</span> <span class='ocrx_word' id='word_1_518' title='bbox 993 2604 1002 2618; x_wconf 86' lang='lat'>‚</span> <span class='ocrx_word' id='word_1_519' title='bbox 1023 2584 1161 2614; x_wconf 89' lang='lat' dir='ltr'>nondum</span> <span class='ocrx_word' id='word_1_520' title='bbox 1173 2593 1229 2614; x_wconf 84' lang='lat' dir='ltr'>tra—</span> 
     </span>
     <span class='ocr_line' id='line_1_60' title="bbox 271 2625 1228 2670; baseline -0.006 -7"><span class='ocrx_word' id='word_1_521' title='bbox 271 2631 390 2663; x_wconf 81' lang='lat' dir='ltr'>didiss&#39;et</span> <span class='ocrx_word' id='word_1_522' title='bbox 402 2653 410 2666; x_wconf 92' lang='lat'>,</span> <span class='ocrx_word' id='word_1_523' title='bbox 429 2641 494 2661; x_wconf 86' lang='lat' dir='ltr'>tum</span> <span class='ocrx_word' id='word_1_524' title='bbox 505 2630 628 2670; x_wconf 78' lang='lat' dir='ltr'>repente</span> <span class='ocrx_word' id='word_1_525' title='bbox 647 2627 773 2660; x_wconf 88' lang='lat' dir='ltr'>evolasse</span> <span class='ocrx_word' id='word_1_526' title='bbox 791 2627 862 2658; x_wconf 86' lang='lat' dir='ltr'>istos</span> <span class='ocrx_word' id='word_1_527' title='bbox 875 2626 1032 2668; x_wconf 58' lang='lat' dir='ltr'>praeclaros</span> <span class='ocrx_word' id='word_1_528' title='bbox 1049 2626 1148 2657; x_wconf 88' lang='lat' dir='ltr'>testeis</span> <span class='ocrx_word' id='word_1_529' title='bbox 1168 2625 1228 2657; x_wconf 88' lang='lat' dir='ltr'>sine</span> 
     </span>
     <span class='ocr_line' id='line_1_61' title="bbox 272 2669 1231 2711; baseline -0.006 -6"><span class='ocrx_word' id='word_1_530' title='bbox 272 2676 416 2705; x_wconf 81' lang='lat' dir='ltr'>nomme:</span> <span class='ocrx_word' id='word_1_531' title='bbox 440 2674 598 2703; x_wconf 86' lang='lat' dir='ltr'>Licinium</span> <span class='ocrx_word' id='word_1_532' title='bbox 612 2680 712 2703; x_wconf 88' lang='lat' dir='ltr'>autem</span> <span class='ocrx_word' id='word_1_533' title='bbox 724 2691 732 2706; x_wconf 94' lang='lat'>‚</span> <span class='ocrx_word' id='word_1_534' title='bbox 755 2670 827 2702; x_wconf 78' lang='lat' dir='ltr'>cum</span> <span class='ocrx_word' id='word_1_535' title='bbox 842 2670 906 2711; x_wconf 87' lang='lat' dir='ltr'>jam</span> <span class='ocrx_word' id='word_1_536' title='bbox 917 2678 1043 2698; x_wconf 80' lang='lat' dir='ltr'>manum</span> <span class='ocrx_word' id='word_1_537' title='bbox 1061 2669 1096 2699; x_wconf 84' lang='lat' dir='ltr'>ad</span> <span class='ocrx_word' id='word_1_538' title='bbox 1112 2669 1231 2700; x_wconf 86' lang='lat' dir='ltr'>traden-</span> 
     </span>
    </p>
   </div>
   <div class='ocr_carea' id='block_1_7' title="bbox 333 2760 2226 2779">
    <p class='ocr_par' dir='ltr' id='par_1_7' title="bbox 333 2760 2226 2779">
     <span class='ocr_line' id='line_1_62' title="bbox 333 2760 2226 2779; baseline 0 621"><span class='ocrx_word' id='word_1_539' title='bbox 333 2760 2226 2779; x_wconf 95' lang='lat' dir='ltr'> </span> 
     </span>
    </p>
   </div>
   <div class='ocr_carea' id='block_1_8' title="bbox 272 2803 1230 2915">
    <p class='ocr_par' dir='ltr' id='par_1_8' title="bbox 272 2803 1230 2915">
     <span class='ocr_line' id='line_1_63' title="bbox 312 2803 1230 2843; baseline -0.007 -9"><span class='ocrx_word' id='word_1_540' title='bbox 312 2818 335 2834; x_wconf 77' lang='lat' dir='ltr'>i.</span> <span class='ocrx_word' id='word_1_541' title='bbox 347 2812 380 2834; x_wconf 80' lang='lat' dir='ltr'>Ne</span> <span class='ocrx_word' id='word_1_542' title='bbox 389 2819 460 2843; x_wconf 72' lang='lat' dir='ltr'>quam</span> <span class='ocrx_word' id='word_1_543' title='bbox 470 2818 546 2833; x_wconf 74' lang='lat' dir='ltr'>vocem</span> <span class='ocrx_word' id='word_1_544' title='bbox 557 2809 647 2837; x_wconf 77' lang='lat' dir='ltr'>eliciat,</span> <span class='ocrx_word' id='word_1_545' title='bbox 657 2806 725 2840; x_wconf 49' lang='grc' dir='ltr'>ἀγα]</span> <span class='ocrx_word' id='word_1_546' title='bbox 738 2806 860 2832; x_wconf 84' lang='lat' dir='ltr'>Muretus</span> <span class='ocrx_word' id='word_1_547' title='bbox 872 2803 935 2830; x_wconf 81' lang='lat' dir='ltr'>lib.r</span> <span class='ocrx_word' id='word_1_548' title='bbox 945 2813 967 2830; x_wconf 87' lang='lat' dir='ltr'>r.</span> <span class='ocrx_word' id='word_1_549' title='bbox 978 2804 1040 2829; x_wconf 81' lang='lat' dir='ltr'>Var.</span> <span class='ocrx_word' id='word_1_550' title='bbox 1052 2803 1116 2829; x_wconf 70' lang='lat' dir='ltr'>left.</span> <span class='ocrx_word' id='word_1_551' title='bbox 1128 2811 1230 2839; x_wconf 83' lang='lat' dir='ltr'>cap.r7.</span> 
     </span>
     <span class='ocr_line' id='line_1_64' title="bbox 272 2839 1228 2879; baseline -0.002 -11"><span class='ocrx_word' id='word_1_552' title='bbox 272 2845 379 2878; x_wconf 74' lang='lat' dir='ltr'>mnjicn</span> <span class='ocrx_word' id='word_1_553' title='bbox 398 2849 478 2878; x_wconf 65' lang='lat' dir='ltr'>ejiciat</span> <span class='ocrx_word' id='word_1_554' title='bbox 490 2864 498 2877; x_wconf 91' lang='lat'>‚</span> <span class='ocrx_word' id='word_1_555' title='bbox 516 2842 660 2870; x_wconf 81' lang='lat' dir='ltr'>admodum</span> <span class='ocrx_word' id='word_1_556' title='bbox 680 2842 863 2879; x_wconf 76' lang='lat' dir='ltr'>probabiliter.</span> <span class='ocrx_word' id='word_1_557' title='bbox 884 2841 922 2867; x_wconf 81' lang='lat' dir='ltr'>ita</span> <span class='ocrx_word' id='word_1_558' title='bbox 942 2849 1048 2876; x_wconf 80' lang='lat' dir='ltr'>quoque</span> <span class='ocrx_word' id='word_1_559' title='bbox 1058 2839 1182 2866; x_wconf 78' lang='lat' dir='ltr'>Gifanius</span> <span class='ocrx_word' id='word_1_560' title='bbox 1202 2840 1228 2866; x_wconf 83' lang='lat' dir='ltr'>in</span> 
     </span>
     <span class='ocr_line' id='line_1_65' title="bbox 277 2883 376 2915; baseline -0.01 -8"><span class='ocrx_word' id='word_1_561' title='bbox 277 2883 376 2915; x_wconf 67' lang='lat' dir='ltr'>Ejicere.</span> 
     </span>
    </p>
   </div>
   <div class='ocr_carea' id='block_1_9' title="bbox 311 2904 2233 2950">
    <p class='ocr_par' dir='ltr' id='par_1_9' title="bbox 311 2904 2233 2950">
     <span class='ocr_line' id='line_1_66' title="bbox 311 2904 2233 2950; baseline -0.007 -9"><span class='ocrx_word' id='word_1_562' title='bbox 311 2925 338 2941; x_wconf 74' lang='grc' dir='ltr'>ι.</span> <span class='ocrx_word' id='word_1_563' title='bbox 358 2916 515 2944; x_wconf 56' lang='lat' dir='ltr'>eAJbalneas</span> <span class='ocrx_word' id='word_1_564' title='bbox 526 2916 634 2949; x_wconf 64' lang='lat' dir='ltr'>Senias]</span> <span class='ocrx_word' id='word_1_565' title='bbox 655 2915 772 2942; x_wconf 81' lang='lat' dir='ltr'>Restitui</span> <span class='ocrx_word' id='word_1_566' title='bbox 787 2913 857 2950; x_wconf 81' lang='lat' dir='ltr'>quod</span> <span class='ocrx_word' id='word_1_567' title='bbox 878 2920 934 2939; x_wconf 83' lang='lat' dir='ltr'>erat</span> <span class='ocrx_word' id='word_1_568' title='bbox 954 2912 979 2939; x_wconf 86' lang='lat' dir='ltr'>in</span> <span class='ocrx_word' id='word_1_569' title='bbox 998 2911 1112 2938; x_wconf 82' lang='lat' dir='ltr'>exoletis</span> <span class='ocrx_word' id='word_1_570' title='bbox 1124 2911 1185 2938; x_wconf 78' lang='lat' dir='ltr'>edd.</span> <span class='ocrx_word' id='word_1_571' title='bbox 1204 2911 1231 2937; x_wconf 75' lang='grc'>8(</span> <span class='ocrx_word' id='word_1_572' title='bbox 1276 2910 1360 2937; x_wconf 79' lang='lat' dir='ltr'>solum</span> <span class='ocrx_word' id='word_1_573' title='bbox 1371 2912 1398 2936; x_wconf 87' lang='lat' dir='ltr'>S.</span> <span class='ocrx_word' id='word_1_574' title='bbox 1409 2909 1537 2936; x_wconf 47' lang='lat' dir='ltr'>Vitam-is.</span> <span class='ocrx_word' id='word_1_575' title='bbox 1561 2917 1619 2934; x_wconf 80' lang='lat' dir='ltr'>nam</span> <span class='ocrx_word' id='word_1_576' title='bbox 1631 2907 1699 2934; x_wconf 77' lang='lat' dir='ltr'>i&#39;all.</span> <span class='ocrx_word' id='word_1_577' title='bbox 1711 2910 1782 2933; x_wconf 75' lang='lat' dir='ltr'>certe</span> <span class='ocrx_word' id='word_1_578' title='bbox 1793 2906 1874 2933; x_wconf 81' lang='lat' dir='ltr'>nostri</span> <span class='ocrx_word' id='word_1_579' title='bbox 1884 2913 1973 2930; x_wconf 86' lang='lat' dir='ltr'>omnes</span> <span class='ocrx_word' id='word_1_580' title='bbox 1985 2906 2012 2929; x_wconf 69' lang='grc' dir='ltr'>ὃ(</span> <span class='ocrx_word' id='word_1_581' title='bbox 2024 2904 2105 2930; x_wconf 89' lang='lat' dir='ltr'>Grut.</span> <span class='ocrx_word' id='word_1_582' title='bbox 2116 2904 2143 2929; x_wconf 75' lang='lat'>8&lt;</span> <span class='ocrx_word' id='word_1_583' title='bbox 2157 2909 2233 2929; x_wconf 84' lang='lat' dir='ltr'>vetu-</span> 
     </span>
    </p>
   </div>
   <div class='ocr_carea' id='block_1_10' title="bbox 271 2948 1233 3203">
    <p class='ocr_par' dir='ltr' id='par_1_10' title="bbox 271 2948 1233 3131">
     <span class='ocr_line' id='line_1_67' title="bbox 276 2948 1232 2986; baseline -0.005 -8"><span class='ocrx_word' id='word_1_584' title='bbox 276 2952 342 2978; x_wconf 74' lang='lat' dir='ltr'>Pali.</span> <span class='ocrx_word' id='word_1_585' title='bbox 355 2952 446 2979; x_wconf 79' lang='lat' dir='ltr'>nostris</span> <span class='ocrx_word' id='word_1_586' title='bbox 459 2972 466 2983; x_wconf 86' lang='lat'><strong>‚</strong></span> <span class='ocrx_word' id='word_1_587' title='bbox 485 2952 571 2985; x_wconf 64' lang='lat' dir='ltr'>echto</span> <span class='ocrx_word' id='word_1_588' title='bbox 590 2952 638 2977; x_wconf 88' lang='lat' dir='ltr'>illo</span> <span class='ocrx_word' id='word_1_589' title='bbox 648 2955 757 2980; x_wconf 50' lang='grc' dir='ltr'>,γενήσῃ</span> <span class='ocrx_word' id='word_1_590' title='bbox 779 2950 848 2986; x_wconf 71' lang='lat' dir='ltr'>quod</span> <span class='ocrx_word' id='word_1_591' title='bbox 862 2951 889 2976; x_wconf 69' lang='grc' dir='ltr'>ὃ(</span> <span class='ocrx_word' id='word_1_592' title='bbox 909 2948 1063 2985; x_wconf 75' lang='lat' dir='ltr'>respuebant</span> <span class='ocrx_word' id='word_1_593' title='bbox 1081 2948 1190 2974; x_wconf 76' lang='lat' dir='ltr'>Gemhl.</span> <span class='ocrx_word' id='word_1_594' title='bbox 1203 2957 1232 2974; x_wconf 85' lang='lat' dir='ltr'>ac</span> 
     </span>
     <span class='ocr_line' id='line_1_68' title="bbox 277 2985 1232 3022; baseline -0.007 -8"><span class='ocrx_word' id='word_1_595' title='bbox 277 2990 304 3014; x_wconf 87' lang='lat' dir='ltr'>S.</span> <span class='ocrx_word' id='word_1_596' title='bbox 319 2987 390 3014; x_wconf 51' lang='lat' dir='ltr'>Vici.</span> <span class='ocrx_word' id='word_1_597' title='bbox 405 2987 547 3014; x_wconf 81' lang='lat' dir='ltr'>Lambinus</span> <span class='ocrx_word' id='word_1_598' title='bbox 559 2987 633 3013; x_wconf 82' lang='lat' dir='ltr'>valde</span> <span class='ocrx_word' id='word_1_599' title='bbox 645 2988 725 3013; x_wconf 80' lang='lat' dir='ltr'>haeret</span> <span class='ocrx_word' id='word_1_600' title='bbox 736 2988 761 3013; x_wconf 85' lang='lat' dir='ltr'>in</span> <span class='ocrx_word' id='word_1_601' title='bbox 773 2988 809 3013; x_wconf 90' lang='lat' dir='ltr'>eis</span> <span class='ocrx_word' id='word_1_602' title='bbox 821 2986 965 3022; x_wconf 72' lang='lat' dir='ltr'>prioribus,</span> <span class='ocrx_word' id='word_1_603' title='bbox 976 2986 1129 3017; x_wconf 66' lang='lat' dir='ltr'>Constitutum</span> <span class='ocrx_word' id='word_1_604' title='bbox 1137 2985 1232 3017; x_wconf 68' lang='lat' dir='ltr'>faHum</span> 
     </span>
     <span class='ocr_line' id='line_1_69' title="bbox 277 3021 1233 3058; baseline -0.005 -10"><span class='ocrx_word' id='word_1_605' title='bbox 277 3025 316 3057; x_wconf 62' lang='lat' dir='ltr'>effe</span> <span class='ocrx_word' id='word_1_606' title='bbox 327 3024 459 3057; x_wconf 60' lang='lat' dir='ltr'>canisii-vbi·</span> <span class='ocrx_word' id='word_1_607' title='bbox 468 3030 495 3048; x_wconf 74' lang='lat' dir='ltr'>ut</span> <span class='ocrx_word' id='word_1_608' title='bbox 504 3027 597 3048; x_wconf 75' lang='lat' dir='ltr'>veniret</span> <span class='ocrx_word' id='word_1_609' title='bbox 608 3037 613 3049; x_wconf 91' lang='grc'><em>;</em></span> <span class='ocrx_word' id='word_1_610' title='bbox 631 3033 681 3058; x_wconf 82' lang='lat' dir='ltr'>ego</span> <span class='ocrx_word' id='word_1_611' title='bbox 692 3022 838 3049; x_wconf 71' lang='lat' dir='ltr'>arbitrabar</span> <span class='ocrx_word' id='word_1_612' title='bbox 850 3021 991 3058; x_wconf 83' lang='lat' dir='ltr'>simplicius</span> <span class='ocrx_word' id='word_1_613' title='bbox 1005 3040 1013 3052; x_wconf 92' lang='lat'>‚</span> <span class='ocrx_word' id='word_1_614' title='bbox 1026 3022 1171 3051; x_wconf 70' lang='lat' dir='ltr'>constitutum</span> <span class='ocrx_word' id='word_1_615' title='bbox 1183 3029 1233 3044; x_wconf 72' lang='lat' dir='ltr'>crem</span> 
     </span>
     <span class='ocr_line' id='line_1_70' title="bbox 271 3056 1233 3094; baseline -0.004 -9"><span class='ocrx_word' id='word_1_616' title='bbox 271 3061 349 3093; x_wconf 63' lang='lat' dir='ltr'>ser-‘ris</span> <span class='ocrx_word' id='word_1_617' title='bbox 360 3061 393 3085; x_wconf 76' lang='lat' dir='ltr'>ad</span> <span class='ocrx_word' id='word_1_618' title='bbox 400 3061 497 3085; x_wconf 67' lang='lat' dir='ltr'>balneas</span> <span class='ocrx_word' id='word_1_619' title='bbox 505 3062 598 3091; x_wconf 75' lang='lat' dir='ltr'>Senias,</span> <span class='ocrx_word' id='word_1_620' title='bbox 609 3060 630 3094; x_wconf 83' lang='lat' dir='ltr'>ej</span> <span class='ocrx_word' id='word_1_621' title='bbox 636 3060 701 3086; x_wconf 61' lang='lat' dir='ltr'>ceris</span> <span class='ocrx_word' id='word_1_622' title='bbox 711 3058 891 3089; x_wconf 73' lang='lat' dir='ltr'>intermediis,</span> <span class='ocrx_word' id='word_1_623' title='bbox 902 3066 1028 3094; x_wconf 79' lang='lat' dir='ltr'>tanquam</span> <span class='ocrx_word' id='word_1_624' title='bbox 1040 3058 1054 3083; x_wconf 75' lang='grc'><strong>3</strong></span> <span class='ocrx_word' id='word_1_625' title='bbox 1066 3056 1175 3083; x_wconf 78' lang='lat' dir='ltr'>librario</span> <span class='ocrx_word' id='word_1_626' title='bbox 1185 3056 1233 3082; x_wconf 81' lang='lat' dir='ltr'>ali-</span> 
     </span>
     <span class='ocr_line' id='line_1_71' title="bbox 279 3095 971 3131; baseline -0.006 -9"><span class='ocrx_word' id='word_1_627' title='bbox 279 3105 331 3131; x_wconf 84' lang='lat' dir='ltr'>quo</span> <span class='ocrx_word' id='word_1_628' title='bbox 343 3095 496 3122; x_wconf 72' lang='lat' dir='ltr'>manullent.</span> <span class='ocrx_word' id='word_1_629' title='bbox 966 3109 971 3112; x_wconf 68' lang='lat'><em>›</em></span> 
     </span>
    </p>

    <p class='ocr_par' dir='ltr' id='par_1_11' title="bbox 276 3127 1233 3203">
     <span class='ocr_line' id='line_1_72' title="bbox 316 3127 1233 3167; baseline -0.004 -10"><span class='ocrx_word' id='word_1_630' title='bbox 316 3140 340 3167; x_wconf 85' lang='lat'>3.</span> <span class='ocrx_word' id='word_1_631' title='bbox 362 3134 430 3157; x_wconf 78' lang='lat' dir='ltr'>Ferri</span> <span class='ocrx_word' id='word_1_632' title='bbox 438 3132 528 3156; x_wconf 81' lang='lat' dir='ltr'>adeum</span> <span class='ocrx_word' id='word_1_633' title='bbox 536 3131 635 3164; x_wconf 63' lang='lat' dir='ltr'>Iocum]</span> <span class='ocrx_word' id='word_1_634' title='bbox 656 3131 724 3157; x_wconf 57' lang='lat' dir='ltr'>Pau.</span> <span class='ocrx_word' id='word_1_635' title='bbox 737 3131 926 3166; x_wconf 66' lang='lat' dir='ltr'>praestantiores</span> <span class='ocrx_word' id='word_1_636' title='bbox 940 3150 947 3161; x_wconf 93' lang='lat'>,</span> <span class='ocrx_word' id='word_1_637' title='bbox 968 3130 1032 3156; x_wconf 84' lang='lat' dir='ltr'>item</span> <span class='ocrx_word' id='word_1_638' title='bbox 1045 3127 1104 3155; x_wconf 80' lang='lat' dir='ltr'>Erf.</span> <span class='ocrx_word' id='word_1_639' title='bbox 1124 3127 1233 3155; x_wconf 86' lang='lat' dir='ltr'>Gembl.</span> 
     </span>
     <span class='ocr_line' id='line_1_73' title="bbox 276 3163 1156 3203; baseline -0.003 -8"><span class='ocrx_word' id='word_1_640' title='bbox 276 3169 304 3195; x_wconf 63' lang='lat'>3:</span> <span class='ocrx_word' id='word_1_641' title='bbox 319 3170 346 3195; x_wconf 82' lang='lat' dir='ltr'>S.</span> <span class='ocrx_word' id='word_1_642' title='bbox 358 3167 510 3202; x_wconf 49' lang='lat' dir='ltr'>Vishficrt]</span> <span class='ocrx_word' id='word_1_643' title='bbox 531 3166 666 3203; x_wconf 86' lang='lat' dir='ltr'>quomodo</span> <span class='ocrx_word' id='word_1_644' title='bbox 676 3167 703 3194; x_wconf 75' lang='lat'>8&lt;</span> <span class='ocrx_word' id='word_1_645' title='bbox 715 3169 905 3200; x_wconf 60' lang='lat' dir='ltr'>(interranum,</span> <span class='ocrx_word' id='word_1_646' title='bbox 917 3167 1053 3203; x_wconf 76' lang='lat' dir='ltr'>editioque</span> <span class='ocrx_word' id='word_1_647' title='bbox 1063 3163 1156 3201; x_wconf 75' lang='lat' dir='ltr'>prisca.</span> 
     </span>
    </p>
   </div>
   <div class='ocr_carea' id='block_1_11' title="bbox 1229 220 1257 2689">
    <p class='ocr_par' dir='ltr' id='par_1_12' title="bbox 1229 220 1257 2689">
     <span class='ocr_line' id='line_1_74' title="bbox 1229 220 1257 2689; baseline 0 0"><span class='ocrx_word' id='word_1_648' title='bbox 1229 220 1257 2689; x_wconf 95' lang='lat' dir='ltr'> </span> 
     </span>
    </p>
   </div>
   <div class='ocr_carea' id='block_1_12' title="bbox 1249 3159 1744 3201">
    <p class='ocr_par' dir='ltr' id='par_1_13' title="bbox 1249 3159 1744 3201">
     <span class='ocr_line' id='line_1_75' title="bbox 1249 3159 1744 3201; baseline -0.006 -11"><span class='ocrx_word' id='word_1_649' title='bbox 1249 3191 1252 3201; x_wconf 33' lang='lat'><em>⁵</em></span> <span class='ocrx_word' id='word_1_650' title='bbox 1280 3162 1451 3191; x_wconf 73' lang='lat' dir='ltr'>commentati</span> <span class='ocrx_word' id='word_1_651' title='bbox 1463 3160 1522 3190; x_wconf 75' lang='lat' dir='ltr'>suut</span> <span class='ocrx_word' id='word_1_652' title='bbox 1532 3161 1564 3190; x_wconf 80' lang='lat' dir='ltr'>ad</span> <span class='ocrx_word' id='word_1_653' title='bbox 1576 3159 1744 3188; x_wconf 75' lang='lat' dir='ltr'>Suetonium.</span> 
     </span>
    </p>
   </div>
   <div class='ocr_carea' id='block_1_13' title="bbox 1237 117 1782 167">
    <p class='ocr_par' dir='ltr' id='par_1_14' title="bbox 1237 117 1782 167">
     <span class='ocr_line' id='line_1_76' title="bbox 1237 117 1782 167; baseline 0.007 -4"><span class='ocrx_word' id='word_1_654' title='bbox 1237 117 1782 167; x_wconf 48' lang='lat' dir='ltr'>CrcE&#39;R0N1s</span> 
     </span>
    </p>
   </div>
   <div class='ocr_carea' id='block_1_14' title="bbox 1244 198 2230 2166">
    <p class='ocr_par' dir='ltr' id='par_1_15' title="bbox 1244 198 2230 2166">
     <span class='ocr_line' id='line_1_77' title="bbox 1245 198 2198 242; baseline 0.002 -13"><span class='ocrx_word' id='word_1_655' title='bbox 1245 198 1317 229; x_wconf 87' lang='lat' dir='ltr'>dum</span> <span class='ocrx_word' id='word_1_656' title='bbox 1330 198 1475 239; x_wconf 76' lang='lat' dir='ltr'>pyxidem</span> <span class='ocrx_word' id='word_1_657' title='bbox 1485 199 1660 239; x_wconf 70' lang='lat' dir='ltr'>porrexisset</span> <span class='ocrx_word' id='word_1_658' title='bbox 1671 221 1678 235; x_wconf 85' lang='grc'><strong>,</strong></span> <span class='ocrx_word' id='word_1_659' title='bbox 1698 198 1848 232; x_wconf 72' lang='lat' dir='ltr'>retraxisse</span> <span class='ocrx_word' id='word_1_660' title='bbox 1859 220 1867 235; x_wconf 87' lang='lat'>‚</span> <span class='ocrx_word' id='word_1_661' title='bbox 1878 207 1964 242; x_wconf 86' lang='lat' dir='ltr'>atque</span> <span class='ocrx_word' id='word_1_662' title='bbox 1974 199 2029 230; x_wconf 74' lang='lat' dir='ltr'>illo</span> <span class='ocrx_word' id='word_1_663' title='bbox 2041 201 2198 240; x_wconf 87' lang='lat' dir='ltr'>repentino</span> 
     </span>
     <span class='ocr_line' id='line_1_78' title="bbox 1246 241 2199 284; baseline 0.002 -13"><span class='ocrx_word' id='word_1_664' title='bbox 1246 242 1411 272; x_wconf 87' lang='lat' dir='ltr'>hominum</span> <span class='ocrx_word' id='word_1_665' title='bbox 1423 242 1544 282; x_wconf 79' lang='lat' dir='ltr'>impetu</span> <span class='ocrx_word' id='word_1_666' title='bbox 1556 242 1584 272; x_wconf 83' lang='lat' dir='ltr'>se</span> <span class='ocrx_word' id='word_1_667' title='bbox 1602 244 1635 273; x_wconf 88' lang='lat' dir='ltr'>in</span> <span class='ocrx_word' id='word_1_668' title='bbox 1653 243 1754 284; x_wconf 87' lang='lat' dir='ltr'>fugam</span> <span class='ocrx_word' id='word_1_669' title='bbox 1766 241 1938 284; x_wconf 73' lang='lat' dir='ltr'>conjeciss‘e.</span> <span class='ocrx_word' id='word_1_670' title='bbox 1962 244 2123 273; x_wconf 77' lang='lat' dir='ltr'>OMAGNA</span> <span class='ocrx_word' id='word_1_671' title='bbox 2143 251 2199 273; x_wconf 85' lang='lat' dir='ltr'>v1s</span> 
     </span>
     <span class='ocr_line' id='line_1_79' title="bbox 1246 284 2200 326; baseline 0.001 -13"><span class='ocrx_word' id='word_1_672' title='bbox 1246 293 1428 314; x_wconf 80' lang='lat' dir='ltr'>VERITATIS</span> <span class='ocrx_word' id='word_1_673' title='bbox 1439 303 1447 317; x_wconf 92' lang='lat'>,</span> <span class='ocrx_word' id='word_1_674' title='bbox 1470 293 1536 324; x_wconf 87' lang='lat' dir='ltr'>quae</span> <span class='ocrx_word' id='word_1_675' title='bbox 1545 293 1647 315; x_wconf 87' lang='lat' dir='ltr'>contra</span> <span class='ocrx_word' id='word_1_676' title='bbox 1655 287 1818 316; x_wconf 87' lang='lat' dir='ltr'>hominum</span> <span class='ocrx_word' id='word_1_677' title='bbox 1836 286 1958 326; x_wconf 85' lang='lat' dir='ltr'>ingenia</span> <span class='ocrx_word' id='word_1_678' title='bbox 1970 305 1978 318; x_wconf 87' lang='lat'>‚</span> <span class='ocrx_word' id='word_1_679' title='bbox 1994 284 2200 319; x_wconf 87' lang='lat' dir='ltr'>calliditatem,</span> 
     </span>
     <span class='ocr_line' id='line_1_80' title="bbox 1246 324 2201 370; baseline 0.002 -16"><span class='ocrx_word' id='word_1_680' title='bbox 1246 326 1409 355; x_wconf 86' lang='lat' dir='ltr'>sollertiam</span> <span class='ocrx_word' id='word_1_681' title='bbox 1422 344 1432 370; x_wconf 50' lang='grc' dir='ltr'>ἶ</span> <span class='ocrx_word' id='word_1_682' title='bbox 1447 335 1608 366; x_wconf 87' lang='lat' dir='ltr'>contraque</span> <span class='ocrx_word' id='word_1_683' title='bbox 1626 324 1709 357; x_wconf 62' lang='lat' dir='ltr'>fictas</span> <span class='ocrx_word' id='word_1_684' title='bbox 1727 329 1870 358; x_wconf 85' lang='lat' dir='ltr'>omniurn</span> <span class='ocrx_word' id='word_1_685' title='bbox 1891 325 2011 357; x_wconf 83' lang='lat' dir='ltr'>insidias</span> <span class='ocrx_word' id='word_1_686' title='bbox 2023 346 2031 359; x_wconf 90' lang='lat'>,</span> <span class='ocrx_word' id='word_1_687' title='bbox 2047 324 2135 356; x_wconf 79' lang='lat' dir='ltr'>facile</span> <span class='ocrx_word' id='word_1_688' title='bbox 2149 336 2201 366; x_wconf 89' lang='lat' dir='ltr'>per</span> 
     </span>
     <span class='ocr_line' id='line_1_81' title="bbox 1244 367 2199 408; baseline 0.001 -12"><span class='ocrx_word' id='word_1_689' title='bbox 1244 367 1369 407; x_wconf 89' lang='lat' dir='ltr'>seipsam</span> <span class='ocrx_word' id='word_1_690' title='bbox 1380 367 1538 397; x_wconf 69' lang='lat' dir='ltr'>defendat!</span> <span class='ocrx_word' id='word_1_691' title='bbox 1562 367 1677 398; x_wconf 79' lang='lat' dir='ltr'>Verum</span> <span class='ocrx_word' id='word_1_692' title='bbox 1688 370 1750 399; x_wconf 82' lang='lat' dir='ltr'>haec</span> <span class='ocrx_word' id='word_1_693' title='bbox 1759 377 1820 399; x_wconf 89' lang='lat' dir='ltr'>tota</span> <span class='ocrx_word' id='word_1_694' title='bbox 1829 369 1936 400; x_wconf 85' lang='lat' dir='ltr'>fabella</span> <span class='ocrx_word' id='word_1_695' title='bbox 1946 369 2052 399; x_wconf 91' lang='lat' dir='ltr'>veteris</span> <span class='ocrx_word' id='word_1_696' title='bbox 2064 388 2071 401; x_wconf 89' lang='lat'>‚</span> <span class='ocrx_word' id='word_1_697' title='bbox 2088 368 2120 397; x_wconf 90' lang='lat'>&amp;</span> <span class='ocrx_word' id='word_1_698' title='bbox 2131 369 2199 408; x_wconf 88' lang='lat' dir='ltr'>plu-</span> 
     </span>
     <span class='ocr_line' id='line_1_82' title="bbox 1245 408 2201 451; baseline 0.003 -13"><span class='ocrx_word' id='word_1_699' title='bbox 1245 411 1390 438; x_wconf 77' lang='lat' dir='ltr'>rimarum</span> <span class='ocrx_word' id='word_1_700' title='bbox 1408 408 1576 440; x_wconf 85' lang='lat' dir='ltr'>fabularum</span> <span class='ocrx_word' id='word_1_701' title='bbox 1590 412 1712 450; x_wconf 70' lang='lat' dir='ltr'>poetria:</span> <span class='ocrx_word' id='word_1_702' title='bbox 1724 431 1732 445; x_wconf 88' lang='lat'><em>‚</em></span> <span class='ocrx_word' id='word_1_703' title='bbox 1751 412 1842 451; x_wconf 74' lang='lat' dir='ltr'>quam</span> <span class='ocrx_word' id='word_1_704' title='bbox 1861 410 1903 441; x_wconf 91' lang='lat' dir='ltr'>est</span> <span class='ocrx_word' id='word_1_705' title='bbox 1923 410 1981 441; x_wconf 87' lang='lat' dir='ltr'>sine</span> <span class='ocrx_word' id='word_1_706' title='bbox 2003 414 2201 451; x_wconf 84' lang='lat' dir='ltr'>argumento?</span> 
     </span>
     <span class='ocr_line' id='line_1_83' title="bbox 1247 451 2202 494; baseline 0.004 -14"><span class='ocrx_word' id='word_1_707' title='bbox 1247 452 1337 491; x_wconf 76' lang='lat' dir='ltr'>quam</span> <span class='ocrx_word' id='word_1_708' title='bbox 1348 451 1469 480; x_wconf 91' lang='lat' dir='ltr'>nullum</span> <span class='ocrx_word' id='word_1_709' title='bbox 1481 453 1619 481; x_wconf 82' lang='lat' dir='ltr'>invenire</span> <span class='ocrx_word' id='word_1_710' title='bbox 1632 454 1748 482; x_wconf 88' lang='lat' dir='ltr'>exitum</span> <span class='ocrx_word' id='word_1_711' title='bbox 1759 452 1855 493; x_wconf 88' lang='lat' dir='ltr'>potest</span> <span class='ocrx_word' id='word_1_712' title='bbox 1868 457 1878 482; x_wconf 89' lang='lat'>?</span> <span class='ocrx_word' id='word_1_713' title='bbox 1901 453 1982 494; x_wconf 81' lang='lat' dir='ltr'>Qid</span> <span class='ocrx_word' id='word_1_714' title='bbox 1997 462 2080 482; x_wconf 87' lang='lat' dir='ltr'>enim</span> <span class='ocrx_word' id='word_1_715' title='bbox 2092 451 2139 481; x_wconf 88' lang='lat' dir='ltr'>isti</span> <span class='ocrx_word' id='word_1_716' title='bbox 2156 461 2202 484; x_wconf 90' lang='lat' dir='ltr'>tot</span> 
     </span>
     <span class='ocr_line' id='line_1_84' title="bbox 1248 492 2201 539; baseline 0.003 -18"><span class='ocrx_word' id='word_1_717' title='bbox 1248 495 1305 522; x_wconf 83' lang='lat' dir='ltr'>viri</span> <span class='ocrx_word' id='word_1_718' title='bbox 1317 494 1399 531; x_wconf 84' lang='lat' dir='ltr'>(nam</span> <span class='ocrx_word' id='word_1_719' title='bbox 1414 492 1530 523; x_wconf 77' lang='lat' dir='ltr'>necess‘e</span> <span class='ocrx_word' id='word_1_720' title='bbox 1540 493 1582 538; x_wconf 63' lang='lat' dir='ltr'>est</span> <span class='ocrx_word' id='word_1_721' title='bbox 1590 492 1676 524; x_wconf 81' lang='lat' dir='ltr'>fuifi&#39;e</span> <span class='ocrx_word' id='word_1_722' title='bbox 1688 504 1751 524; x_wconf 91' lang='lat' dir='ltr'>non</span> <span class='ocrx_word' id='word_1_723' title='bbox 1760 504 1869 534; x_wconf 80' lang='lat' dir='ltr'>paucos</span> <span class='ocrx_word' id='word_1_724' title='bbox 1870 515 1887 539; x_wconf 36' lang='grc' dir='ltr'>Ι,</span> <span class='ocrx_word' id='word_1_725' title='bbox 1899 504 1931 524; x_wconf 89' lang='lat' dir='ltr'>ut</span> <span class='ocrx_word' id='word_1_726' title='bbox 1942 496 1974 524; x_wconf 89' lang='lat'>&amp;</span> <span class='ocrx_word' id='word_1_727' title='bbox 1983 494 2201 534; x_wconf 88' lang='lat' dir='ltr'>comprehendi</span> 
     </span>
     <span class='ocr_line' id='line_1_85' title="bbox 1251 534 2203 575; baseline 0.003 -11"><span class='ocrx_word' id='word_1_728' title='bbox 1251 536 1388 565; x_wconf 86' lang='lat' dir='ltr'>Licinius</span> <span class='ocrx_word' id='word_1_729' title='bbox 1398 535 1485 565; x_wconf 77' lang='lat' dir='ltr'>facile</span> <span class='ocrx_word' id='word_1_730' title='bbox 1495 534 1590 575; x_wconf 88' lang='lat' dir='ltr'>posset</span> <span class='ocrx_word' id='word_1_731' title='bbox 1600 555 1609 568; x_wconf 89' lang='lat'><strong>‚</strong></span> <span class='ocrx_word' id='word_1_732' title='bbox 1630 536 1663 565; x_wconf 88' lang='lat'>&amp;</span> <span class='ocrx_word' id='word_1_733' title='bbox 1673 546 1717 565; x_wconf 88' lang='lat' dir='ltr'>res</span> <span class='ocrx_word' id='word_1_734' title='bbox 1727 534 1740 556; x_wconf 85' lang='lat'>⁶</span> <span class='ocrx_word' id='word_1_735' title='bbox 1752 537 1920 566; x_wconf 91' lang='lat' dir='ltr'>multorum</span> <span class='ocrx_word' id='word_1_736' title='bbox 1929 536 2025 565; x_wconf 89' lang='lat' dir='ltr'>oculis</span> <span class='ocrx_word' id='word_1_737' title='bbox 2034 534 2104 566; x_wconf 77' lang='lat' dir='ltr'>ess&#39;et</span> <span class='ocrx_word' id='word_1_738' title='bbox 2114 535 2203 567; x_wconf 88' lang='lat' dir='ltr'>testa-</span> 
     </span>
     <span class='ocr_line' id='line_1_86' title="bbox 1252 577 2204 617; baseline 0.001 -10"><span class='ocrx_word' id='word_1_739' title='bbox 1252 578 1323 617; x_wconf 85' lang='lat' dir='ltr'>tior)</span> <span class='ocrx_word' id='word_1_740' title='bbox 1341 587 1393 607; x_wconf 89' lang='lat' dir='ltr'>cur</span> <span class='ocrx_word' id='word_1_741' title='bbox 1410 579 1567 607; x_wconf 85' lang='lat' dir='ltr'>Licinium</span> <span class='ocrx_word' id='word_1_742' title='bbox 1596 577 1631 607; x_wconf 85' lang='lat' dir='ltr'>de</span> <span class='ocrx_word' id='word_1_743' title='bbox 1648 578 1788 608; x_wconf 86' lang='lat' dir='ltr'>manibus</span> <span class='ocrx_word' id='word_1_744' title='bbox 1805 579 1969 607; x_wconf 86' lang='lat' dir='ltr'>amiserunt</span> <span class='ocrx_word' id='word_1_745' title='bbox 1989 581 2000 605; x_wconf 86' lang='lat'>?</span> <span class='ocrx_word' id='word_1_746' title='bbox 2029 579 2083 617; x_wconf 89' lang='lat' dir='ltr'>qui</span> <span class='ocrx_word' id='word_1_747' title='bbox 2100 579 2204 608; x_wconf 81' lang='lat' dir='ltr'>miuus</span> 
     </span>
     <span class='ocr_line' id='line_1_87' title="bbox 1254 619 2204 660; baseline 0.001 -11"><span class='ocrx_word' id='word_1_748' title='bbox 1254 621 1337 649; x_wconf 91' lang='lat' dir='ltr'>enim</span> <span class='ocrx_word' id='word_1_749' title='bbox 1353 620 1489 649; x_wconf 87' lang='lat' dir='ltr'>Licinius</span> <span class='ocrx_word' id='word_1_750' title='bbox 1508 619 1727 659; x_wconf 87' lang='lat' dir='ltr'>comprehendi</span> <span class='ocrx_word' id='word_1_751' title='bbox 1740 621 1854 660; x_wconf 85' lang='lat' dir='ltr'>potuit,</span> <span class='ocrx_word' id='word_1_752' title='bbox 1876 619 1947 649; x_wconf 80' lang='lat' dir='ltr'>curn</span> <span class='ocrx_word' id='word_1_753' title='bbox 1961 620 1989 649; x_wconf 88' lang='lat' dir='ltr'>se</span> <span class='ocrx_word' id='word_1_754' title='bbox 2007 620 2145 652; x_wconf 86' lang='lat' dir='ltr'>retraxit,</span> <span class='ocrx_word' id='word_1_755' title='bbox 2165 630 2204 650; x_wconf 90' lang='lat' dir='ltr'>ne</span> 
     </span>
     <span class='ocr_line' id='line_1_88' title="bbox 1254 659 2205 702; baseline 0.001 -11"><span class='ocrx_word' id='word_1_756' title='bbox 1254 661 1398 701; x_wconf 80' lang='lat' dir='ltr'>pyxidem</span> <span class='ocrx_word' id='word_1_757' title='bbox 1417 661 1544 691; x_wconf 84' lang='lat' dir='ltr'>traderet</span> <span class='ocrx_word' id='word_1_758' title='bbox 1554 681 1562 694; x_wconf 86' lang='lat'><em>‚</em></span> <span class='ocrx_word' id='word_1_759' title='bbox 1584 661 1675 702; x_wconf 72' lang='lat' dir='ltr'>quam</span> <span class='ocrx_word' id='word_1_760' title='bbox 1691 659 1712 690; x_wconf 86' lang='lat' dir='ltr'>fi</span> <span class='ocrx_word' id='word_1_761' title='bbox 1731 672 1795 692; x_wconf 92' lang='lat' dir='ltr'>non</span> <span class='ocrx_word' id='word_1_762' title='bbox 1813 659 1994 692; x_wconf 85' lang='lat' dir='ltr'>retraxisset?</span> <span class='ocrx_word' id='word_1_763' title='bbox 2017 669 2099 691; x_wconf 89' lang='lat' dir='ltr'>erant</span> <span class='ocrx_word' id='word_1_764' title='bbox 2120 663 2205 692; x_wconf 89' lang='lat' dir='ltr'>enim</span> 
     </span>
     <span class='ocr_line' id='line_1_89' title="bbox 1254 701 2207 743; baseline 0.001 -11"><span class='ocrx_word' id='word_1_765' title='bbox 1254 704 1300 732; x_wconf 90' lang='lat' dir='ltr'>illi</span> <span class='ocrx_word' id='word_1_766' title='bbox 1314 701 1420 743; x_wconf 87' lang='lat' dir='ltr'>positi,</span> <span class='ocrx_word' id='word_1_767' title='bbox 1441 712 1473 733; x_wconf 91' lang='lat' dir='ltr'>ut</span> <span class='ocrx_word' id='word_1_768' title='bbox 1491 702 1781 743; x_wconf 86' lang='lat' dir='ltr'>comprehenderent</span> <span class='ocrx_word' id='word_1_769' title='bbox 1798 705 1972 734; x_wconf 88' lang='lat' dir='ltr'>Licinium:</span> <span class='ocrx_word' id='word_1_770' title='bbox 1995 711 2028 733; x_wconf 89' lang='lat' dir='ltr'>ut</span> <span class='ocrx_word' id='word_1_771' title='bbox 2045 702 2207 733; x_wconf 70' lang='lat' dir='ltr'>manifesto</span> 
     </span>
     <span class='ocr_line' id='line_1_90' title="bbox 1258 744 2205 779; baseline 0.001 -5"><span class='ocrx_word' id='word_1_772' title='bbox 1258 747 1395 775; x_wconf 85' lang='lat' dir='ltr'>Licinius</span> <span class='ocrx_word' id='word_1_773' title='bbox 1409 754 1577 779; x_wconf 82' lang='lat' dir='ltr'>teneretur,</span> <span class='ocrx_word' id='word_1_774' title='bbox 1592 744 1721 775; x_wconf 74' lang='lat' dir='ltr'>autcum</span> <span class='ocrx_word' id='word_1_775' title='bbox 1732 747 2035 776; x_wconf 86' lang='lat' dir='ltr'>retineretvenenum</span> <span class='ocrx_word' id='word_1_776' title='bbox 2047 764 2055 778; x_wconf 92' lang='lat'>‚</span> <span class='ocrx_word' id='word_1_777' title='bbox 2074 744 2205 775; x_wconf 72' lang='lat' dir='ltr'>autcum</span> 
     </span>
     <span class='ocr_line' id='line_1_91' title="bbox 1257 785 2207 820; baseline 0.001 -4"><span class='ocrx_word' id='word_1_778' title='bbox 1257 786 1430 817; x_wconf 75' lang='lat' dir='ltr'>tradidisset.</span> <span class='ocrx_word' id='word_1_779' title='bbox 1456 790 1524 817; x_wconf 91' lang='lat' dir='ltr'>Hoc</span> <span class='ocrx_word' id='word_1_780' title='bbox 1540 786 1599 818; x_wconf 86' lang='lat' dir='ltr'>fuit</span> <span class='ocrx_word' id='word_1_781' title='bbox 1617 796 1715 817; x_wconf 88' lang='lat' dir='ltr'>toturn</span> <span class='ocrx_word' id='word_1_782' title='bbox 1727 785 1888 817; x_wconf 88' lang='lat' dir='ltr'>consilium</span> <span class='ocrx_word' id='word_1_783' title='bbox 1900 787 2047 820; x_wconf 73' lang='lat' dir='ltr'>mulieris,</span> <span class='ocrx_word' id='word_1_784' title='bbox 2063 786 2207 817; x_wconf 83' lang='lat' dir='ltr'>haecisto-</span> 
     </span>
     <span class='ocr_line' id='line_1_92' title="bbox 1257 829 2210 870; baseline -0.001 -11"><span class='ocrx_word' id='word_1_785' title='bbox 1257 840 1325 860; x_wconf 86' lang='lat' dir='ltr'>rum</span> <span class='ocrx_word' id='word_1_786' title='bbox 1336 830 1502 869; x_wconf 83' lang='lat' dir='ltr'>provincia,</span> <span class='ocrx_word' id='word_1_787' title='bbox 1514 831 1566 869; x_wconf 91' lang='lat' dir='ltr'>qui</span> <span class='ocrx_word' id='word_1_788' title='bbox 1580 831 1672 870; x_wconf 84' lang='lat' dir='ltr'>rogati</span> <span class='ocrx_word' id='word_1_789' title='bbox 1683 829 1764 859; x_wconf 88' lang='lat' dir='ltr'>sunt:</span> <span class='ocrx_word' id='word_1_790' title='bbox 1787 839 1864 870; x_wconf 91' lang='lat' dir='ltr'>quos</span> <span class='ocrx_word' id='word_1_791' title='bbox 1885 829 2009 870; x_wconf 92' lang='lat' dir='ltr'>quidem</span> <span class='ocrx_word' id='word_1_792' title='bbox 2019 837 2052 857; x_wconf 92' lang='lat' dir='ltr'>tu</span> <span class='ocrx_word' id='word_1_793' title='bbox 2062 829 2210 869; x_wconf 91' lang='lat' dir='ltr'>quamob-</span> 
     </span>
     <span class='ocr_line' id='line_1_93' title="bbox 1257 870 2211 912; baseline -0.002 -11"><span class='ocrx_word' id='word_1_794' title='bbox 1257 882 1321 902; x_wconf 90' lang='lat' dir='ltr'>rem</span> <span class='ocrx_word' id='word_1_795' title='bbox 1331 870 1442 902; x_wconf 77' lang='lat' dir='ltr'>temere</span> <span class='ocrx_word' id='word_1_796' title='bbox 1451 870 1601 912; x_wconf 67' lang='lat' dir='ltr'>profitmffe</span> <span class='ocrx_word' id='word_1_797' title='bbox 1610 872 1689 901; x_wconf 86' lang='lat' dir='ltr'>dicas</span> <span class='ocrx_word' id='word_1_798' title='bbox 1701 892 1710 904; x_wconf 86' lang='lat'>,</span> <span class='ocrx_word' id='word_1_799' title='bbox 1730 879 1817 911; x_wconf 89' lang='lat' dir='ltr'>atque</span> <span class='ocrx_word' id='word_1_800' title='bbox 1828 880 1894 901; x_wconf 89' lang='lat' dir='ltr'>ante</span> <span class='ocrx_word' id='word_1_801' title='bbox 1906 879 2024 910; x_wconf 89' lang='lat' dir='ltr'>tempus</span> <span class='ocrx_word' id='word_1_802' title='bbox 2032 890 2040 903; x_wconf 90' lang='lat'>‚</span> <span class='ocrx_word' id='word_1_803' title='bbox 2053 880 2117 899; x_wconf 89' lang='lat' dir='ltr'>non</span> <span class='ocrx_word' id='word_1_804' title='bbox 2127 880 2211 910; x_wconf 89' lang='lat' dir='ltr'>repe-</span> 
     </span>
     <span class='ocr_line' id='line_1_94' title="bbox 1257 912 2211 953; baseline -0.002 -10"><span class='ocrx_word' id='word_1_805' title='bbox 1257 916 1315 944; x_wconf 85' lang='lat' dir='ltr'>rio.</span> <span class='ocrx_word' id='word_1_806' title='bbox 1339 913 1456 943; x_wconf 78' lang='lat' dir='ltr'>i&#39;uerant</span> <span class='ocrx_word' id='word_1_807' title='bbox 1469 914 1526 942; x_wconf 90' lang='lat' dir='ltr'>hoc</span> <span class='ocrx_word' id='word_1_808' title='bbox 1535 915 1628 953; x_wconf 86' lang='lat' dir='ltr'>rogati</span> <span class='ocrx_word' id='word_1_809' title='bbox 1644 924 1649 942; x_wconf 91' lang='grc'>;</span> <span class='ocrx_word' id='word_1_810' title='bbox 1671 912 1787 943; x_wconf 85' lang='lat' dir='ltr'>fuerant</span> <span class='ocrx_word' id='word_1_811' title='bbox 1800 913 1834 943; x_wconf 88' lang='lat' dir='ltr'>ad</span> <span class='ocrx_word' id='word_1_812' title='bbox 1847 914 1920 942; x_wconf 85' lang='lat' dir='ltr'>hanc</span> <span class='ocrx_word' id='word_1_813' title='bbox 1930 921 1993 942; x_wconf 90' lang='lat' dir='ltr'>rem</span> <span class='ocrx_word' id='word_1_814' title='bbox 2003 912 2142 942; x_wconf 90' lang='lat' dir='ltr'>collocati</span> <span class='ocrx_word' id='word_1_815' title='bbox 2155 932 2162 945; x_wconf 91' lang='lat'><em>‚</em></span> <span class='ocrx_word' id='word_1_816' title='bbox 2177 921 2211 942; x_wconf 84' lang='lat' dir='ltr'>ut</span> 
     </span>
     <span class='ocr_line' id='line_1_95' title="bbox 1256 952 2212 995; baseline -0.004 -9"><span class='ocrx_word' id='word_1_817' title='bbox 1256 964 1409 986; x_wconf 89' lang='lat' dir='ltr'>venenum</span> <span class='ocrx_word' id='word_1_818' title='bbox 1422 975 1430 988; x_wconf 86' lang='lat'>‚</span> <span class='ocrx_word' id='word_1_819' title='bbox 1441 964 1473 985; x_wconf 89' lang='lat' dir='ltr'>ut</span> <span class='ocrx_word' id='word_1_820' title='bbox 1484 953 1595 984; x_wconf 67' lang='lat' dir='ltr'>insidia:</span> <span class='ocrx_word' id='word_1_821' title='bbox 1607 975 1616 988; x_wconf 90' lang='lat'>,</span> <span class='ocrx_word' id='word_1_822' title='bbox 1627 954 1741 984; x_wconf 81' lang='lat' dir='ltr'>facinus</span> <span class='ocrx_word' id='word_1_823' title='bbox 1751 955 1987 995; x_wconf 88' lang='lat' dir='ltr'>deniqueipsum</span> <span class='ocrx_word' id='word_1_824' title='bbox 2003 962 2036 983; x_wconf 92' lang='lat' dir='ltr'>ut</span> <span class='ocrx_word' id='word_1_825' title='bbox 2049 952 2212 983; x_wconf 66' lang='lat' dir='ltr'>manifeste&gt;</span> 
     </span>
     <span class='ocr_line' id='line_1_96' title="bbox 1255 993 2211 1037; baseline -0.004 -9"><span class='ocrx_word' id='word_1_826' title='bbox 1255 996 1567 1037; x_wconf 86' lang='lat' dir='ltr'>comprehenderetur.</span> <span class='ocrx_word' id='word_1_827' title='bbox 1578 1005 1778 1036; x_wconf 89' lang='lat' dir='ltr'>potueruntne</span> <span class='ocrx_word' id='word_1_828' title='bbox 1789 997 1911 1026; x_wconf 90' lang='lat' dir='ltr'>meliori</span> <span class='ocrx_word' id='word_1_829' title='bbox 1921 1005 2056 1036; x_wconf 87' lang='lat' dir='ltr'>tempore</span> <span class='ocrx_word' id='word_1_830' title='bbox 2066 993 2211 1035; x_wconf 82' lang='lat' dir='ltr'>prosilire,</span> 
     </span>
     <span class='ocr_line' id='line_1_97' title="bbox 1257 1037 2213 1081; baseline -0.002 -12"><span class='ocrx_word' id='word_1_831' title='bbox 1257 1040 1349 1081; x_wconf 71' lang='lat' dir='ltr'>quam</span> <span class='ocrx_word' id='word_1_832' title='bbox 1371 1037 1442 1069; x_wconf 79' lang='lat' dir='ltr'>cum</span> <span class='ocrx_word' id='word_1_833' title='bbox 1462 1040 1598 1069; x_wconf 87' lang='lat' dir='ltr'>Licinius</span> <span class='ocrx_word' id='word_1_834' title='bbox 1617 1037 1762 1068; x_wconf 84' lang='lat' dir='ltr'>venisset?</span> <span class='ocrx_word' id='word_1_835' title='bbox 1784 1038 1856 1068; x_wconf 78' lang='lat' dir='ltr'>cum</span> <span class='ocrx_word' id='word_1_836' title='bbox 1873 1040 1906 1068; x_wconf 93' lang='lat' dir='ltr'>in</span> <span class='ocrx_word' id='word_1_837' title='bbox 1920 1048 2013 1068; x_wconf 88' lang='lat' dir='ltr'>manu</span> <span class='ocrx_word' id='word_1_838' title='bbox 2030 1045 2144 1067; x_wconf 87' lang='lat' dir='ltr'>teneret</span> <span class='ocrx_word' id='word_1_839' title='bbox 2160 1047 2213 1067; x_wconf 81' lang='lat' dir='ltr'>ve·-</span> 
     </span>
     <span class='ocr_line' id='line_1_98' title="bbox 1259 1077 2215 1121; baseline -0.003 -10"><span class='ocrx_word' id='word_1_840' title='bbox 1259 1083 1331 1111; x_wconf 92' lang='lat' dir='ltr'>neni</span> <span class='ocrx_word' id='word_1_841' title='bbox 1345 1080 1489 1120; x_wconf 85' lang='lat' dir='ltr'>pyxidem</span> <span class='ocrx_word' id='word_1_842' title='bbox 1502 1084 1512 1110; x_wconf 92' lang='lat'>?</span> <span class='ocrx_word' id='word_1_843' title='bbox 1534 1091 1600 1121; x_wconf 79' lang='lat' dir='ltr'>quae</span> <span class='ocrx_word' id='word_1_844' title='bbox 1610 1079 1709 1110; x_wconf 88' lang='lat' dir='ltr'>ficum</span> <span class='ocrx_word' id='word_1_845' title='bbox 1720 1081 1783 1119; x_wconf 86' lang='lat' dir='ltr'>jam</span> <span class='ocrx_word' id='word_1_846' title='bbox 1793 1089 1853 1111; x_wconf 88' lang='lat' dir='ltr'>erat</span> <span class='ocrx_word' id='word_1_847' title='bbox 1865 1080 1968 1110; x_wconf 89' lang='lat' dir='ltr'>tradita</span> <span class='ocrx_word' id='word_1_848' title='bbox 1977 1081 2067 1110; x_wconf 86' lang='lat' dir='ltr'>servis</span> <span class='ocrx_word' id='word_1_849' title='bbox 2079 1100 2087 1112; x_wconf 93' lang='lat'>,</span> <span class='ocrx_word' id='word_1_850' title='bbox 2108 1077 2215 1109; x_wconf 81' lang='lat' dir='ltr'>evasis-</span> 
     </span>
     <span class='ocr_line' id='line_1_99' title="bbox 1260 1120 2214 1161; baseline -0.003 -8"><span class='ocrx_word' id='word_1_851' title='bbox 1260 1124 1323 1153; x_wconf 83' lang='lat' dir='ltr'>sent</span> <span class='ocrx_word' id='word_1_852' title='bbox 1334 1120 1433 1152; x_wconf 75' lang='lat' dir='ltr'>subito</span> <span class='ocrx_word' id='word_1_853' title='bbox 1451 1132 1488 1152; x_wconf 86' lang='lat' dir='ltr'>ex</span> <span class='ocrx_word' id='word_1_854' title='bbox 1499 1123 1613 1152; x_wconf 78' lang='lat' dir='ltr'>balneis</span> <span class='ocrx_word' id='word_1_855' title='bbox 1624 1122 1762 1151; x_wconf 86' lang='lat' dir='ltr'>mulieris</span> <span class='ocrx_word' id='word_1_856' title='bbox 1770 1124 1860 1152; x_wconf 87' lang='lat' dir='ltr'>amici</span> <span class='ocrx_word' id='word_1_857' title='bbox 1873 1142 1881 1155; x_wconf 90' lang='lat'>‚</span> <span class='ocrx_word' id='word_1_858' title='bbox 1901 1123 2117 1161; x_wconf 89' lang='lat' dir='ltr'>Liciniumque</span> <span class='ocrx_word' id='word_1_859' title='bbox 2126 1130 2214 1151; x_wconf 86' lang='lat' dir='ltr'>com-</span> 
     </span>
     <span class='ocr_line' id='line_1_100' title="bbox 1257 1162 2216 1205; baseline -0.002 -11"><span class='ocrx_word' id='word_1_860' title='bbox 1257 1162 1497 1205; x_wconf 86' lang='lat' dir='ltr'>prehendissent:</span> <span class='ocrx_word' id='word_1_861' title='bbox 1521 1164 1695 1203; x_wconf 88' lang='lat' dir='ltr'>imploraret</span> <span class='ocrx_word' id='word_1_862' title='bbox 1710 1164 1874 1193; x_wconf 89' lang='lat' dir='ltr'>hominurn</span> <span class='ocrx_word' id='word_1_863' title='bbox 1889 1162 1980 1193; x_wconf 87' lang='lat' dir='ltr'>fidem</span> <span class='ocrx_word' id='word_1_864' title='bbox 1994 1183 2002 1195; x_wconf 89' lang='lat'>,</span> <span class='ocrx_word' id='word_1_865' title='bbox 2020 1172 2106 1202; x_wconf 84' lang='lat' dir='ltr'>atque</span> <span class='ocrx_word' id='word_1_866' title='bbox 2116 1162 2167 1192; x_wconf 70' lang='lat' dir='ltr'>ase</span> <span class='ocrx_word' id='word_1_867' title='bbox 2178 1163 2216 1191; x_wconf 87' lang='lat' dir='ltr'>il-</span> 
     </span>
     <span class='ocr_line' id='line_1_101' title="bbox 1260 1203 2216 1246; baseline -0.005 -9"><span class='ocrx_word' id='word_1_868' title='bbox 1260 1209 1321 1237; x_wconf 91' lang='lat' dir='ltr'>lam</span> <span class='ocrx_word' id='word_1_869' title='bbox 1333 1204 1478 1245; x_wconf 84' lang='lat' dir='ltr'>pyxidem</span> <span class='ocrx_word' id='word_1_870' title='bbox 1491 1205 1627 1235; x_wconf 87' lang='lat' dir='ltr'>traditam</span> <span class='ocrx_word' id='word_1_871' title='bbox 1640 1212 1816 1244; x_wconf 77' lang='lat' dir='ltr'>pernegaret:</span> <span class='ocrx_word' id='word_1_872' title='bbox 1838 1215 1929 1246; x_wconf 90' lang='lat' dir='ltr'>quem</span> <span class='ocrx_word' id='word_1_873' title='bbox 1943 1203 2100 1244; x_wconf 89' lang='lat' dir='ltr'>quomodo</span> <span class='ocrx_word' id='word_1_874' title='bbox 2110 1204 2158 1232; x_wconf 90' lang='lat' dir='ltr'>illi</span> <span class='ocrx_word' id='word_1_875' title='bbox 2170 1213 2216 1233; x_wconf 87' lang='lat' dir='ltr'>re-</span> 
     </span>
     <span class='ocr_line' id='line_1_102' title="bbox 1257 1244 2219 1289; baseline -0.003 -11"><span class='ocrx_word' id='word_1_876' title='bbox 1257 1247 1497 1289; x_wconf 79' lang='lat' dir='ltr'>prehenderent?</span> <span class='ocrx_word' id='word_1_877' title='bbox 1518 1245 1625 1277; x_wconf 67' lang='lat' dir='ltr'>vidiss&#39;e</span> <span class='ocrx_word' id='word_1_878' title='bbox 1639 1247 1666 1276; x_wconf 92' lang='lat' dir='ltr'>se</span> <span class='ocrx_word' id='word_1_879' title='bbox 1684 1246 1837 1276; x_wconf 88' lang='lat' dir='ltr'>dicerent?</span> <span class='ocrx_word' id='word_1_880' title='bbox 1859 1244 1994 1286; x_wconf 80' lang='lat' dir='ltr'>primurn</span> <span class='ocrx_word' id='word_1_881' title='bbox 2005 1245 2039 1275; x_wconf 91' lang='lat' dir='ltr'>ad</span> <span class='ocrx_word' id='word_1_882' title='bbox 2059 1245 2086 1275; x_wconf 87' lang='lat' dir='ltr'>se</span> <span class='ocrx_word' id='word_1_883' title='bbox 2096 1254 2219 1275; x_wconf 87' lang='lat' dir='ltr'>revoca-</span> 
     </span>
     <span class='ocr_line' id='line_1_103' title="bbox 1259 1285 2220 1320; baseline -0.004 0"><span class='ocrx_word' id='word_1_884' title='bbox 1259 1299 1324 1320; x_wconf 91' lang='lat' dir='ltr'>rent</span> <span class='ocrx_word' id='word_1_885' title='bbox 1337 1290 1466 1318; x_wconf 88' lang='lat' dir='ltr'>maximi</span> <span class='ocrx_word' id='word_1_886' title='bbox 1486 1288 1629 1318; x_wconf 79' lang='lat' dir='ltr'>facinoris</span> <span class='ocrx_word' id='word_1_887' title='bbox 1638 1290 1773 1318; x_wconf 85' lang='lat' dir='ltr'>crimen:</span> <span class='ocrx_word' id='word_1_888' title='bbox 1795 1287 1946 1318; x_wconf 88' lang='lat' dir='ltr'>deindeid</span> <span class='ocrx_word' id='word_1_889' title='bbox 1965 1288 1993 1317; x_wconf 90' lang='lat' dir='ltr'>se</span> <span class='ocrx_word' id='word_1_890' title='bbox 2011 1285 2117 1317; x_wconf 75' lang='lat' dir='ltr'>vidifle</span> <span class='ocrx_word' id='word_1_891' title='bbox 2136 1287 2220 1317; x_wconf 83' lang='lat' dir='ltr'>dice·</span> 
     </span>
     <span class='ocr_line' id='line_1_104' title="bbox 1260 1328 2219 1372; baseline -0.005 -10"><span class='ocrx_word' id='word_1_892' title='bbox 1260 1340 1346 1365; x_wconf 85' lang='lat' dir='ltr'>rent,</span> <span class='ocrx_word' id='word_1_893' title='bbox 1361 1329 1442 1371; x_wconf 89' lang='lat' dir='ltr'>quod</span> <span class='ocrx_word' id='word_1_894' title='bbox 1454 1350 1462 1364; x_wconf 84' lang='lat'>‚</span> <span class='ocrx_word' id='word_1_895' title='bbox 1478 1340 1540 1372; x_wconf 90' lang='lat' dir='ltr'>quo</span> <span class='ocrx_word' id='word_1_896' title='bbox 1550 1330 1768 1360; x_wconf 88' lang='lat' dir='ltr'>lococollocati</span> <span class='ocrx_word' id='word_1_897' title='bbox 1777 1328 1893 1360; x_wconf 86' lang='lat' dir='ltr'>fuerant</span> <span class='ocrx_word' id='word_1_898' title='bbox 1902 1350 1912 1364; x_wconf 86' lang='lat'>,</span> <span class='ocrx_word' id='word_1_899' title='bbox 1924 1339 1988 1359; x_wconf 89' lang='lat' dir='ltr'>non</span> <span class='ocrx_word' id='word_1_900' title='bbox 1997 1328 2160 1369; x_wconf 76' lang='lat' dir='ltr'>potuissent</span> <span class='ocrx_word' id='word_1_901' title='bbox 2169 1329 2219 1358; x_wconf 78' lang='lat' dir='ltr'>vi-</span> 
     </span>
     <span class='ocr_line' id='line_1_105' title="bbox 1261 1370 2220 1413; baseline -0.005 -9"><span class='ocrx_word' id='word_1_902' title='bbox 1261 1374 1341 1404; x_wconf 85' lang='lat' dir='ltr'>dere.</span> <span class='ocrx_word' id='word_1_903' title='bbox 1366 1375 1520 1412; x_wconf 91' lang='lat' dir='ltr'>Tempore</span> <span class='ocrx_word' id='word_1_904' title='bbox 1530 1374 1621 1413; x_wconf 88' lang='lat' dir='ltr'>igitur</span> <span class='ocrx_word' id='word_1_905' title='bbox 1639 1372 1701 1411; x_wconf 91' lang='lat' dir='ltr'>ipso</span> <span class='ocrx_word' id='word_1_906' title='bbox 1713 1372 1739 1401; x_wconf 90' lang='lat' dir='ltr'>se</span> <span class='ocrx_word' id='word_1_907' title='bbox 1758 1370 1972 1405; x_wconf 88' lang='lat' dir='ltr'>ostenderunt,</span> <span class='ocrx_word' id='word_1_908' title='bbox 1989 1370 2062 1401; x_wconf 78' lang='lat' dir='ltr'>cum</span> <span class='ocrx_word' id='word_1_909' title='bbox 2078 1371 2220 1400; x_wconf 84' lang='lat' dir='ltr'>Licinius</span> 
     </span>
     <span class='ocr_line' id='line_1_106' title="bbox 1261 1413 2220 1455; baseline -0.004 -10"><span class='ocrx_word' id='word_1_910' title='bbox 1261 1413 1397 1448; x_wconf 68' lang='lat' dir='ltr'>venisset,</span> <span class='ocrx_word' id='word_1_911' title='bbox 1408 1414 1552 1454; x_wconf 87' lang='lat' dir='ltr'>pyxidem</span> <span class='ocrx_word' id='word_1_912' title='bbox 1563 1413 1726 1453; x_wconf 79' lang='lat' dir='ltr'>expediret,</span> <span class='ocrx_word' id='word_1_913' title='bbox 1740 1423 1865 1443; x_wconf 89' lang='lat' dir='ltr'>manum</span> <span class='ocrx_word' id='word_1_914' title='bbox 1873 1415 2048 1455; x_wconf 88' lang='lat' dir='ltr'>porrigeret,</span> <span class='ocrx_word' id='word_1_915' title='bbox 2062 1421 2220 1443; x_wconf 88' lang='lat' dir='ltr'>venenum</span> 
     </span>
     <span class='ocr_line' id='line_1_107' title="bbox 1264 1453 2220 1496; baseline -0.004 -9"><span class='ocrx_word' id='word_1_916' title='bbox 1264 1457 1400 1489; x_wconf 86' lang='lat' dir='ltr'>traderet.</span> <span class='ocrx_word' id='word_1_917' title='bbox 1422 1462 1437 1485; x_wconf 94' lang='lat'><em>7</em></span> <span class='ocrx_word' id='word_1_918' title='bbox 1449 1458 1541 1486; x_wconf 92' lang='lat' dir='ltr'>Mimi</span> <span class='ocrx_word' id='word_1_919' title='bbox 1551 1466 1621 1496; x_wconf 87' lang='lat' dir='ltr'>ergo</span> <span class='ocrx_word' id='word_1_920' title='bbox 1632 1454 1745 1494; x_wconf 87' lang='lat' dir='ltr'>estjam</span> <span class='ocrx_word' id='word_1_921' title='bbox 1755 1457 1871 1489; x_wconf 86' lang='lat' dir='ltr'>exitus,</span> <span class='ocrx_word' id='word_1_922' title='bbox 1894 1465 1959 1485; x_wconf 92' lang='lat' dir='ltr'>non</span> <span class='ocrx_word' id='word_1_923' title='bbox 1969 1453 2072 1494; x_wconf 70' lang='lat' dir='ltr'>fabula</span> <span class='ocrx_word' id='word_1_924' title='bbox 2083 1465 2093 1481; x_wconf 92' lang='lat'>.·</span> <span class='ocrx_word' id='word_1_925' title='bbox 2112 1456 2146 1483; x_wconf 90' lang='lat' dir='ltr'>in</span> <span class='ocrx_word' id='word_1_926' title='bbox 2159 1463 2220 1494; x_wconf 91' lang='lat' dir='ltr'>quo</span> 
     </span>
     <span class='ocr_line' id='line_1_108' title="bbox 1263 1495 2222 1538; baseline -0.004 -9"><span class='ocrx_word' id='word_1_927' title='bbox 1263 1499 1336 1530; x_wconf 77' lang='lat' dir='ltr'>cum</span> <span class='ocrx_word' id='word_1_928' title='bbox 1357 1499 1486 1529; x_wconf 85' lang='lat' dir='ltr'>clausula</span> <span class='ocrx_word' id='word_1_929' title='bbox 1504 1508 1568 1528; x_wconf 91' lang='lat' dir='ltr'>non</span> <span class='ocrx_word' id='word_1_930' title='bbox 1588 1499 1742 1527; x_wconf 90' lang='lat' dir='ltr'>invenitur</span> <span class='ocrx_word' id='word_1_931' title='bbox 1760 1518 1769 1530; x_wconf 87' lang='lat'><em>‚</em></span> <span class='ocrx_word' id='word_1_932' title='bbox 1797 1496 1876 1538; x_wconf 89' lang='lat' dir='ltr'>fugit</span> <span class='ocrx_word' id='word_1_933' title='bbox 1891 1497 2000 1537; x_wconf 89' lang='lat' dir='ltr'>aliquis</span> <span class='ocrx_word' id='word_1_934' title='bbox 2026 1495 2042 1526; x_wconf 82' lang='grc' dir='ltr'>ὲ</span> <span class='ocrx_word' id='word_1_935' title='bbox 2062 1495 2202 1526; x_wconf 89' lang='lat' dir='ltr'>manibus</span> <span class='ocrx_word' id='word_1_936' title='bbox 2215 1504 2222 1524; x_wconf 82' lang='lat'>2</span> 
     </span>
     <span class='ocr_line' id='line_1_109' title="bbox 1263 1536 2222 1579; baseline -0.004 -8"><span class='ocrx_word' id='word_1_937' title='bbox 1263 1540 1372 1572; x_wconf 89' lang='lat' dir='ltr'>deinde</span> <span class='ocrx_word' id='word_1_938' title='bbox 1396 1536 1410 1559; x_wconf 89' lang='lat'>8</span> <span class='ocrx_word' id='word_1_939' title='bbox 1429 1540 1545 1570; x_wconf 85' lang='lat' dir='ltr'>scabilla</span> <span class='ocrx_word' id='word_1_940' title='bbox 1563 1548 1761 1579; x_wconf 90' lang='lat' dir='ltr'>concrepant,</span> <span class='ocrx_word' id='word_1_941' title='bbox 1782 1540 1912 1569; x_wconf 79' lang='lat' dir='ltr'>aulaeum</span> <span class='ocrx_word' id='word_1_942' title='bbox 1939 1538 2068 1568; x_wconf 90' lang='lat' dir='ltr'>tollitur.</span> <span class='ocrx_word' id='word_1_943' title='bbox 2112 1540 2222 1578; x_wconf 83' lang='lat' dir='ltr'>Qiaero</span> 
     </span>
     <span class='ocr_line' id='line_1_110' title="bbox 1263 1579 2223 1616; baseline -0.006 -2"><span class='ocrx_word' id='word_1_944' title='bbox 1263 1585 1348 1614; x_wconf 87' lang='lat' dir='ltr'>enim</span> <span class='ocrx_word' id='word_1_945' title='bbox 1361 1603 1369 1616; x_wconf 83' lang='lat'>‚</span> <span class='ocrx_word' id='word_1_946' title='bbox 1385 1593 1437 1612; x_wconf 90' lang='lat' dir='ltr'>cur</span> <span class='ocrx_word' id='word_1_947' title='bbox 1446 1584 1601 1612; x_wconf 87' lang='lat' dir='ltr'>Licinium</span> <span class='ocrx_word' id='word_1_948' title='bbox 1611 1582 1790 1611; x_wconf 86' lang='lat' dir='ltr'>titubantem</span> <span class='ocrx_word' id='word_1_949' title='bbox 1802 1601 1810 1615; x_wconf 93' lang='lat'>‚</span> <span class='ocrx_word' id='word_1_950' title='bbox 1831 1579 2014 1610; x_wconf 69' lang='lat' dir='ltr'>haesitantem</span> <span class='ocrx_word' id='word_1_951' title='bbox 2024 1599 2032 1613; x_wconf 92' lang='lat'><strong>,</strong></span> <span class='ocrx_word' id='word_1_952' title='bbox 2053 1579 2223 1614; x_wconf 86' lang='lat' dir='ltr'>cedentem,</span> 
     </span>
     <span class='ocr_line' id='line_1_111' title="bbox 1265 1620 2223 1666; baseline -0.005 -11"><span class='ocrx_word' id='word_1_953' title='bbox 1265 1625 1367 1666; x_wconf 86' lang='lat' dir='ltr'>fugere</span> <span class='ocrx_word' id='word_1_954' title='bbox 1377 1633 1538 1654; x_wconf 88' lang='lat' dir='ltr'>conantem</span> <span class='ocrx_word' id='word_1_955' title='bbox 1550 1643 1557 1656; x_wconf 89' lang='lat'>‚</span> <span class='ocrx_word' id='word_1_956' title='bbox 1580 1623 1750 1652; x_wconf 84' lang='lat' dir='ltr'>mulieraria</span> <span class='ocrx_word' id='word_1_957' title='bbox 1760 1632 1867 1652; x_wconf 89' lang='lat' dir='ltr'>manus</span> <span class='ocrx_word' id='word_1_958' title='bbox 1878 1621 1932 1651; x_wconf 84' lang='lat' dir='ltr'>ista</span> <span class='ocrx_word' id='word_1_959' title='bbox 1941 1622 1978 1651; x_wconf 91' lang='lat' dir='ltr'>de</span> <span class='ocrx_word' id='word_1_960' title='bbox 1991 1620 2132 1651; x_wconf 80' lang='lat' dir='ltr'>manibus</span> <span class='ocrx_word' id='word_1_961' title='bbox 2145 1622 2223 1650; x_wconf 79' lang='lat' dir='ltr'>emi-</span> 
     </span>
     <span class='ocr_line' id='line_1_112' title="bbox 1266 1660 2226 1706; baseline -0.006 -9"><span class='ocrx_word' id='word_1_962' title='bbox 1266 1669 1351 1698; x_wconf 86' lang='lat' dir='ltr'>serit:</span> <span class='ocrx_word' id='word_1_963' title='bbox 1375 1675 1427 1696; x_wconf 92' lang='lat' dir='ltr'>cur</span> <span class='ocrx_word' id='word_1_964' title='bbox 1435 1675 1500 1695; x_wconf 87' lang='lat' dir='ltr'>non</span> <span class='ocrx_word' id='word_1_965' title='bbox 1521 1664 1785 1706; x_wconf 69' lang='lat' dir='ltr'>comprehenderint:</span> <span class='ocrx_word' id='word_1_966' title='bbox 1807 1673 1859 1693; x_wconf 90' lang='lat' dir='ltr'>cur</span> <span class='ocrx_word' id='word_1_967' title='bbox 1876 1673 1940 1693; x_wconf 92' lang='lat' dir='ltr'>non</span> <span class='ocrx_word' id='word_1_968' title='bbox 1954 1661 2043 1702; x_wconf 86' lang='lat' dir='ltr'>ipfius</span> <span class='ocrx_word' id='word_1_969' title='bbox 2063 1660 2226 1692; x_wconf 81' lang='lat' dir='ltr'>confeffio-</span> 
     </span>
     <span class='ocr_line' id='line_1_113' title="bbox 1268 1704 2226 1745; baseline -0.005 -7"><span class='ocrx_word' id='word_1_970' title='bbox 1268 1719 1317 1742; x_wconf 83' lang='lat' dir='ltr'>ne,</span> <span class='ocrx_word' id='word_1_971' title='bbox 1330 1708 1498 1738; x_wconf 89' lang='lat' dir='ltr'>multorum</span> <span class='ocrx_word' id='word_1_972' title='bbox 1509 1708 1615 1739; x_wconf 87' lang='lat' dir='ltr'>oculis,</span> <span class='ocrx_word' id='word_1_973' title='bbox 1624 1705 1768 1736; x_wconf 85' lang='lat' dir='ltr'>facinoris</span> <span class='ocrx_word' id='word_1_974' title='bbox 1778 1705 1907 1745; x_wconf 89' lang='lat' dir='ltr'>denique</span> <span class='ocrx_word' id='word_1_975' title='bbox 1918 1714 1993 1735; x_wconf 90' lang='lat' dir='ltr'>voce</span> <span class='ocrx_word' id='word_1_976' title='bbox 2004 1725 2012 1738; x_wconf 84' lang='lat'>‚</span> <span class='ocrx_word' id='word_1_977' title='bbox 2024 1705 2098 1734; x_wconf 86' lang='lat' dir='ltr'>tanti</span> <span class='ocrx_word' id='word_1_978' title='bbox 2109 1704 2226 1734; x_wconf 84' lang='lat' dir='ltr'>sceleris</span> 
     </span>
     <span class='ocr_line' id='line_1_114' title="bbox 1267 1746 2227 1788; baseline -0.005 -8"><span class='ocrx_word' id='word_1_979' title='bbox 1267 1753 1385 1781; x_wconf 90' lang='lat' dir='ltr'>crimen</span> <span class='ocrx_word' id='word_1_980' title='bbox 1395 1747 1608 1788; x_wconf 81' lang='lat' dir='ltr'>express&#39;erint?</span> <span class='ocrx_word' id='word_1_981' title='bbox 1630 1758 1668 1777; x_wconf 89' lang='lat' dir='ltr'>an</span> <span class='ocrx_word' id='word_1_982' title='bbox 1678 1747 1845 1780; x_wconf 90' lang='lat' dir='ltr'>timebant,</span> <span class='ocrx_word' id='word_1_983' title='bbox 1856 1756 1894 1775; x_wconf 90' lang='lat' dir='ltr'>ne</span> <span class='ocrx_word' id='word_1_984' title='bbox 1906 1755 1949 1776; x_wconf 90' lang='lat' dir='ltr'>tot</span> <span class='ocrx_word' id='word_1_985' title='bbox 1958 1755 2055 1776; x_wconf 89' lang='lat' dir='ltr'>unum</span> <span class='ocrx_word' id='word_1_986' title='bbox 2066 1765 2074 1778; x_wconf 83' lang='grc'><strong>,</strong></span> <span class='ocrx_word' id='word_1_987' title='bbox 2092 1746 2227 1776; x_wconf 84' lang='lat' dir='ltr'>valentes</span> 
     </span>
     <span class='ocr_line' id='line_1_115' title="bbox 1270 1784 2228 1828; baseline -0.004 -7"><span class='ocrx_word' id='word_1_988' title='bbox 1270 1791 1459 1821; x_wconf 88' lang='lat' dir='ltr'>imbecillum</span> <span class='ocrx_word' id='word_1_989' title='bbox 1471 1810 1480 1822; x_wconf 91' lang='lat'><em>,</em></span> <span class='ocrx_word' id='word_1_990' title='bbox 1500 1790 1607 1819; x_wconf 87' lang='lat' dir='ltr'>alacres</span> <span class='ocrx_word' id='word_1_991' title='bbox 1625 1790 1811 1828; x_wconf 86' lang='lat' dir='ltr'>perterritum</span> <span class='ocrx_word' id='word_1_992' title='bbox 1837 1788 1971 1827; x_wconf 89' lang='lat' dir='ltr'>superare</span> <span class='ocrx_word' id='word_1_993' title='bbox 1996 1797 2063 1817; x_wconf 91' lang='lat' dir='ltr'>non</span> <span class='ocrx_word' id='word_1_994' title='bbox 2088 1784 2228 1827; x_wconf 79' lang='lat' dir='ltr'>possent?</span> 
     </span>
     <span class='ocr_line' id='line_1_116' title="bbox 1270 1829 2229 1872; baseline -0.004 -10"><span class='ocrx_word' id='word_1_995' title='bbox 1270 1833 1402 1863; x_wconf 88' lang='lat' dir='ltr'>Nullum</span> <span class='ocrx_word' id='word_1_996' title='bbox 1411 1839 1624 1872; x_wconf 87' lang='lat' dir='ltr'>argumentum</span> <span class='ocrx_word' id='word_1_997' title='bbox 1636 1833 1668 1860; x_wconf 89' lang='lat' dir='ltr'>in</span> <span class='ocrx_word' id='word_1_998' title='bbox 1681 1840 1721 1864; x_wconf 89' lang='lat' dir='ltr'>re,</span> <span class='ocrx_word' id='word_1_999' title='bbox 1734 1830 1817 1860; x_wconf 88' lang='lat' dir='ltr'>nulla</span> <span class='ocrx_word' id='word_1_1000' title='bbox 1824 1829 1952 1869; x_wconf 89' lang='lat' dir='ltr'>suspicio</span> <span class='ocrx_word' id='word_1_1001' title='bbox 1965 1831 1997 1859; x_wconf 91' lang='lat' dir='ltr'>in</span> <span class='ocrx_word' id='word_1_1002' title='bbox 2008 1829 2091 1860; x_wconf 90' lang='lat' dir='ltr'>causa</span> <span class='ocrx_word' id='word_1_1003' title='bbox 2101 1849 2110 1863; x_wconf 90' lang='lat'>‚</span> <span class='ocrx_word' id='word_1_1004' title='bbox 2125 1829 2229 1859; x_wconf 88' lang='lat' dir='ltr'>nullus</span> 
     </span>
     <span class='ocr_line' id='line_1_117' title="bbox 1268 1871 2229 1913; baseline -0.005 -8"><span class='ocrx_word' id='word_1_1005' title='bbox 1268 1876 1366 1905; x_wconf 85' lang='lat' dir='ltr'>exitus</span> <span class='ocrx_word' id='word_1_1006' title='bbox 1375 1875 1514 1904; x_wconf 86' lang='lat' dir='ltr'>criminis</span> <span class='ocrx_word' id='word_1_1007' title='bbox 1524 1875 1694 1913; x_wconf 88' lang='lat' dir='ltr'>reperietur.</span> <span class='ocrx_word' id='word_1_1008' title='bbox 1716 1875 1820 1912; x_wconf 87' lang='lat' dir='ltr'>Itaque</span> <span class='ocrx_word' id='word_1_1009' title='bbox 1830 1872 1892 1902; x_wconf 84' lang='lat' dir='ltr'>haec</span> <span class='ocrx_word' id='word_1_1010' title='bbox 1901 1871 1983 1902; x_wconf 83' lang='lat' dir='ltr'>causa</span> <span class='ocrx_word' id='word_1_1011' title='bbox 1994 1892 2002 1905; x_wconf 87' lang='lat'><strong><em>‚</em></strong></span> <span class='ocrx_word' id='word_1_1012' title='bbox 2024 1871 2060 1901; x_wconf 93' lang='lat' dir='ltr'>ab</span> <span class='ocrx_word' id='word_1_1013' title='bbox 2069 1880 2229 1912; x_wconf 87' lang='lat' dir='ltr'>argumen-</span> 
     </span>
     <span class='ocr_line' id='line_1_118' title="bbox 1269 1912 2228 1956; baseline -0.004 -10"><span class='ocrx_word' id='word_1_1014' title='bbox 1269 1919 1317 1950; x_wconf 84' lang='lat' dir='ltr'>tis,</span> <span class='ocrx_word' id='word_1_1015' title='bbox 1331 1917 1345 1946; x_wconf 75' lang='lat' dir='ltr'>a</span> <span class='ocrx_word' id='word_1_1016' title='bbox 1356 1914 1540 1956; x_wconf 70' lang='lat' dir='ltr'>conje&amp;ura‚</span> <span class='ocrx_word' id='word_1_1017' title='bbox 1549 1915 1585 1945; x_wconf 90' lang='lat' dir='ltr'>ab</span> <span class='ocrx_word' id='word_1_1018' title='bbox 1595 1916 1632 1944; x_wconf 87' lang='lat' dir='ltr'>iis</span> <span class='ocrx_word' id='word_1_1019' title='bbox 1642 1913 1729 1956; x_wconf 87' lang='lat' dir='ltr'>fignis</span> <span class='ocrx_word' id='word_1_1020' title='bbox 1738 1933 1746 1948; x_wconf 93' lang='lat'>‚</span> <span class='ocrx_word' id='word_1_1021' title='bbox 1758 1913 1867 1954; x_wconf 83' lang='lat' dir='ltr'>quibus</span> <span class='ocrx_word' id='word_1_1022' title='bbox 1878 1914 1983 1943; x_wconf 79' lang='lat' dir='ltr'>veritas</span> <span class='ocrx_word' id='word_1_1023' title='bbox 1992 1912 2132 1943; x_wconf 89' lang='lat' dir='ltr'>illustrari</span> <span class='ocrx_word' id='word_1_1024' title='bbox 2141 1913 2228 1946; x_wconf 84' lang='lat' dir='ltr'>solet,</span> 
     </span>
     <span class='ocr_line' id='line_1_119' title="bbox 1268 1954 2228 1996; baseline -0.005 -7"><span class='ocrx_word' id='word_1_1025' title='bbox 1268 1959 1303 1989; x_wconf 84' lang='lat' dir='ltr'>ad</span> <span class='ocrx_word' id='word_1_1026' title='bbox 1315 1957 1414 1989; x_wconf 89' lang='lat' dir='ltr'>testeis</span> <span class='ocrx_word' id='word_1_1027' title='bbox 1423 1966 1483 1987; x_wconf 90' lang='lat' dir='ltr'>tota</span> <span class='ocrx_word' id='word_1_1028' title='bbox 1493 1956 1625 1986; x_wconf 71' lang='lat' dir='ltr'>tradu&amp;a</span> <span class='ocrx_word' id='word_1_1029' title='bbox 1633 1956 1684 1987; x_wconf 91' lang='lat' dir='ltr'>est.</span> <span class='ocrx_word' id='word_1_1030' title='bbox 1696 1965 1772 1996; x_wconf 89' lang='lat' dir='ltr'>quos</span> <span class='ocrx_word' id='word_1_1031' title='bbox 1781 1955 1908 1996; x_wconf 87' lang='lat' dir='ltr'>quidem</span> <span class='ocrx_word' id='word_1_1032' title='bbox 1918 1965 1973 1996; x_wconf 92' lang='lat' dir='ltr'>ego</span> <span class='ocrx_word' id='word_1_1033' title='bbox 1983 1954 2093 1988; x_wconf 90' lang='lat' dir='ltr'>testeis,</span> <span class='ocrx_word' id='word_1_1034' title='bbox 2103 1956 2111 1993; x_wconf 83' lang='lat' dir='ltr'>j</span> <span class='ocrx_word' id='word_1_1035' title='bbox 2115 1954 2228 1988; x_wconf 89' lang='lat' dir='ltr'>udices,</span> 
     </span>
     <span class='ocr_line' id='line_1_120' title="bbox 1271 1996 2230 2037; baseline -0.006 -6"><span class='ocrx_word' id='word_1_1036' title='bbox 1271 2011 1334 2031; x_wconf 92' lang='lat' dir='ltr'>non</span> <span class='ocrx_word' id='word_1_1037' title='bbox 1346 1998 1441 2030; x_wconf 76' lang='lat' dir='ltr'>modo</span> <span class='ocrx_word' id='word_1_1038' title='bbox 1452 1998 1511 2028; x_wconf 90' lang='lat' dir='ltr'>sine</span> <span class='ocrx_word' id='word_1_1039' title='bbox 1523 1999 1587 2029; x_wconf 90' lang='lat' dir='ltr'>ullo</span> <span class='ocrx_word' id='word_1_1040' title='bbox 1598 2000 1708 2028; x_wconf 87' lang='lat' dir='ltr'>timore</span> <span class='ocrx_word' id='word_1_1041' title='bbox 1719 2018 1728 2031; x_wconf 87' lang='lat'>‚</span> <span class='ocrx_word' id='word_1_1042' title='bbox 1740 1997 1788 2028; x_wconf 89' lang='lat' dir='ltr'>sed</span> <span class='ocrx_word' id='word_1_1043' title='bbox 1799 1999 1889 2027; x_wconf 86' lang='lat' dir='ltr'>etiam</span> <span class='ocrx_word' id='word_1_1044' title='bbox 1900 2006 1971 2027; x_wconf 89' lang='lat' dir='ltr'>cum</span> <span class='ocrx_word' id='word_1_1045' title='bbox 1981 1997 2079 2037; x_wconf 89' lang='lat' dir='ltr'>aliqua</span> <span class='ocrx_word' id='word_1_1046' title='bbox 2088 1997 2137 2036; x_wconf 91' lang='lat' dir='ltr'>spe</span> <span class='ocrx_word' id='word_1_1047' title='bbox 2147 1996 2230 2026; x_wconf 87' lang='lat' dir='ltr'>dele-</span> 
     </span>
     <span class='ocr_line' id='line_1_121' title="bbox 1272 2037 2230 2082; baseline -0.006 -9"><span class='ocrx_word' id='word_1_1048' title='bbox 1272 2043 1412 2073; x_wconf 69' lang='lat' dir='ltr'>&amp;ationis</span> <span class='ocrx_word' id='word_1_1049' title='bbox 1423 2040 1575 2081; x_wconf 68' lang='lat' dir='ltr'>exspe&amp;o.</span> <span class='ocrx_word' id='word_1_1050' title='bbox 1598 2039 1875 2082; x_wconf 83' lang='lat' dir='ltr'>Praegestitanimus</span> <span class='ocrx_word' id='word_1_1051' title='bbox 1881 2040 1944 2079; x_wconf 82' lang='lat' dir='ltr'>jam</span> <span class='ocrx_word' id='word_1_1052' title='bbox 1953 2038 2055 2069; x_wconf 90' lang='lat' dir='ltr'>videre</span> <span class='ocrx_word' id='word_1_1053' title='bbox 2065 2058 2074 2072; x_wconf 89' lang='lat'>‚</span> <span class='ocrx_word' id='word_1_1054' title='bbox 2092 2037 2230 2078; x_wconf 77' lang='lat' dir='ltr'>primum</span> 
     </span>
     <span class='ocr_line' id='line_1_122' title="bbox 1269 2079 2229 2123; baseline -0.006 -8"><span class='ocrx_word' id='word_1_1055' title='bbox 1269 2086 1365 2115; x_wconf 87' lang='lat' dir='ltr'>lautos</span> <span class='ocrx_word' id='word_1_1056' title='bbox 1373 2085 1502 2123; x_wconf 86' lang='lat' dir='ltr'>juvenes</span> <span class='ocrx_word' id='word_1_1057' title='bbox 1514 2103 1522 2116; x_wconf 89' lang='lat'>,</span> <span class='ocrx_word' id='word_1_1058' title='bbox 1540 2083 1677 2113; x_wconf 87' lang='lat' dir='ltr'>mulieris</span> <span class='ocrx_word' id='word_1_1059' title='bbox 1685 2082 1789 2115; x_wconf 87' lang='lat' dir='ltr'>beatae,</span> <span class='ocrx_word' id='word_1_1060' title='bbox 1802 2091 1834 2112; x_wconf 92' lang='lat' dir='ltr'>ac</span> <span class='ocrx_word' id='word_1_1061' title='bbox 1843 2081 1958 2111; x_wconf 85' lang='lat' dir='ltr'>nobilis</span> <span class='ocrx_word' id='word_1_1062' title='bbox 1965 2080 2157 2111; x_wconf 82' lang='lat' dir='ltr'>familiareis:</span> <span class='ocrx_word' id='word_1_1063' title='bbox 2177 2079 2229 2109; x_wconf 89' lang='lat' dir='ltr'>de-</span> 
     </span>
     <span class='ocr_line' id='line_1_123' title="bbox 1270 2119 2229 2166; baseline -0.006 -9"><span class='ocrx_word' id='word_1_1064' title='bbox 1270 2126 1341 2157; x_wconf 85' lang='lat' dir='ltr'>inde</span> <span class='ocrx_word' id='word_1_1065' title='bbox 1350 2125 1455 2156; x_wconf 87' lang='lat' dir='ltr'>forteis</span> <span class='ocrx_word' id='word_1_1066' title='bbox 1463 2126 1556 2158; x_wconf 85' lang='lat' dir='ltr'>viros,</span> <span class='ocrx_word' id='word_1_1067' title='bbox 1568 2124 1605 2155; x_wconf 90' lang='lat' dir='ltr'>ab</span> <span class='ocrx_word' id='word_1_1068' title='bbox 1615 2124 1790 2166; x_wconf 72' lang='lat' dir='ltr'>imperatrice</span> <span class='ocrx_word' id='word_1_1069' title='bbox 1799 2126 1832 2153; x_wconf 88' lang='lat' dir='ltr'>in</span> <span class='ocrx_word' id='word_1_1070' title='bbox 1843 2122 1956 2154; x_wconf 86' lang='lat' dir='ltr'>insidiis</span> <span class='ocrx_word' id='word_1_1071' title='bbox 1968 2142 1977 2157; x_wconf 86' lang='lat'>‚</span> <span class='ocrx_word' id='word_1_1072' title='bbox 1991 2131 2079 2163; x_wconf 90' lang='lat' dir='ltr'>atque</span> <span class='ocrx_word' id='word_1_1073' title='bbox 2090 2132 2122 2152; x_wconf 87' lang='lat' dir='ltr'>in</span> <span class='ocrx_word' id='word_1_1074' title='bbox 2132 2119 2229 2161; x_wconf 87' lang='lat' dir='ltr'>praesi-</span> 
     </span>
    </p>
   </div>
   <div class='ocr_carea' id='block_1_15' title="bbox 1270 2153 2301 2207">
    <p class='ocr_par' dir='ltr' id='par_1_16' title="bbox 1270 2153 2301 2207">
     <span class='ocr_line' id='line_1_124' title="bbox 1270 2153 2301 2207; baseline -0.008 -8"><span class='ocrx_word' id='word_1_1075' title='bbox 1270 2169 1323 2199; x_wconf 89' lang='lat' dir='ltr'>dio</span> <span class='ocrx_word' id='word_1_1076' title='bbox 1334 2168 1509 2198; x_wconf 87' lang='lat' dir='ltr'>balnearum</span> <span class='ocrx_word' id='word_1_1077' title='bbox 1519 2167 1642 2197; x_wconf 82' lang='lat' dir='ltr'>locatos.</span> <span class='ocrx_word' id='word_1_1078' title='bbox 1666 2176 1704 2196; x_wconf 87' lang='lat' dir='ltr'>ex</span> <span class='ocrx_word' id='word_1_1079' title='bbox 1713 2165 1823 2207; x_wconf 92' lang='lat' dir='ltr'>quibus</span> <span class='ocrx_word' id='word_1_1080' title='bbox 1833 2167 1979 2206; x_wconf 85' lang='lat' dir='ltr'>requiram</span> <span class='ocrx_word' id='word_1_1081' title='bbox 1992 2184 2001 2198; x_wconf 88' lang='lat'>‚</span> <span class='ocrx_word' id='word_1_1082' title='bbox 2016 2173 2148 2204; x_wconf 89' lang='lat' dir='ltr'>quonam</span> <span class='ocrx_word' id='word_1_1083' title='bbox 2160 2172 2231 2192; x_wconf 84' lang='lat' dir='ltr'>mo·</span> <span class='ocrx_word' id='word_1_1084' title='bbox 2275 2178 2277 2180; x_wconf 91' lang='lat'>·</span> <span class='ocrx_word' id='word_1_1085' title='bbox 2299 2153 2301 2157; x_wconf 18' lang='grc' dir='ltr'><strong><em>Δ</em></strong></span> 
     </span>
    </p>
   </div>
   <div class='ocr_carea' id='block_1_16' title="bbox 1269 2204 2235 2666">
    <p class='ocr_par' dir='ltr' id='par_1_17' title="bbox 1269 2204 2235 2666">
     <span class='ocr_line' id='line_1_125' title="bbox 1270 2204 2232 2247; baseline -0.006 -7"><span class='ocrx_word' id='word_1_1086' title='bbox 1270 2211 1310 2241; x_wconf 93' lang='lat' dir='ltr'>do</span> <span class='ocrx_word' id='word_1_1087' title='bbox 1322 2211 1471 2243; x_wconf 86' lang='lat' dir='ltr'>latuerint,</span> <span class='ocrx_word' id='word_1_1088' title='bbox 1483 2217 1532 2239; x_wconf 87' lang='lat' dir='ltr'>aut</span> <span class='ocrx_word' id='word_1_1089' title='bbox 1543 2209 1604 2238; x_wconf 80' lang='lat' dir='ltr'>ubi.</span> <span class='ocrx_word' id='word_1_1090' title='bbox 1628 2209 1769 2239; x_wconf 86' lang='lat' dir='ltr'>alveusne</span> <span class='ocrx_word' id='word_1_1091' title='bbox 1778 2208 1841 2241; x_wconf 86' lang='lat' dir='ltr'>ille,</span> <span class='ocrx_word' id='word_1_1092' title='bbox 1852 2217 1889 2238; x_wconf 89' lang='lat' dir='ltr'>an</span> <span class='ocrx_word' id='word_1_1093' title='bbox 1899 2216 1993 2247; x_wconf 86' lang='lat' dir='ltr'>equus</span> <span class='ocrx_word' id='word_1_1094' title='bbox 2002 2205 2154 2244; x_wconf 23' lang='lat' dir='ltr'>Tro-janus</span> <span class='ocrx_word' id='word_1_1095' title='bbox 2162 2204 2232 2235; x_wconf 82' lang='lat' dir='ltr'>fue-</span> 
     </span>
     <span class='ocr_line' id='line_1_126' title="bbox 1269 2248 2231 2293; baseline -0.008 -10"><span class='ocrx_word' id='word_1_1096' title='bbox 1269 2255 1319 2286; x_wconf 90' lang='lat' dir='ltr'>rit,</span> <span class='ocrx_word' id='word_1_1097' title='bbox 1332 2253 1384 2293; x_wconf 86' lang='lat' dir='ltr'>qui</span> <span class='ocrx_word' id='word_1_1098' title='bbox 1394 2260 1439 2282; x_wconf 91' lang='lat' dir='ltr'>tot</span> <span class='ocrx_word' id='word_1_1099' title='bbox 1449 2250 1582 2281; x_wconf 63' lang='lat' dir='ltr'>invictos</span> <span class='ocrx_word' id='word_1_1100' title='bbox 1592 2252 1674 2280; x_wconf 91' lang='lat' dir='ltr'>viros</span> <span class='ocrx_word' id='word_1_1101' title='bbox 1684 2270 1694 2284; x_wconf 83' lang='lat'>,</span> <span class='ocrx_word' id='word_1_1102' title='bbox 1705 2248 1854 2279; x_wconf 89' lang='lat' dir='ltr'>muliebre</span> <span class='ocrx_word' id='word_1_1103' title='bbox 1865 2248 1981 2278; x_wconf 90' lang='lat' dir='ltr'>bellum</span> <span class='ocrx_word' id='word_1_1104' title='bbox 1994 2248 2140 2288; x_wconf 83' lang='lat' dir='ltr'>gerenteis</span> <span class='ocrx_word' id='word_1_1105' title='bbox 2151 2248 2231 2276; x_wconf 85' lang='lat' dir='ltr'>tule-</span> 
     </span>
     <span class='ocr_line' id='line_1_127' title="bbox 1271 2289 2230 2331; baseline -0.008 -6"><span class='ocrx_word' id='word_1_1106' title='bbox 1271 2297 1322 2328; x_wconf 88' lang='lat' dir='ltr'>rit,</span> <span class='ocrx_word' id='word_1_1107' title='bbox 1335 2304 1368 2324; x_wconf 89' lang='lat' dir='ltr'>ac</span> <span class='ocrx_word' id='word_1_1108' title='bbox 1378 2294 1495 2323; x_wconf 88' lang='lat' dir='ltr'>texerit.</span> <span class='ocrx_word' id='word_1_1109' title='bbox 1511 2291 1593 2322; x_wconf 92' lang='lat' dir='ltr'>Illud</span> <span class='ocrx_word' id='word_1_1110' title='bbox 1602 2290 1675 2322; x_wconf 73' lang='lat' dir='ltr'>vero</span> <span class='ocrx_word' id='word_1_1111' title='bbox 1696 2290 1873 2331; x_wconf 90' lang='lat' dir='ltr'>respondere</span> <span class='ocrx_word' id='word_1_1112' title='bbox 1891 2299 1996 2331; x_wconf 86' lang='lat' dir='ltr'>cogam</span> <span class='ocrx_word' id='word_1_1113' title='bbox 2009 2309 2018 2322; x_wconf 92' lang='lat'>‚</span> <span class='ocrx_word' id='word_1_1114' title='bbox 2037 2298 2090 2319; x_wconf 85' lang='lat' dir='ltr'>cur</span> <span class='ocrx_word' id='word_1_1115' title='bbox 2103 2289 2230 2322; x_wconf 85' lang='lat' dir='ltr'>tOtviri‚</span> 
     </span>
     <span class='ocr_line' id='line_1_128' title="bbox 1270 2330 2234 2371; baseline -0.006 -6"><span class='ocrx_word' id='word_1_1116' title='bbox 1270 2347 1302 2366; x_wconf 88' lang='lat' dir='ltr'>ac</span> <span class='ocrx_word' id='word_1_1117' title='bbox 1313 2336 1383 2365; x_wconf 85' lang='lat' dir='ltr'>tales</span> <span class='ocrx_word' id='word_1_1118' title='bbox 1395 2354 1404 2368; x_wconf 93' lang='lat'>,</span> <span class='ocrx_word' id='word_1_1119' title='bbox 1425 2335 1506 2363; x_wconf 85' lang='lat' dir='ltr'>hunc</span> <span class='ocrx_word' id='word_1_1120' title='bbox 1516 2334 1548 2363; x_wconf 68' lang='grc' dir='ltr'>ὃς</span> <span class='ocrx_word' id='word_1_1121' title='bbox 1559 2342 1656 2362; x_wconf 90' lang='lat' dir='ltr'>unum</span> <span class='ocrx_word' id='word_1_1122' title='bbox 1668 2352 1676 2366; x_wconf 88' lang='lat'>‚</span> <span class='ocrx_word' id='word_1_1123' title='bbox 1698 2332 1731 2362; x_wconf 75' lang='grc' dir='ltr'>δε</span> <span class='ocrx_word' id='word_1_1124' title='bbox 1742 2341 1803 2361; x_wconf 88' lang='lat' dir='ltr'>tarn</span> <span class='ocrx_word' id='word_1_1125' title='bbox 1815 2331 2004 2361; x_wconf 90' lang='lat' dir='ltr'>imbecillum</span> <span class='ocrx_word' id='word_1_1126' title='bbox 2016 2351 2025 2363; x_wconf 93' lang='lat'>‚</span> <span class='ocrx_word' id='word_1_1127' title='bbox 2045 2330 2135 2371; x_wconf 70' lang='lat' dir='ltr'>quam</span> <span class='ocrx_word' id='word_1_1128' title='bbox 2146 2330 2234 2360; x_wconf 86' lang='lat' dir='ltr'>vide-</span> 
     </span>
     <span class='ocr_line' id='line_1_129' title="bbox 1272 2372 2234 2414; baseline -0.006 -7"><span class='ocrx_word' id='word_1_1129' title='bbox 1272 2379 1322 2409; x_wconf 88' lang='lat' dir='ltr'>tis,</span> <span class='ocrx_word' id='word_1_1130' title='bbox 1333 2386 1396 2405; x_wconf 90' lang='lat' dir='ltr'>non</span> <span class='ocrx_word' id='word_1_1131' title='bbox 1405 2383 1454 2405; x_wconf 87' lang='lat' dir='ltr'>aut</span> <span class='ocrx_word' id='word_1_1132' title='bbox 1463 2374 1592 2405; x_wconf 88' lang='lat' dir='ltr'>stantem</span> <span class='ocrx_word' id='word_1_1133' title='bbox 1602 2373 1889 2414; x_wconf 90' lang='lat' dir='ltr'>comprehenderint</span> <span class='ocrx_word' id='word_1_1134' title='bbox 1901 2393 1909 2406; x_wconf 89' lang='lat'>‚</span> <span class='ocrx_word' id='word_1_1135' title='bbox 1921 2382 1969 2402; x_wconf 91' lang='lat' dir='ltr'>aut</span> <span class='ocrx_word' id='word_1_1136' title='bbox 1977 2372 2144 2413; x_wconf 85' lang='lat' dir='ltr'>fugientem</span> <span class='ocrx_word' id='word_1_1137' title='bbox 2156 2381 2234 2401; x_wconf 80' lang='lat' dir='ltr'>con-</span> 
     </span>
     <span class='ocr_line' id='line_1_130' title="bbox 1269 2413 2231 2457; baseline -0.005 -9"><span class='ocrx_word' id='word_1_1138' title='bbox 1269 2419 1360 2448; x_wconf 90' lang='lat' dir='ltr'>secuti</span> <span class='ocrx_word' id='word_1_1139' title='bbox 1372 2416 1438 2446; x_wconf 83' lang='lat' dir='ltr'>sint.</span> <span class='ocrx_word' id='word_1_1140' title='bbox 1461 2418 1515 2457; x_wconf 87' lang='lat' dir='ltr'>qui</span> <span class='ocrx_word' id='word_1_1141' title='bbox 1536 2417 1565 2446; x_wconf 88' lang='lat' dir='ltr'>se</span> <span class='ocrx_word' id='word_1_1142' title='bbox 1577 2425 1748 2456; x_wconf 90' lang='lat' dir='ltr'>numquam</span> <span class='ocrx_word' id='word_1_1143' title='bbox 1767 2413 1905 2454; x_wconf 63' lang='lat' dir='ltr'>profecte&gt;</span> <span class='ocrx_word' id='word_1_1144' title='bbox 1922 2434 1931 2448; x_wconf 90' lang='lat'>,</span> <span class='ocrx_word' id='word_1_1145' title='bbox 1951 2413 2072 2444; x_wconf 87' lang='lat' dir='ltr'>fiistum</span> <span class='ocrx_word' id='word_1_1146' title='bbox 2085 2414 2231 2444; x_wconf 88' lang='lat' dir='ltr'>inlocum</span> 
     </span>
     <span class='ocr_line' id='line_1_131' title="bbox 1271 2454 2232 2500; baseline -0.005 -11"><span class='ocrx_word' id='word_1_1147' title='bbox 1271 2457 1465 2500; x_wconf 83' lang='lat' dir='ltr'>process&#39;erint</span> <span class='ocrx_word' id='word_1_1148' title='bbox 1475 2479 1483 2492; x_wconf 87' lang='lat'>,</span> <span class='ocrx_word' id='word_1_1149' title='bbox 1495 2458 1704 2498; x_wconf 85' lang='lat' dir='ltr'>explicabunt:</span> <span class='ocrx_word' id='word_1_1150' title='bbox 1727 2461 1819 2498; x_wconf 78' lang='lat' dir='ltr'>quam</span> <span class='ocrx_word' id='word_1_1151' title='bbox 1831 2457 1934 2487; x_wconf 89' lang='lat' dir='ltr'>volent</span> <span class='ocrx_word' id='word_1_1152' title='bbox 1943 2457 1972 2486; x_wconf 91' lang='lat' dir='ltr'>in</span> <span class='ocrx_word' id='word_1_1153' title='bbox 1982 2456 2117 2485; x_wconf 72' lang='lat' dir='ltr'>conviviis</span> <span class='ocrx_word' id='word_1_1154' title='bbox 2132 2454 2232 2489; x_wconf 85' lang='lat' dir='ltr'>faceti,</span> 
     </span>
     <span class='ocr_line' id='line_1_132' title="bbox 1274 2495 2235 2540; baseline -0.004 -8"><span class='ocrx_word' id='word_1_1155' title='bbox 1274 2502 1406 2534; x_wconf 82' lang='lat' dir='ltr'>dicaces,</span> <span class='ocrx_word' id='word_1_1156' title='bbox 1429 2510 1661 2540; x_wconf 84' lang='lat' dir='ltr'>nonnumquam</span> <span class='ocrx_word' id='word_1_1157' title='bbox 1677 2501 1768 2529; x_wconf 86' lang='lat' dir='ltr'>etiam</span> <span class='ocrx_word' id='word_1_1158' title='bbox 1787 2498 1823 2529; x_wconf 90' lang='lat' dir='ltr'>ad</span> <span class='ocrx_word' id='word_1_1159' title='bbox 1842 2500 1951 2528; x_wconf 90' lang='lat' dir='ltr'>vinum</span> <span class='ocrx_word' id='word_1_1160' title='bbox 1969 2498 2069 2529; x_wconf 86' lang='lat' dir='ltr'>diserti</span> <span class='ocrx_word' id='word_1_1161' title='bbox 2089 2495 2154 2528; x_wconf 86' lang='lat' dir='ltr'>sint.</span> <span class='ocrx_word' id='word_1_1162' title='bbox 2177 2497 2235 2528; x_wconf 85' lang='lat' dir='ltr'>alia</span> 
     </span>
     <span class='ocr_line' id='line_1_133' title="bbox 1273 2539 2235 2575; baseline -0.005 -2"><span class='ocrx_word' id='word_1_1163' title='bbox 1273 2543 1332 2573; x_wconf 86' lang='lat' dir='ltr'>fori</span> <span class='ocrx_word' id='word_1_1164' title='bbox 1343 2545 1389 2573; x_wconf 90' lang='lat' dir='ltr'>vis</span> <span class='ocrx_word' id='word_1_1165' title='bbox 1399 2541 1441 2572; x_wconf 87' lang='lat' dir='ltr'>est</span> <span class='ocrx_word' id='word_1_1166' title='bbox 1452 2563 1460 2575; x_wconf 84' lang='lat'>,</span> <span class='ocrx_word' id='word_1_1167' title='bbox 1479 2543 1537 2572; x_wconf 88' lang='lat' dir='ltr'>alia</span> <span class='ocrx_word' id='word_1_1168' title='bbox 1548 2543 1671 2571; x_wconf 91' lang='lat' dir='ltr'>triclinii</span> <span class='ocrx_word' id='word_1_1169' title='bbox 1684 2552 1689 2570; x_wconf 78' lang='grc' dir='ltr'><em>τ</em></span> <span class='ocrx_word' id='word_1_1170' title='bbox 1713 2541 1770 2571; x_wconf 84' lang='grc'><strong>3113</strong></span> <span class='ocrx_word' id='word_1_1171' title='bbox 1780 2540 1990 2571; x_wconf 85' lang='lat' dir='ltr'>subselliorum</span> <span class='ocrx_word' id='word_1_1172' title='bbox 2000 2541 2076 2570; x_wconf 90' lang='lat' dir='ltr'>ratio</span> <span class='ocrx_word' id='word_1_1173' title='bbox 2088 2559 2096 2573; x_wconf 85' lang='lat'><strong>‚</strong></span> <span class='ocrx_word' id='word_1_1174' title='bbox 2115 2539 2172 2569; x_wconf 85' lang='lat' dir='ltr'>alia</span> <span class='ocrx_word' id='word_1_1175' title='bbox 2190 2539 2235 2569; x_wconf 89' lang='lat' dir='ltr'>le-</span> 
     </span>
     <span class='ocr_line' id='line_1_134' title="bbox 1275 2581 2235 2623; baseline -0.004 -8"><span class='ocrx_word' id='word_1_1176' title='bbox 1275 2585 1411 2615; x_wconf 63' lang='lat' dir='ltr'>Etorum:</span> <span class='ocrx_word' id='word_1_1177' title='bbox 1431 2594 1496 2614; x_wconf 87' lang='lat' dir='ltr'>non</span> <span class='ocrx_word' id='word_1_1178' title='bbox 1515 2583 1599 2613; x_wconf 90' lang='lat' dir='ltr'>idem</span> <span class='ocrx_word' id='word_1_1179' title='bbox 1613 2583 1753 2623; x_wconf 81' lang='lat' dir='ltr'>judicum</span> <span class='ocrx_word' id='word_1_1180' title='bbox 1773 2581 2093 2622; x_wconf 73' lang='lat' dir='ltr'>cornmissatorumque</span> <span class='ocrx_word' id='word_1_1181' title='bbox 2109 2581 2235 2620; x_wconf 86' lang='lat' dir='ltr'>conspe-</span> 
     </span>
     <span class='ocr_line' id='line_1_135' title="bbox 1276 2623 2233 2666; baseline -0.005 -9"><span class='ocrx_word' id='word_1_1182' title='bbox 1276 2627 1341 2657; x_wconf 72' lang='lat' dir='ltr'>&amp;us</span> <span class='ocrx_word' id='word_1_1183' title='bbox 1353 2638 1358 2655; x_wconf 79' lang='lat' dir='ltr'>z</span> <span class='ocrx_word' id='word_1_1184' title='bbox 1382 2627 1437 2656; x_wconf 86' lang='lat' dir='ltr'>lux</span> <span class='ocrx_word' id='word_1_1185' title='bbox 1456 2626 1587 2666; x_wconf 88' lang='lat' dir='ltr'>denique</span> <span class='ocrx_word' id='word_1_1186' title='bbox 1602 2625 1692 2664; x_wconf 81' lang='lat' dir='ltr'>longe</span> <span class='ocrx_word' id='word_1_1187' title='bbox 1720 2625 1777 2654; x_wconf 90' lang='lat' dir='ltr'>alia</span> <span class='ocrx_word' id='word_1_1188' title='bbox 1801 2623 1844 2654; x_wconf 91' lang='lat' dir='ltr'>est</span> <span class='ocrx_word' id='word_1_1189' title='bbox 1868 2624 1957 2658; x_wconf 87' lang='lat' dir='ltr'>solis,</span> <span class='ocrx_word' id='word_1_1190' title='bbox 1982 2624 2015 2654; x_wconf 91' lang='lat'>&amp;</span> <span class='ocrx_word' id='word_1_1191' title='bbox 2040 2623 2233 2663; x_wconf 89' lang='lat' dir='ltr'>lychnorum.</span> 
     </span>
    </p>
   </div>
   <div class='ocr_carea' id='block_1_17' title="bbox 1277 2665 2280 2710">
    <p class='ocr_par' dir='ltr' id='par_1_18' title="bbox 1277 2665 2280 2710">
     <span class='ocr_line' id='line_1_136' title="bbox 1277 2665 2280 2710; baseline -0.003 -11"><span class='ocrx_word' id='word_1_1192' title='bbox 1277 2668 1484 2710; x_wconf 84' lang='lat' dir='ltr'>Qamobrem</span> <span class='ocrx_word' id='word_1_1193' title='bbox 1495 2669 1682 2698; x_wconf 88' lang='lat' dir='ltr'>excutiemus</span> <span class='ocrx_word' id='word_1_1194' title='bbox 1692 2665 1947 2697; x_wconf 87' lang='lat' dir='ltr'>omneisistorum</span> <span class='ocrx_word' id='word_1_1195' title='bbox 1955 2666 2076 2697; x_wconf 86' lang='lat' dir='ltr'>delicias</span> <span class='ocrx_word' id='word_1_1196' title='bbox 2085 2684 2095 2699; x_wconf 90' lang='lat'>‚</span> <span class='ocrx_word' id='word_1_1197' title='bbox 2115 2667 2236 2695; x_wconf 87' lang='lat' dir='ltr'>omneis</span> <span class='ocrx_word' id='word_1_1198' title='bbox 2276 2694 2280 2696; x_wconf 70' lang='grc'><strong>,</strong></span> 
     </span>
    </p>
   </div>
   <div class='ocr_carea' id='block_1_18' title="bbox 2094 2707 2235 2745">
    <p class='ocr_par' dir='ltr' id='par_1_19' title="bbox 2094 2707 2235 2745">
     <span class='ocr_line' id='line_1_137' title="bbox 2094 2707 2235 2745; baseline -0.007 -9"><span class='ocrx_word' id='word_1_1199' title='bbox 2094 2707 2235 2745; x_wconf 79' lang='lat' dir='ltr'>ineptias,</span> 
     </span>
    </p>
   </div>
   <div class='ocr_carea' id='block_1_19' title="bbox 1277 2793 2233 2904">
    <p class='ocr_par' dir='ltr' id='par_1_20' title="bbox 1277 2793 2233 2904">
     <span class='ocr_line' id='line_1_138' title="bbox 1312 2793 2233 2835; baseline -0.009 -8"><span class='ocrx_word' id='word_1_1200' title='bbox 1312 2802 1538 2835; x_wconf 67' lang='lat' dir='ltr'>4.QadrantarIA,</span> <span class='ocrx_word' id='word_1_1201' title='bbox 1550 2799 1616 2833; x_wconf 78' lang='lat' dir='ltr'>&amp;c.]</span> <span class='ocrx_word' id='word_1_1202' title='bbox 1630 2799 1753 2835; x_wconf 80' lang='lat' dir='ltr'>Explicat</span> <span class='ocrx_word' id='word_1_1203' title='bbox 1764 2797 1946 2833; x_wconf 74' lang='lat' dir='ltr'>Haerunius</span> <span class='ocrx_word' id='word_1_1204' title='bbox 1958 2797 2053 2822; x_wconf 79' lang='lat' dir='ltr'>Cent.¹</span> <span class='ocrx_word' id='word_1_1205' title='bbox 2063 2793 2176 2829; x_wconf 75' lang='lat' dir='ltr'>.Adagio</span> <span class='ocrx_word' id='word_1_1206' title='bbox 2187 2801 2233 2829; x_wconf 92' lang='lat'>77.</span> 
     </span>
     <span class='ocr_line' id='line_1_139' title="bbox 1317 2830 2232 2871; baseline -0.009 -8"><span class='ocrx_word' id='word_1_1207' title='bbox 1317 2847 1342 2871; x_wconf 86' lang='lat'>5.</span> <span class='ocrx_word' id='word_1_1208' title='bbox 1362 2840 1470 2863; x_wconf 77' lang='lat' dir='ltr'>Homines</span> <span class='ocrx_word' id='word_1_1209' title='bbox 1484 2839 1607 2871; x_wconf 59' lang='lat' dir='ltr'>gravitati</span> <span class='ocrx_word' id='word_1_1210' title='bbox 1617 2836 1731 2869; x_wconf 63' lang='lat' dir='ltr'>Aeduos]</span> <span class='ocrx_word' id='word_1_1211' title='bbox 1746 2834 1890 2861; x_wconf 86' lang='lat' dir='ltr'>Lambinus</span> <span class='ocrx_word' id='word_1_1212' title='bbox 1900 2831 2036 2861; x_wconf 84' lang='lat' dir='ltr'>adfirmat,</span> <span class='ocrx_word' id='word_1_1213' title='bbox 2047 2840 2138 2857; x_wconf 86' lang='lat' dir='ltr'>omnes</span> <span class='ocrx_word' id='word_1_1214' title='bbox 2150 2830 2232 2856; x_wconf 71' lang='lat' dir='ltr'>libros</span> 
     </span>
     <span class='ocr_line' id='line_1_140' title="bbox 1277 2866 2230 2904; baseline -0.009 -4"><span class='ocrx_word' id='word_1_1215' title='bbox 1277 2882 1380 2900; x_wconf 67' lang='lat' dir='ltr'>veteres</span> <span class='ocrx_word' id='word_1_1216' title='bbox 1391 2873 1485 2900; x_wconf 80' lang='lat' dir='ltr'>habere</span> <span class='ocrx_word' id='word_1_1217' title='bbox 1495 2876 1597 2899; x_wconf 74' lang='lat' dir='ltr'>homines</span> <span class='ocrx_word' id='word_1_1218' title='bbox 1606 2878 1772 2904; x_wconf 70' lang='lat' dir='ltr'>temperantes.</span> <span class='ocrx_word' id='word_1_1219' title='bbox 1792 2870 1854 2896; x_wconf 70' lang='lat' dir='ltr'>stitis</span> <span class='ocrx_word' id='word_1_1220' title='bbox 1873 2868 1905 2895; x_wconf 86' lang='lat' dir='ltr'>ab</span> <span class='ocrx_word' id='word_1_1221' title='bbox 1914 2877 1945 2894; x_wconf 87' lang='lat' dir='ltr'>eo</span> <span class='ocrx_word' id='word_1_1222' title='bbox 1956 2866 2100 2903; x_wconf 62' lang='lat' dir='ltr'>‘inspectum</span> <span class='ocrx_word' id='word_1_1223' title='bbox 2112 2866 2230 2893; x_wconf 85' lang='lat' dir='ltr'>codicem</span> 
     </span>
    </p>
   </div>
   <div class='ocr_carea' id='block_1_20' title="bbox 1276 2939 2234 3158">
    <p class='ocr_par' dir='ltr' id='par_1_21' title="bbox 1276 2939 2068 2978">
     <span class='ocr_line' id='line_1_141' title="bbox 1276 2939 2068 2978; baseline -0.011 -5"><span class='ocrx_word' id='word_1_1224' title='bbox 1276 2947 1337 2974; x_wconf 88' lang='lat' dir='ltr'>stius</span> <span class='ocrx_word' id='word_1_1225' title='bbox 1350 2946 1413 2977; x_wconf 80' lang='lat' dir='ltr'>cusi,</span> <span class='ocrx_word' id='word_1_1226' title='bbox 1424 2946 1491 2972; x_wconf 83' lang='lat' dir='ltr'>nihil</span> <span class='ocrx_word' id='word_1_1227' title='bbox 1503 2943 1630 2971; x_wconf 82' lang='lat' dir='ltr'>recedunt</span> <span class='ocrx_word' id='word_1_1228' title='bbox 1640 2945 1654 2969; x_wconf 80' lang='lat' dir='ltr'>:i</span> <span class='ocrx_word' id='word_1_1229' title='bbox 1667 2944 1795 2978; x_wconf 68' lang='lat' dir='ltr'>vulgat03</span> <span class='ocrx_word' id='word_1_1230' title='bbox 1816 2950 1873 2978; x_wconf 85' lang='lat' dir='ltr'>quae</span> <span class='ocrx_word' id='word_1_1231' title='bbox 1883 2939 2011 2967; x_wconf 80' lang='lat' dir='ltr'>sanissima</span> <span class='ocrx_word' id='word_1_1232' title='bbox 2022 2939 2068 2965; x_wconf 88' lang='lat' dir='ltr'>est.</span> 
     </span>
    </p>

    <p class='ocr_par' dir='ltr' id='par_1_22' title="bbox 1278 2973 2234 3122">
     <span class='ocr_line' id='line_1_142' title="bbox 1291 2973 2234 3023; baseline -0.008 -15"><span class='ocrx_word' id='word_1_1233' title='bbox 1291 3019 1294 3023; x_wconf 22' lang='grc' dir='ltr'><em>ι</em></span> <span class='ocrx_word' id='word_1_1234' title='bbox 1312 2983 1340 3009; x_wconf 91' lang='lat'>6.</span> <span class='ocrx_word' id='word_1_1235' title='bbox 1360 2983 1511 3010; x_wconf 61' lang='lat' dir='ltr'>ffllzaeltorum</span> <span class='ocrx_word' id='word_1_1236' title='bbox 1527 2981 1598 3007; x_wconf 75' lang='lat' dir='ltr'>oculis</span> <span class='ocrx_word' id='word_1_1237' title='bbox 1616 2979 1668 3014; x_wconf 75' lang='lat' dir='ltr'>effer</span> <span class='ocrx_word' id='word_1_1238' title='bbox 1685 2979 1815 3014; x_wconf 57' lang='lat' dir='ltr'>affatim]</span> <span class='ocrx_word' id='word_1_1239' title='bbox 1836 2976 1999 3004; x_wconf 84' lang='lat' dir='ltr'>Gulielmius</span> <span class='ocrx_word' id='word_1_1240' title='bbox 2017 2975 2110 3002; x_wconf 76' lang='lat' dir='ltr'>mallet</span> <span class='ocrx_word' id='word_1_1241' title='bbox 2129 2973 2234 3009; x_wconf 67' lang='lat' dir='ltr'>abjecsta</span> 
     </span>
     <span class='ocr_line' id='line_1_143' title="bbox 1278 3019 2233 3089; baseline -0.01 -7"><span class='ocrx_word' id='word_1_1242' title='bbox 1278 3019 1348 3089; x_wconf 64' lang='lat' dir='ltr'>litt7ei</span> <span class='ocrx_word' id='word_1_1243' title='bbox 1355 3019 1492 3087; x_wconf 43' lang='lat' dir='ltr'>⁶lairiri&#39;Z-eeigo</span> <span class='ocrx_word' id='word_1_1244' title='bbox 1501 3053 1592 3086; x_wconf 59' lang='lat' dir='ltr'>ei‘ljam</span> <span class='ocrx_word' id='word_1_1245' title='bbox 1601 3055 1681 3078; x_wconf 67' lang='lat' dir='ltr'>exitus</span> <span class='ocrx_word' id='word_1_1246' title='bbox 1694 3070 1702 3082; x_wconf 88' lang='lat'><strong>‚</strong></span> <span class='ocrx_word' id='word_1_1247' title='bbox 1718 3049 1881 3084; x_wconf 64' lang='lat' dir='ltr'>nonfabulae]</span> <span class='ocrx_word' id='word_1_1248' title='bbox 1902 3047 1981 3075; x_wconf 87' lang='lat' dir='ltr'>Nihil</span> <span class='ocrx_word' id='word_1_1249' title='bbox 1992 3046 2049 3074; x_wconf 85' lang='lat' dir='ltr'>heic</span> <span class='ocrx_word' id='word_1_1250' title='bbox 2058 3046 2120 3074; x_wconf 88' lang='lat' dir='ltr'>boni</span> <span class='ocrx_word' id='word_1_1251' title='bbox 2130 3044 2233 3084; x_wconf 81' lang='lat' dir='ltr'>profert</span> 
     </span>
     <span class='ocr_line' id='line_1_144' title="bbox 1279 3085 2229 3122; baseline -0.011 -5"><span class='ocrx_word' id='word_1_1252' title='bbox 1279 3092 1309 3117; x_wconf 82' lang='lat' dir='ltr'>P.</span> <span class='ocrx_word' id='word_1_1253' title='bbox 1324 3090 1470 3117; x_wconf 78' lang='lat' dir='ltr'>Manutius.</span> <span class='ocrx_word' id='word_1_1254' title='bbox 1491 3087 1624 3115; x_wconf 83' lang='lat' dir='ltr'>adeundus</span> <span class='ocrx_word' id='word_1_1255' title='bbox 1637 3090 1733 3114; x_wconf 82' lang='lat' dir='ltr'>Seneca</span> <span class='ocrx_word' id='word_1_1256' title='bbox 1743 3085 1859 3122; x_wconf 80' lang='lat' dir='ltr'>Epistola</span> <span class='ocrx_word' id='word_1_1257' title='bbox 1870 3094 1954 3111; x_wconf 78' lang='lat' dir='ltr'>cxxv.</span> <span class='ocrx_word' id='word_1_1258' title='bbox 2223 3115 2229 3121; x_wconf 47' lang='lat'><strong>.</strong></span> 
     </span>
    </p>

    <p class='ocr_par' dir='ltr' id='par_1_23' title="bbox 1314 3118 2231 3158">
     <span class='ocr_line' id='line_1_145' title="bbox 1314 3118 2231 3158; baseline -0.008 -6"><span class='ocrx_word' id='word_1_1259' title='bbox 1314 3127 1341 3153; x_wconf 82' lang='lat'>8.</span> <span class='ocrx_word' id='word_1_1260' title='bbox 1360 3127 1463 3151; x_wconf 67' lang='lat' dir='ltr'>scabilla</span> <span class='ocrx_word' id='word_1_1261' title='bbox 1473 3124 1636 3158; x_wconf 67' lang='lat' dir='ltr'>concrepant]</span> <span class='ocrx_word' id='word_1_1262' title='bbox 1655 3122 1802 3150; x_wconf 79' lang='lat' dir='ltr'>Videantur</span> <span class='ocrx_word' id='word_1_1263' title='bbox 1813 3121 1893 3150; x_wconf 82' lang='lat' dir='ltr'>Pierii</span> <span class='ocrx_word' id='word_1_1264' title='bbox 1905 3119 2135 3157; x_wconf 76' lang='lat' dir='ltr'>ffieroglyphica5</span> <span class='ocrx_word' id='word_1_1265' title='bbox 2148 3118 2174 3145; x_wconf 68' lang='lat' dir='ltr'>St</span> <span class='ocrx_word' id='word_1_1266' title='bbox 2186 3124 2231 3153; x_wconf 72' lang='lat' dir='ltr'>qul</span> 
     </span>
    </p>
   </div>
   <div class='ocr_carea' id='block_1_21' title="bbox 2136 3187 2234 3218">
    <p class='ocr_par' dir='ltr' id='par_1_24' title="bbox 2136 3187 2234 3218">
     <span class='ocr_line' id='line_1_146' title="bbox 2136 3187 2234 3218; baseline -0.01 -4"><span class='ocrx_word' id='word_1_1267' title='bbox 2136 3198 2159 3218; x_wconf 75' lang='grc' dir='ltr'>ι.</span> <span class='ocrx_word' id='word_1_1268' title='bbox 2171 3187 2234 3214; x_wconf 69' lang='lat' dir='ltr'>&#39;fm-</span> 
     </span>
    </p>
   </div>
   <div class='ocr_carea' id='block_1_22' title="bbox 2203 0 2337 3400">
    <p class='ocr_par' dir='ltr' id='par_1_25' title="bbox 2203 0 2337 3400">
     <span class='ocr_line' id='line_1_147' title="bbox 2203 0 2337 3400; baseline 0 0"><span class='ocrx_word' id='word_1_1269' title='bbox 2203 0 2337 3400; x_wconf 95' lang='lat' dir='ltr'> </span> 
     </span>
    </p>
   </div>
  </div>
 </body>
</html>
