2337 3400
231 161 324 208 500
621 141 688 192 M.
772 140 1135 190 TULLtt

233 225 317 267 quisi
327 225 463 256 nondum
475 232 534 255 erat
544 224 604 266 ipse
621 224 637 254 *a
646 224 748 255 senatu
757 223 854 254 socius
863 222 1025 264 appellatus
1036 240 1045 255 ‚
1065 227 1125 251 erat
1142 226 1186 249 ta-

237 279 310 299 men
321 267 407 298 frater
423 268 485 306 ejus
496 269 571 308 regis
583 286 591 300 ,
610 265 743 308 quicum
753 264 824 296 efl'et
840 267 873 296 in
888 265 991 295 eadem
1002 263 1103 296 causa,
1124 262 1186 301 jam

238 319 298 340 erat
313 311 437 339 asenam
454 309 604 338 honorem
623 307 714 338 istum
731 308 924 338 consecutus:
948 315 1006 337 erat
1016 305 1123 336 eodem
1138 312 1189 345 ge—

239 361 309 382 nere
320 370 328 383 ‚
348 349 514 390 iisdemque
533 350 699 389 majoribus
708 370 717 384 ‚
736 348 840 380 eadem
858 347 1003 380 vetustate
1019 347 1165 377 societatis
1181 354 1187 373 2

240 392 369 432 denique
379 400 438 421 erat
447 401 509 425 rex,
525 390 545 422 fi
558 391 697 422 nondum
708 392 814 425 socius,
825 399 853 421 at
864 400 928 421 non
938 389 1047 420 hostis:
1062 395 1188 429 pacatus,

239 435 371 474 quietus,
377 431 467 469 fretus
477 434 589 474 imperio
598 433 693 475 populi
704 433 836 466 Romani,
847 442 940 473 regno
949 440 1072 472 paterno
1083 449 1090 463 ,
1102 437 1189 469 atque

239 476 322 505 avito
333 485 338 503 :
362 475 450 516 regali
459 476 524 505 otio
534 475 746 515 perfruebatur.
768 475 805 505 de
814 475 871 505 hoc
881 475 958 504 nihil
966 475 1113 513 cogitante
1124 490 1132 504 ,
1144 471 1192 500 111-

239 517 285 546 hil
300 516 472 556 suspicante,
483 517 596 548 eisdem
607 518 705 557 operis
713 515 886 558 suffragium
895 514 1058 546 ferentibus
1070 534 1078 547 ‚
1090 512 1132 543 est
1142 521 1190 541 ro-

240 567 354 598 gatum,
365 567 397 588 ut
406 558 523 592 sedens,
534 569 603 589 cum
613 568 740 599 purpura
750 578 758 592 ‚
771 558 803 589 &
813 558 926 599 sceptro
936 578 944 592 ,
957 557 990 587 &
999 557 1061 587 illis
1070 553 1193 596 insigni-

241 599 298 630 bus
307 601 407 639 regiis,
416 602 547 640 praeconi
558 601 681 641 publico
690 600 882 641 subjiceretur
893 611 899 629 z
922 599 1129 639 &imperante
1139 605 1194 635 po-

242 641 316 682 pulo
326 644 480 676 Romano,
491 645 542 683 qui
554 644 643 672 etiam
653 641 736 673 bello
749 641 842 672 vietis
850 641 967 683 regibus
977 649 1065 680 regna
1075 638 1195 683 reddere

240 684 408 717 consuevit,
417 693 469 713 rex
479 685 607 718 amicus,
615 684 698 714 nulla
706 685 814 724 injuria
824 691 1061 714 commemorata
1073 701 1081 714 ‚
1102 678 1194 709 nullis

181 732 225 765 27
242 727 375 765 repetitis
392 725 497 760 rebus,
515 736 588 756 cum
604 726 694 756 bonis
712 725 857 756 omnibus
869 725 1077 765 publicai-etur.
1100 721 1196 751 Multa

189 2030 209 2053 su

216 2020 232 2053 0,

243 767 346 797 acerba
356 788 366 801 ‚
383 768 479 797 multa
489 769 583 808 turpia
594 788 604 802 ,
615 768 710 798 multa
720 767 890 798 turbulenta
908 767 1010 796 habuit
1020 765 1071 794 ille
1082 770 1196 808 annus:

244 817 347 838 tamen
358 809 404 838 illi
417 809 538 844 sceleri,
556 809 639 851 quod
658 812 690 839 in
710 819 760 839 me
771 808 1082 838 illorumimmanitas
1093 804 1196 835 edidit,

244 850 324 880 haud
335 851 407 884 scio,
418 860 456 880 an
465 850 545 881 reste
555 852 613 882 hoc
621 852 800 891 proximum
810 849 868 880 effe
879 849 986 879 dicam.
1010 847 1197 877 Antiochum

243 892 335 922 illum
345 894 491 934 Magnum
503 913 511 927 ‚
531 893 660 933 majores
678 891 772 922 nostri
790 901 896 933 magna
915 890 986 920 belli
1000 888 1198 919 contentione

243 941 321 964 terra
331 954 340 967 ,
358 936 492 975 marique
502 935 671 975 superatum
681 954 689 968 ,
699 935 776 963 intra
786 942 926 963 montem
935 934 1071 962 Taurum
1080 936 1197 970 regnare

240 974 406 1016 jusserunt:
422 975 534 1010 Asiam,
543 986 600 1017 qua
609 977 698 1005 illum
710 976 886 1008 multarunt,
897 974 1009 1006 Attalo,
1020 981 1052 1002 ut
1061 973 1085 1001 is
1097 979 1198 1012 regna—

245 1025 291 1048 ret
301 1019 333 1048 in
342 1028 386 1052 ea,
398 1018 632 1047 condonaverunt.
647 1020 723 1047 Cum
736 1018 953 1046 Armeniorum
965 1025 1045 1056 rege,
1056 1014 1199 1054 Tigrane,

244 1069 333 1100 grave
343 1060 458 1090 bellum
470 1079 478 1093 ,
496 1059 787 1099 pei-diuturnumque
797 1056 959 1100 gestimus,
977 1057 1050 1087 cum
1060 1056 1111 1085 ille
1122 1053 1200 1099 inju-

244 1102 297 1131 riis
310 1103 344 1131 in
357 1101 444 1140 ficies
460 1100 578 1131 nostros
595 1099 762 1131 inferendis
779 1100 861 1130 bello
870 1108 961 1140 prope
972 1108 1028 1128 nos
1038 1094 1200 1129 lacessisset‚

245 1143 298 1172 hic
308 1143 411 1182 &ipse
420 1152 472 1182 per
481 1143 508 1172 se
519 1144 684 1172 vehemens
691 1141 749 1172 fuit
760 1163 768 1175 ,
784 1141 817 1172 δι’,
826 1144 1007 1171 acerrimum
1018 1137 1136 1169 hostem
1147 1138 1203 1166 hu-

242 1185 294 1224 jus
304 1186 425 1224 imperii
434 1183 642 1215 Mithridatem
653 1204 663 1217 ,
675 1184 795 1224 pulsum
807 1187 905 1214 Ponto
916 1202 924 1217 ‚
937 1182 1045 1221 opibus
1056 1181 1115 1210 suis
1126 1199 1135 1212 ,
1158 1189 1202 1208 re-

246 1236 368 1267 gnoque
378 1224 529 1256 defendit:
543 1226 575 1256 &
587 1226 602 1256 3
613 1226 754 1259 Lucullo,
766 1226 889 1256 summo
899 1226 1066 1263 virebatque
1074 1223 1203 1260 impera-

245 1276 311 1298 tore
324 1287 332 1301 ,
343 1268 443 1308 pulsus
456 1287 464 1301 ‚
478 1270 583 1298 animo
593 1276 695 1298 tamen
705 1266 886 1297 hostilicum
898 1266 1020 1305 reliquis
1030 1265 1125 1303 copiis
1145 1262 1204 1292 suis

248 1310 282 1339 in
292 1309 415 1349 pristina
423 1318 526 1339 mente
537 1308 655 1340 mansit.
674 1311 756 1339 hunc
766 1311 818 1338 Cn.
834 1308 1006 1347 Pompejus,
1021 1303 1092 1335 cum
1102 1306 1134 1333 in
1145 1304 1202 1333 suis

243 1351 347 1381 casti-is
357 1351 534 1391 supplicem,
543 1350 754 1391 abje&urnque
763 1348 883 1380 vidifl‘et
894 1369 902 1383 ‚
912 1350 1008 1378 erexit
1018 1368 1027 1381 ‚
1038 1355 1123 1387 atque
1133 1344 1204 1393 insi—

247 1403 308 1434 gne
319 1395 435 1435 regium
448 1413 456 1426 ,
476 1393 558 1434 quod
569 1393 621 1423 ille
631 1393 667 1422 de
679 1393 731 1422 suo
739 1395 835 1431 capite
844 1391 1008 1430 abjecerat,
1030 1388 1161 1428 reposuit
1171 1387 1203 1417 ὃ(

244 1436 388 1475 imperatis
399 1436 486 1465 certis
496 1435 594 1468 rebus,
605 1443 722 1475 regnare
730 1432 816 1473 juss'it
827 1444 832 1462 :
855 1442 911 1463 nec
921 1430 1026 1461 minus
1036 1430 1068 1460 &
1079 1428 1131 1459 sibi
1141 1449 1149 1463 ‚
1171 1428 1204 1458 &

248 1477 321 1507 huic
342 1479 473 1517 imperio
488 1476 643 1517 gloriofiim
658 1478 788 1516 putavit,
807 1473 1007 1505 constitutum
1025 1472 1079 1502 {ise
1089 1480 1202 1512 regern,

246 1518 339 1559 quhm
347 1517 545 1548 constrictum
555 1519 661 1549 videri.
684 1518 770 1551 tulit,
790 1515 885 1559 gestit.
909 1517 970 1556 Qi
989 1514 1093 1554 &ipse
1112 1511 1206 1543 hostis

245 1560 306 1590 *uit
316 1560 421 1600 populi
431 1562 584 1594 Romani,
604 1560 637 1590 &
649 1561 829 1590 acerrimum
841 1556 957 1588 hostem
978 1558 1009 1586 in
1020 1565 1147 1596 regnum
1161 1564 1206 1600 re-

246 1604 346 1642 cepit:
368 1604 420 1642 qui
438 1601 579 1632 conflixit
589 1622 597 1636 ,
617 1603 668 1643 qui
681 1600 759 1642 signa
776 1600 908 1631 contulit
918 1618 926 1632 5
945 1600 997 1639 qui
1019 1598 1055 1628 de
1075 1600 1206 1643 imperio

247 1643 336 1684 paene
345 1646 477 1676 certavit,
488 1652 589 1685 regnat
598 1643 738 1676 hodie‚&
749 1644 890 1672 amicitiae
902 1649 1030 1672 nomen,
1041 1649 1074 1669 ac
1083 1638 1206 1668 societa-

249 1684 384 1726 tis,qu0d
394 1687 485 1715 armis
495 1685 663 1719 viola12t‚id
673 1684 811 1725 precibus
821 1683 863 1714 est
872 1683 1058 1713 consecutus.
1080 1680 1137 1709 Ille
1148 1682 1204 1718 Cy-

249 1729 333 1767 prius
346 1728 456 1760 miser,
475 1729 528 1768 qui
546 1728 786 1767 sempersocius,
808 1727 922 1766 semper
933 1725 1048 1754 amictis
1067 1721 1142 1752 fuit:
1168 1721 1205 1750 de

248 1779 312 1810 quo
322 1769 405 1799 nulla
413 1779 559 1809 umquam
570 1769 696 1808 suspicio
706 1768 809 1799 durior
818 1777 867 1798 aut
877 1766 911 1797 ad
930 1767 1065 1797 senatum
1079 1783 1087 1798 ‚
1113 1771 1161 1793 aut
1170 1762 1205 1810 ad

248 1811 443 1851 imperatores
453 1810 569 1841 nostros
585 1811 670 1841 allata
681 1810 741 1840 est:
764 1811 852 1840 vivus
869 1808 1018 1847 (utajunt)
1036 1805 1077 1836 est
1088 1825 1097 1839 ‚
1120 1805 1208 1851 &vif

249 1852 327 1883 dens
337 1872 345 1886 ,
357 1862 426 1882 cum
437 1851 518 1883 vistis
529 1872 538 1886 ‚
550 1863 583 1883 :ic
592 1852 700 1883 vestitu
710 1852 763 1883 suo
779 1851 955 1891 publicatus.
981 1853 1026 1880 En
1038 1868 1045 1882 ‚
1056 1857 1110 1878 cui·
1118 1855 1206 1877 ceteri

249 1903 333 1936 reges
338 1893 470 1930 stabilem
487 1893 544 1924 efl'e
559 1895 641 1925 suam
656 1893 813 1924 fvi-tunam
831 1892 1010 1923 arbitrentur
1023 1911 1033 1924 ‚
1055 1888 1128 1920 cum
1152 1889 1208 1918 hoc

252 1936 336 1966 illius
357 1940 367 1955 ³
382 1935 491 1966 i‘iznesti
503 1938 575 1966 anni
594 1936 714 1977 prodito
732 1935 876 1975 exemplo
886 1933 1025 1966 videant,
1049 1941 1101 1972 per
1112 1930 1207 1960 tribu-

252 1987 329 2008 num
339 1977 470 2019 aliquem
481 1998 490 2011 ,
503 1978 536 2008 ὃς
547 1978 696 2008 sexcentas
705 1987 810 2017 operas
820 1997 832 2009 1
840 1977 868 2006 se
876 1975 1006 2005 fortunis
1017 1973 1134 2013 spoliari
1146 1992 1154 2006 ‚
1174 1972 1207 2001 &

252 2029 345 2061 regno
358 2022 445 2050 omni
456 2019 539 2060 posse
550 2020 667 2051 nudari.
691 2022 730 2049 At
739 2021 830 2049 etiam
841 2028 877 2048 eo
887 2017 1013 2058 negotio
1024 2018 1069 2045 Μ.
1085 2017 1207 2044 Catonis

253 2061 443 2102 splendorem
461 2062 608 2093 maculare
632 2061 816 2095 voluerunt,
841 2061 954 2101 ignari,
981 2057 1055 2099 quid
1071 2057 1207 2098 gravitas,

250 2103 324 2144 quid
335 2105 487 2145 integritas
497 2123 506 2138 ‚
517 2103 589 2145 quid
601 2103 778 2145 magnitudo
787 2103 902 2135 animi,
919 2100 994 2142 quid
1003 2099 1134 2140 denique
1146 2099 1209 2128 vir-

249 2154 299 2175 tus
317 2146 428 2176 valeret
447 2156 453 2174 τ
483 2155 550 2187 quae
570 2156 607 2176 111
625 2154 846 2176 TEMPESTATE
866 2144 959 2177 saeva,
977 2144 1077 2184 quieta
1090 2139 1153 2173 est,
1175 2140 1207 2170 δε

251 2187 333 2218 lucet
343 2188 375 2217 in
388 2187 535 2221 tenebris,
557 2189 589 2218 &
598 2188 678 2228 pulsa
686 2188 755 2218 loco
766 2194 869 2217 manet
877 2193 978 2215 tamen
990 2204 998 2218 ‚
1013 2183 1208 2225 atquexhaeret

251 2231 287 2259 in
302 2230 394 2268 patria
404 2248 412 2262 ,
428 2229 620 2270 splendetque
633 2239 684 2270 pei·
695 2230 723 2260 se
743 2230 859 2269 semper
869 2247 879 2262 ‚
900 2236 999 2267 neque
1014 2226 1122 2256 alicnis
1137 2233 1206 2254 um-

251 2280 344 2312 quam
362 2270 498 2300 sordibus
517 2271 687 2301 obsolescit.
711 2273 787 2300 Non
804 2271 851 2300 illi
869 2268 1040 2299 ornandum
1055 2269 1102 2296 M.
1119 2267 1208 2297 Cato-

253 2322 326 2343 nem
337 2331 346 2346 ‚
367 2311 417 2342 sed
432 2312 640 2352 relegandum:
664 2322 719 2342 nee
732 2312 778 2341 illi
789 2309 1046 2341 committendum
1057 2307 1143 2354 illud.
1154 2316 1207 2337 ne-

254 2355 373 2395 gotium
386 2373 395 2386 ,
414 2353 463 2384 sed
476 2353 700 2393 imponendum
717 2360 895 2393 putaverunt
910 2362 915 2379 :
937 2351 991 2390 qui
1008 2351 1040 2379 in
1057 2358 1206 2378 concione

251 2395 351 2437 palam
359 2394 501 2428 dixerint,
511 2395 639 2436 linguam
653 2395 683 2434 se
696 2392 810 2431 evcHiffe
822 2395 866 2422 M.
878 2393 984 2422 Catoni
996 2410 1004 2423 ‚
1015 2400 1081 2430 qua:
1092 2389 1209 2428 semper

252 2445 359 2468 contra
366 2436 613 2468 extraordinarias
628 2435 783 2478 potestates
792 2435 884 2465 libem
891 2431 1000 2463 fuisset.
1019 2432 1164 2463 sentient,
1177 2438 1209 2459 ut

252 2480 349 2520 spem,
358 2478 443 2509 brevi
453 2487 587 2519 tempore
597 2498 605 2512 ,
618 2487 736 2508 manere
747 2477 913 2507 libertatem
924 2475 1008 2504 illam
1021 2484 1026 2502 τ
1053 2472 1205 2518 31ςιιε11οε

253 2523 359 2553 etiam,
368 2518 389 2550 fi
400 2519 464 2550 fieri
475 2521 588 2561 poterit
597 2540 606 2554 ‚
618 2518 675 2550 effe
685 2519 831 2559 majorem
844 2539 851 2553 ,
862 2516 944 2558 quod
953 2525 1022 2546 cum
1032 2513 1206 2560 consulibus

254 2563 317 2591 illis
332 2564 375 2592 M.
386 2565 477 2596 Cato,
492 2564 582 2592 etiam
594 2582 602 2596 ,
617 2561 688 2592 curn
701 2563 763 2602 jam
774 2557 948 2601 desperasset
956 2556 1069 2598 aliquid
1079 2554 1209 2602 31161011-

254 2612 311 2633 tate
321 2602 478 2643 suaprofici
487 2602 569 2643 posse
581 2623 589 2638 ,
609 2613 709 2634 tamen
719 2613 795 2633 voce
805 2603 882 2642 ipsa,
902 2610 934 2631 ac
943 2600 1048 2629 dolore
1057 2605 1208 2639 pugnavit,

258 2645 291 2674 ὅ(
306 2644 372 2685 post
387 2655 492 2675 meum
501 2643 669 2679 discessum,
680 2647 719 2675 iis
731 2645 870 2676 Pisonem
881 2643 990 2676 verbu,
1003 2640 1078 2670 flens
1089 2649 1206 2672 meum,

258 2687 416 2726 &reipub-
434 2688 552 2722 casum,
572 2689 710 2719 vexavit,
731 2687 864 2717 utillum
874 2685 1038 2715 hominem*
1054 2679 1211 2722 perditiffi-

260 2738 359 2761 mum>
370 2737 456 2769 atque
466 2727 760 2769 impudentissimum
771 2728 857 2768 paene
868 2729 930 2767 jam
941 2726 1104 2765 provinciae
1114 2725 1212 2763 poeni-

257 2779 341 2800 teret.
366 2772 523 2811 Curigitur
541 2773 690 2810 rogationi
704 2772 826 2811 paruit?
847 2767 934 2810 Qasi
945 2765 1017 2797 verb
1035 2766 1088 2795 ille
1097 2775 1160 2795 non
1179 2766 1211 2794 in

257 2812 328 2841 alias
338 2821 455 2852 quoq-ue
465 2813 560 2852 leges,
579 2812 771 2853 quasinjiiste
792 2821 902 2853 rogatas
912 2817 1042 2850 putaret,
1061 2810 1123 2855 jam
1143 2806 1211 2854 ante

254 2854 370 2893 jurarit.
394 2863 458 2883 non
468 2853 555 2885 offert
566 2855 595 2885 se
605 2853 730 2885 illeistis
741 2853 975 2885 temeritatibus,
1000 2858 1051 2884 ut,
1070 2859 1144 2879 cum
1156 2859 1214 2879 tel-

297 2971 318 2988 1.
339 2965 431 2997 Funefli
441 2965 595 2996 annipraedito
604 2964 728 2998 exemplo]
745 2963 828 2990 Malui
842 2963 908 2990 istud
920 2971 979 2988 cum
991 2962 1019 2988 S.
1031 2959 1104 2986 Via.
1114 2960 1141 2984 ὅ(
1155 2960 1213 2987 Pal.

256 3000 412 3034 flon.qt1{1n1
424 3007 452 3024 ut
464 2998 593 3034 humilluc
606 2999 740 3033 vulgatum
757 3000 854 3031 perdito.

294 3045 322 3061 2.
343 3039 389 3060 'Per
398 3036 419 3065 fe
430 3036 573 3068 constr-vari,
583 3034 655 3069 quam
665 3043 709 3067 per
727 3036 812 3070 asion]
834 3033 995 3061 Gulielmius
1006 3039 1082 3070 putat
1091 3032 1216 3059 excidisse

259 3071 369 3098 verbum
381 3072 522 3103 diffindam,
534 3078 579 3095 aiz-:t
589 3070 660 3095 aliud
674 3071 738 3097 tale.

295 3116 322 3139 ς’.
340 3111 365 3133 Si
384 3110 467 3141 aliqua
484 3110 596 3141 quasdam
605 3107 660 3140 ‘vu—1
682 3106 738 3132 Pal.
751 3116 834 3134 nonus
849 3126 856 3138 ,
878 3109 993 3139 alapiam
1005 3124 1013 3137 ‚
1032 3103 1217 3131 Gemblacens.

258 3147 416 3177 difimpinm.

289 3187 326 3214 4,.Υ
339 3183 405 3214 fingi
414 3179 614 3213 curatiopotuit]
635 3179 677 3206 lta
685 3178 766 3206 etium
779 3178 835 3207 Pul.
847 3188 911 3207 non.
934 3178 960 3204 ὃς
971 3179 1000 3204 S.
1009 3176 1138 3205 Victoris.
1158 3185 1217 3204 iiam
1231 3166 1235 3209 1

2156 0 2337 45 *aaa

1214 138 1762 192 CicnRoN1s

1230 220 1303 263 pub.
1314 220 1392 251 nihil
1402 219 1510 261 prosit,
1528 222 1557 253 se
1567 225 1632 254 cive
1641 233 1737 264 remp.
1752 222 1858 265 privet.
1882 221 2010 254 Consule
2021 231 2091 258 me,
2108 220 2187 255 (ὑφ’

1232 262 1302 294 effet
1311 261 1475 303 designatus
1484 264 1620 295 tribunus
1629 266 1738 305 plebis,
1751 266 1863 296 obtulit
1872 267 1903 296 in
1915 265 2077 296 discrimen
2088 267 2183 297 vitam

1232 305 1312 336 suam
1326 315 1332 334 2
1354 305 1433 335 dixit
1440 315 1505 335 eam
1520 305 1699 337 sententiam
1710 328 1719 342 ,
1737 309 1823 348 cujus
1834 307 1980 338 invidiam
1992 308 2097 348 capitis
2107 308 2188 347 peri-

1232 347 1301 377 culo
1313 346 1364 377 sibi
1374 345 1566 387 praestandam
1578 347 1696 379 videbat
1707 360 1713 378 z
1724 350 1803 380 dixit
1813 351 2007 380 vehementer
2019 359 2024 378 :
2045 350 2103 390 egit
2113 349 2189 378 acri-

1234 398 1277 419 ter
1288 400 1297 424 3
1320 399 1352 419 ea
1362 408 1370 422 ‚
1381 387 1530 430 quaeftnfit
1539 409 1547 422 ,
1554 396 1607 430 pra
1616 390 1648 430 [ἒ
1656 390 1727 420 tulit
1737 401 1749 419 :
1771 391 1843 425 dux,
1856 390 1958 422 audior
1969 411 1977 424 ‚
1992 389 2074 420 36101·
2087 399 2188 420 rerum

1235 431 1354 461 illarum
1365 430 1439 460 fuit:
1462 440 1526 460 non
1539 441 1601 471 quo
1610 433 1778 472 periculum
1789 433 1875 463 suum
1886 443 1949 463 nori
1959 432 2082 462 viderit:
2095 431 2188 462 sedin

1236 481 1316 502 tanta
1324 473 1398 512 reip.
1409 471 1581 512 tempestate
1591 473 1670 503 nihil
1680 473 1733 504 fibi
1746 494 1754 507 ‚
1770 473 1824 503 nisi
1835 474 1871 504 de
1879 476 1977 514 patria:
1986 474 2127 514 periculis
2136 481 2191 503 co-

1234 513 1391 555 gitandum
1401 514 1530 554 putabat.
1553 516 1736 545 Consecutus
1746 515 1789 545 est
1807 514 1895 555 ipsius
1908 516 2082 546 tribunatus.

1238 566 1292 597 ego
1312 554 1348 585 de
1360 553 1495 596 singulari
1507 556 1716 597 magnitudine
1725 558 1820 587 animi
1829 558 1893 597 ejus
1903 576 1912 590 ‚
1931 566 1963 587 ac
1972 557 2009 586 de
2018 556 2190 586 incredibili

1237 600 1345 627 virtute
1356 597 1453 627 dicam
1467 599 1477 626 ?
1499 597 1682 628 meministis
1700 599 1790 628 illum
1803 598 1886 628 diem
1901 618 1910 632 ‚
1930 597 2000 628 cum
2013 617 2021 631 ,
2042 597 2155 637 templo
2175 597 2193 628 ὲ

1238 639 1350 680 collega
1359 647 1512 678 occupato,
1524 639 1614 669 nobis
1627 640 1774 670 omnibus
1787 639 1824 670 de
1832 642 1891 670 vita
1901 641 1965 679 ejus
1976 641 2052 673 viri,
2072 639 2105 670 &
2114 639 2193 669 civis

1240 680 1417 710 timentibus
1428 700 1436 715 ‚
1457 681 1518 721 ipse
1527 682 1631 712 animo
1649 680 1809 712 fortiffimo
1819 683 1904 712 venit
1923 683 1957 711 in
1970 682 2118 721 templum
2129 700 2137 714 ‚
2158 679 2193 711 &

1239 723 1401 753 clamorem
1412 723 1574 753 hominum
1584 744 1593 757 ,
1606 722 1780 754 au&oritate
1793 735 1798 753 ;
1809 726 1957 764 impetum
1967 723 2192 763 improborum,

1240 766 1348 794 virtute
1361 764 1481 794 sedavit.
1504 764 1587 795 Adiit
1597 774 1662 795 tum
1674 766 1854 805 periculum,
1867 765 1914 795 sed
1925 765 1997 795 adiit
2007 765 2046 795 ob
2059 764 2196 795 causam:

1241 816 1306 847 quae
1315 815 1423 846 quanta
1431 804 1594 845 fuci·it‚j:{m
1606 808 1683 837 mihi
1692 807 1789 838 dicere
1803 818 1866 838 non
1877 806 1919 837 est
1928 803 2052 836 necesse.
2065 804 2138 839 At,s1
2148 804 2198 836 isti

1242 850 1356 887 Cypria:
1367 850 1513 888 rogationi
1525 847 1747 879 sceleratiffimae
1764 859 1828 879 non
1838 846 1993 889 paruiss‘et:
2017 847 2199 878 haereretilla

1243 888 1448 919 nibilominus
1467 892 1499 919 in
1512 890 1612 930 repub.
1633 891 1796 931 turpitudo.
1827 893 1936 931 Regno
1954 891 2038 919 enim
2055 891 2117 930 jam
2137 898 2194 928 pu-

1243 931 1353 961 blicato
1364 951 1372 964 ‚
1383 929 1420 960 de
1430 931 1493 970 ipso
1504 934 1616 962 Catone
1625 942 1684 962 erat
1695 934 1879 962 nominatim
1890 940 2037 974 rogatum.
2054 930 2134 972 quod
2145 930 2198 961 ille

1245 970 1263 1002 fi
1275 970 1459 1012 repudiasset,
1469 972 1621 1008 dubitatis,
1634 975 1708 1015 quin
1718 976 1746 1004 ei
1757 976 1797 1003 vu
1805 974 1867 1012 effer
1875 975 1982 1007 allata,
2002 971 2074 1003 cum
2093 973 2199 1004 omnia

1246 1013 1310 1044 3613
1322 1014 1406 1044 illius
1413 1016 1485 1044 anni
1496 1025 1548 1054 per
1557 1015 1647 1045 illum
1657 1015 1930 1046 unumlabefaaaii
1941 1014 2132 1046 viderentur?
2143 1016 2200 1044 At·

1245 1065 1303 1096 que
1315 1057 1405 1085 etiam
1417 1056 1474 1086 hoc
1483 1056 1620 1087 videbat:
1642 1059 1787 1098 quoniam
1799 1058 1851 1088 1113
1866 1059 1899 1087 in
1909 1066 1968 1097 rep.
1989 1056 2106 1087 macula
2114 1056 2198 1097 regni

1246 1096 1388 1136 publicati
1398 1107 1540 1132 maneret,
1550 1108 1641 1139 quam
1656 1100 1817 1139 nemojam
1827 1098 1921 1139 poffet
1930 1099 2028 1129 eluere
2041 1116 2049 1132 ,
2063 1097 2151 1138 quod-
2159 1106 2199 1127 ex

1248 1138 1336 1168 malis
1345 1138 1419 1168 boni
1430 1137 1520 1178 possit
1533 1140 1566 1169 in
1577 1150 1636 1179 rep.
1647 1142 1804 1180 provenire
1817 1161 1825 1174 ,
1846 1140 1877 1171 id
1891 1140 1995 1170 utilius
2002 1138 2060 1169 ess'e
2076 1143 2090 1158 2
2107 1139 2198 1179 perse

1245 1180 1432 1213 conservari,
1450 1179 1540 1220 quam
1550 1190 1602 1220 per
1617 1182 1701 1211 alios.
1725 1185 1823 1222 Atque
1833 1182 1885 1212 ille
1896 1183 1986 1211 etiam
2005 1179 2115 1210 ³·sialia
2123 1190 2198 1220 qua-

1245 1223 1326 1261 piam
1336 1222 1366 1251 vi
1375 1222 1572 1261 expelleretur
1580 1222 1641 1252 illia
1651 1223 1837 1262 temporibus
1846 1233 1884 1253 ex
1894 1224 1948 1253 hac
1957 1221 2041 1255 urbe,
2051 1220 2138 1252 facile
2148 1230 2202 1260 pa-

1246 1272 1363 1293 teretur.
1387 1264 1515 1295 etenim,
1527 1265 1579 1304 qui
1590 1264 1738 1304 superiore
1746 1274 1827 1295 anno
1837 1265 1939 1294 senatu
1949 1261 2093 1296 caruiffet‚
2105 1261 2199 1303 qubfi

1247 1313 1311 1335 tuni
1323 1305 1439 1334 veniret
1448 1324 1456 1337 ‚
1471 1314 1521 1334 nie
1532 1314 1632 1336 tamen
1644 1306 1758 1336 socium
1769 1306 1892 1336 suorum
1902 1307 1938 1336 111Ὶ
1945 1305 2048 1346 repu-b.
2058 1303 2201 1335 confilio-

1245 1356 1312 1376 rum
1324 1345 1542 1386 videreposs'et:
1567 1348 1593 1376 is
1610 1357 1696 1388 aequo
1712 1349 1817 1378 animo
1830 1357 1896 1378 tum
1907 1369 1916 1382 ,
1941 1347 2144 1387 meexpulso‚
2165 1346 2200 1378 Sc

1246 1398 1321 1418 meo
1328 1389 1455 1418 nornine
1463 1387 1535 1418 cum
1546 1390 1686 1419 universo
1697 1390 1797 1420 senatu
1807 1410 1815 1423 ‚
1836 1399 1902 1420 tum
1912 1388 2055 1420 sententia
2067 1390 2115 1419 sua
2125 1397 2200 1418 con-

1247 1430 1394 1464 demnaca,
1409 1431 1441 1460 in
1452 1430 1505 1460 hac
1517 1430 1589 1460 urbe
1600 1429 1658 1460 effe
1665 1430 1781 1471 posset?
1794 1432 1849 1462 Ille
1859 1430 1931 1461 vero
1940 1431 2040 1461 eidem
2054 1431 2198 1470 tempori,

1245 1473 1293 1502 cui
1304 1481 1362 1502 nos
1371 1491 1380 1505 ‚
1397 1471 1496 1501 eidem
1507 1471 1601 1502 furori
1612 1492 1621 1506 ,
1637 1472 1751 1503 eisdem
1762 1474 1936 1504 consulibus
1948 1494 1956 1507 ,
1967 1473 2081 1503 eisdem
2092 1475 2200 1506 minis,

1248 1512 1362 1543 insidiis
1372 1533 1380 1546 ‚
1398 1514 1536 1553 periculis
1548 1512 1637 1544 cesfit.
1660 1514 1778 1545 ludium
1797 1525 1853 1545 nos
1870 1514 2019 1545 hausimus
2037 1515 2197 1554 majorem,

1247 1555 1384 1585 dolorem
1397 1555 1447 1584 ille
1466 1557 1561 1585 animi
1574 1565 1638 1585 non
1648 1558 1812 1586 minorem.
1838 1559 1894 1587 His
1912 1556 1947 1587 de
1964 1564 2025 1590 tot,
2046 1555 2193 1596 tantisque
2218 1557 2264 1591 30

1248 1598 1367 1636 injuriis
1378 1597 1521 1636 infiicios,
1543 1599 1576 1627 in
1586 1607 1658 1638 reges
1671 1618 1679 1631 2
1699 1601 1731 1627 in
1747 1597 1845 1627 liberas
1864 1599 2014 1631 civitates,
2036 1597 2198 1627 consulum

1248 1639 1365 1679 querela
1374 1637 1431 1668 effe
1442 1638 1555 1668 debuit.
1579 1641 1610 1668 in
1620 1641 1684 1678 ejus
1696 1639 1879 1682 magistratus
1890 1639 1980 1670 tutela
1989 1659 1997 1674 ‚
2007 1648 2100 1678 reges,
2110 1646 2199 1679 atque

1248 1690 1356 1711 exterae
1369 1682 1505 1710 nationes
1523 1681 1776 1721 semperfuerunt.
1802 1691 1901 1722 ecquae
1919 1691 1981 1711 vox
1998 1689 2148 1721 umquam
2156 1679 2200 1711 est

1249 1722 1346 1752 audita
1356 1723 1532 1752 consulum?
1541 1733 1722 1764 quamquam
1733 1724 1938 1764 quis-auderet,
1951 1721 1971 1752 fi
1980 1721 2115 1752 maxime
2126 1732 2200 1763 que-
2248 1753 2266 1762 ,

1249 1766 1272 1793 11
1286 1764 1378 1794 vellet
1389 1766 1399 1792 ?
1422 1764 1459 1793 de
1469 1767 1579 1803 Cyprio
1589 1774 1655 1804 rege
1665 1774 1870 1804 quererentur,
1880 1767 1933 1806 qui
1943 1774 1993 1793 me
2004 1765 2102 1793 civem
2113 1763 2203 1793 nullo

1249 1815 1320 1835 meo
1331 1806 1461 1834 crimine
1471 1825 1478 1838 ,
1491 1807 1590 1844 patriae
1601 1808 1730 1835 nomine
1738 1805 1921 1836 laborantem
1933 1815 1997 1836 non
2007 1804 2108 1835 modi>
2119 1804 2200 1835 stan-

1249 1856 1309 1878 tem
1329 1856 1394 1876 non
1404 1845 1619 1880 defenderunt,
1639 1846 1688 1877 sed
1698 1857 1737 1877 ne
1751 1849 1902 1887 jacentem
1917 1847 2040 1889 quidem
2059 1855 2203 1887 protexe-

1249 1891 1340 1919 runt?
1364 1886 1521 1921 Cesserarm
1533 1886 1553 1917 si
1562 1888 1690 1918 alienam
1700 1888 1717 1919 ὲ
1726 1899 1776 1919 me
1788 1890 1908 1930 plebem
1919 1887 2003 1920 luiss'e
2012 1889 2103 1919 vultis
2111 1909 2120 1923 ,
2135 1897 2204 1929 quae

1250 1940 1314 1961 non
1321 1928 1392 1962 fuit,
1403 1929 1541 1960 invidiae:
1566 1929 1584 1959 fi
1596 1940 1784 1961 commoveri
1794 1934 1899 1962 omnia
1907 1931 2084 1961 videbantur
2094 1950 2102 1964 ,
2121 1940 2202 1961 tem-

1249 1974 1314 2012 pori
1328 1982 1333 2001 :
1357 1970 1377 2001 fi
1388 1973 1434 2002 vis
1444 1972 1558 2002 suberat
1567 1991 1576 2005 ‚
1595 1976 1686 2002 armis
1696 1984 1701 2002 :
1726 1971 1746 2002 si
1757 1973 1878 2004 societas
1888 1993 1897 2006 ‚
1908 1971 2133 2014 magistiatuum
2150 1981 2203 2012 pa-

1250 2014 1363 2045 Ctioni:
1381 2012 1399 2043 si
1411 2014 1579 2054 periculum
1588 2016 1716 2049 civium,
1727 2016 1799 2055 reip.
1812 2018 1881 2048 Cur,
1892 2014 1963 2046 cum
1975 2014 2010 2045 de
2020 2015 2115 2054 capite
2124 2015 2203 2044 civis

1249 2056 1327 2096 (non
1337 2055 1474 2096 disputo,
1495 2056 1668 2095 cujusmodi
1686 2058 1774 2097 civis)
1794 2056 1877 2088 &de
1894 2057 1983 2087 bonis
1995 2075 2009 2090 ‚-
2022 2056 2200 2096 proscriptio

1249 2098 1392 2132 ferretur,
1412 2096 1484 2128 cum
1495 2098 1529 2128 &
1540 2098 1654 2129 sacratis
1671 2098 1786 2140 legibus
1796 2120 1804 2132 ,
1824 2099 1856 2129 &
1867 2109 1921 2130 iti-1
1934 2098 2043 2129 tabulis
2050 2098 2200 2128 sancitum

1248 2139 1319 2171 eflet
1328 2159 1336 2173 ‚
1361 2150 1405 2170 UT
1424 2149 1540 2180 Νξορρ
1559 2149 1797 2171 nummorum
1824 2142 1945 2183 irrogari
1964 2140 2086 2173 liceret,
2103 2147 2203 2179 neque

1249 2182 1286 2214 de
1295 2183 1400 2223 capite,
1413 2180 1468 2212 nisi
1477 2183 1612 2212 comitiis
1622 2184 1793 2213 centuriatis
1801 2203 1810 2218 ‚
1821 2185 1928 2224 rogari,
1940 2182 2023 2212 nulla
2031 2189 2092 2211 vox
2098 2179 2202 2210 estan-

1249 2224 1310 2255 dita
1320 2224 1481 2255 consulum
1493 2225 1504 2252 ?
1524 2223 1784 2265 constitutumque
1793 2224 1836 2254 est
1843 2224 1899 2253 illo
1908 2232 1999 2256 anno,
2009 2230 2154 2262 quantum
2166 2222 2203 2252 ini

1249 2266 1312 2296 illis
1321 2265 1434 2296 duabus
1442 2266 1533 2306 hujus
1545 2266 1666 2305 imperii
1674 2265 1805 2305 pestibus
1814 2265 1873 2295 fuit
1883 2284 1892 2299 ‚
1899 2265 1965 2304 jure
1974 2261 2055 2304 poffe
2065 2272 2117 2303 per
2125 2273 2201 2304 ope-

1248 2317 1292 2338 ras
1308 2309 1467 2337 concitatas
1483 2309 1622 2347 quemvis
1641 2308 1742 2337 civem
1762 2307 1948 2336 nominatim
1966 2305 2078 2335 tribuni
2102 2305 2200 2345 plebis

1247 2348 1376 2378 consilio
1392 2357 1430 2377 ex
1439 2350 1556 2377 civitate
1576 2347 1747 2377 exturbari?
1769 2346 1923 2389 Qaevero
1941 2347 2126 2387 promulgata
2143 2347 2200 2376 illo

1248 2388 1478 2419 annofuerunt?
1499 2387 1715 2429 quaeptomifia
1725 2391 1830 2419 multis
1842 2392 1854 2418 ἓ
1864 2399 1928 2430 quae
1939 2388 2122 2428 conscripta?
2132 2398 2200 2429 qux

1250 2431 1379 2470 sperata?
1401 2440 1468 2471 quae
1477 2432 1626 2471 cogitata?
1646 2431 1720 2471 quid
1730 2431 1847 2461 dicam?
1867 2431 2012 2472 quilocus
2022 2431 2103 2460 orbis
2119 2438 2202 2460 terrae

1248 2473 1310 2512 jam
1322 2482 1387 2502 non
1403 2472 1559 2502 eratalicui
1576 2471 1757 2502 destinatus?
1779 2473 1864 2513 cujus
1873 2473 1987 2514 negotii
1996 2472 2109 2516 publici
2119 2473 2202 2512 cogie-

1252 2516 1318 2548 tari,
1328 2516 1433 2554 optari,
1445 2517 1462 2540 4
1475 2513 1547 2554 fingi
1557 2516 1670 2544 curatio
1680 2516 1797 2554 potuit,
1816 2525 1881 2555 quae
1893 2524 1956 2544 non
1965 2513 2038 2544 eflet
2053 2514 2202 2548 attributa,

1252 2564 1337 2596 atque
1360 2555 1524 2596 descripta?
1545 2556 1627 2596 quod
1638 2566 1732 2597 genus
1742 2558 1862 2597 imperii
1874 2577 1885 2590 ,
1902 2565 1950 2586 aut
1964 2565 2030 2597 quae
2037 2556 2202 2597 provincia.

1254 2602 1268 2625 5
1278 2608 1343 2638 qua:
1354 2598 1429 2628 ratio
1440 2607 1487 2628 aut
1498 2597 1606 2628 flandae
1617 2618 1625 2631 ,
1648 2597 1872 2629 autconflandae
1884 2600 2019 2638 pecuniae
2035 2607 2100 2627 non
2118 2606 2205 2636 repe-

1255 2640 1404 2671 riebatur?
1422 2649 1486 2680 quae
1498 2642 1689 2680 regimorave
1700 2649 1841 2670 terrarum
1852 2648 1911 2670 erat
1920 2641 2019 2673 latior,
2030 2641 2062 2669 in
2072 2649 2129 2679 qua
2139 2648 2204 2668 non

1257 2692 1371 2722 regnum
1380 2681 1502 2722 aliquod
1512 2681 1704 2712 statueretur?
1725 2684 1792 2723 quis
1801 2691 1900 2712 autem
1909 2691 1961 2712 rex
1971 2701 1981 2715 ‚
1999 2683 2051 2722 qui
2061 2681 2116 2711 illo
2125 2688 2207 2716 anno

1260 2734 1322 2753 non
1333 2732 1383 2753 aut
1392 2724 1557 2754 emendum
1568 2722 1620 2753 sibi
1633 2743 1641 2757 ‚
1661 2726 1742 2764 quod
1753 2733 1817 2754 non
1831 2723 1956 2753 habebat
1967 2743 1976 2756 ,
1995 2731 2045 2753 aut
2054 2721 2206 2752 redimen-

1260 2765 1332 2794 dum
1344 2785 1351 2799 ‚
1363 2764 1444 2806 quod
1454 2765 1580 2795 habebat
1589 2784 1598 2798 ‚
1610 2765 1815 2796 arbitraretur?
1836 2767 1903 2806 quis
1912 2765 2098 2805 provinciam
2110 2782 2119 2796 ,
2139 2763 2208 2803 quis

1259 2809 1415 2847 pecuniam
1428 2826 1436 2840 ‚
1455 2808 1523 2848 quis
1543 2807 1726 2847 legationem
1737 2807 1772 2837 ab
1782 2807 1880 2837 senatu
1890 2806 2027 2846 petebat?
2049 2806 2210 2835 Damnatis

1258 2849 1295 2879 dc
1306 2851 1347 2883 vi,
1360 2847 1523 2879 restitutio:
1546 2848 1716 2880 consulatus
1727 2850 1835 2890 petitio
1843 2846 1897 2888 ipfi
1914 2847 1960 2879 illi
1969 2847 2105 2887 populari
2116 2846 2210 2919 sager-¹

2166 2896 2211 2919 ou

1254 2959 1297 2987 cd.
1308 2961 1393 2996 prima
1398 2962 1503 2994 fingique
1513 2961 1573 2984 ratiti
1588 2961 1674 2991 potuit.
1696 2959 1777 2993 vulgo
1787 2960 1962 2993 erat7fingique
1967 2959 2101 2990 procuratio
2105 2959 2194 2990 potuit.

1293 3006 1318 3029 5.
1338 2998 1393 3028 Q*
1403 2999 1463 3021 ratio
1474 2995 1619 3029 autflandz,
1630 3002 1673 3020 aut
1682 2994 1831 3028 conflandae]
1853 2994 1961 3020 Habent
1972 2994 2029 3020 Pal.
2049 3000 2112 3019 tei-t.
2122 3000 2213 3028 quart.

1256 3033 1343 3058 euiiit.
1355 3031 1411 3058 οξὶ.
1421 3042 1470 3065 quae
1481 3034 1541 3057 ratio
1551 3031 1680 3063 auferenda
1689 3037 1732 3056 aut
1742 3032 1873 3064 conflandae.
1891 3029 1933 3056 sed
1944 3030 2060 3056 nostrum
2074 3029 2140 3055 istud
2169 3038 2213 3055 er-

1255 3048 1334 3094 ilum
1347 3069 1371 3094 in
1385 3067 1441 3094 Pal.
1452 3067 1500 3093 sec,
1512 3076 1541 3093 ac
1553 3076 1632 3092 nono.
1643 3075 1727 3101 neque
1738 3065 1807 3092 secus
1820 3068 1847 3092 S.
1858 3065 1931 3092 Vis).
1946 3065 2004 3091 ljrf.
2017 3065 2124 3091 Gembl.
2136 3065 2155 3091 ir.
2164 3074 2211 3091 eo-

1256 3113 1307 3140 que
1317 3104 1449 3130 revocavi.
1470 3112 1529 3129 nani
1540 3103 1567 3127 Sc
1587 3102 1620 3128 sic
1630 3111 1735 3137 quoque
1746 3101 1806 3128 edd.
1818 3102 1943 3137 autiquae.
1963 3100 2065 3127 distuiii
2080 3108 2167 3127 autem
2178 3099 2211 3126 fi-

1256 3147 1351 3175 gurata
1373 3139 1507 3165 locutione
1518 3147 1526 3167 3
1549 3147 1581 3164 ne
1601 3138 1733 3166 Lambino
1750 3138 1809 3174 quis
1829 3137 1958 3165 adhaereat
1977 3137 2121 3164 leftionem
2138 3136 2212 3163 istam

1257 3175 1409 3204 exiibilanti
1420 3184 1473 3212 Ρη·
1484 3174 1602 3210 vulgata.

2105 3216 2128 3236 Ι.
2146 3207 2214 3240 Rese-

2106 513 2188 556 Qia
2209 518 2255 551 29
