2297 3389
427 185 685 230 ORArro
723 195 839 226 Pno
879 180 1057 227 DoMo
1095 180 1246 237 Suri,
1283 191 1357 227 AD
1395 182 1802 229 PoNT1F1cas.

134 265 277 308 accipere,
292 264 393 298 antid,
404 251 486 305 quod
496 263 579 297 velit,
593 261 747 302 repudiare
759 265 768 291 ?
781 260 900 304 Qid‚fi
911 272 962 301 per
971 263 1035 291 vim
1047 270 1094 291 tu-

135 308 217 338 listi?
236 317 374 339 tamenne
392 307 442 336 lex
459 305 521 335 est?
540 314 588 335 aut
604 304 768 350 quidquam
785 305 850 344 jure
871 304 986 344 gestum
997 303 1092 333 videri
1112 325 1114 354 1,
1136 348 1247 375 nemo'
1277 356 1286 376 s
1356 348 1373 377 d
1448 350 1457 366 >
1479 352 1500 379 Ἰ
1574 351 1578 355 .
1982 347 2001 377 b
2021 356 2039 374 a

1112 356 1114 361 ¹
1241 357 1273 376 in
1289 357 1353 378 erce
1377 358 1452 378 eret·
1499 352 1558 380 'am
1572 359 1661 389 inops
1671 357 1771 379 autem
1786 359 1841 390 ego
1860 357 1941 378 eram
1963 357 1978 376 a
2041 356 2099 374 mz-

134 350 230 389 potest
243 371 250 383 ‚
260 348 340 391 quod
351 358 403 388 per
410 349 473 377 vim
483 346 599 388 gestum
610 345 668 376 este
681 345 818 376 constet?
836 356 873 376 an
882 365 890 379 ,
903 344 923 375 si
935 347 965 375 in
979 346 1040 384 ipsa
1050 345 1090 374 la—

135 393 219 422 tione
230 400 287 424 tua,
300 399 380 430 capta
390 389 452 428 jam
465 387 780 429 urbe,lapidesja‹5'ti‚li
793 398 898 418 manus
907 387 1014 417 collata
1025 396 1089 416 non

82 436 89 441 '
134 432 187 466 est,
199 431 309 462 idcirco
321 441 352 461 tu
362 431 397 461 ad
407 431 492 461 illam
503 431 614 464 labem,
627 439 712 471 atque
723 432 854 460 eluviem
866 430 995 460 civitatis
1007 449 1015 462 ‚
1029 427 1089 457 sine

71 488 110 512 21
134 475 251 505 summa
269 476 299 503 vi
322 475 478 513 pervenire
500 473 644 513 potuisti?
666 472 745 502 Cum
760 474 792 502 in
811 471 952 502 tribunali
963 470 1087 501 Aurelio

131 515 334 546 conscribebas
343 515 438 555 palam
450 525 512 545 non
526 514 622 545 modo
633 515 754 547 liberos,
766 513 815 545 sed
825 515 915 544 etiam
928 513 1037 546 servos,
1049 521 1087 542 ex

131 558 276 587 omnibus
287 559 362 587 vicis
371 559 535 587 concitatos
548 578 555 590 ,
576 559 641 587 vim
652 566 717 586 tum
728 556 869 586 videlicet
881 565 945 585 non
956 555 1085 594 parabas.

128 597 200 628 cum
211 598 318 633 edifitis
328 601 385 629 tuis
397 597 523 628 tabernas
534 600 627 628 claudi
634 599 759 639 jubebas
771 619 778 632 ,
790 607 853 628 non
863 599 929 627 vim
940 597 1086 636 imperitae

129 641 336 671 multitudinis
350 652 354 670 :
366 641 414 671 sed
424 642 590 672 hominum
606 640 803 671 honestorum
814 638 1006 671 modestiam,
1016 648 1086 677 pru—
1107 651 1109 662 π

127 681 321 724 dentiamque
331 683 490 723 quaerebas.
513 683 586 714 clim
596 693 676 714 arma
695 685 726 712 in
745 682 839 712 aedem
851 679 978 710 Castoris
999 689 1085 709 com-

127 724 262 764 portabas
274 745 281 757 ,
303 726 380 755 nihil
391 725 471 755 aliud
485 747 491 759 ‚
513 725 568 756 nisi
580 726 623 755 uti
636 724 755 764 nequid
775 732 827 762 per
843 723 907 751 vim
922 723 967 761 agi
976 720 1082 760 poss'et,

127 767 346 796 machinabare.
369 767 440 797 cum
451 766 523 797 vero
533 767 638 808 gradus
649 765 777 796 Castoris
786 762 957 793 convellisti
967 782 976 795 ,
997 773 1028 793 ac
1040 772 1083 792 re-

126 807 269 838 movisti:
293 818 358 838 tum
371 830 378 842 ‚
400 819 433 839 ut
443 809 578 839 modeste
594 808 647 838 tibi
657 816 737 848 agere
748 806 867 838 liceret,
878 805 1082 834 hominesau-

123 848 221 880 daceis
231 851 266 880 ab
277 851 339 890 ejus
351 850 544 891 templiaditu
557 870 565 883 ,
587 858 673 889 atque
688 847 827 878 adscensu
838 846 984 886 repulisti.
1009 846 1081 876 cum

123 901 194 925 eos,
215 895 267 932 qui
286 895 318 923 in
337 901 490 922 conventu
508 894 644 920 virorum
663 890 818 919 bonorum
833 888 922 918 verba
939 888 975 918 de
991 888 1082 918 salute

125 943 192 963 mea
205 933 344 967 fecerant,
355 932 574 973 adeffejuffisti,
587 942 752 973 eorumque
761 931 1004 963 advocationem,
1016 941 1082 960 ma-

123 975 223 1009 nibus,
236 975 325 1009 ferro,
338 975 485 1014 lapidibus
496 973 650 1004 discuffisti
663 985 669 1002 z
685 983 749 1004 tum
761 971 898 1013 profetae>
909 971 1079 1005 ostendisti,

121 1019 187 1047 vim
206 1017 261 1047 tibi
271 1016 413 1046 maxime
433 1016 575 1056 displicere.
598 1020 713 1046 Verum
723 1016 787 1045 haec
797 1014 961 1044 furiosavis
971 1015 1072 1044 vesani

122 1059 236 1088 tribuni
245 1058 341 1098 plebis
349 1057 436 1088 facile
449 1059 574 1099 superari
586 1057 758 1099 ,frangique
769 1059 867 1097 potuit
877 1058 1014 1086 virorum
1025 1056 1080 1086 bo-

121 1110 232 1130 norum
250 1100 299 1129 vel
320 1102 448 1134 virtute,
469 1100 518 1130 vel
539 1100 746 1130 multitudine.
778 1098 882 1140 Qid?
903 1096 976 1128 cum
987 1098 1080 1128 Gabi—

120 1143 175 1172 nio
185 1143 266 1181 Syria
284 1141 406 1172 dabatur
419 1162 426 1176 ,
447 1142 624 1172 Macedonia
643 1143 762 1175 Pisoni,
780 1143 897 1181 ursique
919 1139 1078 1170 infinitum

120 1185 285 1223 imperium
297 1204 305 1218 ‚
334 1186 441 1225 ingens
456 1186 600 1224 pecunia,
618 1192 652 1214 ut
668 1184 723 1214 tibi
737 1184 842 1213 omnia
860 1184 1078 1223 permitterent,

120 1234 149 1255 te
159 1225 332 1265 adjuvarent
342 1246 350 1260 ,
363 1226 417 1256 tibi
431 1236 554 1256 manum
569 1247 578 1260 ,
589 1228 699 1265 copias,
718 1230 728 1245 ¹
742 1225 798 1255 tibi
807 1225 874 1255 suos
883 1233 999 1264 paratos
1009 1234 1081 1254 cen-

118 1269 255 1297 turiones
266 1289 273 1301 ,
296 1268 351 1298 tibi
362 1270 504 1308 pecunias
517 1289 524 1300 ,
535 1268 592 1298 tibi
602 1267 732 1298 familias
743 1276 962 1307 compararent:
983 1275 1010 1296 te
1021 1267 1081 1296 stus

120 1310 267 1339 sceleratis
283 1310 484 1339 concionibus
506 1310 716 1342 sublevarent,
739 1310 854 1339 senatus
870 1307 1079 1338 auditor-itatem

118 1351 295 1385 irriderent,
313 1352 464 1392 equitibus
482 1353 632 1382 Romanis
642 1360 772 1381 mortem
785 1371 793 1384 ,
813 1350 1073 1390 proscriptionem-

118 1403 177 1434 que
200 1395 429 1423 minitarentur:
452 1403 502 1422 me
521 1401 662 1423 terrerent
679 1394 790 1422 minisz
816 1393 894 1422 mihi
913 1391 1026 1421 caedem
1048 1392 1080 1422 δε

119 1436 350 1466 dimicationem
373 1434 603 1467 denuntiarent:
635 1444 735 1464 meam
759 1434 889 1464 domum
903 1453 911 1466 ,
940 1433 1078 1463 refertam

118 1479 191 1508 viris
205 1476 296 1506 bonis
306 1498 314 1510 ,
337 1480 352 1495 ²
362 1486 414 1516 per
422 1478 536 1506 amicos
546 1477 613 1506 suos
624 1477 814 1517 complerent
826 1486 831 1505 t
849 1476 1079 1515 proscriptionis

118 1527 203 1549 metu
215 1528 265 1548 me
275 1517 444 1558 frequentia
457 1518 604 1549 nudarent
616 1521 752 1548 virorum
763 1518 930 1550 bonorum,
942 1527 992 1547 me
1001 1527 1078 1557 prae-

118 1559 194 1591 sidio
203 1561 378 1600 spoliarent:
402 1561 538 1590 senatum
547 1570 603 1600 pro
614 1571 663 1590 me
674 1571 737 1590 non
750 1559 844 1590 modo
855 1569 984 1601 pugnare
995 1580 1002 1593 ,
1015 1569 1080 1589 am—

117 1601 283 1643 plissimum
295 1602 435 1632 ordinem
448 1614 456 1636 3
467 1602 515 1632 sed
525 1604 616 1632 etiarn
626 1603 741 1642 plorare
753 1623 760 1636 ,
774 1602 806 1632 &
816 1602 978 1641 supplicare
990 1622 997 1635 ,
1010 1611 1079 1631 mu-

119 1653 174 1675 tata
187 1644 287 1678 veste,
306 1644 521 1684 prohiberent:
546 1655 584 1674 ne
605 1654 669 1674 tum
694 1645 819 1686 quidem
838 1654 879 1672 vu
898 1644 977 1673 erat?
996 1643 1078 1688 Qid

116 1689 208 1729 igitur
218 1696 272 1728 ego
283 1685 373 1726 gessi,
394 1695 442 1716 aut
451 1689 503 1727 qui
514 1688 608 1716 timor
620 1685 703 1716 fuit?
719 1696 784 1716 non
794 1686 892 1716 dicam
907 1687 939 1716 in
951 1695 1017 1715 me:
1034 1689 1078 1719 iae

118 1739 169 1759 me
180 1728 324 1759 timidum
336 1727 393 1758 efl‘e
403 1737 504 1759 natura
520 1739 526 1758 z
545 1729 642 1769 quid?
665 1728 717 1758 illa
739 1729 784 1758 tot'
801 1730 938 1757 virorum
956 1726 1078 1757 fortiffi-

117 1780 243 1801 morum
253 1770 365 1800 millia:
384 1774 396 1797 3
412 1770 503 1811 quid?
523 1770 617 1801 nostri
627 1772 741 1811 equites
752 1771 903 1801 Romani:
922 1769 1016 1810 quid?
1032 1770 1078 1799 se-

104 1814 224 1842 'natust
245 1812 336 1852 quid?
360 1812 492 1853 denique
501 1823 612 1843 omnes
632 1813 726 1846 boni,
746 1811 859 1842 sinulla
871 1813 1006 1845 eratvis,
1025 1822 1078 1842 eur

120 1864 170 1884 me
189 1853 295 1884 flentes
312 1853 414 1894 potius
430 1855 577 1894 prosecuti
597 1855 685 1888 sunt,
707 1855 798 1895 quam
820 1862 870 1884 aut
890 1855 1078 1893 increpantes

118 1897 326 1928 retinuerunt,
347 1904 396 1925 aut
416 1897 480 1926 irati
497 1897 550 1926 reli
574 1898 704 1927 uerunt?
724 1899 772 1926 An
794 1897 852 1926 hoc
870 1895 1037 1928 timebam,
1057 1894 1078 1925 sl

119 1947 240 1967 mecum
260 1945 390 1978 ageretur
406 1948 499 1971 more,
520 1907 705 1979 infirmoque
725 1938 884 1977 majorum,
912 1946 944 1967 ut
962 1936 1078 1977 pofl'em

118 1979 247 2020 praesens
257 1978 417 2008 sustinere?
436 1979 549 2009 Utrum
559 1979 580 2008 si
593 1980 656 2010 dies
667 1979 747 2010 dieta
757 1978 840 2012 effer,
853 1978 1005 2018 judicium
1018 1981 1079 2009 mi-

118 2023 151 2051 hi
160 2021 219 2051 fuit
227 2020 503 2060 pertimescendum
515 2031 521 2049 2
543 2031 581 2051 an
592 2020 652 2051 sine
665 2021 782 2061 judicio
791 2021 987 2061 privilegium
999 2023 1009 2048 ?
1024 2022 1072 2060 ju'-

120 2063 237 2092 dicium
249 2063 282 2091 in
292 2062 377 2092 causa
385 2071 444 2091 tam
456 2064 555 2102 turpi?
577 2063 689 2093 scilicet
707 2064 732 2092 is
753 2063 849 2092 homo
860 2062 927 2093 sum
940 2082 948 2095 ,
966 2064 1019 2102 qui
1034 2071 1078 2091 et-

119 2105 180 2134 iam
193 2102 307 2133 ficausa
325 2102 526 2144 effetignota,
549 2104 678 2135 dicendo
698 2114 762 2134 non
783 2103 902 2144 poss'em‘
918 2105 1076 2144 explicare.

117 2156 156 2176 an
163 2156 229 2176 eam
238 2146 354 2175 causam
364 2147 488 2185 probare
503 2156 568 2177 non
585 2155 720 2186 poteram
732 2166 740 2180 ,
762 2147 846 2185 cujus
865 2154 943 2176 tanta
960 2147 1077 2176 bonitas

119 2185 181 2221 est,
202 2197 235 2217 ut
246 2197 277 2217 ea
287 2188 346 2227 ipsa
356 2197 421 2217 non
430 2186 524 2217 modo
540 2188 568 2218 se
580 2209 588 2222 ‚
603 2192 621 2215 4
633 2188 682 2218 sed
691 2190 783 2218 etiam
793 2198 837 2216 me
850 2186 987 2227 absentem
1008 2198 1077 2227 pro-

116 2229 215 2259 barit?
235 2239 273 2259 an
281 2229 397 2259 senatus
409 2249 417 2262 ,
439 2239 476 2259 an
488 2229 610 2259 ordines
630 2231 672 2264 ii,
694 2231 746 2271 qui
762 2228 871 2260 cuneta
883 2239 922 2259 ex
940 2230 1025 2260 Italia
1041 2230 1077 2260 ad

119 2280 169 2301 me
179 2270 384 2301 revocandum
394 2271 652 2305 convolaverunt,
670 2272 820 2313 segniores
832 2281 882 2301 me
892 2273 1033 2311 praesente
1042 2271 1077 2302 ad

119 2322 168 2343 me
177 2312 419 2345 retinendum,&
427 2313 664 2343 conservandum
675 2311 839 2343 fuissentin
848 2323 880 2343 ea
889 2314 1077 2354 causa,quam

117 2355 180 2394 ipse
188 2356 249 2394 jam
260 2355 404 2394 parricida
414 2355 504 2384 talem
513 2355 592 2385 dicat
600 2354 690 2385 fuisse
699 2375 708 2388 ,
729 2364 762 2385 ut
776 2365 826 2384 me
836 2355 872 2385 ab
886 2356 1033 2385 omnibus
1042 2356 1077 2385 ad

117 2406 218 2427 meam
235 2395 390 2438 pristinam
408 2396 587 2437 dignitatem
606 2396 829 2438 exspe&aturn,
850 2400 937 2437 atque
956 2407 1078 2428 revoca-

1139 269 1204 291 tum
1217 266 1376 303 queratur?
1399 266 1447 294 An
1458 264 1530 295 verb
1542 266 1574 295 in
1586 264 1699 301 iudicio
1707 264 1834 304 periculi
1846 262 1924 294 nihil
1944 261 2020 292 fuit:
2041 264 2104 302 pri—-

1136 304 1282 345 vilegium
1293 308 1456 344 pertimui,
1472 317 1509 337 ne
1519 327 1527 341 ‚
1540 309 1616 337 mihi
1626 307 1764 347 praesenti
1775 304 1795 336 fi
1805 306 1902 336 multa
1913 307 2099 346 irrogaretur,

1135 396 1168 414 εις
1178 406 1186 419 a
1207 397 1256 417 aut
1267 397 1325 418 tam
1342 390 1420 419 nuda
1430 391 1593 431 respublica
1603 391 1619 421 a
1629 390 1868 431 magistratibus?
1886 389 1989 430 Qid?
2008 387 2029 417 fi
2041 398 2098 417 vo-

1133 436 1203 457 catae
1212 429 1306 459 tribus
1317 428 1409 460 ess‘ent
1424 451 1432 465 ‚
1449 434 1699 473 proscriptionem
1711 442 1775 463 non
1793 432 1893 462 dicam
1909 433 1944 461 in
1962 440 2013 461 me
2024 432 2039 463 ί
2056 431 2097 459 ita

1134 468 1169 498 de
1181 470 1229 513 sua
1240 471 1327 500 salute
1340 475 1467 507 merito,
1487 475 1535 504 sed
1554 478 1686 505 omnino
1704 477 1737 505 in
1756 475 1821 504 ullo
1840 476 1900 504 civi
1912 472 2094 513 comproba-

1133 509 1262 542 vislent?
1284 515 1350 545 An,
1373 513 1458 555 flego
1477 517 1603 555 praesens
1622 515 1742 547 fuissem
1755 537 1763 550 ‚
1787 525 1900 547 veteres
1917 516 1977 545 illa:
1998 515 2095 554 copia:

1133 554 1360 592 conjuratorum
1374 574 1382 587 ,
1407 558 1508 596 tuique
1520 558 1627 596 perditi
1652 559 1764 588 milites
1775 579 1783 592 ,
1805 568 1893 599 atque
1905 566 2025 599 egentes
2036 576 2044 589 ‚
2059 557 2095 585 &

1133 605 1212 640 noya
1228 597 1275 625 vis
1294 595 1583 628 sceleratiffimorum
1603 601 1765 630 consulum
1775 601 1893 640 corpori
1906 609 1976 630 meo
1986 607 2092 639 peper-

1129 635 1247 681 cisient?
1255 639 1306 677 qui
1315 636 1386 667 cum
1398 648 1503 668 eorum
1514 644 1659 670 omnium
1672 642 2017 681 crudelitati,scele1·ique
2027 639 2091 670 ces-

1130 676 1279 712 srssemffle
1289 679 1393 709 absens
1403 680 1528 720 quidem
1540 681 1622 711 lufiru
1632 692 1702 712 meo
1713 686 1842 713 menteis
1852 683 2092 722 illorumfiztiarc

1129 723 1223 759 potui.
1249 721 1331 761 de
1349 723 1434 751 enim
1449 732 1504 752 vos
1525 733 1603 752 uxor
1621 733 1687 753 mea
1706 726 1812 755 misera
1831 726 1977 755 violarat?
1999 734 2089 765 quam

1128 762 1304 795 vexavistis,
1327 764 1510 803 raptavisti5‚
1534 767 1623 794 omni
1634 765 2002 797 crudelitatelaceravistis.
2015 765 2090 807 quid

1130 814 1195 834 mea
1214 803 1298 834 filia?
1315 807 1401 845 cujus
1412 805 1499 836 fletus
1519 805 1646 836 affiduus
1657 827 1665 840 ,
1688 807 1843 848 sordesque
1855 809 1991 848 lugubres
2003 828 2012 842 ‚
2031 818 2088 839 vo—

1129 845 1174 875 bis
1184 847 1413 886 erantjucundae
1425 868 1433 882 ,
1454 856 1623 878 ceterorum
1644 850 1787 879 omnium
1800 852 1928 880 menteis
1939 870 1948 883 ,
1969 850 2090 880 oculos-

1126 897 1184 928 que
1201 887 1376 920 fleRebant:
1401 890 1475 930 quid
1485 900 1592 930 parvus
1603 889 1684 921 filius
1695 896 1705 922 ?
1715 901 1806 931 quem
1816 911 1824 924 ‚
1838 892 1982 931 quamdiu
1993 891 2089 925 abfui,

1126 940 1219 960 nemo
1230 930 1285 960 nisi
1295 932 1523 971 lacrymantem,
1533 931 1769 974 confedfflmqoe
1776 932 1855 962 vidit
1865 944 1869 961 z
1882 933 1954 973 quid
1968 933 2089 967 fecerat,

1125 970 1207 1012 quod
1219 982 1290 1002 eum
1300 976 1388 1003 toties
1397 984 1450 1014 per
1460 973 1580 1004 infidias
1591 974 1758 1005 interficere
1768 974 1907 1005 voluistis
1918 981 1927 1006 ἒ
1940 975 2021 1014 Qid
2029 975 2090 1005 fra-

1126 1023 1169 1043 ter
1188 1024 1274 1044 meus
1295 1018 1305 1044 ?
1332 1017 1385 1056 qui
1402 1015 1474 1046 cum
1493 1017 1645 1057 aliquanto
1662 1016 1728 1057 post
1745 1026 1852 1047 meum
1872 1016 2030 1047 discefi'um
2048 1027 2087 1046 ex

1123 1057 1285 1095 provincia
1308 1056 1436 1088 venisset
1453 1078 1461 1092 ,
1482 1068 1581 1100 neque
1601 1058 1653 1089 fibi
1680 1058 1848 1090 vivendum
1869 1080 1876 1092 ‚
1898 1057 1953 1088 nifi
1970 1068 2021 1087 me
2042 1068 2088 1088 re-

1124 1097 1229 1128 stituto
1240 1119 1247 1132 ,
1268 1108 1399 1139 putaret,
1425 1110 1496 1131 cum
1508 1103 1533 1141 ej
1540 1111 1572 1130 us
1593 1111 1705 1131 mceror
1716 1122 1724 1135 ‚
1745 1101 1862 1142 squalor
1881 1100 2068 1130 incredibilis
2080 1121 2089 1134 ‚

1126 1140 1321 1171 &inauditus
1333 1162 1341 1176 ‚
1363 1143 1510 1173 omnibus
1521 1143 1700 1173 mortalibus
1719 1142 1899 1172 miserabilis
1917 1142 2089 1173 videretur:

1122 1184 1242 1223 quoties
1252 1193 1291 1213 ex
1301 1183 1399 1214 vestro
1410 1184 1489 1214 ferro
1501 1205 1509 1219 ,
1529 1195 1560 1215 ac
1570 1185 1710 1215 manibus
1720 1184 1762 1215 est
1781 1184 1915 1224 elapsus?
1936 1183 1993 1215 Sed
2013 1184 2089 1225 quid

1124 1234 1179 1264 ego
1189 1223 1316 1255 vestram
1326 1226 1534 1257 crudelitatem
1544 1237 1694 1267 expromo
1706 1248 1714 1260 ,
1735 1237 1825 1268 quam
1845 1229 1877 1256 in
1895 1226 1994 1266 ipsum
2014 1236 2063 1256 me
2076 1246 2086 1259 ,

1121 1276 1152 1296 ac
1168 1276 1254 1297 meos
1263 1267 1457 1298 adhibuistis:
1486 1272 1559 1310 5qui
1572 1267 1729 1310 parietibus
1740 1289 1748 1303 ,
1769 1271 1823 1309 qui
1839 1267 1925 1298 teekis
1938 1288 1947 1302 ,
1966 1269 2019 1309 qui
2035 1278 2091 1298 co—

1123 1308 1239 1338 lumnis
1250 1329 1258 1342 ‚
1282 1319 1315 1339 ac
1325 1310 1460 1349 postibus
1470 1315 1547 1341 meis
1568 1310 1583 1331 ⁶
1595 1310 1772 1341 horrificum
1787 1310 1941 1352 quoddam
1953 1330 1961 1344 ,
1983 1310 2016 1340 δε
2034 1320 2091 1340 ne-

1122 1349 1231 1380 farium
1244 1370 1252 1384 ‚
1273 1354 1359 1381 omni
1373 1353 1526 1383 imbutum
1537 1353 1610 1383 odio
1620 1353 1736 1383 bellum
1747 1352 1892 1382 intulistis
1904 1356 1915 1381 ?
1926 1362 1990 1381 non
1999 1354 2085 1381 enirn

1122 1401 1149 1421 te
1159 1392 1286 1423 arbitror
1298 1414 1306 1426 ‚
1333 1394 1406 1424 cum
1430 1394 1499 1435 post
1514 1405 1619 1425 meum
1639 1393 1798 1425 discess'um
1811 1413 1819 1427 ,
1841 1395 1986 1424 omnium
2003 1394 2091 1423 locu-

1121 1434 1249 1473 pletium
1259 1435 1410 1469 fortunas,
1433 1439 1575 1467 omnium
1590 1439 1814 1477 provinciarum
1832 1435 1967 1469 fruetus,
1986 1443 2089 1465 tetrar-

1121 1477 1244 1506 charum
1256 1497 1264 1510 ,
1286 1487 1318 1507 ac
1331 1488 1433 1518 regum
1443 1479 1521 1509 bona
1533 1499 1540 1512 ‚
1562 1480 1611 1519 spe
1621 1480 1653 1509 &
1664 1481 1784 1509 avaritia
1801 1477 1954 1515 devorasses
1964 1497 1972 1511 2
1984 1486 2089 1517 argen-

1122 1519 1142 1548 ti
1156 1538 1163 1551 ,
1181 1518 1212 1548 δε
1223 1519 1419 1558 [υΡεΠεᾶιΠε
1428 1531 1503 1550 mese
1513 1522 1674 1560 cupiditate
1683 1519 1741 1550 effe
1753 1529 1895 1550 caecatum
1909 1530 1914 1548 :
1939 1529 2003 1549 non
2018 1520 2086 1548 exi-

1122 1559 1215 1590 stimo
1226 1580 1234 1593 ,
1257 1563 1444 1601 Campanum
1457 1563 1546 1592 illum
1559 1563 1715 1593 consulem
1726 1572 1796 1592 cum
1817 1562 1951 1591 saltatore
1961 1561 2088 1602 collega,

1121 1612 1192 1632 cum
1201 1603 1284 1632 alteri
1299 1612 1392 1633 totam
1402 1606 1544 1634 Achaiam
1556 1625 1563 1638 ‚
1585 1603 1769 1634 Theffaliam
1780 1624 1788 1637 ‚
1809 1605 1959 1633 Boeotiam
1971 1623 1978 1637 ,
2005 1605 2089 1632 Grae-

1121 1646 1197 1674 ciam
1210 1665 1218 1678 ‚
1233 1645 1444 1676 Macedoniam
1457 1666 1466 1679 ‚
1480 1657 1669 1687 omnemque
1680 1646 1844 1676 barbariam
1858 1666 1867 1678 ‚
1879 1645 1960 1675 bona
1969 1646 2088 1675 civium

1120 1688 1336 1717 Romanorum
1361 1686 1573 1718 condonaffes:
1613 1689 1698 1718 alteri
1718 1689 1834 1727 Syriam
1847 1707 1856 1720 ‚
1885 1687 2086 1725 Babylonem,

1121 1727 1218 1758 Persas
1229 1748 1238 1762 ,
1259 1731 1464 1760 inreverrimas
1475 1751 1484 1764 ,
1512 1729 1764 1770 pacatissimasque
1772 1731 1886 1771 gentcis
1903 1729 1940 1757 ad
1953 1728 2089 1771 diripien-

1121 1769 1188 1799 dum
1207 1754 1390 1802 tradidifi'es:
1410 1773 1480 1802 illos
1490 1782 1549 1803 tam
1564 1772 1691 1812 cupidos
1705 1774 1850 1801 liminum
1870 1781 2030 1804 meorum,
2052 1771 2086 1800 δε

1120 1812 1333 1843 columnarum
1346 1834 1354 1847 ,
1375 1814 1408 1843 &
1428 1815 1584 1845 valvarum
1597 1813 1697 1844 fuiss'eJ
1719 1816 1827 1854 Neque
1840 1812 1930 1853 porto
1953 1813 2004 1843 illa
2023 1823 2088 1843 ma-

1121 1864 1178 1884 nus
1189 1874 1197 1888 ,
1218 1864 1374 1896 copiaeque
1385 1858 1521 1886 Catilinae
1533 1877 1541 1890 ,
1561 1862 1576 1885 7
1587 1858 1741 1886 caementis
1755 1876 1763 1889 ,
1782 1865 1814 1885 ac
1833 1854 1914 1884 testis
1933 1854 2085 1885 &ustorum

1122 1906 1262 1926 meorum
1276 1897 1304 1926 se
1321 1897 1435 1928 famem
1450 1899 1532 1928 suam
1553 1899 1719 1938 expleturas
1737 1905 1929 1937 putaverunt.
1953 1896 2009 1927 Sed
2022 1916 2030 1930 ,
2052 1906 2086 1926 ut

1121 1937 1254 1968 hostium
1266 1935 1440 1972 urbesssnsc
1448 1943 1592 1970 omnium
1605 1937 1861 1971 hostium‚vers1m
1873 1942 2010 1972 eorum,9
2019 1940 2088 1979 qui-

1121 1980 1247 2010 buscum
1258 1981 1397 2010 acerbum
1410 1982 1536 2014 bellum,
1558 1981 1795 2021 intestinumque
1806 1980 1989 2020 suscepimus
2002 2000 2010 2013 ,
2023 1989 2088 2009 non

1119 2021 1209 2062 prada
1217 2021 1349 2055 adducti,
1364 2023 1412 2052 sed
1422 2023 1481 2052 odio
1494 2026 1524 2042 ¹0
1537 2024 1668 2054 solemus
1679 2025 1815 2062 excipere
1826 2042 1834 2055 ,
1850 2021 1933 2062 quod
1946 2042 1954 2055 ,
1965 2023 1999 2051 in
2009 2032 2087 2062 quus

1121 2072 1241 2103 propter
1260 2073 1367 2093 eorum
1390 2065 1598 2095 crudelitatem
1629 2063 1825 2094 inflammatae
1840 2067 1960 2093 mentes
1977 2062 2087 2094 nostra:

1121 2105 1256 2137 fuerunt,
1287 2115 1358 2135 cum
1370 2106 1480 2136 horum
1491 2109 1581 2136 etiam
1593 2106 1677 2137 recl-is
1688 2114 1701 2139 ‚⁷
1718 2116 1752 2136 ac
1769 2105 1888 2136 sedibus
1896 2104 2020 2135 residere
2031 2105 2086 2135 ali-

1121 2146 1242 2188 quando
1257 2147 1372 2177 bellum
1389 2148 1504 2188 semper
1513 2148 1649 2178 videtur:
1673 2148 1690 2162 *
1708 2147 1724 2162 *
1747 2148 1836 2177 Nihil
1857 2156 1919 2177 erat
1935 2147 2030 2177 latum
2049 2147 2085 2177 de

1124 2199 1172 2218 me
1182 2201 1191 2222 3
1203 2199 1266 2218 non
1277 2188 1371 2219 adefl'e
1383 2189 1564 2229 eramjuss'us
1577 2203 1585 2224 3
1609 2194 1634 2210 ¹¹
1646 2200 1710 2220 non
1725 2192 1842 2220 citatus.
1866 2188 2019 2219 abfuerarn
2032 2199 2037 2218 :
2055 2199 2086 2219 e-

1123 2240 1185 2260 ram
1195 2233 1284 2260 etiarn
1295 2231 1472 2271 tquudicio
1481 2234 1556 2262 civis
1566 2233 1732 2262 incolumis
1743 2252 1751 2265 ‚
1771 2230 1842 2261 curn
1853 2231 1964 2261 domus
1983 2233 2019 2261 in
2033 2234 2087 2261 Pa-

1124 2273 1196 2302 latio
1208 2293 1216 2306 ,
1238 2273 1310 2302 villa
1327 2275 1359 2302 in
1380 2274 1572 2308 Tusculano,
1591 2275 1679 2304 altera
1697 2273 1732 2303 ad
1757 2274 1886 2303 alterum
1908 2273 2063 2303 consulem
2075 2293 2084 2307 ‚

1125 2313 1368 2345 transferebatur:
1382 2319 1409 2335 ¹2
1422 2316 1669 2346 senatusconsulta
1677 2315 1817 2346 volabant
1828 2326 1833 2344 ε
1844 2315 1996 2345 columnae
2007 2325 2087 2345 mar-

1125 2366 1236 2386 moreae
1246 2366 1284 2386 ex
1293 2356 1409 2387 aedibus
1420 2360 1506 2391 meis,
1523 2357 1704 2398 inspefihante
1713 2357 1826 2398 populo
1837 2360 1992 2390 Romano,
2011 2361 2037 2384 ¹3
2049 2356 2086 2387 ad

1126 2398 1262 2428 socerum
1281 2399 1413 2430 consulis
1428 2400 1637 2440 portabantur:
1667 2402 1699 2430 in
1721 2399 1854 2429 fundum
1870 2408 1971 2430 autem
1988 2400 2085 2428 vicini

1952 2441 2088 2470 consulis

155 2549 178 2565 x.
197 2539 419 2572 ‘nbiszmssperatos
428 2543 584 2571 centuriones,
594 2541 661 2574 Gyan]
684 2540 727 2566 Est
739 2540 753 2566 ἡ
764 2539 948 2566 Gemblacenfi
959 2542 985 2567 S.
1000 2541 1074 2568 Viet.

114 2575 142 2601 ἃ
156 2576 212 2602 Pal.
223 2585 294 2602 nono
306 2594 314 2607 ,
333 2574 485 2612 fateturque
496 2576 555 2602 eod.
568 2575 648 2602 modo
667 2575 792 2611 scriptum
814 2577 840 2603 in
852 2575 903 2602 suis
915 2577 1073 2610 Lambinus,

116 2612 162 2647 qui
179 2611 291 2638 ridicule
301 2610 361 2638 inde
373 2611 564 2646 facitsparatos.
584 2622 628 2638 eos
640 2612 710 2638 enim
723 2613 811 2639 innuit
822 2622 886 2648 quos
898 2612 922 2638 se
932 2613 957 2639 in
970 2614 1074 2649 Syriam

114 2647 276 2674 eduStumm
288 2646 416 2683 sperabat,
427 2657 486 2675 aves
502 2649 666 2675 concoloreis
679 2647 792 2674 scilicet.

152 2693 180 2711 2.
203 2687 251 2709 Per
260 2687 346 2709 amicos
357 2685 413 2718 ficos
423 2685 584 2719 complerem]
606 2686 656 2711 Uti
666 2684 744 2710 fieret
756 2704 763 2714 ,
774 2683 846 2720 quod
856 2683 889 2710 de
903 2683 984 2711 domo
994 2686 1075 2718 Anci,

115 2728 146 2747 nt
156 2720 250 2757 dispari
260 2720 338 2756 plane
350 2720 512 2748 habitaretur
522 2721 643 2749 domiuo.
665 2730 715 2757 ego
725 2721 791 2747 nihil
801 2727 890 2753 muto,
902 2721 1005 2749 secutus
1016 2722 1074 2750 mss‘.

112 2756 186 2789 1³:211.
205 2757 340 2783 meliores.

153 2800 180 2828 3.
199 2794 283 2826 QJA?
302 2795 373 2826 nostri
390 2796 478 2827 equites
487 2796 552 2820 Rom.
562 2795 630 2829 ἀνι-ζ]
652 2793 732 2820 Haud
743 2794 822 2820 aliter
835 2803 942 2830 qnoque
961 2795 988 2821 S.
1001 2794 1074 2822 Vi&

116 2828 145 2854 St
155 2829 222 2856 Pali.
234 2830 375 2865 primores,
387 2839 491 2866 recepta
499 2830 594 2862 leffio,
604 2830 681 2866 quid?
699 2832 733 2856 illi
741 2833 794 2865 eqni
806 2850 813 2863 ,
823 2833 858 2856 illi
867 2839 956 2865 equites
965 2834 1074 2864 Romani,

115 2864 227 2892 ridicule
237 2874 332 2901 praeter
342 2865 403 2892 edd.
416 2874 482 2892 vett.

152 2908 178 2934 4.
198 2903 321 2928 sedetiam
331 2912 365 2927 me
381 2903 638 2937 abftntcmprobarir]
660 2903 749 2939 Vulgo
766 2903 878 2938 amplius
893 2922 900 2933 ,
911 2903 1028 2936 abfintem·
1034 2911 1077 2937 per

108 2936 280 2999 fiprob.¹qtias
294 2939 396 2965 voculas
407 2939 490 2973 abjeci
501 2938 571 2966 suasu
583 2939 793 2967 PaLnonusalia
804 2940 861 2965 heic
870 2939 983 2966 molitur
994 2941 1076 2967 Laiu-

118 2971 205 3005 binus,
226 2972 257 2999 ed
268 2974 319 3000 fine
330 2974 387 3001 mff.
398 2975 487 3001 miser.

156 3016 182 3041 5.
201 3010 396 3043 Qiparietibus‚
406 3015 447 3045 qui
456 3012 520 3037 rems
532 3031 540 3042 ‚
550 3011 618 3046 ὡς]
641 3013 668 3038 S.
679 3011 796 3038 Vigioris
808 3012 949 3048 praemittit
961 3032 969 3044 ‚
988 3013 1024 3038 hir
1034 3016 1075 3047 qui

114 3046 259 3084 pqr-iegibus.
279 3045 429 3074 Videndum
442 3067 450 3079 ,
468 3057 500 3074 an
511 3047 557 3074 sub
567 3047 700 3083 aspeehim
713 3050 837 3075 Oratoris
856 3048 949 3075 cadere
968 3056 1073 3086 poterat

115 3078 217 3114 aliquid
228 3079 343 3114 suorum,
353 3083 445 3109 coloci
457 3083 500 3110 ubi
511 3083 662 3119 perorabat.

151 3115 179 3141 6.
199 3119 486 3154 Ho›·r1'ficumquoddam.]
507 3122 534 3146 S.
546 3122 565 3146 V
569 3120 618 3146 ὶόὶτ.
631 3120 687 3147 Pal.
698 3131 782 3148 nonus
794 3119 825 3147 ad
837 3131 909 3148 oram
940 3122 1001 3148 rimi
1014 3141 1022 3154 ‚
1032 3123 1073 3147 ho-

107 3153 223 3185 stificum.
243 3152 313 3188 quod
324 3155 407 3182 nolim
418 3163 520 3183 mutare
530 3165 590 3182 curn
600 3157 732 3185 Lambino
741 3158 768 3184 in
779 3157 851 3184 aliud
863 3159 908 3184 nui
940 3178 948 3190 ,
967 3158 985 3185 fi
1004 3167 1072 3195 prae-

114 3187 207 3214 cedere
225 3187 305 3215 debet
325 3189 470 3225 vulgatam.
870 3185 879 3194 Δ

111 3255 115 3259 .
146 3230 178 3256 7.
195 3225 314 3252 Caemcnn's
323 3234 352 3252 ac
367 3227 546 3260 tefliaeuffirum
555 3229 680 3264 meorum]
709 3230 791 3257 Vetus
810 3230 893 3259 editio
906 3229 1019 3258 habebat
1038 3237 1074 3256 te-

1120 2544 1161 2568 His
1174 2561 1182 2574 ‚
1203 2542 1293 2577 itaque
1306 2543 1389 2578 recepi
1409 2542 1469 2575 testis
1481 2552 1488 2566 :
1510 2541 1581 2578 quod
1594 2549 1651 2567 erat
1669 2542 1694 2567 in
1707 2541 1765 2567 Pal.
1777 2549 1847 2566 nono
1860 2558 1867 2571 ‚
1887 2539 1912 2565 in
1926 2538 2037 2565 Erfurd.
2058 2539 2084 2565 in

1120 2581 1147 2605 S.
1159 2577 1290 2604 Vie‘toris.
1313 2579 1446 2605 recentius
1466 2578 1516 2604 culi
1529 2578 1717 2604 ffibl'tituernnt
1727 2578 1803 2609 tegnlae
1814 2595 1822 2608 ⁷
1841 2574 1912 2611 quod
1923 2575 1949 2602 in
1960 2575 2036 2602 nullo
2047 2578 2083 2604 eit

1120 2614 1188 2641 Pall.
1203 2615 1249 2650 qui
1261 2614 1374 2641 mediani
1385 2615 1517 2641 ostentant
1528 2613 1681 2640 IefiNonem.

1157 2651 1183 2677 3.
1203 2656 1260 2686 Ἶρι
1268 2655 1367 2676 <inunum
1376 2651 1495 2684 hostiurm]
1518 2651 1598 2676 Forte
1609 2648 1750 2684 legendum
1763 2648 1810 2673 *mc
1829 2657 1966 2673 communem
1976 2649 2084 2681 hostium,

1120 2687 1189 2723 quod
1203 2689 1280 2713 restat
1291 2688 1317 2713 in
1330 2687 1387 2712 l'al.
1399 2697 1481 2718 nono,
1492 2685 1598 2712 admissa
1609 2693 1735 2722 practerea
1745 2684 1828 2712 altera
1841 2683 1970 2720 scriptura
1983 2685 2033 2719 ,fic
2042 2693 2086 2710 nec

1120 2726 1273 2750 communium
1285 2726 1384 2749 omnium
1394 2726 1437 2748 vel
1442 2725 1548 2756 hostium,
1558 2723 1608 2753 &mc
1864 2754 1865 2757 Ἴ

1154 2768 1183 2794 9.
1199 2760 1341 2792 {Quibuscum
1360 2761 1469 2785 acerbum
1486 2760 1566 2785 [vellum
1583 2756 1796 2792 intestinumque]
1826 2756 1886 2783 Vox
1905 2757 2085 2791 intestinumque

1119 2805 1170 2822 non
1182 2794 1299 2831 agnoseit
1310 2795 1380 2821 idem
1394 2805 1490 2827 nonus,
1502 2794 1630 2830 habetque
1641 2795 1745 2829 quiscum
1755 2800 1901 2828 utrumqne
1910 2793 2009 2828 placet.

1156 2841 1197 2858 ¹0.
1217 2834 1318 2857 Solemus
1328 2832 1457 2866 excipere]
1480 2830 1596 2866 Reposui
1615 2830 1686 2866 quod
1698 2828 1756 2856 erat
1774 2829 1801 2856 in
1812 2838 1885 2855 omn.
1898 2828 1966 2855 Pall.
1977 2829 2004 2855 S<
2018 2827 2080 2855 cdd,

1116 2875 1184 2894 vett.
1204 2869 1320 2899 Vulgata
1332 2869 1444 2894 excidere.
1456 2868 1599 2894 Lambinus
1611 2867 1751 2900 exfiindere.

1156 2914 1196 2931 ιι.
1216 2899 1269 2930 Nori
1279 2908 1376 2930 citatus.
1398 2904 1547 2938 affueram]
1571 2904 1612 2929 Sic
1621 2901 1836 2938 distinguendum
1848 2910 1876 2928 ac
1887 2900 2030 2938 legendum
2043 2910 2078 2927 ex

1117 2942 1146 2968 S.
1158 2940 1286 2972 νίἐῖονὶε,
1298 2941 1324 2967 in
1336 2949 1388 2975 qno
1400 2941 1527 2973 afileram5
1547 2938 1617 2976 quod
1629 2938 1661 2965 ab
1670 2939 1730 2966 aliis
1741 2939 1808 2965 male
1819 2945 1951 2965 mutatum
1963 2938 1987 2964 in
1999 2939 2082 2971 affin·-

1117 2986 1180 3009 ram,
1191 2978 1326 3013 quomodo
1336 2976 1398 3003 edd.
1412 2984 1478 3003 vett.
1490 2977 1516 3002 8<
1529 2975 1588 3002 mis.
1598 2976 1732 3013 plerique,
1747 2975 1909 3002 recentiores
1921 2975 1992 3001 enim
2009 2994 2017 3006 ,
2037 2983 2083 3000 mn

1116 3015 1319 3046 citatmfueram.

1158 3049 1414 3082 12.Senamsconsulm
1428 3049 1565 3083 volebant]
1589 3047 1706 3075 Exhibui
1717 3047 1788 3083 quod
1799 3055 1857 3074 erat
1868 3047 1893 3074 in
1911 3045 2023 3073 Erfurd.
2035 3054 2085 3071 ne-

1115 3095 1166 3121 que
1177 3086 1232 3112 abit
1244 3086 1300 3111 l'al.
1312 3094 1408 3115 nonus,
1419 3086 1499 3120 quam
1511 3084 1582 3120 quod
1593 3085 1614 3111 is
1624 3089 1726 3110 senarias
1737 3085 1796 3117 cons.
1806 3085 1933 3109 volabant.
1946 3082 2013 3108 Pali.
2024 3081 2084 3112 alii,

1113 3126 1216 3147 Senarus
1227 3122 1325 3154 cmlizles
1335 3123 1465 3147 vocabant.
1486 3121 1586 3147 vetuste
1597 3121 1660 3154 cusi,
1669 3125 1771 3147 Senatus
1782 3121 1882 3154 consides
1891 3121 2025 3150 vocabant,
2035 3127 2084 3153 po-

1116 3158 1221 3189 sterius,
1235 3162 1348 3183 Semnum
1358 3158 1466 3190 Confirles
1475 3159 1605 3183 vetabant.

1154 3203 1162 3219 1
1171 3202 1196 3229 3.
1216 3194 1379 3227 eA-isiicmtm
1391 3193 1520 3228 Confidis]
1535 3193 1793 3227 Lambinus,fiacrnm
1804 3191 1906 3220 :nescio
1918 3191 1999 3227 quim
2012 3197 2087 3219 vere,

1117 3237 1191 3258 certe
1203 3229 1285 3258 soceri
1297 3230 1374 3263 liujus
1385 3228 1461 3267 supra
1471 3230 1593 3258 meminit
1605 3239 1660 3266 cap.
1674 3237 1704 3265 9.
2031 3263 2071 3296 K

1985 3270 2009 3289 1.
2034 3278 2044 3285 2
2063 3269 2090 3285 «ιω
