2295 3400
171 152 270 205 344
568 124 1077 181 MTtJLin

161 218 197 248 ad
216 215 365 258 agendum
373 213 517 246 facultatis
527 222 644 244 tantum
654 231 662 245 ‚
681 219 826 253 quantum
838 206 1112 255 homini-vigilanti

163 269 201 289 cx
212 257 318 289 forensi
327 258 383 287 usu
401 257 491 296 prope
508 255 684 296 quotidiana
692 251 812 282 dicendi
826 252 998 280 exercitatio
1015 256 1114 289 potuit

162 299 266 330 afferi-e
277 311 282 328 ;
297 298 374 329 certe
387 318 395 331 ‚
410 302 418 316 ¹
432 298 464 327 ὃς
475 296 566 337 siquid
577 294 757 326 au&oritatis
767 296 799 323 in
809 302 858 322 mc
867 290 919 324 est,
931 301 964 320 ea
975 290 1052 330 apud
1062 297 1114 319 eos

163 351 237 374 utar,
249 343 299 380 qui
310 350 374 369 eam
385 340 462 369 mihi
472 338 635 371 dederunt;
652 337 684 366 &
695 335 788 375 siquid
800 335 891 363 etiam
903 332 1030 379 dicendo
1040 341 1114 378 conf

163 383 245 422 sequi
255 380 372 421 possum
382 401 390 414 ‚
411 382 446 410 iis
455 379 609 410 ostendam
621 375 822 421 potissimum,
833 376 885 415 qui
894 384 923 404 ei
936 383 1056 414 quoque
1071 383 1114 402 rei

163 423 297 454 finctum
316 423 368 452 suo
382 422 498 461 judicio
515 419 710 451 tribuendum
729 417 787 447 esse
805 417 994 446 censuerunt.
1017 419 1113 456 Atque

159 465 238 496 illud
257 467 289 494 in
300 466 405 503 primis
415 465 493 492 mihi
503 462 662 493 lactandum
672 462 736 500 jure
746 457 804 489 ess'e
815 457 914 491 video,
925 456 1007 497 quod
1017 459 1049 486 in
1061 459 1113 485 hac

160 506 280 536 insolita
295 506 370 535 mihi
384 515 422 535 ex
432 505 567 534 hocloco
577 506 688 533 ratione
698 500 835 534 dicendi,
847 500 930 530 causa
942 499 1006 529 talis
1016 498 1115 528 oblata

161 546 216 580 est,
229 550 261 576 in
271 557 327 587 qua
337 549 432 577 oratio
442 544 538 576 deesse
549 546 667 575 nemini
676 541 781 584 potest.
793 541 967 572 Dicendum
978 541 1020 571 est
1030 542 1113 570 enim

158 589 199 619 de
218 591 275 618 Cn.
286 590 423 628 Pompeii
432 586 566 629 singulari
576 606 586 619 ,
599 587 768 625 eximiaque
777 586 902 613 virtute:
917 583 1006 620 hujus
1015 590 1113 611 autern

161 632 306 660 orationis
314 629 468 660 difficilius
480 628 521 659 cst
530 629 641 657 exitum
653 648 660 660 ,
679 636 771 667 quarn
787 625 959 666 principium
968 624 1114 653 invenire.

162 674 203 702 ita
214 673 291 701 inihi
301 682 364 701 non
375 681 433 701 tam
451 673 537 710 copia
547 690 556 703 ‚
574 670 665 710 quam
680 667 789 698 modus
799 670 831 696 in
841 665 970 696 dicendo
982 673 1116 705 quaeren-

159 713 217 744 ¹dus
227 713 279 743 cst.
302 716 400 753 Atque
409 733 417 746 ,
429 722 461 742 ut
471 712 542 742 inde
551 713 646 742 oratio
657 720 722 740 mea
730 707 928 749 proficiscatur
939 726 948 740 ,
956 706 1036 736 ,unde
1053 705 1116 751 haec

163 751 267 784 omnis
276 755 360 785 causa
373 754 491 784 ducitur
504 765 510 783 2
529 754 641 783 bellum
651 761 747 793 grave,
760 751 792 780 δε
801 748 1000 793 periculosum
1011 746 1114 776 vestris

161 795 364 836 vecibigai‘ibivs‚
383 805 470 836 atque
480 795 578 835 βαίη,
598 794 614 824 ὲ
634 793 752 824 duobus
770 789 981 831 potentissimis
999 788 1117 828 regibus

161 838 309 871 infertur,
322 838 495 868 Mithridate
505 856 514 870 ‚
533 837 565 866 &
577 838 723 875 Tigrane:
743 842 875 873 quorum
893 831 965 861 alter
974 830 1094 860 relictus
1107 849 1114 861 ,

159 880 234 910 alter
244 878 387 910 lacessitus
396 900 404 913 ,
424 878 585 919 occasionem
602 876 654 907 sibi
664 876 699 906 ad
711 874 914 913 occupandam
923 870 1020 916 Afiam
1033 871 1118 917 obla-

161 931 223 951 tum
243 920 299 951 ess'c
309 921 470 952 arbitr-itur.
495 919 654 960 Equitibus
666 920 816 949 Romanis
839 912 1054 944 honestissimis
1071 922 1118 941 vi-

159 966 201 994 ris
215 983 223 995 ,
243 961 405 993 afferuntur
414 973 452 992 cx
462 960 527 992 Asia
537 960 673 1001 quotidie
682 960 773 988 iiterae
785 977 792 990 ‚
803 965 934 997 quorum
945 964 1059 994 magnae
1072 963 1116 999 res

160 1014 306 1045 aguntur,
321 1007 353 1034 in
365 1004 468 1033 vestris
485 1001 678 1043 vestigalibus
688 999 862 1029 exercendis
880 1005 1026 1036 occupatae
1038 1006 1050 1042 z⁴
1064 1004 1116 1035 qui

161 1047 198 1078 ad
210 1056 260 1076 me
276 1056 330 1086 pro
344 1044 581 1076 necessitudine,
600 1053 666 1083 quae
681 1042 758 1071 mihi
770 1039 811 1070 cst
829 1049 899 1069 cum
917 1039 971 1067 illo
989 1036 1116 1083 ordinet,

161 1088 281 1118 causam
292 1087 405 1127 reipub1
423 1086 610 1126 periculaque
620 1093 720 1114 rerum
734 1083 852 1112 suarum
862 1080 1048 1110 detulerunt:
1067 1080 1117 1122 Bi·-

164 1131 287 1169 tssiyniae,
298 1139 363 1169 quae
375 1132 391 1148 2
400 1138 482 1158 nunc
500 1126 594 1157 vestra
610 1125 755 1166 provincia
767 1122 819 1156 est,
834 1124 917 1166 vicos
928 1119 1049 1151 exustos
1059 1118 1116 1149 esse

161 1171 345 1209 complureis
360 1181 364 1199 :
388 1179 513 1211 regnum
531 1168 741 1198 Ariobarzanis
757 1185 766 1198 ‚
787 1164 867 1205 quod
887 1164 1055 1193 finitimum
1073 1159 1116 1190 est

161 1212 268 1242 vestris
286 1211 482 1252 vectigalibus
492 1230 500 1244 ‚
525 1218 623 1239 toturn
641 1206 698 1238 ess'e
718 1210 730 1234 3
751 1210 784 1236 in
804 1204 939 1235 hostium
955 1202 1096 1249 potestate
1110 1213 1114 1231 :

162 1253 348 1286 Lucullum,
373 1254 489 1293 magnis
509 1251 596 1281 rebus
613 1249 720 1290 gestis,
743 1248 780 1277 ab
799 1257 835 1276 eo
855 1247 935 1276 bello
946 1244 1095 1274 discedere
1110 1254 1114 1272 :

162 1296 262 1325 4huic
279 1297 332 1335 qui
351 1295 543 1326 succurrerit,
558 1302 623 1322 non
635 1291 701 1321 satis
718 1288 775 1319 esse
794 1297 926 1328 paratum
945 1286 980 1316 ad
998 1295 1113 1332 tantum

160 1337 280 1367 bellum
291 1335 561 1367 administrandum
575 1345 580 1363 :
600 1342 697 1362 unum
707 1331 743 1362 ab
755 1331 900 1360 omnibus
917 1329 1016 1361 sociis,
1029 1328 1061 1357 ὃς
1071 1338 1115 1357 ci-

161 1378 252 1411 itibus
264 1378 299 1409 ad
313 1378 344 1410 id
363 1377 478 1410 bellum
496 1378 708 1415 imperatorem
728 1372 870 1412 deposci,
891 1380 977 1411 atque
995 1371 1116 1414 expeti:

161 1419 295 1450 eundem
314 1420 394 1450 hunc
413 1429 508 1449 unum
528 1419 564 1447 ab
581 1415 717 1447 hostibus
736 1416 850 1447 metui,
873 1421 1011 1452 praeterea
1028 1421 1116 1439 nemi-

161 1472 234 1491 nem.
253 1462 342 1492 Causa
353 1471 417 1502 quae
427 1460 470 1494 fit,
481 1459 603 1490 videtis:
618 1468 711 1490 nunc,
722 1455 794 1497 quid
805 1454 953 1495 agendum
964 1451 1010 1485 sit,
1019 1450 1115 1482 consi-

161 1503 272 1535 derate.
295 1505 430 1533 Primum
450 1503 528 1531 mihi
543 1500 662 1531 videtur
679 1499 716 1528 de
728 1507 833 1539 genere
847 1496 936 1541 belli:
958 1494 1066 1524 deinde
1080 1494 1117 1523 de

162 1544 381 1586 magnitudine:
393 1554 458 1574 tum
469 1544 506 1573 de
515 1545 691 1582 imperatore
701 1538 861 1581 deligendo
871 1536 928 1567 esse
937 1536 1113 1566 dicendum.

162 1590 178 1616 5
190 1589 293 1616 Genus
303 1585 345 1616 est
355 1588 438 1615 enim
450 1584 596 1625 ejusmodi
611 1603 619 1616 ‚
638 1582 719 1623 quod
730 1580 864 1611 maxime
875 1578 986 1609 vestros
996 1580 1114 1607 animos

163 1630 309 1661 excitare,
321 1626 336 1647 ⁶
351 1637 438 1668 atque
452 1626 641 1657 inflammare
650 1624 753 1654 debet:
775 1625 807 1652 in
820 1632 882 1662 quo
899 1622 994 1662 agitur
1011 1619 1115 1659 populi

163 1670 376 1710 Romgi'oria,
396 1679 461 1709 quae
471 1668 558 1698 vobis
574 1663 592 1695 22
611 1663 762 1705 majoribus
779 1663 850 1693 cum
871 1671 978 1703 magna
988 1663 1021 1691 in
1031 1661 1116 1690 rebus

163 1712 324 1744 omnibus,
337 1720 402 1741 tum
414 1711 530 1742 summa
541 1711 572 1738 in
583 1718 612 1738 re
627 1707 749 1737 militari
758 1705 862 1737 zradita
871 1704 913 1734 est
923 1705 1030 1744 :agitur
1040 1703 1114 1733 salus

163 1754 316 1785 sociorum
327 1773 335 1786 ,
355 1761 440 1793 atque
453 1754 620 1781 amicorum
632 1768 640 1782 ,
656 1758 710 1788 pro
719 1758 776 1789 qua
786 1747 881 1776 multa
891 1746 950 1790 mai
952 1755 1018 1774 ores
1028 1743 1115 1774 vestri

163 1805 273 1837 magna
281 1816 289 1828 ,
302 1795 334 1823 δε
343 1803 441 1835 gravia
449 1793 526 1823 bella
533 1790 681 1833 gesserunt
692 1801 697 1818 :
710 1797 837 1830 aguntur
845 1786 1003 1818 certiflima
1012 1786 1116 1826 populi

163 1839 259 1871 Rom.
272 1834 426 1876 vestigalia
436 1854 444 1867 ‚
460 1835 492 1864 &
501 1835 650 1865 maxima:
668 1832 778 1872 quibus
787 1828 895 1860 amiffis
905 1848 914 1862 ‚
935 1829 967 1858 &
978 1837 1055 1867 pacis
1065 1837 1115 1857 or-

164 1888 322 1911 namenta,
334 1878 366 1907 &
376 1875 501 1907 subsidia
512 1875 581 1905 belli
593 1875 763 1914 requiretis:
779 1881 904 1913 aguntur
913 1870 992 1900 bona
1003 1870 1117 1915 multo-

164 1931 234 1950 rum
244 1922 358 1951 civium
371 1938 379 1952 ,
399 1923 414 1947 7
425 1917 534 1958 quibus
545 1915 587 1946 est
596 1916 628 1945 δε
638 1919 654 1946 a
664 1915 751 1944 vobis
762 1935 771 1948 ,
793 1915 825 1943 &
838 1913 968 1952 ipsorum
978 1931 986 1943 ‚
1001 1912 1033 1941 &
1042 1920 1113 1950 reip.

130 1970 145 2003 3
164 1962 249 1992 causa
258 1960 487 1991 consulendum.
511 1961 548 1989 Et
560 1958 707 1998 quoniam
718 1956 832 1995 semper
840 1962 1007 1993 appetentes
1016 1953 1118 1993 gloria:

164 2012 270 2044 praeter
287 2011 394 2033 ceteras
413 2002 544 2042 genteis‚
564 2008 651 2039 atque
660 1998 741 2028 avidi
751 1996 846 2027 laudis
856 1994 1119 2027 iuiffis‚‘deienda

162 2045 253 2076 vobis
263 2043 306 2075 est
316 2044 367 2074 illa
374 2042 499 2076 macula,
510 2040 716 2072 Mithridatico
727 2038 808 2069 bello
821 2038 971 2077 superiore
982 2036 1121 2076 suscepta:

126 719 146 742 μ

205 2154 229 2171 1.
249 2149 282 2170 Et
291 2145 383 2179 siquid,
391 2144 458 2177 ὼε]
478 2144 549 2169 Tota
559 2142 612 2168 haec
622 2140 746 2178 periodus
757 2140 846 2166 debita
855 2139 929 2165 libris
940 2139 1068 2174 Belgicis,
1077 2146 1118 2165 at—

162 2189 215 2217 que
227 2181 391 2215 Turingicis.
412 2179 513 2210 Italicis
523 2178 616 2205 nostris
627 2178 725 2213 septem
737 2196 745 2208 ‚
761 2184 819 2203 tota
828 2175 929 2203 exsulat
941 2194 949 2206 ,
963 2175 1062 2211 requiri
1073 2182 1115 2201 ta-

163 2226 224 2243 men
237 2226 314 2243 nemo
326 2226 377 2242 non
387 2216 471 2242 videt.

196 2262 228 2279 2.
247 2257 316 2278 Nunc
325 2254 406 2283 vestra
412 2250 563 2284 pro-vincia]
585 2250 626 2276 Ita
635 2247 723 2285 paffim
735 2247 795 2274 libri
807 2246 895 2283 scripti
906 2256 912 2273 t
934 2255 1019 2283 neque
1037 2246 1115 2273 aliter

158 2288 217 2316 fere
230 2288 349 2323 loquitur
359 2295 415 2313 tota
425 2288 469 2313 hac
479 2289 608 2312 oratione.
629 2285 737 2319 vulgata
748 2285 834 2316 nostra.

200 2333 226 2360 3.
245 2327 274 2349 In
283 2323 514 2356 hosr'iumpotfflate.]
527 2320 614 2347 Andr.
624 2320 748 2346 Scliottus
760 2319 845 2345 noster
854 2318 902 2344 lib.
916 2327 938 2344 1.
949 2328 1003 2354 cap.
1014 2318 1042 2344 6.
1053 2318 1115 2343 No-

161 2360 222 2387 dor.
235 2361 293 2386 eie.
304 2358 441 2385 coi-«tendit
452 2357 593 2393 legendum
603 2358 744 2389 potestatem.
766 2356 793 2381 Sc
804 2354 836 2380 iic
846 2354 905 2380 sane
916 2354 985 2380 'infra
997 2354 1113 2380 locutum

142 2411 145 2413 ·
160 2405 266 2435 capii„
277 2395 329 2432 ipse
339 2393 455 2431 prodidit
467 2393 588 2428 Age—llius
600 2392 661 2418 lib.r
670 2412 675 2417 .
686 2390 761 2417 No&
783 2391 869 2417 Atrio.
881 2398 966 2426 cap.7.

197 2442 226 2464 4.
238 2426 306 2457 *Huic
318 2434 358 2465 qui
369 2430 534 2463 (iaceret-rem]
545 2427 718 2455 Gulielmiani
730 2435 781 2453 tres
795 2446 802 2457 ,
815 2427 948 2459 sticcefferit
957 2437 967 2456 ‚·
987 2424 1057 2460 quod
1068 2423 1114 2450 etsi

158 2469 184 2495 ei
196 2478 246 2494 non
258 2461 386 2503 placuerit
398 2476 406 2496 3
419 2466 482 2491 mihi
492 2473 579 2491 tamen
590 2463 726 2500 displicere
738 2472 788 2489 non
801 2462 893 2498 potest.
909 2461 1021 2487 alterum
1035 2460 1115 2486 nihil-

158 2505 263 2530 ominus
276 2501 459 2529 [πῆς-,1111161111ι
470 2502 497 2527 &
510 2500 577 2527 Pall.
588 2499 809 2534 omnibus‚ueque
820 2501 919 2524 temere
929 2497 965 2527 est
975 2497 1115 2522 eliminan-

162 2540 226 2566 iliiin
240 2559 247 2570 ,
266 2540 386 2575 quamtis
396 2547 428 2565 eo
437 2537 547 2565 inclinet
557 2535 664 2562 Medius
676 2535 760 2563 noster
772 2534 886 2570 Epistola
898 2542 991 2560 xcvu.
1003 2533 1115 2558 Novan-

162 2576 310 2611 tiquorum.
685 2607 690 2611 1
791 2606 796 2611 .
974 2599 976 2602 y

203 2621 227 2639 ς.
247 2614 325 2635 Genns
335 2613 436 2636 cffenlm
445 2607 575 2643 esi-sinodi]
587 2607 654 2634 Pall.
666 2606 731 2634 nihil
744 2612 856 2633 ναι-13111.
871 2612 898 2630 :tt
907 2605 934 2629 U
940 2602 1011 2629 verd.
1021 2611 1114 2628 exem-

162 2641 220 2683 plar
230 2646 302 2672 addit
315 2665 322 2677 ,
333 2648 383 2671 belli
391 2645 527 2678 hujusmodl.
544 2643 676 2678 Hittorpii
688 2641 858 2669 Coloniense,
869 2644 946 2666 Genus
954 2642 990 2664 ef?
997 2640 1115 2678 ejus-belli.

162 2682 233 2718 quod
254 2682 316 2707 milii
337 2683 421 2717 placet
432 2691 440 2711 3
460 2681 551 2716 utiquc
562 2689 620 2705 cuin
632 2680 658 2704 ὃ(
670 2679 831 2713 Turingicus
852 2676 945 2702 habeat
964 2675 1027 2701 item
1047 2674 1113 2714 illud

159 2720 221 2744 beili.
240 2717 400 2743 Gulielmius
412 2715 525 2743 malebat
536 2735 544 2747 ‚
565 2719 641 2740 Genus
653 2717 688 2740 ci?
695 2716 745 2748 {jus-
762 2715 812 2740 belli
828 2712 965 2747 higjnfhrodL
985 2718 1014 2737 ut
1025 2717 1054 2736 ut
1065 2715 1094 2736 lit
1106 2730 1114 2742 ,

160 2758 308 2786 αι’-[11111011
321 2756 376 2782 hei:
388 2765 438 2782 non
451 2755 527 2781 nimis
537 2753 672 2779 convenit.

197 2799 225 2824 6,
245 2802 336 2825 :stirme
345 2797 493 2829 inflammare
502 2792 591 2826 delium]
604 2791 665 2817 col.
678 2790 759 2825 Erph.
770 2796 840 2823 atqu:
850 2791 902 2823 infl.
912 2787 1114 2820 ailstudiumper-

154 2834 266 2869 sequendi
276 2820 364 2857 ‹ilbi-at.
381 2839 494 2865 quoi-uni
506 2827 569 2856 nihil
582 2827 665 2862 reperi
676 2827 702 2852 in
715 2825 824 2854 italicis,
835 2826 879 2860 qui
892 2823 1055 2863 Bibliotheca
1065 2823 1114 2848 Pa-

161 2870 242 2896 latina
254 2887 261 2899 ‚
280 2876 324 2894 aut
334 2866 399 2892 adeo
408 2865 570 2891 Gruter'inuo
581 2863 676 2898 scripto
689 2862 772 2898 Papi-„e
784 2871 790 2888 z
807 2859 957 2887 consulatui·
968 2859 1074 2893 Medius
1085 2857 1112 2884 d.

162 2907 244 2941 Epiit,
258 2911 354 2929 xcvii.

197 2949 213 2975 7
220 2961 225 2966 .
236 2940 327 2969 Qibus
336 2939 370 2963 ef!
378 2937 407 2966 ,ἐν
415 2935 429 2961 21
440 2935 546 2967 ’Μὴ-,ἐγ
553 2934 692 2967 ἰρίόνιιι-η,(’,ν
701 2936 759 2965 reip.
767 2933 838 2966 caiisa
847 2930 1029 2965 confidendum]
1040 2930 1113 2971 Lon:

159 2986 193 3013 ge
204 2969 298 3002 melius
307 2973 375 2999 istud
387 2973 500 3005 Turing.
510 2973 536 2996 ὅ(
550 2970 650 2998 1115110.
662 2978 742 3005 (luam
757 2976 782 2994 nt
797 2976 868 2994 retro
878 2967 928 2994 cusi
940 2986 948 2998 ‚
959 2968 1044 3001 quibui·
1054 2967 1112 3005 essia

161 3013 227 3038 evol-is
239 3030 247 3043 ,
266 3011 295 3040 (ἶ)-
305 3010 334 3034 ab
343 3010 520 3039 imperatorium
531 3010 563 3031 m
573 3006 739 3038 confidendum.
761 3005 790 3029 Ρ.
803 3003 938 3030 Manutius
949 3002 1091 3039 publicarit
1104 3020 1110 3032 ‚

159 3050 190 3079 ῤ’
199 3047 214 3073 fi
225 3045 406 3072 mederntoribut
415 3043 512 3075 reipubl.
522 3042 606 3075 consid.
619 3051 670 3067 non
682 3040 809 3075 ascriptis
821 3059 829 3072 ,
850 3048 938 3066 verum
948 3038 1112 3065 divinatione

160 3081 319 3111 Hotomani.

194 3119 221 3145 8.
241 3121 331 3151 <Atque
339 3113 510 3147 inveteravit]
531 3111 645 3147 Turing.
658 3112 779 3147 Hittorp.
789 3111 894 3141 Uverd.
905 3120 934 3139 ac
942 3110 1010 3139 nimir
1018 3112 1110 3138 imne-

158 3158 227 3190 ῃνῑε
237 3173 246 3188 ,
257 3153 368 3182 Comice
380 3169 389 3183 ,
396 3159 446 3190 pto
458 3149 626 3179 vehementer·
637 3167 645 3181 ,
657 3147 811 3179 admodum·

1534 67 1546 75 a

1158 127 1700 175 C1c>ER0N1s

1151 215 1217 247 quae
1227 208 1346 246 penitus
1361 208 1425 247 jam
1442 206 1567 242 insedit,
1590 203 1604 227 8
1614 217 1701 249 atque
1714 207 1893 240 inveteravit
1901 207 1934 240 in
1942 209 2046 250 populi
2061 211 2102 244 R.

1153 258 1282 278 nomine
1295 249 1392 289 :quod
1402 252 1426 279 is
1434 269 1443 283 ‚
1455 251 1506 289 qui
1519 259 1571 278 uno
1580 248 1623 278 die
1634 269 1643 282 ,
1655 257 1716 279 tota
1724 248 1788 280 Asia
1797 270 1806 283 ,
1819 259 1862 281 tot
1873 252 1905 281 in
1912 252 2082 282 civitatibus
2090 270 2103 287 ,

1157 299 1219 320 uno
1226 293 1338 321 nuntio
1347 311 1355 324 ,
1376 300 1461 332 atque
1470 294 1485 317 9
1497 300 1555 320 una
1564 291 1716 320 literarum
1728 289 1940 331 significatione
1955 295 2049 323 civeis
2060 295 2101 324 R.

1156 332 1305 362 necandos
1316 352 1324 366 ‚
1346 331 1593 372 trucidandosque
1611 331 1765 362 denotavit
1781 353 1789 366 ,
1809 343 1873 364 non
1895 333 1990 367 modo
2008 333 2106 365 adbuc

1151 381 1262 415 poenam
1270 374 1386 403 nullam
1398 374 1450 403 suo
1460 373 1581 414 dignam
1591 373 1697 403 scelere
1707 373 1842 414 suscepit,
1854 375 1902 405 sed
1912 376 1946 405 ab
1960 376 2014 406 illo
2025 384 2106 406 tem-

1154 425 1224 454 pore
1235 425 1349 445 annum
1356 416 1419 455 jam
1433 418 1554 445 tertium
1564 434 1572 448 ‚
1593 413 1626 444 &
1637 413 1811 445 vicefimum
1824 426 1939 458 regnat:
1959 417 2043 447 &ita
2057 426 2107 453 re-

1154 465 1235 497 gnat,
1248 466 1279 486 ut
1289 457 1318 487 se
1328 467 1392 486 non
1402 459 1510 489 Ponto,
1522 466 1618 496 neque
1629 456 1818 495 Cappadociae
1831 458 1948 488 latebris
1958 458 2108 489 occultare

1154 498 1228 527 velit
1236 518 1244 531 ,
1256 498 1304 527 sed
1315 507 1464 538 emergere
1473 497 1489 526 ἐ
1500 499 1595 537 patrio
1605 506 1696 538 regno
1707 517 1715 531 ‚
1727 507 1813 538 atque
1824 501 1855 528 in
1864 499 1968 530 vestris
1978 498 2107 540 vestiga-

1153 538 1236 572 libus,
1247 540 1306 568 hoc
1316 539 1357 569 est
1366 559 1373 571 ,
1388 542 1420 569 iu
1430 537 1504 568 Asiae
1513 539 1578 568 luce
1586 540 1703 569 versari.
1727 542 1848 570 Etenim
1858 540 1953 571 adhuc
1966 544 1994 560 ¹0
2003 543 2043 571 ita
2052 550 2107 570 ve-

1158 579 1206 610 stri
1216 590 1286 610 curn
1296 581 1351 610 1110
1360 590 1426 621 rege
1436 579 1656 610 contenderunt
1665 582 1856 620 imperatores
1864 602 1873 616 ,
1889 592 1921 612 ut
1929 583 2029 612 abillo
2038 580 2107 622 inst-

1152 623 1224 661 gnia
1243 620 1382 654 missoria,
1408 631 1473 651 non
1490 620 1650 652 unitoriam
1667 631 1859 662 reportarent.
1893 624 2108 664 Triumphavit
2127 627 2150 661 4

1158 666 1192 692 L.
1203 664 1293 697 Sulla,
1305 663 1500 703 triumphavit
1509 665 1544 693 L.
1556 665 1682 692 Murena
1691 664 1728 693 de
1738 664 1923 698 Mithridate,
1936 669 1944 684 ¹
1952 669 1960 684 ¹
1972 665 2033 695 duo
2042 664 2110 695 for-

1157 703 1259 734 tiffimi
1270 706 1344 738 viri,
1362 705 1394 734 ὃ(
1405 705 1517 735 summi
1528 707 1734 744 imperatores:
1755 705 1852 736 sedita
1867 708 2108 747 triumpharunt,

1157 755 1189 775 ut
1205 747 1258 775 ille
1267 747 1514 786 pulsus,superatu
1520 747 1588 788 sque
1597 756 1738 787 regnaret.
1751 749 1967 778 Verumtamen
1977 749 2039 778 illis
2049 750 2110 778 irn-

1155 788 1340 827 peratoribus
1350 789 1412 818 laus
1421 786 1463 817 est
1473 787 1640 821 tribuenda,
1654 788 1735 828 quod
1746 798 1885 828 egerunt:
1898 791 1985 820 venia
1993 789 2088 820 danda
2095 808 2107 824 ‚

1155 829 1237 869 quod
1257 829 1455 870 reliquerunt:
1476 838 1629 869 propterea
1647 829 1729 870 quod
1746 831 1783 860 ab
1797 840 1833 860 eo
1851 830 1931 860 bello
1946 831 2058 862 Sullam
2076 832 2112 861 in

1157 872 1274 900 ltaliam
1287 872 1359 910 resp.
1372 873 1531 901 Murenam
1540 871 1621 901 Sulla
1630 873 1789 901 revocavit.
1812 872 1999 902 Mithridates
2009 881 2111 903 autem

1159 922 1252 941 omne
1270 913 1421 952 reliquum
1440 921 1557 952 tempus
1569 932 1577 944 ‚
1597 922 1662 942 non
1671 912 1707 942 ad
1723 911 1891 942 oblivionem
1900 916 2006 944 veteris
2016 914 2088 944 belli
2098 933 2111 947 .

1157 953 1206 983 sed
1215 953 1250 983 ad
1262 957 1518 993 comparationem
1533 955 1605 984 novi
1618 955 1762 984 contulit:
1782 957 1835 996 qui
1845 954 2035 996 posteaquam
2046 965 2112 985 ma-

1157 997 1254 1025 ximas
1264 993 1430 1025 aedihcass'et
1440 1015 1448 1028 ‚
1468 993 1653 1036 ornassetque
1671 995 1782 1026 ciaffeis
1793 1008 1801 1029 ;
1823 998 2027 1038 exercitusque
2045 1006 2112 1037 per-

1157 1046 1291 1077 magnos,
1303 1037 1540 1077 quibuscumque
1550 1047 1589 1067 ex
1599 1037 1737 1077 gentibus
1746 1037 1895 1077 potuisset,
1906 1037 2111 1079 comparasset.

1158 1078 1190 1107 &
1201 1079 1218 1107 s
1215 1089 1229 1107 e
1240 1079 1448 1118 Bosphoranis,
1466 1077 1604 1108 finitimis
1615 1079 1683 1112 suis,
1695 1079 1810 1109 bellum
1823 1079 1930 1110 inferre
1940 1078 2111 1111 simulasset:

1157 1120 1289 1160 usquein
1301 1120 1476 1159 Hispaniam
1489 1123 1517 1139 ¹2
1527 1121 1636 1160 legatos
1644 1121 1801 1151 Ecbatanis
1811 1121 1891 1151 misit
1900 1121 1935 1152 ad
1946 1131 1996 1151 eos
2006 1121 2112 1155 duces.

1156 1161 1336 1201 quibuscum
1347 1170 1412 1190 tum
1422 1162 1537 1191 bellum
1545 1162 1736 1203 gerebamus:
1749 1171 1781 1192 ut
1790 1182 1798 1195 ‚
1809 1162 1881 1193 cum
1891 1163 2010 1193 duobus
2019 1165 2052 1193 in
2062 1163 2112 1193 lo'-
2131 1170 2134 1174 ’

1155 1213 1197 1232 cis
1208 1201 1447 1242 disjunstiffimis
1458 1222 1466 1236 ,
1479 1212 1671 1243 maximeque
1681 1202 1801 1233 diverfis
1811 1223 1819 1237 ‚
1836 1215 1888 1233 uno
1899 1204 2005 1244 consilio
2015 1220 2024 1238 ‚
2037 1204 2052 1234 a
2064 1204 2113 1234 bi-

1156 1246 1203 1273 nis
1222 1243 1353 1274 hostium
1370 1246 1465 1284 copiis
1481 1244 1596 1274 bellum
1615 1254 1689 1274 terra
1706 1246 1839 1285 marique
1857 1255 2005 1288 gereretur
2022 1266 2032 1280 ‚
2051 1255 2109 1276 vos

1158 1288 1520 1326 ιζ101611111160111611110116
1530 1285 1706 1319 distriffi‚de
1717 1289 1845 1326 imperio
1855 1289 2043 1318 dimicaretis.
2055 1285 2113 1319 Sed

1159 1337 1258 1358 tamen
1268 1328 1387 1358 alterius
1396 1330 1485 1367 partis
1495 1328 1662 1366 periculum
1670 1348 1678 1361 2
1697 1331 1870 1359 Sertorianae
1878 1349 1887 1362 ,
1903 1338 1991 1370 atque
2002 1330 2111 1369 Hispa-

1158 1367 1267 1400 niensis
1277 1389 1285 1402 ,
1305 1379 1369 1409 quae
1383 1370 1480 1399 multo
1489 1369 1554 1408 plus
1572 1368 1775 1403 firmamenti,
1795 1381 1827 1401 ac
1838 1372 1953 1401 roboris
1963 1371 2086 1401 habebat
2094 1390 2110 1403 ‚

1158 1414 1212 1441 Cn.
1224 1411 1363 1450 Pompcji
1377 1410 1483 1440 divino
1499 1410 1604 1451 consilio
1614 1431 1622 1444 ,
1644 1422 1676 1441 ac
1687 1410 1823 1452 singulari
1833 1413 1943 1442 virtute
1952 1412 2113 1454 depulsum

1157 1452 1200 1483 est
1212 1464 1218 1481 z
1231 1455 1262 1481 in
1271 1452 1358 1482 altera
1368 1461 1447 1492 parte
1460 1455 1498 1482 ita
1508 1462 1552 1481 res
1563 1454 1578 1482 a
1588 1455 1622 1482 L.
1635 1455 1775 1487 Lucullo,
1787 1454 1909 1485 summo
1919 1456 1996 1488 viro,
2008 1452 2051 1484 est
2058 1453 2113 1484 ad-

1157 1493 1332 1527 ministrata,
1345 1503 1377 1524 ut
1387 1496 1473 1523 initia
1483 1494 1534 1523 illa
1543 1493 1688 1536 gestarum
1699 1505 1798 1525 rerum
1810 1506 1927 1538 magna,
1940 1505 2025 1537 atque
2033 1505 2110 1536 prac-

1156 1537 1230 1566 clara
1241 1555 1249 1568 ‚
1264 1545 1326 1565 non
1337 1535 1471 1566 felicitati
1481 1537 1544 1574 ejus
1554 1556 1562 1569 ,
1575 1536 1622 1565 sed
1637 1539 1739 1566 virtuti
1753 1547 1758 1565 :
1778 1539 1842 1568 haec
1850 1547 1950 1568 autem
1963 1546 2111 1571 extrema,

1157 1588 1222 1619 quae
1233 1587 1327 1616 nuper
1334 1577 1515 1610 acciderunt,
1525 1587 1588 1607 non
1600 1577 1693 1619 culpa,
1703 1578 1753 1608 sed
1755 1579 1877 1617 fortuna
1887 1578 2043 1609 tribuenda
2051 1576 2112 1610 effe

1155 1620 1324 1649 videantur.
1352 1618 1409 1649 Sed
1419 1618 1456 1648 de
1467 1619 1596 1648 Lucullo
1606 1619 1705 1649 dicam
1714 1620 1774 1650 alio
1784 1621 1852 1650 loco
1863 1640 1872 1653 ,
1896 1620 1978 1650 &ita
1988 1620 2086 1650 dicam
2096 1639 2108 1654 .

1157 1663 1288 1703 Qirites
1297 1681 1305 1693 ‚
1319 1669 1351 1690 ut
1360 1670 1456 1701 neque
1468 1670 1534 1690 vera
1544 1661 1606 1690 laus
1616 1680 1625 1694 ‚
1641 1662 1686 1694 ei,
1698 1660 1826 1692 detra&a
1838 1664 1971 1692 oratione
1990 1660 2105 1696 nostra,

1156 1713 1254 1743 neque
1261 1702 1340 1735 falsa,
1353 1701 1449 1732 afficta
1458 1700 1515 1731 eise
1526 1702 1672 1732 videatur.
1697 1706 1727 1728 ¹4
1735 1703 1770 1732 de
1779 1702 1869 1733 vestri
1878 1704 1999 1743 imperii
2010 1703 2111 1744 digni-

1157 1754 1212 1775 tate
1226 1764 1234 1777 ,
1256 1753 1343 1784 atque
1352 1744 1446 1784 gloria
1456 1763 1464 1776 ‚
1484 1746 1631 1784 quoniam
1641 1745 1666 1773 is
1677 1743 1720 1774 est
1729 1745 1849 1774 exorsus
1860 1747 2004 1774 orationis
2013 1754 2091 1780 meae
2099 1763 2110 1779 ‚

1155 1787 1267 1818 videte,
1277 1796 1369 1826 quem
1380 1785 1466 1815 vobis
1476 1788 1613 1815 animum
1625 1785 1844 1825 suscipiendum
1853 1788 1973 1825 putetis.
2006 1789 2033 1814 ¹5
2043 1788 2111 1817 Ma·
2129 1794 2156 1835 5·

1152 1828 1231 1868 jores
1250 1827 1337 1857 vestii
1356 1828 1447 1866 saepe,
1461 1827 1692 1860 mercatoribus,
1715 1825 1744 1846 ¹⁶
1754 1837 1785 1857 ac
1795 1827 2015 1869 navigatoribus
2032 1828 2111 1869 inju-
2152 1835 2156 1843 ¹

1157 1867 1253 1910 riofiiis
1263 1867 1390 1897 traciam
1400 1889 1408 1902 ‚
1426 1869 1503 1899 bella
1511 1866 1659 1909 gesserunt
1671 1879 1742 1899 :vos
1752 1871 1921 1899 totcivium
1931 1872 2025 1900 Rom.
2038 1870 2112 1901 mil*—

1157 1911 1249 1944 libus,
1261 1921 1324 1940 uno
1336 1913 1455 1943 nuntio,
1467 1919 1552 1950 atque
1564 1920 1626 1940 uno
1636 1919 1770 1950 tempore
1778 1913 1888 1941 necatis
1897 1930 1905 1944 ‚
1916 1921 1978 1952 quo
1987 1912 2112 1943 tandem

1158 1956 1264 1982 animo
1273 1951 1332 1981 effe
1342 1952 1456 1981 deberis
1468 1955 1477 1981 ?
1498 1953 1599 1993 Legati
1614 1951 1697 1993 quod
1708 1961 1788 1982 erant
1803 1954 1933 1994 appellari
1945 1952 2091 1993 superbias
2099 1973 2111 1989 ,

1161 1995 1341 2024 Corinthum
1352 2002 1446 2033 patres
1457 1993 1556 2026 vestri,
1568 1996 1659 2023 totius
1670 1996 1791 2023 Graeciae
1800 1995 1915 2028 lumen,
1926 1994 2112 2026 exstinEtum

1159 2033 1217 2066 effe
1227 2036 1405 2066 voluerunt:
1416 2045 1470 2066 vos
1480 2045 1550 2066 eum
1559 2045 1658 2077 regem
1668 2037 1803 2066 inultum
1812 2034 1869 2066 effe
1877 2037 2048 2077 patiemini,
2058 2039 2114 2077 qui

1982 2078 2113 2120 legatum

1189 2146 1206 2173 9
1213 2158 1218 2164 .
1238 2141 1289 2164 Una
1300 2141 1423 2165 literarum
1425 2138 1644 2173 signficatiimesfyc
1649 2137 1668 2171 ]
1676 2136 1747 2164 Illud
1756 2139 1880 2164 literarum
1890 2146 1940 2163 non
1952 2143 2008 2163 erat
2017 2137 2045 2163 in
2055 2138 2114 2164 Co-

1156 2173 1264 2200 loniensi
1277 2194 1285 2206 ‚
1296 2176 1324 2200 8<
1336 2175 1484 2200 Gulielmio
1496 2174 1598 2200 16610111
1611 2173 1758 2199 videbatur.

1196 2218 1236 2235 10.
1258 2213 1378 2243 Ita-vissri
1389 2220 1438 2235 cum
1447 2211 1561 2243 illoffilyc]
1578 2211 1689 2235 Gruter.
1700 2209 1726 2234 &
1739 2208 1799 2234 edd.
1811 2209 2006 2240 vetei·es‚7ms1¹«·i.
2026 2218 2112 2244 neque

1155 2245 1192 2273 ita
1201 2245 1339 2272 absurdum
1353 2245 1439 2272 videtu
1445 2256 1456 2271 i·
1467 2256 1473 2272 :
1495 2254 1524 2271 ut
1535 2245 1562 2270 &
1573 2244 1647 2283 supra
1662 2254 1717 2280 cap.
1729 2254 1756 2271 2.
1775 2254 1824 2279 qu:
1832 2255 1895 2270 nunc
1904 2247 1979 2277 nostra
1987 2247 2113 2277 provincia

1155 2284 1198 2306 eff.
1212 2281 1277 2308 editi
1287 2280 1369 2317 prisci:
1380 2282 1406 2307 ὃς
1418 2281 1520 2317 aliquot
1531 2280 1625 2306 habent
1636 2280 1692 2306 mss.
1704 2280 1924 2316 quemadmodum
1936 2281 2013 2306 initio
2024 2289 2112 2317 cap.5.

1156 2316 1236 2343 iidem
1248 2318 1353 2350 Μῄονες
1362 2318 1441 2348 nostri.
1460 2318 1552 2342 'verum
1564 2317 1627 2342 nihil
1639 2316 1778 2351 pratil-ribo
1790 2316 1851 2342 :iliis
1864 2325 1872 2347 ς
1883 2316 1938 2342 11110
1948 2316 2013 2342 1111111
2024 2324 2111 2344 111010.

1196 2361 1203 2378 1
1214 2361 1236 2378 1.
1255 2356 1304 2378 Duo
1307 2353 1424 2385 fiirtiffimi
1432 2355 1484 2378 viri
1495 2371 1502 2383 ‚
1512 2363 1542 2383 O
1545 2353 1632 2386 summi
1639 2353 1725 2386 impp]
1747 2353 1806 2379 Vox
1817 2355 1869 2378 viri
1880 2371 1889 2385 ‚
1907 2361 1958 2379 non
1969 2351 2042 2379 estin
2052 2352 2110 2379 0110

1157 2387 1336 2414 Palatinoruni
1351 2407 1358 2419 ‚
1368 2395 1413 2414 aut
1424 2389 1535 2414 Gruter.

1196 2433 1237 2449 11..
1258 2426 1354 2457 Legatos
1365 2424 1497 2449 Ecbatanis
1505 2425 1574 2456 miste,
1584 2424 1650 2458 ὡς]
1664 2423 1830 2450 Fabi-ieramus
1841 2422 1918 2455 liber,
1929 2423 1994 2451 item
2004 2423 2110 2452 Uverd.

1156 2459 1218 2485 Col.
1232 2458 1340 2485 Erfurd.
1350 2461 1433 2492 ligatos
1444 2466 1468 2486 ai
1479 2461 1561 2484 literas
1570 2461 1628 2493 mifit
1639 2469 1646 2489 3
1659 2459 1730 2495 quod
1740 2459 1843 2486 admiiit
1854 2459 1998 2486 Lambinus
2009 2458 2025 2487 ;’
2037 2457 2108 2487 haud

1154 2495 1233 2521 etiam
1245 2495 1406 2522 Gulielmius
1418 2504 1425 2524 3
1437 2495 1577 2521 arbitratus
1588 2497 1737 2521 Ecbatanum
1747 2515 1754 2527 ‚
1766 2496 1911 2529 Balgylimem,
1923 2496 1949 2521 Sc
1962 2495 2066 2528 similia,
2072 2495 2110 2522 ,de

1155 2529 1288 2566 quibusvis
1308 2530 1485 2558 remotissimis
1497 2531 1560 2557 locis
1573 2530 1653 2566 vulgo
1667 2530 1795 2567 usurpata.
1825 2530 1904 2557 Unde
1923 2532 2053 2558 Lucillius
2073 2531 2109 2558 li-

1156 2565 1203 2591 bro
1215 2575 1276 2592 xiv.
1294 2568 1348 2594 (Ad
1364 2570 1441 2599 Regem
1458 2569 1547 2600 legatus
1555 2566 1658 2592 Rhodum
1669 2585 1677 2598 ,
1696 2569 1847 2592 Ecbatanam
1856 2574 1899 2592 aut
1912 2569 2045 2601 Babylonem
2054 2569 2090 2593 Iba
2098 2578 2110 2600 ‚⁶

1155 2611 1273 2627 cercurum
1300 2612 1388 2628 umam.
1417 2604 1514 2628 Verum
1534 2603 1588 2628 haec
1607 2602 1792 2638 interpretatio
1803 2612 1853 2628 non
1865 2603 1988 2629 convenit
1998 2603 2110 2630 Oratori

1156 2646 1217 2663 vera
1229 2638 1341 2666 narranti
1354 2649 1359 2665 ε
1381 2639 1500 2673 quamvis
1511 2639 1536 2664 in
1548 2647 1605 2664 eam
1616 2637 1776 2674 propendeat
1786 2648 1891 2673 quoque
1901 2638 2062 2665 Villomarus
2073 2639 2109 2665 li-

1155 2672 1202 2698 bro
1215 2682 1248 2699 11.
1260 2683 1316 2709 cap.
1329 2683 1353 2707 5.
1365 2673 1549 2700 Aniinadvers.
1568 2673 1687 2700 accedam
1697 2674 1784 2710 potius
1798 2675 1966 2701 Hotomaniae
1976 2674 2110 2711 interpre-

1155 2710 1249 2735 tationi
1261 2720 1266 2736 :
1280 2718 1336 2746 quae
1346 2709 1467 2740 videatur
1476 2710 1507 2735 ad
1520 2710 1588 2736 hunc
1599 2710 1696 2735 locum.
1711 2709 1736 2736 sn
1757 2719 1786 2736 ei·
1795 2719 1848 2746 quo
1858 2709 2030 2737 consulendus
2041 2711 2112 2737 'item

1155 2745 1189 2771 est
1201 2745 1336 2772 Robertus
1347 2746 1435 2772 Titius
1449 2745 1519 2772 libro
1531 2755 1566 2772 11.
1577 2748 1729 2773 Controvcr
1746 2766 1752 2771 .
1763 2755 1818 2782 cap.
1831 2755 1856 2779 5.
1876 2746 1918 2772 ubi
1930 2754 2024 2782 praeter
2034 2745 2106 2774 suam

1154 2781 1374 2812 coniefitatiouem
1385 2781 1488 2818 profert
1498 2783 1563 2808 item
1573 2781 1698 2808 alioruin.
1717 2781 1852 2808 adeundus
1863 2789 1990 2818 practerea
1999 2781 2107 2809 Medius
2141 2780 2144 2783 “

1153 2816 1180 2842 ἀ.
1192 2818 1224 2887 1L3k
1224 2817 1505 2885 illisnticpi'ltilcimtenrione
1513 2853 1636 2887 disti-iffa]
1649 2852 1692 2879 Est
1703 2853 1717 2879 a
1728 2852 1806 2879 Fabia
1815 2852 1964 2881 Uverdens.
1973 2853 2038 2881 item
2050 2861 2107 2881 me-

1152 2887 1264 2915 lioribus
1276 2889 1412 2915 Palatinis.
1432 2888 1548 2923 Vulgata
1559 2888 1639 2914 lcffio
1651 2889 1766 2921 distrafri.
1960 2892 1962 2894 ’

1192 2932 1233 2956 14.
1252 2927 1284 2950 De
1294 2926 1368 2956 vestri
1375 2927 1468 2957 imperii
1486 2924 1626 2958 dignitata]
1646 2924 1688 2949 Sic
1699 2923 1770 2949 recte
1782 2923 1904 2959 Hittorp.
1919 2923 1946 2949 δε
1956 2921 2107 2956 chrdens,

1151 2959 1267 2994 pendent
1276 2960 1345 2986 enim
1357 2960 1410 2985 haec
1418 2959 1502 2985 adhuc
1510 2959 1607 2985 abillis
1620 2970 1625 2985 :
1643 2960 1688 2984 red
1695 2959 1720 2984 de
1729 2960 1886 2991 Luculloffcy
1898 2959 2004 2996 vulgata
2016 2959 2107 2987 iiacte-
2122 2997 2126 3002 ·

1153 3005 1200 3021 iius
1212 3015 1220 3027 ,
1229 2997 1321 3028 Sedprn
1330 2998 1420 3028 vestri,-
1431 2995 1516 3021 minus
1528 2995 1644 3021 venuste.
1959 3018 1962 3021 .

1190 3040 1199 3057 1
1207 3040 1232 3064 5.
1253 3032 1359 3065 Majores
1368 3031 1528 3065 veftrisaepe]
1549 3030 1640 3056 Editio
1651 3037 1725 3057 vetus
1735 3032 1814 3064 nostri.
1833 3030 2010 3067 acceduntque
2020 3030 2102 3067 aliqui

1153 3066 1220 3092 Pali.
1232 3076 1261 3092 ac
1271 3066 1454 3093 (10116ἱωί301-

1190 3103 1231 3129 16.
1242 3105 1276 3128 Ac
1286 3101 1570 3136 Navicularorihm.]sic
1580 3101 1740 3128 patronum
1752 3102 1779 3128 Sc
1790 3101 2022 3128 Gulielmianizuifi
2032 3099 2102 3137 quod

1150 3138 1236 3168 noster
1246 3138 1341 3173 tertius
1352 3140 1367 3165 a
1377 3138 1462 3177 prima
1471 3146 1550 3167 mauu
1559 3139 1760 3167 naviculton‘bm.
1770 3139 1791 3166 F
1792 3137 1849 3168 abr.
1860 3138 1907 3170 lib.
1917 3136 2087 3171 naviculariis,

1988 3186 2013 3207 ι.
2021 3175 2100 3206 lune:

2181 3062 2193 3074 x
2238 3049 2242 3076 2»
