2360 3400
566 144 819 191 Ense.
885 157 978 189 AD
1037 145 1448 202 ΑΤΤιευΜ,
1510 147 1827 198 L1n.V11.

240 226 418 259 Terentiam
429 223 551 256 habebis
563 223 677 255 Idibus.
700 226 765 266 Ego
776 223 849 289 fluid
858 234 940 265 agam
952 226 964 254 ?
984 234 1042 266 qua
1050 233 1100 256 aut
1109 234 1193 271 terra,

239 278 291 299 aut
298 270 374 299 mari
381 268 537 309 persequar
545 276 617 297 eum
629 286 637 301 ‚
652 267 705 307 qui
714 267 766 296 ubi
776 276 810 297 ,ιι
820 286 828 300 ,
840 267 941 297 nescio
953 269 963 295 ?
983 265 1033 297 etsi
1043 275 1118 304 terra
1126 277 1195 307 qui-

239 310 310 341 dem
327 312 380 351 qui
396 307 539 350 possum?
557 310 632 338 mari
648 310 732 349 quo?
754 308 867 339 tradam
894 310 983 350 igitur
1000 307 1050 338 isti
1060 317 1109 338 me
1121 312 1132 334 ἓ
1149 307 1194 338 fac

238 350 321 391 posse
339 349 415 382 tuto.
455 350 546 381 multi
568 351 652 380 enim
668 351 833 381 hortantur.
861 360 937 380 num
957 351 1047 380 etiam
1064 348 1188 385 honeste?

240 397 251 413 ¹
264 392 351 423 nullo
361 391 470 423 modo.
491 391 564 433 quid
574 395 587 421 ἓ
610 391 627 422 ὲ
638 401 665 423 te
673 401 772 432 petam
783 390 943 422 confilium
957 410 966 424 ,
985 400 1017 421 ut
1027 391 1108 421 soleo
1118 399 1129 422 ,ι
1139 400 1194 421 ex-

237 433 340 474 plicari
349 443 394 465 res
403 443 468 464 non
478 432 584 473 potest.
609 433 657 464 sed
667 443 780 468 tamen,
791 432 811 463 fi
822 434 896 474 quid
906 435 940 464 in
949 441 1085 463 mentem
1096 434 1192 466 venit,

236 475 333 507 veiim
342 475 462 510 scribas,
473 475 507 506 &
516 475 579 515 ipse
592 474 665 516 quid
676 473 711 505 sis
722 473 849 505 aditurus.

173 531 218 565 23
478 519 671 548 CICERO
692 518 911 549 ATTICO,
933 518 962 547 S.
1032 558 1038 564 ι
1172 557 1177 563 .

240 556 332 634 V
363 558 409 590 Id.
420 558 489 589 Feb.
501 559 614 599 vesperi
623 558 639 589 a
649 559 817 589 Philotimo
825 558 933 588 litteras
941 566 1040 598 accepi
1054 568 1063 591 ;
1082 559 1196 605 Domi-

342 602 434 631 ‘tium
454 603 619 631 exercitum
641 598 765 630 firmum
777 600 882 630 habere
896 611 905 633 3
929 601 1078 630 cohorteis
1090 609 1128 629 ex
1146 602 1195 629 Pi—

234 652 314 674 ceno
325 661 334 676 ‚
350 643 481 673 Lentulo
492 643 524 672 &
536 644 674 673 Thermo
683 641 874 675 ducentibus,
887 650 956 671 cum
968 642 1101 671 Domitii
1110 650 1194 671 exer-

236 687 298 715 citu
309 683 485 724 conjun&as
494 683 551 714 esse
563 696 572 719 3
591 684 735 715 Caesarem
746 682 906 714 intercludi
915 681 1007 722 posse,
1019 692 1151 723 eumque
1162 682 1193 712 id

236 728 345 756 timere
357 737 366 760 ·‚
395 729 410 745 ²
421 726 574 756 bonorum
592 727 713 756 animos
731 733 874 755 recreatos
885 736 894 758 3
914 727 1024 755 Romae
1039 724 1195 764 improbos

236 766 316 808 quasi
325 768 482 807 perculsos.
506 768 580 801 haec,
592 775 696 798 metuo
706 765 849 807 equidem
862 775 900 796 ne
911 764 968 796 fint
978 766 1108 804 3s3mm‘a
1121 776 1132 793 .-
1144 765 1193 795 sed

237 817 340 840 tamen
359 811 403 839 M.
422 808 571 849 Lepidum
584 829 593 842 ,
615 810 651 838 L.
670 810 860 848 Torquatum
871 826 881 840 ,
906 809 938 837 C.
959 805 1087 837 Caffium
1106 807 1192 855 Trib.

234 850 315 890 pleb.
333 849 390 889 (hi
401 852 484 880 enim
495 850 563 880 sunt
574 849 734 880 nobiscum
746 868 755 882 ‚
766 848 798 878 id
808 847 862 882 est,
872 850 903 878 in
918 848 1103 887 Formiano)
1122 849 1193 879 Pht—

236 893 340 923 lotimi
358 892 463 922 littera:
481 891 620 921 advitam
635 898 860 920 revocaverunt.
883 898 938 930 ego
948 898 1049 919 autem
1063 890 1115 919 illa
1125 899 1191 935 me—

235 943 290 964 tuo
310 943 348 963 ne
368 934 484 963 veriora
504 930 561 961 fint
578 951 587 964 ,
611 941 670 961 nos
687 932 808 961 omneis
822 939 906 970 paene
921 931 985 969 jam
1000 939 1102 970 captos
1119 929 1190 965 esse,

233 975 414 1015 Pompejum
434 973 517 1003 Italia
524 972 645 1003 cedere:
662 981 755 1013 quem
766 971 893 1013 quidem
918 970 956 1010 (ὃ
966 981 1032 1002 rem
1040 971 1190 1013 acerbam)

231 1017 368 1058 persequi
383 1010 477 1045 Caesar
494 1013 611 1045 dicitur.
629 1014 757 1055 persequi
775 1013 861 1054 casir
887 1014 1070 1054 Pompejum?
1101 1014 1189 1056 quid?

233 1067 267 1089 ut
274 1055 443 1088 interficiat?
453 1054 472 1086 ὃ
484 1065 534 1086 me
543 1055 689 1086 miserum
700 1066 705 1084 z
722 1056 755 1086 δε
763 1065 828 1086 non
837 1065 946 1086 ornnes
955 1054 1055 1087 nostra
1063 1065 1189 1097 corpora

229 1099 416 1140 opponimus
429 1100 440 1127 ?
458 1099 492 1128 in
500 1107 562 1139 quo
576 1106 608 1128 tu
617 1107 736 1139 quoque
747 1098 930 1138 ingemiscis.
954 1097 1003 1128 sed
1011 1098 1087 1139 quid
1097 1097 1188 1129 facia-

231 1142 316 1172 mus?
323 1139 397 1171 viffi
408 1159 417 1173 ,
429 1138 553 1180 oppreffi
567 1159 576 1174 ,
586 1141 663 1179 capti
671 1138 760 1179 plane
774 1139 890 1169 sumus.
912 1142 977 1181 Ego
988 1148 1101 1174 tamen,
1117 1141 1188 1171 Phi-

229 1182 332 1212 lotimi
352 1182 458 1212 litteris
483 1180 569 1211 les-{tis
585 1200 594 1215 ‚
622 1182 736 1211 mutavi
755 1179 916 1211 confilium
939 1180 976 1211 de
992 1181 1184 1212 mulieribus:

227 1233 301 1264 quas
313 1243 321 1257 .
338 1231 370 1253 ut
380 1223 549 1263 scripseram
560 1222 596 1253 ad
605 1231 633 1253 te
644 1242 653 1257 ,
676 1225 811 1253 Romam
821 1222 1015 1253 remittebam
1028 1234 1034 1252 :
1046 1223 1095 1254 sed
1106 1224 1183 1254 mihi

228 1267 315 1296 venit
325 1267 358 1295 in
366 1273 505 1294 >mentem
517 1284 526 1298 ‚
546 1265 680 1294 multum
689 1263 756 1295 fore
764 1265 935 1295 sermonem
947 1284 955 1298 ‚
970 1274 1020 1295 me
1032 1265 1182 1302 judicium

225 1308 290 1348 jam
301 1307 337 1337 de
344 1306 553 1346 causapublica
561 1305 662 1336 fecisse
671 1318 681 1340 3
691 1316 749 1347 qua
758 1306 905 1346 desperata
914 1326 923 1340 ,
938 1304 1019 1347 quasi
1030 1306 1112 1338 hunc
1119 1318 1186 1349 gra-

228 1349 304 1380 dum
314 1350 377 1380 mei
387 1348 499 1378 reditus
507 1346 565 1378 effe
575 1368 584 1382 ,
606 1346 688 1388 quod
698 1348 839 1378 mulieres
849 1347 1048 1378 revertissent.
1070 1351 1119 1380 De
1134 1359 1186 1380 me

218 1397 328 1421 ‘autem
340 1390 403 1430 ipso
414 1390 468 1419 tibi
479 1387 620 1420 assentior
629 1409 637 1422 ‚
649 1399 687 1419 ne
697 1399 747 1419 me
756 1389 826 1419 dem
837 1390 956 1420 incertae
968 1390 1000 1419 &
1009 1391 1183 1430 periculosae

226 1431 323 1473 fugae;
340 1441 411 1462 cum
435 1431 548 1471 reipub.
558 1430 736 1471 nihilprofim
748 1451 758 1464 ‚-
782 1431 860 1460 nihil
873 1432 1041 1471 Pompej0;
1060 1442 1184 1473 proquo

225 1475 325 1504 emori
341 1482 412 1503 cum
431 1472 481 1513 pie
498 1470 619 1512 poffum
638 1492 647 1506 ,
675 1482 742 1503 tum
764 1471 904 1503 libenter.
923 1473 1054 1503 manebo
1073 1476 1183 1515 igitur:

223 1520 243 1543 4
254 1515 304 1546 etsi
313 1517 423 1545 vivere.
445 1513 536 1585 (Ἑξᾰ
545 1516 653 1554 quaeris
663 1533 671 1548 ‚
684 1512 732 1544 hic
741 1514 814 1554 quid
824 1523 925 1555 agatur
939 1525 944 1543 :
959 1523 1019 1545 tom
1031 1517 1139 1556 Capua,
1149 1516 1183 1547 δε

227 1558 330 1587 omnis
347 1557 396 1586 hic
412 1555 477 1585 dele
512 1565 545 1585 us
559 1558 647 1595 jacet.
666 1555 814 1595 desperata
822 1566 867 1586 res
876 1555 935 1589 est3
953 1558 986 1586 in
995 1555 1065 1597 fuga
1073 1567 1183 1588 omnes

225 1599 317 1633 sunt3
340 1596 395 1628 nifi
405 1597 479 1638 quid
489 1597 642 1633 eiusmodi
651 1596 742 1627 fuerit
750 1617 759 1632 ,
779 1606 812 1628 ut
821 1598 984 1638 Pompejus
992 1597 1060 1628 istas
1069 1601 1183 1630 Domi-

223 1642 259 1672 tii
274 1642 374 1681 copias
385 1659 393 1673 ‚
410 1648 481 1669 cum
500 1639 560 1669 suis
576 1641 750 1681 conjungat.
774 1638 1008 1670 sedvidebamur
1017 1643 1123 1672 omnia
1135 1641 1182 1672 bi-

222 1682 284 1713 duo
296 1702 305 1716 ,
325 1681 463 1712 triduove
481 1681 595 1711 scituri.
618 1681 739 1712 Caesaris
757 1682 923 1712 litterarum
932 1683 1114 1722 exemplum
1122 1683 1180 1714 tibi

220 1723 306 1754 mifi:
330 1732 444 1764 rogaras
459 1724 543 1753 enim
555 1733 561 1751 :
575 1724 624 1753 cui
633 1732 688 1753 nos
698 1723 784 1753 valde
794 1724 968 1757 satisfacere,
980 1725 1073 1755 multi
1083 1725 1119 1755 ad
1129 1736 1180 1756 me

220 1766 397 1805 scripserunt
409 1763 506 1805 :quod
515 1765 611 1805 patior
619 1764 705 1797 facile
714 1784 724 1800 ,
750 1764 825 1797 dum
835 1785 846 1801 ,
864 1774 898 1796 ut
906 1764 1003 1797 adhuc
1013 1786 1023 1801 ‚
1044 1767 1124 1798 nihil
1133 1767 1179 1799 fa-

459 1848 651 1878 CICERO
672 1850 699 1879 A
713 1850 894 1882 TT1co‚
916 1851 946 1880 S.

218 1809 296 1838 ciam
306 1807 437 1848 turpiter.

155 1852 206 1886 24

300 1891 481 1920 Hine-ruit
502 1889 606 1920 litterae
625 1899 677 1920 tne
693 1890 817 1931 quidem
834 1900 900 1920 non
917 1891 1032 1926 nimis,
1053 1891 1103 1923 sed
1114 1901 1178 1926 eos,

227 1889 350 1972 Pqui
368 1933 401 1961 in
420 1932 466 1960 his
483 1931 558 1961 locis
575 1941 657 1962 erant
674 1952 683 1965 ‚
702 1931 869 1962 admodum
886 1931 1082 1963 deleaarunt.
1111 1943 1179 1964 ecce

218 1972 363 2013 postridie
378 1976 391 2000 5
403 1970 501 2005 Caffio
512 1972 615 2004 litterae
626 1976 736 2013 Capua.
750 1973 765 2004 a
776 1975 919 2004 Lucretio
929 1994 939 2008 ‚
949 1973 1091 2005 familiari
1101 1976 1177 2011 ejus,

218 2015 382 2057 Nigidium
399 2014 415 2047 a
433 2014 578 2045 Domitio
597 2017 731 2057 Capuam
748 2013 883 2050 venisse5
901 2018 974 2046 eum
983 2015 1102 2051 dicere,
1124 2018 1181 2048 Vi-

2106 154 2194 216 841

1237 225 1370 258 bullium
1377 237 1448 258 cum
1458 229 1559 268 paucis
1569 229 1719 261 militibus
1730 230 1746 261 ὲ
1758 233 1870 263 Piceno
1880 240 1996 264 currere
2008 233 2044 265 ad
2056 236 2194 267 Cnaeunu

1235 267 1398 299 confestim
1421 269 1504 310 sequi
1517 271 1660 303 Caesarem
1672 291 1681 306 ‚
1702 275 1880 305 Domitium
1891 284 1955 306 non
1969 275 2076 307 habere
2087 275 2103 297 ⁶
2113 277 2193 308 mili—

1235 316 1301 339 tum
1324 319 1335 339 1
1345 319 1356 339 1
1366 320 1390 339 1.
1403 312 1508 342 millia.
1527 312 1609 343 idem
1620 313 1741 354 scripsit.
1765 316 1912 347 Consules
1921 316 2194 356 capuadisceffiss‘e.

1235 360 1299 380 non
1308 350 1415 381 dubito
1426 371 1434 385 ,
1453 355 1529 394 quin
1537 357 1644 385 Cnaeus
1653 358 1686 386 in
1696 355 1766 398 fuga
1775 356 1807 388 sit
1818 370 1828 392 ς
1839 358 1933 390 modo
1943 359 2076 400 effugiat.
2097 360 2199 392 aeon-

1235 389 1301 422 filio
1312 391 1458 434 fugiendi,
1475 403 1507 425 ut
1518 404 1548 425 tu
1558 397 1671 431 censes,
1681 398 1798 429 absum.

1479 437 1671 469 CICERO
1691 442 1909 476 ATT1C0‚
1928 444 1956 474 S.
2122 469 2125 472 .

1242 472 1386 549 CUM
1395 475 1540 508 dedissem
1552 478 1586 509 ad
1599 489 1625 509 te
1636 480 1745 511 litteras
1754 482 1850 513 tristes
1863 503 1871 516 ,
1884 484 1916 515 &
1930 493 2034 516 metuo
2045 496 2082 517 ne
2094 495 2191 520 veras.

1329 516 1364 546 de
1383 519 1515 549 Lucretii
1538 520 1571 550 ad
1586 520 1711 552 Caffiurn
1725 523 1830 555 litteris
1838 528 1934 566 Capua
1945 526 2061 562 miffis3
2081 529 2197 569 Cepha-

1236 558 1279 586 lio
1290 560 1373 588 venit
1383 558 1398 589 a
1411 559 1499 589 vobis
1511 580 1521 594 ,
1542 562 1641 593 attulit
1651 566 1764 596 etiama
1780 574 1807 596 te
1819 567 1929 597 litteras
1944 568 2114 601 hilariores.
2138 580 2193 601 nec

1236 607 1338 629 tamen
1355 598 1455 630 firmas
1467 621 1476 633 ‚
1501 611 1534 631 ut
1551 603 1638 633 soles.
1662 607 1773 637 Omnia
1791 607 1908 639 facilius
1929 610 2049 640 credere
2058 610 2191 650 possum,

1235 639 1327 681 quam
1350 641 1432 681 quod
1453 642 1580 674 scribitis
1591 647 1770 686 Pompejum
1784 653 1950 681 exercitum
1962 652 2079 682 habere.
2098 663 2191 683 nemo

1233 683 1291 711 huc
1300 683 1341 712 ita
1353 682 1446 717 affert,
1459 688 1702 727 omniaque,quae
1714 690 1822 721 nolim.
1834 696 1849 719 7
1859 691 1878 721 ὁ
1889 702 1952 722 rem
1964 694 2113 725 miseram!
2128 705 2191 723 ma*

1231 723 1275 752 las
1285 724 1384 764 causas
1396 725 1513 765 semper
1521 726 1703 763 obtinuit,in
1713 740 1827 770 optima
1835 734 1976 765 concidit.
1993 735 2067 776 quid
2077 736 2192 766 dicam?

1235 763 1290 795 nisl
1302 786 1311 799 ‚
1330 765 1407 796 illud
1427 775 1498 796 eum
1522 767 1602 798 sciss'e
1615 772 1626 798 ?
1644 780 1741 810 neque
1759 782 1818 803 erat
1835 773 1960 806 difficile
1984 778 2043 808 hoc
2056 777 2188 808 nesciss'e.

1232 815 1293 837 erat
1304 809 1390 837 enim
1402 816 1463 837 Ans
1472 807 1617 845 difficilis,
1629 811 1709 842 reste
1720 815 1828 854 Remp.
1841 825 1950 856 regere.
1973 818 2030 849 Sed
2038 820 2103 859 jam
2112 819 2190 859 jam*

1231 858 1289 889 que
1299 850 1404 882 omnia
1412 849 1551 885 sciemus,
1563 851 1596 882 &
1607 853 1770 885 scribemus
1779 856 1813 885 ad
1826 866 1852 886 tc
1868 858 1976 889 statim.

1471 894 1666 925 CICERO
1688 898 1902 932 ATTICQ
1925 902 1953 930 S.

1332 935 1382 962 ΟΝ
1392 934 1477 964 venit
1485 933 1567 965 idem
1579 936 1632 966 usu
1642 938 1719 967 mihi
1731 958 1740 971 ‚
1752 940 1833 980 quod
1848 948 1878 970 tu
1888 941 1944 971 tibi
1955 942 2067 978 scribis3
2079 940 2094 964 3
2106 954 2191 985 ogo—

1332 984 1410 1004 ·rtas
1432 985 1520 1006 Exon
1528 987 1587 1007 10R
1599 980 1610 1007 ?
1630 989 1685 1020 ego
1704 982 1789 1011 enim
1809 991 1890 1012 nunc
1906 984 2041 1023 paullum
2054 989 2185 1020 exorior.

1231 1015 1264 1045 δε
1284 1016 1419 1046 maxime
1429 1017 1554 1058 quidem
1566 1020 1604 1049 iis
1614 1020 1721 1051 litteris
1731 1042 1741 1056 ‚
1762 1032 1828 1063 quae
1840 1025 1941 1055 Roma
1949 1024 2112 1058 afferuntur
2122 1048 2131 1061 .
2150 1029 2187 1058 de

1228 1059 1373 1088 Domitio
1391 1077 1400 1092 ‚
1422 1059 1459 1089 de
1478 1062 1646 1092 Picentium
1670 1065 1859 1095 cohortibus.
1889 1069 1995 1098 omnia
2013 1077 2096 1099 erant
2109 1069 2188 1100 faeta

1227 1099 1286 1130 hoc
1296 1099 1392 1130 biduo
1402 1101 1522 1132 laetiora.
1546 1103 1646 1144 itaque
1655 1103 1733 1146 fuga,
1745 1116 1811 1147 quae
1825 1108 1987 1149 parabatur,
2000 1108 2124 1151 repressa
2133 1111 2184 1141 est.

1227 1141 1348 1171 caesaris
1355 1142 1513 1174 interdieta
1523 1163 1532 1177 ,

1264 1182 1289 1213 S
1291 1183 1302 1211 ι’
1314 1184 1460 1223 referundo
1471 1184 1576 1216 lumine
1589 1186 1634 1216 hic
1642 1188 1772 1229 offendero
1782 1209 1791 1225 ‚

1226 1224 1413 1265 respuuntur.
1438 1226 1517 1257 bona
1535 1228 1573 1259 de
1594 1231 1737 1261 Domitio
1748 1252 1756 1266 ‚
1775 1233 1910 1272 praeclara
1920 1234 1957 1266 de
1968 1234 2095 1267 Afranio
2105 1235 2182 1267 sama

1225 1264 1278 1296 est.
1312 1267 1406 1309 Qod
1423 1278 1474 1298 me
1491 1269 1671 1302 amicissime
1691 1273 1838 1306 admones
1863 1297 1871 1307 .
1894 1286 1927 1307 ut
1945 1287 1995 1307 me
2016 1279 2182 1319 integrum„

1224 1308 1321 1348 quoad
1329 1307 1440 1349 pofl'im
1451 1330 1461 1344 ‚
1479 1310 1593 1343 servem
1611 1322 1619 1346 2
1635 1324 1751 1355 gratum
1763 1316 1818 1347 est.
1839 1318 1930 1360 Qod
1939 1319 2022 1349 addis
2035 1340 2042 1352 ‚
2065 1330 2104 1350 ne
2113 1330 2185 1360 prc—

1223 1348 1342 1389 penfior
1351 1350 1387 1381 ad
1398 1361 1516 1393 turpem
1524 1355 1642 1385 causam
1651 1357 1751 1387 videar
1763 1358 1856 1389 :certe
1867 1360 1963 1390 videri
1973 1360 2103 1401 possum.
2123 1372 2179 1404 ego

1224 1401 1274 1422 me
1291 1391 1400 1424 ducem
1410 1394 1443 1424 in
1451 1396 1536 1425 civili
1547 1396 1627 1427 bello
1638 1417 1646 1430 ,
1672 1399 1770 1439 quoad
1780 1400 1816 1430 de
1825 1411 1895 1441 pace
1905 1411 2036 1443 ageretur
2047 1424 2055 1435 ,
2076 1406 2182 1442 negavi

1222 1431 1280 1463 effe
1291 1445 1297 1463 2
1320 1444 1382 1465 non
1392 1437 1468 1476 quin
1479 1436 1596 1469 rectum
1607 1438 1678 1469 essct
1690 1451 1695 1469 z
1706 1441 1754 1471 sed
1764 1445 1834 1482 quia
1844 1463 1853 1477 ‚
1876 1444 1958 1484 quod
1969 1446 2069 1475 multo
2079 1444 2180 1474 reatus

1221 1473 1291 1509 fuit,
1302 1476 1334 1506 id
1344 1477 1422 1507 mihi
1431 1477 1568 1509 fraudem
1581 1481 1659 1511 tulit.
1684 1485 1699 1507 9
1711 1483 1800 1522 plane
1810 1494 1892 1518 eum,
1903 1487 1953 1516 cui
1963 1488 2069 1516 Cnaeus
2080 1486 2181 1517 noster

1220 1516 1347 1547 alterum
1365 1519 1562 1550 Consulatum
1582 1521 1709 1554 deferret
1729 1524 1763 1555 &
1781 1527 1970 1566 triumphum
1995 1546 2005 1560 ‚
2023 1537 2052 1557 at
2069 1528 2162 1568 quibu
2171 1537 2182 1557 ς

1223 1559 1341 1588 verbis?
1360 1562 1390 1579 ¹0
1401 1570 1464 1591 pao
1480 1571 1551 1592 suis
1565 1571 1595 1591 n.
1611 1573 1728 1595 cesa-{s
1750 1575 1995 1601 iar-temnimus,
2009 1570 2175 1599 inimicum

1221 1600 1327 1631 habere
1336 1602 1504 1633 nolueram.
1528 1614 1584 1644 ego
1592 1605 1656 1635 scio
1666 1625 1674 1640 ‚
1683 1606 1721 1637 &
1730 1617 1822 1648 quem
1834 1618 1981 1643 metuam,
1993 1610 2029 1640 ὃς
2037 1613 2127 1651 quam
2139 1612 2179 1641 ob

1220 1652 1295 1672 rem.
1314 1641 1423 1674 finerit
1434 1644 1548 1675 bellum
1560 1665 1569 1679 ,
1589 1655 1622 1677 ut
1631 1647 1721 1678 video
1730 1649 1796 1680 fore
1806 1663 1815 1684 5
1838 1659 1932 1691 partes
1946 1661 2021 1682 meae
2032 1662 2096 1682 non
2106 1652 2184 1682 desi—

1220 1683 1412 1716 deiabuntur.
1427 1689 1451 1705 ¹¹
1467 1689 1516 1717 De
1526 1696 1581 1718 ms
1595 1689 1736 1721 millibus
1745 1701 1800 1721 xx.
1811 1694 1954 1724 Terentia
1963 1693 2018 1724 tibi
2027 1693 2177 1735 rescripsit.

1220 1725 1371 1767 Dionyfio
1379 1747 1389 1762 ‚
1405 1727 1479 1758 dum
1490 1728 1701 1762 existimabam
1712 1742 1802 1774 vagos
1812 1743 1870 1764 nos
1878 1733 1943 1765 fore
1958 1754 1967 1769 ,
1982 1735 2071 1766 nolui
2081 1738 2180 1766 mole«

1217 1767 1278 1798 stus
1288 1767 1355 1799 effe.
1378 1769 1434 1800 tibi
1443 1779 1555 1805 autem,
1567 1771 1672 1802 crebro
1682 1773 1718 1804 ad
1728 1784 1777 1805 me
1787 1775 1930 1806 scribenti
1938 1776 1975 1807 de
1983 1778 2048 1816 ejus
2057 1775 2175 1811 officio,

1216 1811 1295 1840 nihil
1317 1810 1447 1851 rescripsi
1459 1823 1468 1845 3
1487 1811 1570 1853 quod
1580 1813 1663 1844 diem
1672 1825 1712 1845 ex
1722 1816 1771 1846 die
1781 1816 1987 1857 exspefflbam
1998 1838 2007 1852 2
2029 1827 2063 1849 ut
2070 1818 2179 1850 statue-

1217 1861 1280 1881 rem
1292 1871 1302 1885 ,
1311 1852 1385 1893 quid
1398 1851 1470 1883 esset
1478 1853 1667 1885 faciendum.
1685 1866 1768 1888 nunc
1777 1878 1785 1892 ‚
1797 1867 1829 1889 ut
1839 1859 1930 1889 video
1941 1879 1949 1893 ‚
1961 1862 2046 1900 pueri
2054 1861 2133 1892 certe
2142 1862 2176 1893 in

1216 1895 1380 1924 Formiano
1390 1893 1532 1925 videntur
1539 1896 1699 1928 hiematuri
1712 1908 1805 1929 :num
1815 1900 1849 1930 &
1858 1902 2041 1942 ego‚nesci0.
2060 1900 2081 1932 fi
2090 1904 2175 1934 enim

1215 1936 1270 1964 erit
1287 1934 1404 1965 bellum
1417 1955 1426 1969 ‚
1446 1945 1518 1966 cum
1536 1939 1685 1979 PompeJ'o
1699 1938 1758 1970 esse
1774 1940 1929 1972 constitui.
1953 1943 2037 1983 quod
2057 1944 2173 1975 habebo

1216 1977 1306 2010 certi,
1323 1974 1431 2007 faciam
1442 1997 1452 2011 ‚
1472 1986 1506 2008 ut
1514 1978 1595 2010 scias.
1617 1989 1673 2021 ego
1693 1981 1807 2012 bellum
1830 1983 2027 2015 foediffimum
2037 1984 2175 2017 futurum

1217 2026 1292 2059 puto
1305 2029 1316 2053 5
1333 2017 1389 2049 nifi
1396 2020 1464 2060 qui,
1477 2022 1504 2039 ¹²
1517 2028 1548 2050 ut
1559 2029 1594 2052 tu
1606 2021 1674 2057 scis,
1685 2025 1835 2056 Parthicus
1849 2026 1928 2067 casus
1937 2029 2080 2058 extiterit-

1895 2070 1967 2116 Μ.
2002 2070 2174 2116 Tur.-

253 2169 277 2187 t.
329 2161 373 2186 ullo
388 2160 459 2186 medo.
477 2159 579 2193 quim]
600 2158 758 2186 Leftionem
777 2163 889 2189 Decurt.
908 2162 936 2188 δε
947 2160 1065 2189 Tornaes.
1084 2160 1170 2189 edidit
1209 2161 1307 2195 edidit,
1317 2166 1381 2195 vlm,
1391 2162 1517 2200 deceptus
1535 2164 1652 2201 antiquis
1663 2167 1742 2195 notis.

214 2197 305 2224 Bosius
316 2206 325 2227 ς
347 2195 420 2231 vulg.
430 2197 491 2221 millo
499 2194 561 2221 modo
570 2195 672 2229 quidem,
684 2195 735 2222 sine
745 2196 966 2234 interrogatione.

250 2241 278 2259 2.
298 2235 412 2258 Bonorum
421 2235 510 2257 animos
520 2238 634 2256 recreatos
643 2243 652 2263 ,-
661 2234 734 2257 Roma
743 2235 867 2266 improbos,
876 2233 1088 2268 quastperrufis]
1107 2233 1170 2260 Ali-

212 2275 256 2295 ter
265 2267 403 2304 distinguit
416 2267 523 2303 vulgus,
535 2268 649 2293 Bonorum
657 2270 746 2294 animos
756 2277 883 2302 recreatos,
893 2274 964 2296 Romae
971 2271 1094 2302 improbos,
1104 2271 1172 2304 quasi

208 2305 334 2338 perculsps.
356 2303 503 2330 Lambinus
523 2303 588 2329 vero
607 2302 732 2339 opinatur
752 2304 893 2341 legendum
905 2316 912 2334 ι
931 2307 1085 2339 improborum
1101 2307 1171 2341 quasi

210 2345 338 2379 perculsis,
350 2352 380 2372 ut
390 2351 526 2381 repetatur
534 2340 594 2371 α’πό
605 2339 684 2371 mcvi?
692 2362 702 2378 ,
725 2346 826 2371 animos.

254 2390 280 2418 3.
299 2384 418 2418 Somnia]
440 2382 519 2418 Vulg.
530 2383 653 2417 infimnia.
681 2416 684 2417 ⁷

247 2425 276 2451 4.
295 2421 346 2453 Etsi
355 2419 466 2453 vivere]
484 2419 585 2454 Junius
595 2428 628 2446 ex
641 2418 698 2446 mll'.
710 2418 767 2446 Pal.
778 2417 863 2450 addit,
873 2426 919 2444 non
928 2419 984 2444 libet
994 2437 1003 2450 ,
1013 2426 1095 2445 unum
1107 2426 1170 2444 vero

212 2452 278 2480 dicit
289 2454 384 2481 habere
399 2465 446 2481 mn
455 2457 524 2481 licea-t
535 2475 544 2488 ,
562 2464 620 2491 qnae
629 2454 683 2481 duo
702 2455 798 2482 ultima
808 2453 932 2481 vocabula
943 2454 1079 2481 Victorius
1097 2453 1172 2481 dele·

210 2490 262 2521 vit,
274 2497 396 2526 tanquam
406 2490 544 2526 glossema,
552 2491 648 2518 cumin
660 2490 735 2518 nullo
745 2490 804 2518 mss.
813 2497 950 2519 extarent.
1110 2526 1114 2532 ¹

248 2534 274 2558 5.
293 2527 365 2559 Caffio
381 2527 487 2560 Interim]
509 2527 572 2554 Non
583 2534 688 2554 tantum
707 2527 733 2554 in
753 2525 881 2553 Torims.-
893 2526 937 2553 sed
955 2526 983 2553 &
997 2526 1024 2554 in
1044 2525 1167 2553 omnibus

209 2560 267 2587 aliis
277 2570 342 2597 quos
354 2561 444 2588 habuit
453 2561 543 2589 Bonus
555 2581 564 2594 ,
582 2562 707 2599 scriptum
726 2563 762 2590 est
771 2565 843 2597 Cafflo
854 2582 862 2594 ,
881 2572 935 2598 quo
954 2562 1036 2589 modo
1055 2562 1108 2598 legi
1119 2562 1167 2589 de-

209 2597 270 2623 bere
280 2597 386 2624 asserit:
402 2597 536 2624 Viktorius
547 2599 698 2632 adCafflum,
710 2599 892 2634 castigaverat,
903 2597 995 2625 eodem
1007 2599 1084 2634 plane
1095 2597 1166 2625 sensu

208 2643 274 2667 quo,
284 2635 366 2667 Caffio,
382 2633 445 2660 licet
454 2642 545 2660 omnes
557 2633 617 2660 libri
628 2634 705 2670 ipsius
715 2634 843 2661 haberent
855 2653 864 2666 ,
872 2636 943 2668 Caffii
952 2653 961 2667 ,
971 2641 1001 2661 ut
1011 2634 1047 2662 est
1058 2633 1167 2670 vulgata

207 2668 400 2732 lnbct}{osvii-'inunt
410 2707 454 2731 Ill.
464 2704 562 2740 millia]
573 2704 712 2734 ViStorius
722 2704 856 2734 referente
865 2704 942 2733 Bono
950 2714 1011 2742 pro,
1017 2707 1066 2733 m.
1076 2707 1161 2738 millia,

1244 2206 1274 2233 7.
1292 2204 1310 2225 ο
1320 2208 1368 2224 rem
1378 2200 1512 2234 miseram]
1537 2201 1606 2228 Bofii
1617 2211 1708 2229 omnes
1719 2203 1753 2230 sic
1762 2203 1873 2236 habent,
1883 2204 1909 2231 in
1923 2205 1996 2241 vulg.
2006 2206 2076 2234 deest
2087 2208 2108 2232 ὁ.

1208 2270 1226 2297 s
1245 2234 1273 2261 8.
1294 2236 1389 2269 Quies
1398 2238 1486 2262 exorior
1497 2236 1533 2271 ἓ]
1555 2238 1624 2264 Cum
1634 2239 1846 2276 interrogatione
1864 2240 2006 2277 legendum
2017 2242 2105 2270 censet
2115 2243 2170 2270 130-

1219 2280 1269 2298 ius,

1251 2315 1281 2342 9.
1307 2307 1384 2333 Plane
1401 2316 1454 2334 eum
1471 2309 1510 2335 eui
1525 2310 1608 2335 entus·
1627 2309 1735 2346 nostem]
1765 2311 1869 2340 Locum
1890 2312 1957 2340 hunc
1974 2312 2056 2340 foedis
2076 2323 2167 2341 macu-

1207 2342 1240 2370 lis
1251 2342 1432 2370 deformatum
1444 2362 1454 2376 ‚
1472 2343 1614 2371 meliorum
1625 2345 1704 2373 codd.
1716 2347 1818 2375 auxilio
1827 2349 1852 2375 ie
1862 2349 1982 2385 purgasse
1996 2350 2062 2376 dicit
2072 2350 2167 2377 Victo-

1207 2379 1273 2411 rius,
1284 2378 1423 2415 legebatur
1433 2380 1520 2416 prius,
1526 2382 1597 2414 plane
1607 2391 1658 2408 eum
1666 2385 1709 2417 qm·
1716 2385 1799 2417 noster.
1810 2385 1963 2413 Etiamnum
1972 2386 2000 2413 in
2012 2386 2084 2422 vulg.
2096 2386 2169 2415 deest

1207 2418 1300 2443 Cnaem.

1245 2460 1289 2479 10.
1308 2452 1373 2478 Pno
1393 2452 1464 2479 Surs
1485 2452 1523 2479 R.
1542 2454 1616 2486 Gestis
1629 2456 1793 2490 ampliffimis]
1818 2457 1925 2494 Scripsit
1943 2457 2032 2484 Bonus
2059 2465 2089 2485 ut
2105 2465 2168 2486 crat

1206 2496 1345 2515 exaratum
1356 2488 1384 2515 in
1393 2487 1490 2520 Scidis,
1496 2490 1595 2522 proficis
1603 2493 1632 2515 R.
1643 2492 1725 2524 Gestis,
1735 2491 1762 2518 id
1773 2492 1821 2524 est,
1827 2494 1926 2527 proficis
1937 2496 2006 2519 rebus
2015 2505 2022 2519 .·
2033 2503 2091 2521 uam
2102 2501 2166 2522 nota

1205 2528 1235 2550 R.
1245 2525 1273 2551 in
1284 2524 1360 2560 vulg.
1378 2524 1495 2552 evanuit.
1515 2524 1584 2551 Boni
1604 2525 1747 2553 ustionem
1767 2528 1905 2555 confirmat
1916 2529 2062 2556 Manutius.
2083 2531 2166 2556 Lam-

1206 2560 1282 2587 binus
1297 2559 1440 2596 legendum
1449 2560 1584 2587 existimat
1597 2581 1604 2593 ,
1619 2569 1662 2594 pro
1672 2564 1811 2596 rebusgestis
1822 2565 1959 2598 ampliffimic
1970 2584 1978 2596 ,
1992 2564 2080 2592 deleta
2090 2575 2165 2598 voce,

1198 2597 1262 2631 fiiis,
1273 2596 1315 2622 vel
1324 2597 1373 2623 tuis
1383 2607 1394 2628 ς
1403 2605 1432 2623 ut
1442 2595 1548 2632 quidam
1560 2597 1663 2624 malunt
1673 2597 1853 2634 libri.Junius
1864 2601 1928 2629 vers)
1941 2619 1949 2635 ‚
1963 2608 2008 2635 pro
2025 2602 2073 2629 tuis
2096 2604 2166 2629 relm-

1199 2633 1265 2668 gefliae
1276 2634 1349 2666 ampl.
1368 2631 1432 2659 licet
1441 2632 1573 2668 plerique,
1584 2640 1611 2659 ut
1621 2633 1659 2659 ait
1670 2634 1826 2665 reclament.

1245 2677 1256 2695 ι
1264 2676 1273 2693 1
1284 2689 1289 2695 .
1308 2671 1341 2694 De
1350 2671 1411 2693 H-S.
1422 2667 1596 2704 XX.]·Vulg.
1608 2668 1633 2694 de
1642 2672 1712 2697 Lm,
1722 2673 1778 2699 ΧΧ,

1243 2713 1287 2732 12.
1309 2707 1338 2730 Ut
1347 2704 1453 2739 susem]
1472 2703 1554 2740 Vulg.
1565 2706 1657 2740 rursm,

1582 3150 1731 3187 (loono¹
2071 3151 2160 3181 suu

2216 464 2263 493 25‘

2209 902 2256 936 ,τις

2224 1872 2233 1891 l
