<?xml version="1.0" encoding="UTF-8"?>
<!DOCTYPE html PUBLIC "-//W3C//DTD XHTML 1.0 Transitional//EN"
    "http://www.w3.org/TR/xhtml1/DTD/xhtml1-transitional.dtd">
<html xmlns="http://www.w3.org/1999/xhtml" xml:lang="en" lang="en">
 <head>
  <title>
</title>
<meta http-equiv="Content-Type" content="text/html;charset=utf-8" />
  <meta name='ocr-system' content='tesseract 3.04.00' />
  <meta name='ocr-capabilities' content='ocr_page ocr_carea ocr_par ocr_line ocrx_word'/>
</head>
<body>
  <div class='ocr_page' id='page_1' title='image "./mtuliiciceroniso00cice_0814.png"; bbox 0 0 2337 3400; ppageno 0'>
   <div class='ocr_carea' id='block_1_1' title="bbox 122 500 136 530">
    <p class='ocr_par' dir='ltr' id='par_1_1' title="bbox 122 500 136 530">
     <span class='ocr_line' id='line_1_1' title="bbox 122 500 136 530; textangle 90"><span class='ocrx_word' id='word_1_1' title='bbox 124 513 136 530; x_wconf 58' lang='grc' dir='ltr'>ἰ’</span> <span class='ocrx_word' id='word_1_2' title='bbox 122 500 134 510; x_wconf 67' lang='grc' dir='ltr'><em>δ</em></span> 
     </span>
    </p>
   </div>
   <div class='ocr_carea' id='block_1_2' title="bbox 86 1988 158 2018">
    <p class='ocr_par' dir='ltr' id='par_1_2' title="bbox 86 1988 158 2018">
     <span class='ocr_line' id='line_1_2' title="bbox 86 1988 158 2018; baseline -0.014 1"><span class='ocrx_word' id='word_1_3' title='bbox 86 2004 87 2007; x_wconf 56' lang='lat'><em>=</em></span> <span class='ocrx_word' id='word_1_4' title='bbox 132 1988 158 2018; x_wconf 77' lang='lat'>4</span> 
     </span>
    </p>
   </div>
   <div class='ocr_carea' id='block_1_3' title="bbox 141 2535 163 2566">
    <p class='ocr_par' dir='ltr' id='par_1_3' title="bbox 141 2535 163 2566">
     <span class='ocr_line' id='line_1_3' title="bbox 141 2535 163 2566; baseline 0 0"><span class='ocrx_word' id='word_1_5' title='bbox 141 2535 163 2566; x_wconf 81' lang='lat'>5</span> 
     </span>
    </p>
   </div>
   <div class='ocr_carea' id='block_1_4' title="bbox 151 99 1069 171">
    <p class='ocr_par' dir='ltr' id='par_1_4' title="bbox 151 99 1069 171">
     <span class='ocr_line' id='line_1_4' title="bbox 151 99 1069 171; baseline -0.023 -14"><span class='ocrx_word' id='word_1_6' title='bbox 151 109 245 171; x_wconf 54' lang='grc' dir='ltr'>ἶν’-8</span> <span class='ocrx_word' id='word_1_7' title='bbox 555 99 1069 149; x_wconf 57' lang='lat' dir='ltr'>MTULLH</span> 
     </span>
    </p>
   </div>
   <div class='ocr_carea' id='block_1_5' title="bbox 153 173 1114 466">
    <p class='ocr_par' dir='ltr' id='par_1_5' title="bbox 153 173 1114 466">
     <span class='ocr_line' id='line_1_5' title="bbox 153 173 1112 226; baseline -0.021 -6"><span class='ocrx_word' id='word_1_8' title='bbox 153 200 270 222; x_wconf 72' lang='lat' dir='ltr'>omnis,</span> <span class='ocrx_word' id='word_1_9' title='bbox 284 195 429 226; x_wconf 69' lang='lat' dir='ltr'>rogamus.</span> <span class='ocrx_word' id='word_1_10' title='bbox 454 186 536 213; x_wconf 67' lang='lat' dir='ltr'>Nam</span> <span class='ocrx_word' id='word_1_11' title='bbox 550 179 624 211; x_wconf 86' lang='lat' dir='ltr'>illud</span> <span class='ocrx_word' id='word_1_12' title='bbox 635 178 719 210; x_wconf 69' lang='lat' dir='ltr'>valde</span> <span class='ocrx_word' id='word_1_13' title='bbox 732 178 796 208; x_wconf 83' lang='lat' dir='ltr'>leve</span> <span class='ocrx_word' id='word_1_14' title='bbox 806 175 895 209; x_wconf 83' lang='lat' dir='ltr'>est,ac</span> <span class='ocrx_word' id='word_1_15' title='bbox 907 173 1112 220; x_wconf 79' lang='lat' dir='ltr'>nugatorium,</span> 
     </span>
     <span class='ocr_line' id='line_1_6' title="bbox 155 214 1114 261; baseline -0.018 -2"><span class='ocrx_word' id='word_1_16' title='bbox 155 243 186 261; x_wconf 68' lang='lat' dir='ltr'>ea</span> <span class='ocrx_word' id='word_1_17' title='bbox 208 242 235 260; x_wconf 76' lang='lat' dir='ltr'>re</span> <span class='ocrx_word' id='word_1_18' title='bbox 252 223 463 258; x_wconf 69' lang='lat' dir='ltr'>denuntiatum</span> <span class='ocrx_word' id='word_1_19' title='bbox 474 223 531 254; x_wconf 79' lang='lat' dir='ltr'>esse</span> <span class='ocrx_word' id='word_1_20' title='bbox 548 223 693 253; x_wconf 78' lang='lat' dir='ltr'>veteranis</span> <span class='ocrx_word' id='word_1_21' title='bbox 707 241 714 254; x_wconf 86' lang='lat'>,</span> <span class='ocrx_word' id='word_1_22' title='bbox 733 219 816 261; x_wconf 70' lang='lat' dir='ltr'>quod</span> <span class='ocrx_word' id='word_1_23' title='bbox 828 218 865 248; x_wconf 89' lang='lat' dir='ltr'>de</span> <span class='ocrx_word' id='word_1_24' title='bbox 877 214 1050 248; x_wconf 83' lang='lat' dir='ltr'>commodis</span> <span class='ocrx_word' id='word_1_25' title='bbox 1062 223 1114 243; x_wconf 86' lang='lat' dir='ltr'>eo-</span> 
     </span>
     <span class='ocr_line' id='line_1_7' title="bbox 157 257 1113 304; baseline -0.018 -3"><span class='ocrx_word' id='word_1_26' title='bbox 157 283 222 303; x_wconf 69' lang='lat' dir='ltr'>rnm</span> <span class='ocrx_word' id='word_1_27' title='bbox 238 271 337 299; x_wconf 71' lang='lat' dir='ltr'>mense</span> <span class='ocrx_word' id='word_1_28' title='bbox 350 269 439 302; x_wconf 78' lang='lat' dir='ltr'>lunio</span> <span class='ocrx_word' id='word_1_29' title='bbox 453 267 562 296; x_wconf 81' lang='lat' dir='ltr'>laturus</span> <span class='ocrx_word' id='word_1_30' title='bbox 571 263 655 295; x_wconf 76' lang='lat' dir='ltr'>ess&#39;es.</span> <span class='ocrx_word' id='word_1_31' title='bbox 683 265 785 301; x_wconf 84' lang='lat' dir='ltr'>Qem</span> <span class='ocrx_word' id='word_1_32' title='bbox 795 262 879 290; x_wconf 88' lang='lat' dir='ltr'>enim</span> <span class='ocrx_word' id='word_1_33' title='bbox 888 257 1113 304; x_wconf 79' lang='lat' dir='ltr'>impedimento</span> 
     </span>
     <span class='ocr_line' id='line_1_8' title="bbox 157 300 1112 350; baseline -0.016 -8"><span class='ocrx_word' id='word_1_34' title='bbox 157 321 291 343; x_wconf 71' lang='lat' dir='ltr'>intusum</span> <span class='ocrx_word' id='word_1_35' title='bbox 311 304 393 350; x_wconf 64' lang='lat' dir='ltr'>pn&#39;tas</span> <span class='ocrx_word' id='word_1_36' title='bbox 405 329 414 342; x_wconf 92' lang='lat'>,</span> <span class='ocrx_word' id='word_1_37' title='bbox 434 307 505 338; x_wconf 74' lang='lat' dir='ltr'>cuin</span> <span class='ocrx_word' id='word_1_38' title='bbox 525 308 561 337; x_wconf 77' lang='lat' dir='ltr'>de</span> <span class='ocrx_word' id='word_1_39' title='bbox 580 306 670 342; x_wconf 77' lang='lat' dir='ltr'>nobis</span> <span class='ocrx_word' id='word_1_40' title='bbox 680 313 796 334; x_wconf 77' lang='lat' dir='ltr'>certum</span> <span class='ocrx_word' id='word_1_41' title='bbox 807 301 840 332; x_wconf 86' lang='lat' dir='ltr'>sit</span> <span class='ocrx_word' id='word_1_42' title='bbox 852 322 860 335; x_wconf 95' lang='lat'>,</span> <span class='ocrx_word' id='word_1_43' title='bbox 877 310 933 346; x_wconf 84' lang='lat' dir='ltr'>nos</span> <span class='ocrx_word' id='word_1_44' title='bbox 944 300 1112 345; x_wconf 79' lang='lat' dir='ltr'>quieturos?</span> 
     </span>
     <span class='ocr_line' id='line_1_9' title="bbox 160 342 1111 390; baseline -0.017 -6"><span class='ocrx_word' id='word_1_45' title='bbox 160 357 233 384; x_wconf 79' lang='lat' dir='ltr'>Non</span> <span class='ocrx_word' id='word_1_46' title='bbox 250 352 398 382; x_wconf 77' lang='lat' dir='ltr'>debemus</span> <span class='ocrx_word' id='word_1_47' title='bbox 413 348 658 390; x_wconf 73' lang='lat' dir='ltr'>cuiquamvideri</span> <span class='ocrx_word' id='word_1_48' title='bbox 670 345 806 376; x_wconf 78' lang='lat' dir='ltr'>nimium</span> <span class='ocrx_word' id='word_1_49' title='bbox 815 342 997 386; x_wconf 37' lang='lat' dir='ltr'>cupidi-vitaz</span> <span class='ocrx_word' id='word_1_50' title='bbox 1010 360 1018 374; x_wconf 92' lang='lat'>,</span> <span class='ocrx_word' id='word_1_51' title='bbox 1039 348 1111 370; x_wconf 88' lang='lat' dir='ltr'>cum</span> 
     </span>
     <span class='ocr_line' id='line_1_10' title="bbox 156 381 1114 432; baseline -0.014 -8"><span class='ocrx_word' id='word_1_52' title='bbox 156 395 265 425; x_wconf 56' lang='lat' dir='ltr'>aei-idei</span> <span class='ocrx_word' id='word_1_53' title='bbox 274 404 288 423; x_wconf 87' lang='lat' dir='ltr'>e</span> <span class='ocrx_word' id='word_1_54' title='bbox 300 394 390 423; x_wconf 86' lang='lat' dir='ltr'>nobis</span> <span class='ocrx_word' id='word_1_55' title='bbox 399 393 478 422; x_wconf 85' lang='lat' dir='ltr'>nihii</span> <span class='ocrx_word' id='word_1_56' title='bbox 488 389 575 432; x_wconf 75' lang='lat' dir='ltr'>polsi:</span> <span class='ocrx_word' id='word_1_57' title='bbox 585 389 644 420; x_wconf 80' lang='lat' dir='ltr'>line</span> <span class='ocrx_word' id='word_1_58' title='bbox 654 389 798 429; x_wconf 73' lang='lat' dir='ltr'>pernicie,</span> <span class='ocrx_word' id='word_1_59' title='bbox 813 386 846 416; x_wconf 93' lang='lat'>&amp;</span> <span class='ocrx_word' id='word_1_60' title='bbox 857 381 1034 415; x_wconf 74' lang='lat' dir='ltr'>contusione</span> <span class='ocrx_word' id='word_1_61' title='bbox 1044 391 1114 413; x_wconf 89' lang='lat' dir='ltr'>om-</span> 
     </span>
     <span class='ocr_line' id='line_1_11' title="bbox 159 446 372 466; baseline -0.014 0"><span class='ocrx_word' id='word_1_62' title='bbox 159 447 246 466; x_wconf 74' lang='lat' dir='ltr'>nnnn</span> <span class='ocrx_word' id='word_1_63' title='bbox 262 446 372 465; x_wconf 79' lang='lat' dir='ltr'>rerum.</span> 
     </span>
    </p>
   </div>
   <div class='ocr_carea' id='block_1_6' title="bbox 201 476 1073 558">
    <p class='ocr_par' dir='ltr' id='par_1_6' title="bbox 201 476 1073 558">
     <span class='ocr_line' id='line_1_12' title="bbox 201 476 1073 518; baseline -0.015 -1"><span class='ocrx_word' id='word_1_64' title='bbox 201 487 426 518; x_wconf 81' lang='lat' dir='ltr'>BRUTU&#39;S,</span> <span class='ocrx_word' id='word_1_65' title='bbox 451 487 516 515; x_wconf 79' lang='lat' dir='ltr'>ET</span> <span class='ocrx_word' id='word_1_66' title='bbox 540 482 749 514; x_wconf 83' lang='lat' dir='ltr'>CASSIUS</span> <span class='ocrx_word' id='word_1_67' title='bbox 774 478 971 511; x_wconf 78' lang='lat' dir='ltr'>PRAETT.</span> <span class='ocrx_word' id='word_1_68' title='bbox 993 476 1073 508; x_wconf 87' lang='lat' dir='ltr'>s.D.</span> 
     </span>
     <span class='ocr_line' id='line_1_13' title="bbox 446 524 832 558; baseline -0.018 -1"><span class='ocrx_word' id='word_1_69' title='bbox 446 526 710 558; x_wconf 85' lang='lat' dir='ltr'>ANTONIO,</span> <span class='ocrx_word' id='word_1_70' title='bbox 734 524 832 554; x_wconf 76' lang='lat' dir='ltr'>COS.</span> 
     </span>
    </p>
   </div>
   <div class='ocr_carea' id='block_1_7' title="bbox 158 564 1133 1957">
    <p class='ocr_par' dir='ltr' id='par_1_7' title="bbox 158 564 1133 1957">
     <span class='ocr_line' id='line_1_14' title="bbox 241 564 1116 614; baseline -0.015 -7"><span class='ocrx_word' id='word_1_71' title='bbox 241 579 278 607; x_wconf 85' lang='lat' dir='ltr'>V.</span> <span class='ocrx_word' id='word_1_72' title='bbox 292 586 320 606; x_wconf 80' lang='lat' dir='ltr'>B.</span> <span class='ocrx_word' id='word_1_73' title='bbox 341 586 370 606; x_wconf 70' lang='grc' dir='ltr'>ε.</span> <span class='ocrx_word' id='word_1_74' title='bbox 391 576 518 606; x_wconf 79' lang='lat' dir='ltr'>Litteras</span> <span class='ocrx_word' id='word_1_75' title='bbox 544 583 607 604; x_wconf 75' lang='lat' dir='ltr'>tuas</span> <span class='ocrx_word' id='word_1_76' title='bbox 617 573 747 614; x_wconf 81' lang='lat' dir='ltr'>legimus</span> <span class='ocrx_word' id='word_1_77' title='bbox 759 591 767 604; x_wconf 84' lang='lat'><em>‚</em></span> <span class='ocrx_word' id='word_1_78' title='bbox 788 567 960 600; x_wconf 82' lang='lat' dir='ltr'>simillimas</span> <span class='ocrx_word' id='word_1_79' title='bbox 969 564 1061 597; x_wconf 59' lang='lat' dir='ltr'>edint-1</span> <span class='ocrx_word' id='word_1_80' title='bbox 1072 564 1116 595; x_wconf 89' lang='lat' dir='ltr'>tui</span> 
     </span>
     <span class='ocr_line' id='line_1_15' title="bbox 219 607 1114 655; baseline -0.015 -5"><span class='ocrx_word' id='word_1_81' title='bbox 219 617 466 649; x_wconf 82' lang='lat' dir='ltr'>‘contumeliosas</span> <span class='ocrx_word' id='word_1_82' title='bbox 478 637 487 651; x_wconf 93' lang='lat'>,</span> <span class='ocrx_word' id='word_1_83' title='bbox 507 617 653 646; x_wconf 86' lang='lat' dir='ltr'>minaceis</span> <span class='ocrx_word' id='word_1_84' title='bbox 664 635 672 648; x_wconf 89' lang='lat'>‚</span> <span class='ocrx_word' id='word_1_85' title='bbox 697 613 830 644; x_wconf 79' lang='lat' dir='ltr'>minime</span> <span class='ocrx_word' id='word_1_86' title='bbox 841 611 945 652; x_wconf 81' lang='lat' dir='ltr'>dignas</span> <span class='ocrx_word' id='word_1_87' title='bbox 955 629 963 643; x_wconf 85' lang='lat'><strong>,</strong></span> <span class='ocrx_word' id='word_1_88' title='bbox 982 618 1048 655; x_wconf 64' lang='lat' dir='ltr'>quat</span> <span class='ocrx_word' id='word_1_89' title='bbox 1061 607 1077 655; x_wconf 67' lang='lat' dir='ltr'>a</span> <span class='ocrx_word' id='word_1_90' title='bbox 1088 615 1114 637; x_wconf 90' lang='lat' dir='ltr'>te</span> 
     </span>
     <span class='ocr_line' id='line_1_16' title="bbox 159 650 1115 692; baseline -0.014 -1"><span class='ocrx_word' id='word_1_91' title='bbox 159 661 249 691; x_wconf 83' lang='lat' dir='ltr'>nobis</span> <span class='ocrx_word' id='word_1_92' title='bbox 262 663 461 691; x_wconf 79' lang='lat' dir='ltr'>mitterentur.</span> <span class='ocrx_word' id='word_1_93' title='bbox 486 661 553 688; x_wconf 90' lang='lat' dir='ltr'>Nos</span> <span class='ocrx_word' id='word_1_94' title='bbox 564 678 572 692; x_wconf 94' lang='lat'>,</span> <span class='ocrx_word' id='word_1_95' title='bbox 585 658 712 690; x_wconf 83' lang='lat' dir='ltr'>Antoni,</span> <span class='ocrx_word' id='word_1_96' title='bbox 724 664 752 686; x_wconf 92' lang='lat' dir='ltr'>te</span> <span class='ocrx_word' id='word_1_97' title='bbox 763 654 845 685; x_wconf 89' lang='lat' dir='ltr'>nulla</span> <span class='ocrx_word' id='word_1_98' title='bbox 854 650 1021 683; x_wconf 71' lang='lat' dir='ltr'>lacessimus</span> <span class='ocrx_word' id='word_1_99' title='bbox 1035 659 1115 688; x_wconf 65' lang='lat' dir='ltr'>inju-</span> 
     </span>
     <span class='ocr_line' id='line_1_17' title="bbox 158 691 1117 743; baseline -0.015 -10"><span class='ocrx_word' id='word_1_100' title='bbox 158 706 201 734; x_wconf 69' lang='lat' dir='ltr'>ria</span> <span class='ocrx_word' id='word_1_101' title='bbox 213 713 217 730; x_wconf 81' lang='lat' dir='ltr'>z</span> <span class='ocrx_word' id='word_1_102' title='bbox 229 713 326 743; x_wconf 82' lang='lat' dir='ltr'>neque</span> <span class='ocrx_word' id='word_1_103' title='bbox 340 703 519 732; x_wconf 81' lang='lat' dir='ltr'>miraturum</span> <span class='ocrx_word' id='word_1_104' title='bbox 531 698 715 730; x_wconf 70' lang='lat' dir='ltr'>credidimus</span> <span class='ocrx_word' id='word_1_105' title='bbox 725 718 733 731; x_wconf 94' lang='lat'>,</span> <span class='ocrx_word' id='word_1_106' title='bbox 753 696 773 726; x_wconf 90' lang='lat' dir='ltr'>s1</span> <span class='ocrx_word' id='word_1_107' title='bbox 783 703 935 736; x_wconf 83' lang='lat' dir='ltr'>praerores,</span> <span class='ocrx_word' id='word_1_108' title='bbox 959 692 992 722; x_wconf 73' lang='grc' dir='ltr'>δε</span> <span class='ocrx_word' id='word_1_109' title='bbox 1003 700 1035 721; x_wconf 89' lang='lat' dir='ltr'>ea</span> <span class='ocrx_word' id='word_1_110' title='bbox 1050 691 1117 732; x_wconf 86' lang='lat' dir='ltr'>dig-</span> 
     </span>
     <span class='ocr_line' id='line_1_18' title="bbox 160 733 1115 783; baseline -0.014 -9"><span class='ocrx_word' id='word_1_111' title='bbox 160 754 252 774; x_wconf 73' lang='lat' dir='ltr'>nitate</span> <span class='ocrx_word' id='word_1_112' title='bbox 271 746 430 777; x_wconf 85' lang='lat' dir='ltr'>homines.</span> <span class='ocrx_word' id='word_1_113' title='bbox 450 741 565 783; x_wconf 86' lang='lat' dir='ltr'>aliquid</span> <span class='ocrx_word' id='word_1_114' title='bbox 583 740 684 771; x_wconf 70' lang='grc' dir='ltr'>εάἰὲὶο</span> <span class='ocrx_word' id='word_1_115' title='bbox 701 735 931 780; x_wconf 78' lang='lat' dir='ltr'>postulassemus</span> <span class='ocrx_word' id='word_1_116' title='bbox 948 734 964 764; x_wconf 76' lang='lat' dir='ltr'>a</span> <span class='ocrx_word' id='word_1_117' title='bbox 981 733 1115 780; x_wconf 81' lang='lat' dir='ltr'>consule.</span> 
     </span>
     <span class='ocr_line' id='line_1_19' title="bbox 162 775 1117 828; baseline -0.015 -11"><span class='ocrx_word' id='word_1_118' title='bbox 162 787 254 828; x_wconf 74' lang='lat' dir='ltr'>Qod</span> <span class='ocrx_word' id='word_1_119' title='bbox 267 785 285 816; x_wconf 83' lang='lat' dir='ltr'>si</span> <span class='ocrx_word' id='word_1_120' title='bbox 298 787 462 828; x_wconf 64' lang='lat' dir='ltr'>v,ndignaris</span> <span class='ocrx_word' id='word_1_121' title='bbox 475 805 485 818; x_wconf 87' lang='lat'>‚</span> <span class='ocrx_word' id='word_1_122' title='bbox 495 784 580 814; x_wconf 84' lang='lat' dir='ltr'>ausos</span> <span class='ocrx_word' id='word_1_123' title='bbox 591 782 648 813; x_wconf 80' lang='lat' dir='ltr'>effe</span> <span class='ocrx_word' id='word_1_124' title='bbox 659 782 687 811; x_wconf 86' lang='lat' dir='ltr'>id</span> <span class='ocrx_word' id='word_1_125' title='bbox 699 782 793 811; x_wconf 69' lang='lat' dir='ltr'>facere</span> <span class='ocrx_word' id='word_1_126' title='bbox 805 790 810 808; x_wconf 90' lang='lat'>:</span> <span class='ocrx_word' id='word_1_127' title='bbox 822 776 954 808; x_wconf 79' lang='lat' dir='ltr'>concede</span> <span class='ocrx_word' id='word_1_128' title='bbox 964 775 1052 822; x_wconf 72' lang='lat' dir='ltr'>nobis</span> <span class='ocrx_word' id='word_1_129' title='bbox 1064 795 1073 807; x_wconf 93' lang='lat'>,</span> <span class='ocrx_word' id='word_1_130' title='bbox 1085 783 1117 821; x_wconf 80' lang='lat' dir='ltr'>ut</span> 
     </span>
     <span class='ocr_line' id='line_1_20' title="bbox 161 816 1113 867; baseline -0.015 -8"><span class='ocrx_word' id='word_1_131' title='bbox 161 829 319 859; x_wconf 72' lang='lat' dir='ltr'>doit-anius</span> <span class='ocrx_word' id='word_1_132' title='bbox 334 849 341 860; x_wconf 85' lang='grc'>,</span> <span class='ocrx_word' id='word_1_133' title='bbox 366 838 404 857; x_wconf 85' lang='lat' dir='ltr'>ne</span> <span class='ocrx_word' id='word_1_134' title='bbox 424 829 481 857; x_wconf 82' lang='lat' dir='ltr'>hoc</span> <span class='ocrx_word' id='word_1_135' title='bbox 491 825 617 867; x_wconf 88' lang='lat' dir='ltr'>quidem</span> <span class='ocrx_word' id='word_1_136' title='bbox 627 824 677 854; x_wconf 81' lang='lat' dir='ltr'>abs</span> <span class='ocrx_word' id='word_1_137' title='bbox 688 832 715 853; x_wconf 93' lang='lat' dir='ltr'>te</span> <span class='ocrx_word' id='word_1_138' title='bbox 726 825 818 852; x_wconf 87' lang='lat' dir='ltr'>Bruto</span> <span class='ocrx_word' id='word_1_139' title='bbox 829 840 837 853; x_wconf 88' lang='lat'>‚</span> <span class='ocrx_word' id='word_1_140' title='bbox 859 819 892 849; x_wconf 73' lang='grc' dir='ltr'>δε</span> <span class='ocrx_word' id='word_1_141' title='bbox 903 816 999 849; x_wconf 83' lang='lat' dir='ltr'>Caffio</span> <span class='ocrx_word' id='word_1_142' title='bbox 1011 817 1113 863; x_wconf 76' lang='lat' dir='ltr'>tribui.</span> 
     </span>
     <span class='ocr_line' id='line_1_21' title="bbox 163 863 1119 907; baseline -0.014 -7"><span class='ocrx_word' id='word_1_143' title='bbox 163 873 243 901; x_wconf 68' lang='lat' dir='ltr'>Nam</span> <span class='ocrx_word' id='word_1_144' title='bbox 256 871 291 901; x_wconf 83' lang='lat' dir='ltr'>de</span> <span class='ocrx_word' id='word_1_145' title='bbox 301 869 461 900; x_wconf 64' lang='lat' dir='ltr'>dileetibus</span> <span class='ocrx_word' id='word_1_146' title='bbox 475 868 592 900; x_wconf 77' lang='lat' dir='ltr'>habitis,</span> <span class='ocrx_word' id='word_1_147' title='bbox 604 866 637 896; x_wconf 64' lang='grc' dir='ltr'>ὃς</span> <span class='ocrx_word' id='word_1_148' title='bbox 647 865 782 906; x_wconf 87' lang='lat' dir='ltr'>pecuniis</span> <span class='ocrx_word' id='word_1_149' title='bbox 793 863 945 907; x_wconf 84' lang='lat' dir='ltr'>imperatis</span> <span class='ocrx_word' id='word_1_150' title='bbox 960 880 967 893; x_wconf 89' lang='lat'>‚</span> <span class='ocrx_word' id='word_1_151' title='bbox 978 866 1119 889; x_wconf 86' lang='lat' dir='ltr'>exerciti-</span> 
     </span>
     <span class='ocr_line' id='line_1_22' title="bbox 162 901 1118 943; baseline -0.017 1"><span class='ocrx_word' id='word_1_152' title='bbox 162 914 218 942; x_wconf 84' lang='lat' dir='ltr'>bus</span> <span class='ocrx_word' id='word_1_153' title='bbox 237 913 403 943; x_wconf 71' lang='lat' dir='ltr'>sollicitatis</span> <span class='ocrx_word' id='word_1_154' title='bbox 425 911 457 941; x_wconf 71' lang='lat' dir='ltr'>Sc</span> <span class='ocrx_word' id='word_1_155' title='bbox 468 911 583 940; x_wconf 82' lang='lat' dir='ltr'>nuntiis</span> <span class='ocrx_word' id='word_1_156' title='bbox 594 918 673 938; x_wconf 83' lang='lat' dir='ltr'>trans</span> <span class='ocrx_word' id='word_1_157' title='bbox 684 916 764 936; x_wconf 89' lang='lat' dir='ltr'>mare</span> <span class='ocrx_word' id='word_1_158' title='bbox 774 903 869 934; x_wconf 86' lang='lat' dir='ltr'>missis</span> <span class='ocrx_word' id='word_1_159' title='bbox 884 923 892 936; x_wconf 89' lang='lat'>‚</span> <span class='ocrx_word' id='word_1_160' title='bbox 913 901 996 943; x_wconf 71' lang='lat' dir='ltr'>quod</span> <span class='ocrx_word' id='word_1_161' title='bbox 1006 910 1034 931; x_wconf 86' lang='lat' dir='ltr'>te</span> <span class='ocrx_word' id='word_1_162' title='bbox 1044 910 1118 941; x_wconf 91' lang='lat' dir='ltr'>que-</span> 
     </span>
     <span class='ocr_line' id='line_1_23' title="bbox 162 945 1116 993; baseline -0.015 -8"><span class='ocrx_word' id='word_1_163' title='bbox 162 954 241 985; x_wconf 83' lang='lat' dir='ltr'>stum</span> <span class='ocrx_word' id='word_1_164' title='bbox 266 954 322 984; x_wconf 85' lang='lat' dir='ltr'>ess&#39;e</span> <span class='ocrx_word' id='word_1_165' title='bbox 334 963 421 993; x_wconf 67' lang='lat' dir='ltr'>negas</span> <span class='ocrx_word' id='word_1_166' title='bbox 434 964 439 981; x_wconf 91' lang='lat'>:</span> <span class='ocrx_word' id='word_1_167' title='bbox 459 962 512 982; x_wconf 82' lang='lat' dir='ltr'>nos</span> <span class='ocrx_word' id='word_1_168' title='bbox 522 954 646 991; x_wconf 77' lang='lat' dir='ltr'>quidem</span> <span class='ocrx_word' id='word_1_169' title='bbox 657 949 713 979; x_wconf 86' lang='lat' dir='ltr'>tibi</span> <span class='ocrx_word' id='word_1_170' title='bbox 723 947 872 978; x_wconf 89' lang='lat' dir='ltr'>credimus</span> <span class='ocrx_word' id='word_1_171' title='bbox 882 946 1003 984; x_wconf 87' lang='lat' dir='ltr'>optimo</span> <span class='ocrx_word' id='word_1_172' title='bbox 1011 945 1116 973; x_wconf 77' lang='lat' dir='ltr'>animo</span> 
     </span>
     <span class='ocr_line' id='line_1_24' title="bbox 161 986 1116 1033; baseline -0.014 -7"><span class='ocrx_word' id='word_1_173' title='bbox 161 1006 190 1026; x_wconf 87' lang='lat' dir='ltr'>te</span> <span class='ocrx_word' id='word_1_174' title='bbox 207 995 306 1027; x_wconf 79' lang='lat' dir='ltr'>feciffe</span> <span class='ocrx_word' id='word_1_175' title='bbox 320 1007 325 1024; x_wconf 78' lang='lat'>1</span> <span class='ocrx_word' id='word_1_176' title='bbox 343 987 392 1026; x_wconf 61' lang='lat' dir='ltr'>sed</span> <span class='ocrx_word' id='word_1_177' title='bbox 403 1004 503 1025; x_wconf 72' lang='lat' dir='ltr'>[anien</span> <span class='ocrx_word' id='word_1_178' title='bbox 517 1002 612 1033; x_wconf 85' lang='lat' dir='ltr'>neque</span> <span class='ocrx_word' id='word_1_179' title='bbox 622 991 813 1032; x_wconf 83' lang='lat' dir='ltr'>agnoscimus</span> <span class='ocrx_word' id='word_1_180' title='bbox 822 986 988 1032; x_wconf 40' lang='lat' dir='ltr'>quidqu-am</span> <span class='ocrx_word' id='word_1_181' title='bbox 999 993 1116 1032; x_wconf 77' lang='lat' dir='ltr'>eorum:</span> 
     </span>
     <span class='ocr_line' id='line_1_25' title="bbox 161 1027 1117 1070; baseline -0.015 -1"><span class='ocrx_word' id='word_1_182' title='bbox 161 1038 196 1068; x_wconf 90' lang='lat'>&amp;</span> <span class='ocrx_word' id='word_1_183' title='bbox 207 1048 233 1069; x_wconf 87' lang='lat' dir='ltr'>te</span> <span class='ocrx_word' id='word_1_184' title='bbox 244 1041 398 1069; x_wconf 74' lang='lat' dir='ltr'>miramur,</span> <span class='ocrx_word' id='word_1_185' title='bbox 410 1036 482 1066; x_wconf 70' lang='lat' dir='ltr'>ct‘nn</span> <span class='ocrx_word' id='word_1_186' title='bbox 493 1036 554 1065; x_wconf 79' lang='lat' dir='ltr'>haec</span> <span class='ocrx_word' id='word_1_187' title='bbox 566 1034 718 1063; x_wconf 86' lang='lat' dir='ltr'>reticueris</span> <span class='ocrx_word' id='word_1_188' title='bbox 726 1051 735 1066; x_wconf 90' lang='lat'>,</span> <span class='ocrx_word' id='word_1_189' title='bbox 749 1041 813 1061; x_wconf 92' lang='lat' dir='ltr'>non</span> <span class='ocrx_word' id='word_1_190' title='bbox 823 1027 951 1070; x_wconf 85' lang='lat' dir='ltr'>potuisse</span> <span class='ocrx_word' id='word_1_191' title='bbox 960 1035 1117 1058; x_wconf 84' lang='lat' dir='ltr'>continere</span> 
     </span>
     <span class='ocr_line' id='line_1_26' title="bbox 161 1069 1119 1117; baseline -0.016 -6"><span class='ocrx_word' id='word_1_192' title='bbox 161 1081 346 1111; x_wconf 64' lang='lat' dir='ltr'>iracundiam</span> <span class='ocrx_word' id='word_1_193' title='bbox 371 1088 452 1109; x_wconf 81' lang='lat' dir='ltr'>tuam</span> <span class='ocrx_word' id='word_1_194' title='bbox 464 1098 471 1110; x_wconf 81' lang='lat'>,</span> <span class='ocrx_word' id='word_1_195' title='bbox 492 1078 567 1117; x_wconf 89' lang='lat' dir='ltr'>quin</span> <span class='ocrx_word' id='word_1_196' title='bbox 578 1076 667 1105; x_wconf 89' lang='lat' dir='ltr'>nobis</span> <span class='ocrx_word' id='word_1_197' title='bbox 680 1074 716 1104; x_wconf 90' lang='lat' dir='ltr'>de</span> <span class='ocrx_word' id='word_1_198' title='bbox 726 1081 824 1104; x_wconf 89' lang='lat' dir='ltr'>morte</span> <span class='ocrx_word' id='word_1_199' title='bbox 835 1071 954 1102; x_wconf 87' lang='lat' dir='ltr'>Caesaris</span> <span class='ocrx_word' id='word_1_200' title='bbox 963 1069 1119 1109; x_wconf 86' lang='lat' dir='ltr'>objiceres.</span> 
     </span>
     <span class='ocr_line' id='line_1_27' title="bbox 161 1113 1119 1162; baseline -0.015 -10"><span class='ocrx_word' id='word_1_201' title='bbox 161 1123 243 1152; x_wconf 81' lang='lat' dir='ltr'>Illud</span> <span class='ocrx_word' id='word_1_202' title='bbox 262 1123 333 1152; x_wconf 73' lang='lat' dir='ltr'>vero</span> <span class='ocrx_word' id='word_1_203' title='bbox 344 1118 604 1162; x_wconf 80' lang='lat' dir='ltr'>quemadmodum</span> <span class='ocrx_word' id='word_1_204' title='bbox 612 1116 771 1147; x_wconf 84' lang='lat' dir='ltr'>ferendum</span> <span class='ocrx_word' id='word_1_205' title='bbox 780 1114 813 1144; x_wconf 82' lang='lat' dir='ltr'>sit</span> <span class='ocrx_word' id='word_1_206' title='bbox 823 1135 831 1148; x_wconf 95' lang='lat'>,</span> <span class='ocrx_word' id='word_1_207' title='bbox 853 1122 915 1144; x_wconf 88' lang='lat' dir='ltr'>tute</span> <span class='ocrx_word' id='word_1_208' title='bbox 923 1113 1036 1153; x_wconf 83' lang='lat' dir='ltr'>cogita:</span> <span class='ocrx_word' id='word_1_209' title='bbox 1054 1119 1119 1155; x_wconf 85' lang='lat' dir='ltr'>non</span> 
     </span>
     <span class='ocr_line' id='line_1_28' title="bbox 162 1151 1118 1204; baseline -0.014 -11"><span class='ocrx_word' id='word_1_210' title='bbox 162 1165 219 1194; x_wconf 59' lang='lat' dir='ltr'>lie&lt;</span> <span class='ocrx_word' id='word_1_211' title='bbox 226 1174 252 1194; x_wconf 83' lang='lat' dir='ltr'>re</span> <span class='ocrx_word' id='word_1_212' title='bbox 271 1162 448 1204; x_wconf 84' lang='lat' dir='ltr'>praetoribus</span> <span class='ocrx_word' id='word_1_213' title='bbox 463 1182 472 1195; x_wconf 92' lang='lat'>‚</span> <span class='ocrx_word' id='word_1_214' title='bbox 491 1159 673 1191; x_wconf 83' lang='lat' dir='ltr'>concordiae.</span> <span class='ocrx_word' id='word_1_215' title='bbox 683 1158 866 1188; x_wconf 89' lang='lat' dir='ltr'>aclibertatis</span> <span class='ocrx_word' id='word_1_216' title='bbox 874 1154 958 1186; x_wconf 87' lang='lat' dir='ltr'>causa</span> <span class='ocrx_word' id='word_1_217' title='bbox 970 1173 978 1186; x_wconf 86' lang='lat'>‚</span> <span class='ocrx_word' id='word_1_218' title='bbox 996 1161 1047 1192; x_wconf 89' lang='lat' dir='ltr'>per</span> <span class='ocrx_word' id='word_1_219' title='bbox 1055 1151 1118 1180; x_wconf 85' lang='lat' dir='ltr'>edi-</span> 
     </span>
     <span class='ocr_line' id='line_1_29' title="bbox 164 1196 1120 1244; baseline -0.016 -8"><span class='ocrx_word' id='word_1_220' title='bbox 164 1206 248 1235; x_wconf 63' lang='lat' dir='ltr'>etum</span> <span class='ocrx_word' id='word_1_221' title='bbox 263 1226 271 1239; x_wconf 96' lang='lat'>‚</span> <span class='ocrx_word' id='word_1_222' title='bbox 294 1205 331 1235; x_wconf 84' lang='lat' dir='ltr'>de</span> <span class='ocrx_word' id='word_1_223' title='bbox 348 1206 402 1235; x_wconf 83' lang='lat' dir='ltr'>suo</span> <span class='ocrx_word' id='word_1_224' title='bbox 419 1204 483 1244; x_wconf 84' lang='lat' dir='ltr'>jure</span> <span class='ocrx_word' id='word_1_225' title='bbox 503 1202 644 1233; x_wconf 72' lang='lat' dir='ltr'>decedere</span> <span class='ocrx_word' id='word_1_226' title='bbox 655 1221 664 1235; x_wconf 90' lang='lat'>‚</span> <span class='ocrx_word' id='word_1_227' title='bbox 684 1201 760 1242; x_wconf 88' lang='lat' dir='ltr'>quin</span> <span class='ocrx_word' id='word_1_228' title='bbox 770 1198 967 1230; x_wconf 78' lang='lat' dir='ltr'>consularma</span> <span class='ocrx_word' id='word_1_229' title='bbox 978 1196 1120 1241; x_wconf 80' lang='lat' dir='ltr'>minetur.</span> 
     </span>
     <span class='ocr_line' id='line_1_30' title="bbox 162 1240 1121 1288; baseline -0.014 -12"><span class='ocrx_word' id='word_1_230' title='bbox 162 1252 304 1288; x_wconf 55' lang='lat' dir='ltr'>Quorum</span> <span class='ocrx_word' id='word_1_231' title='bbox 325 1245 434 1277; x_wconf 78' lang='lat' dir='ltr'>fiducia</span> <span class='ocrx_word' id='word_1_232' title='bbox 451 1246 530 1276; x_wconf 87' lang='lat' dir='ltr'>nihil</span> <span class='ocrx_word' id='word_1_233' title='bbox 550 1243 593 1275; x_wconf 85' lang='lat' dir='ltr'>est</span> <span class='ocrx_word' id='word_1_234' title='bbox 612 1242 695 1285; x_wconf 73' lang='lat' dir='ltr'>quod</span> <span class='ocrx_word' id='word_1_235' title='bbox 712 1252 767 1272; x_wconf 90' lang='lat' dir='ltr'>nos</span> <span class='ocrx_word' id='word_1_236' title='bbox 776 1249 894 1271; x_wconf 85' lang='lat' dir='ltr'>terreas.</span> <span class='ocrx_word' id='word_1_237' title='bbox 918 1240 1026 1283; x_wconf 84' lang='lat' dir='ltr'>Neque</span> <span class='ocrx_word' id='word_1_238' title='bbox 1036 1244 1121 1265; x_wconf 87' lang='lat' dir='ltr'>enim</span> 
     </span>
     <span class='ocr_line' id='line_1_31' title="bbox 163 1282 1120 1327; baseline -0.015 -7"><span class='ocrx_word' id='word_1_239' title='bbox 163 1291 261 1322; x_wconf 81' lang='lat' dir='ltr'>decet,</span> <span class='ocrx_word' id='word_1_240' title='bbox 271 1298 320 1320; x_wconf 87' lang='lat' dir='ltr'>aut</span> <span class='ocrx_word' id='word_1_241' title='bbox 330 1290 474 1319; x_wconf 85' lang='lat' dir='ltr'>convenit</span> <span class='ocrx_word' id='word_1_242' title='bbox 484 1286 721 1327; x_wconf 81' lang='lat' dir='ltr'>nobis‚periculo</span> <span class='ocrx_word' id='word_1_243' title='bbox 732 1285 787 1314; x_wconf 85' lang='lat' dir='ltr'>ulli</span> <span class='ocrx_word' id='word_1_244' title='bbox 797 1282 971 1313; x_wconf 84' lang='lat' dir='ltr'>submittere</span> <span class='ocrx_word' id='word_1_245' title='bbox 980 1285 1120 1326; x_wconf 83' lang='lat' dir='ltr'>animum</span> 
     </span>
     <span class='ocr_line' id='line_1_32' title="bbox 165 1324 1120 1371; baseline -0.014 -10"><span class='ocrx_word' id='word_1_246' title='bbox 165 1331 314 1362; x_wconf 90' lang='lat' dir='ltr'>nostrum.</span> <span class='ocrx_word' id='word_1_247' title='bbox 338 1333 448 1371; x_wconf 86' lang='lat' dir='ltr'>Neque</span> <span class='ocrx_word' id='word_1_248' title='bbox 457 1328 501 1360; x_wconf 84' lang='lat' dir='ltr'>est</span> <span class='ocrx_word' id='word_1_249' title='bbox 510 1330 648 1359; x_wconf 82' lang='lat' dir='ltr'>Antonio</span> <span class='ocrx_word' id='word_1_250' title='bbox 657 1324 884 1367; x_wconf 87' lang='lat' dir='ltr'>postulandum,</span> <span class='ocrx_word' id='word_1_251' title='bbox 895 1331 927 1352; x_wconf 88' lang='lat' dir='ltr'>ut</span> <span class='ocrx_word' id='word_1_252' title='bbox 936 1324 975 1351; x_wconf 88' lang='lat' dir='ltr'>iis</span> <span class='ocrx_word' id='word_1_253' title='bbox 983 1327 1120 1360; x_wconf 82' lang='lat' dir='ltr'>imperet,</span> 
     </span>
     <span class='ocr_line' id='line_1_33' title="bbox 164 1362 1121 1414; baseline -0.015 -10"><span class='ocrx_word' id='word_1_254' title='bbox 164 1383 297 1414; x_wconf 88' lang='lat' dir='ltr'>quorum</span> <span class='ocrx_word' id='word_1_255' title='bbox 312 1382 401 1412; x_wconf 89' lang='lat' dir='ltr'>opera</span> <span class='ocrx_word' id='word_1_256' title='bbox 410 1372 485 1402; x_wconf 81' lang='lat' dir='ltr'>liber</span> <span class='ocrx_word' id='word_1_257' title='bbox 494 1371 544 1402; x_wconf 86' lang='lat' dir='ltr'>est.</span> <span class='ocrx_word' id='word_1_258' title='bbox 569 1373 636 1401; x_wconf 87' lang='lat' dir='ltr'>Nos</span> <span class='ocrx_word' id='word_1_259' title='bbox 648 1369 667 1399; x_wconf 87' lang='lat' dir='ltr'>fi</span> <span class='ocrx_word' id='word_1_260' title='bbox 678 1370 734 1400; x_wconf 84' lang='lat' dir='ltr'>alia</span> <span class='ocrx_word' id='word_1_261' title='bbox 743 1369 931 1398; x_wconf 86' lang='lat' dir='ltr'>hortarentur</span> <span class='ocrx_word' id='word_1_262' title='bbox 940 1384 949 1398; x_wconf 91' lang='lat'>‚</span> <span class='ocrx_word' id='word_1_263' title='bbox 961 1371 994 1393; x_wconf 86' lang='lat' dir='ltr'>ut</span> <span class='ocrx_word' id='word_1_264' title='bbox 1004 1362 1121 1393; x_wconf 86' lang='lat' dir='ltr'>bellum</span> 
     </span>
     <span class='ocr_line' id='line_1_34' title="bbox 163 1403 1121 1447; baseline -0.015 -1"><span class='ocrx_word' id='word_1_265' title='bbox 163 1416 255 1446; x_wconf 79' lang='lat' dir='ltr'>civile</span> <span class='ocrx_word' id='word_1_266' title='bbox 282 1415 418 1446; x_wconf 85' lang='lat' dir='ltr'>suscitare</span> <span class='ocrx_word' id='word_1_267' title='bbox 437 1414 586 1444; x_wconf 79' lang='lat' dir='ltr'>vellemus</span> <span class='ocrx_word' id='word_1_268' title='bbox 603 1432 612 1446; x_wconf 87' lang='lat'>‚</span> <span class='ocrx_word' id='word_1_269' title='bbox 643 1412 749 1443; x_wconf 83' lang='lat' dir='ltr'>litterae</span> <span class='ocrx_word' id='word_1_270' title='bbox 773 1419 830 1440; x_wconf 85' lang='lat' dir='ltr'>tuae</span> <span class='ocrx_word' id='word_1_271' title='bbox 839 1407 918 1438; x_wconf 81' lang='lat' dir='ltr'>nihil</span> <span class='ocrx_word' id='word_1_272' title='bbox 932 1403 1121 1447; x_wconf 84' lang='lat' dir='ltr'>proficerent.</span> 
     </span>
     <span class='ocr_line' id='line_1_35' title="bbox 165 1455 1121 1494; baseline -0.015 -6"><span class='ocrx_word' id='word_1_273' title='bbox 165 1459 293 1488; x_wconf 79' lang='lat' dir='ltr'>NULLA</span> <span class='ocrx_word' id='word_1_274' title='bbox 303 1459 386 1487; x_wconf 90' lang='lat' dir='ltr'>enim</span> <span class='ocrx_word' id='word_1_275' title='bbox 400 1465 572 1487; x_wconf 68' lang='lat' dir='ltr'>MiNAnris</span> <span class='ocrx_word' id='word_1_276' title='bbox 581 1461 792 1485; x_wconf 70' lang='lat' dir='ltr'>AucromrAs</span> <span class='ocrx_word' id='word_1_277' title='bbox 802 1459 892 1481; x_wconf 80' lang='lat' dir='ltr'>APUD</span> <span class='ocrx_word' id='word_1_278' title='bbox 902 1455 1121 1494; x_wconf 66' lang='lat' dir='ltr'>Lrnssnosrssr.</span> 
     </span>
     <span class='ocr_line' id='line_1_36' title="bbox 164 1487 1122 1540; baseline -0.015 -10"><span class='ocrx_word' id='word_1_279' title='bbox 164 1498 223 1530; x_wconf 87' lang='lat' dir='ltr'>Sed</span> <span class='ocrx_word' id='word_1_280' title='bbox 246 1499 370 1538; x_wconf 67' lang='lat' dir='ltr'>pulchre</span> <span class='ocrx_word' id='word_1_281' title='bbox 379 1499 525 1540; x_wconf 84' lang='lat' dir='ltr'>intelligis</span> <span class='ocrx_word' id='word_1_282' title='bbox 534 1507 599 1528; x_wconf 90' lang='lat' dir='ltr'>non</span> <span class='ocrx_word' id='word_1_283' title='bbox 610 1495 693 1537; x_wconf 85' lang='lat' dir='ltr'>poffe</span> <span class='ocrx_word' id='word_1_284' title='bbox 701 1505 760 1525; x_wconf 90' lang='lat' dir='ltr'>nos</span> <span class='ocrx_word' id='word_1_285' title='bbox 769 1501 921 1535; x_wconf 84' lang='lat' dir='ltr'>quoquam</span> <span class='ocrx_word' id='word_1_286' title='bbox 933 1488 1069 1530; x_wconf 82' lang='lat' dir='ltr'>impelli:</span> <span class='ocrx_word' id='word_1_287' title='bbox 1087 1487 1122 1517; x_wconf 88' lang='lat'>&amp;</span> 
     </span>
     <span class='ocr_line' id='line_1_37' title="bbox 166 1532 1122 1580; baseline -0.014 -9"><span class='ocrx_word' id='word_1_288' title='bbox 166 1539 295 1571; x_wconf 73' lang='lat' dir='ltr'>fortaffis</span> <span class='ocrx_word' id='word_1_289' title='bbox 304 1550 339 1570; x_wconf 86' lang='lat' dir='ltr'>ea</span> <span class='ocrx_word' id='word_1_290' title='bbox 348 1550 377 1571; x_wconf 85' lang='lat' dir='ltr'>re</span> <span class='ocrx_word' id='word_1_291' title='bbox 388 1542 544 1570; x_wconf 83' lang='lat' dir='ltr'>minaciter</span> <span class='ocrx_word' id='word_1_292' title='bbox 552 1541 613 1580; x_wconf 87' lang='lat' dir='ltr'>agis</span> <span class='ocrx_word' id='word_1_293' title='bbox 624 1559 633 1572; x_wconf 93' lang='lat'>,</span> <span class='ocrx_word' id='word_1_294' title='bbox 651 1546 685 1568; x_wconf 91' lang='lat' dir='ltr'>ut</span> <span class='ocrx_word' id='word_1_295' title='bbox 693 1536 843 1577; x_wconf 85' lang='lat' dir='ltr'>judicium</span> <span class='ocrx_word' id='word_1_296' title='bbox 854 1532 992 1563; x_wconf 89' lang='lat' dir='ltr'>nostrum</span> <span class='ocrx_word' id='word_1_297' title='bbox 1001 1551 1009 1565; x_wconf 86' lang='lat'><em>‚</em></span> <span class='ocrx_word' id='word_1_298' title='bbox 1022 1538 1122 1577; x_wconf 82' lang='lat' dir='ltr'>metus</span> 
     </span>
     <span class='ocr_line' id='line_1_38' title="bbox 166 1579 1124 1614; baseline -0.014 -1"><span class='ocrx_word' id='word_1_299' title='bbox 166 1583 310 1614; x_wconf 84' lang='lat' dir='ltr'>videatur.</span> <span class='ocrx_word' id='word_1_300' title='bbox 335 1584 404 1612; x_wconf 87' lang='lat' dir='ltr'>Nos</span> <span class='ocrx_word' id='word_1_301' title='bbox 424 1585 455 1612; x_wconf 90' lang='lat' dir='ltr'>in</span> <span class='ocrx_word' id='word_1_302' title='bbox 474 1583 528 1612; x_wconf 83' lang='lat' dir='ltr'>hac</span> <span class='ocrx_word' id='word_1_303' title='bbox 546 1581 690 1612; x_wconf 84' lang='lat' dir='ltr'>sententia</span> <span class='ocrx_word' id='word_1_304' title='bbox 699 1579 803 1609; x_wconf 86' lang='lat' dir='ltr'>sumus</span> <span class='ocrx_word' id='word_1_305' title='bbox 816 1596 825 1610; x_wconf 79' lang='lat'>‚</span> <span class='ocrx_word' id='word_1_306' title='bbox 845 1584 877 1606; x_wconf 87' lang='lat' dir='ltr'>ut</span> <span class='ocrx_word' id='word_1_307' title='bbox 887 1584 913 1605; x_wconf 86' lang='lat' dir='ltr'>te</span> <span class='ocrx_word' id='word_1_308' title='bbox 923 1581 1079 1614; x_wconf 83' lang='lat' dir='ltr'>cupiamus</span> <span class='ocrx_word' id='word_1_309' title='bbox 1090 1581 1124 1601; x_wconf 86' lang='lat' dir='ltr'>in</span> 
     </span>
     <span class='ocr_line' id='line_1_39' title="bbox 168 1612 1125 1665; baseline -0.013 -10"><span class='ocrx_word' id='word_1_310' title='bbox 168 1624 262 1655; x_wconf 83' lang='lat' dir='ltr'>libera</span> <span class='ocrx_word' id='word_1_311' title='bbox 271 1634 332 1664; x_wconf 88' lang='lat' dir='ltr'>rep.</span> <span class='ocrx_word' id='word_1_312' title='bbox 346 1634 488 1665; x_wconf 86' lang='lat' dir='ltr'>magnum</span> <span class='ocrx_word' id='word_1_313' title='bbox 500 1644 508 1657; x_wconf 91' lang='lat'>‚</span> <span class='ocrx_word' id='word_1_314' title='bbox 529 1632 616 1663; x_wconf 90' lang='lat' dir='ltr'>atque</span> <span class='ocrx_word' id='word_1_315' title='bbox 624 1620 788 1652; x_wconf 84' lang='lat' dir='ltr'>honestum</span> <span class='ocrx_word' id='word_1_316' title='bbox 798 1616 872 1649; x_wconf 78' lang='lat' dir='ltr'>effe:</span> <span class='ocrx_word' id='word_1_317' title='bbox 895 1624 1040 1647; x_wconf 88' lang='lat' dir='ltr'>vocemus</span> <span class='ocrx_word' id='word_1_318' title='bbox 1051 1623 1079 1644; x_wconf 90' lang='lat' dir='ltr'>te</span> <span class='ocrx_word' id='word_1_319' title='bbox 1088 1612 1125 1644; x_wconf 89' lang='lat' dir='ltr'>ad</span> 
     </span>
     <span class='ocr_line' id='line_1_40' title="bbox 169 1657 1122 1704; baseline -0.013 -7"><span class='ocrx_word' id='word_1_320' title='bbox 169 1666 268 1698; x_wconf 88' lang='lat' dir='ltr'>nullas</span> <span class='ocrx_word' id='word_1_321' title='bbox 284 1668 479 1696; x_wconf 76' lang='lat' dir='ltr'>inimicitias:</span> <span class='ocrx_word' id='word_1_322' title='bbox 496 1665 544 1695; x_wconf 89' lang='lat' dir='ltr'>sed</span> <span class='ocrx_word' id='word_1_323' title='bbox 563 1674 664 1694; x_wconf 90' lang='lat' dir='ltr'>tamen</span> <span class='ocrx_word' id='word_1_324' title='bbox 685 1663 778 1703; x_wconf 90' lang='lat' dir='ltr'>pluris</span> <span class='ocrx_word' id='word_1_325' title='bbox 799 1659 931 1691; x_wconf 87' lang='lat' dir='ltr'>nostram</span> <span class='ocrx_word' id='word_1_326' title='bbox 942 1657 1122 1704; x_wconf 82' lang='lat' dir='ltr'>libertatem,</span> 
     </span>
     <span class='ocr_line' id='line_1_41' title="bbox 171 1703 1126 1750; baseline -0.013 -11"><span class='ocrx_word' id='word_1_327' title='bbox 171 1708 264 1750; x_wconf 75' lang='lat' dir='ltr'>quam</span> <span class='ocrx_word' id='word_1_328' title='bbox 281 1717 363 1738; x_wconf 81' lang='lat' dir='ltr'>tuam</span> <span class='ocrx_word' id='word_1_329' title='bbox 381 1708 546 1738; x_wconf 86' lang='lat' dir='ltr'>amicitiam</span> <span class='ocrx_word' id='word_1_330' title='bbox 561 1705 756 1737; x_wconf 78' lang='lat' dir='ltr'>aestimemus.</span> <span class='ocrx_word' id='word_1_331' title='bbox 780 1703 930 1734; x_wconf 88' lang='lat' dir='ltr'>Tuetiam</span> <span class='ocrx_word' id='word_1_332' title='bbox 939 1708 1025 1740; x_wconf 88' lang='lat' dir='ltr'>atque</span> <span class='ocrx_word' id='word_1_333' title='bbox 1034 1706 1126 1728; x_wconf 89' lang='lat' dir='ltr'>etiam</span> 
     </span>
     <span class='ocr_line' id='line_1_42' title="bbox 169 1741 1128 1791; baseline -0.013 -10"><span class='ocrx_word' id='word_1_334' title='bbox 169 1750 240 1781; x_wconf 89' lang='lat' dir='ltr'>vide</span> <span class='ocrx_word' id='word_1_335' title='bbox 251 1770 259 1784; x_wconf 91' lang='lat'>‚</span> <span class='ocrx_word' id='word_1_336' title='bbox 277 1749 350 1791; x_wconf 86' lang='lat' dir='ltr'>quid</span> <span class='ocrx_word' id='word_1_337' title='bbox 363 1749 499 1790; x_wconf 82' lang='lat' dir='ltr'>suscipias</span> <span class='ocrx_word' id='word_1_338' title='bbox 509 1768 518 1782; x_wconf 90' lang='lat'>,</span> <span class='ocrx_word' id='word_1_339' title='bbox 539 1748 613 1789; x_wconf 88' lang='lat' dir='ltr'>quid</span> <span class='ocrx_word' id='word_1_340' title='bbox 624 1747 765 1778; x_wconf 86' lang='lat' dir='ltr'>sustinere</span> <span class='ocrx_word' id='word_1_341' title='bbox 773 1743 880 1787; x_wconf 84' lang='lat' dir='ltr'>poffis:</span> <span class='ocrx_word' id='word_1_342' title='bbox 899 1752 997 1787; x_wconf 74' lang='lat' dir='ltr'>neque</span> <span class='ocrx_word' id='word_1_343' title='bbox 1008 1762 1018 1775; x_wconf 93' lang='lat'>‚</span> <span class='ocrx_word' id='word_1_344' title='bbox 1036 1741 1128 1787; x_wconf 80' lang='lat' dir='ltr'>quam</span> 
     </span>
     <span class='ocr_line' id='line_1_43' title="bbox 170 1787 1128 1831; baseline -0.013 -9"><span class='ocrx_word' id='word_1_345' title='bbox 170 1792 225 1823; x_wconf 87' lang='lat' dir='ltr'>diu</span> <span class='ocrx_word' id='word_1_346' title='bbox 236 1793 346 1822; x_wconf 80' lang='lat' dir='ltr'>vixerit</span> <span class='ocrx_word' id='word_1_347' title='bbox 355 1791 448 1821; x_wconf 83' lang='lat' dir='ltr'>Caesar</span> <span class='ocrx_word' id='word_1_348' title='bbox 459 1811 468 1824; x_wconf 89' lang='lat'>‚</span> <span class='ocrx_word' id='word_1_349' title='bbox 488 1790 536 1822; x_wconf 88' lang='lat' dir='ltr'>sed</span> <span class='ocrx_word' id='word_1_350' title='bbox 546 1789 637 1831; x_wconf 73' lang='lat' dir='ltr'>quarn</span> <span class='ocrx_word' id='word_1_351' title='bbox 649 1799 712 1820; x_wconf 89' lang='lat' dir='ltr'>non</span> <span class='ocrx_word' id='word_1_352' title='bbox 723 1789 776 1821; x_wconf 87' lang='lat' dir='ltr'>diu</span> <span class='ocrx_word' id='word_1_353' title='bbox 785 1787 914 1828; x_wconf 84' lang='lat' dir='ltr'>regnarit</span> <span class='ocrx_word' id='word_1_354' title='bbox 923 1804 932 1819; x_wconf 88' lang='lat'>,</span> <span class='ocrx_word' id='word_1_355' title='bbox 948 1788 994 1814; x_wconf 71' lang='lat' dir='ltr'>rac</span> <span class='ocrx_word' id='word_1_356' title='bbox 1002 1790 1128 1829; x_wconf 74' lang='lat' dir='ltr'>cogites.</span> 
     </span>
     <span class='ocr_line' id='line_1_44' title="bbox 173 1823 1128 1875; baseline -0.015 -10"><span class='ocrx_word' id='word_1_357' title='bbox 173 1837 258 1865; x_wconf 90' lang='lat' dir='ltr'>Deos</span> <span class='ocrx_word' id='word_1_358' title='bbox 268 1833 437 1875; x_wconf 88' lang='lat' dir='ltr'>quaesumus</span> <span class='ocrx_word' id='word_1_359' title='bbox 447 1853 456 1867; x_wconf 90' lang='lat'>‚</span> <span class='ocrx_word' id='word_1_360' title='bbox 469 1831 592 1863; x_wconf 85' lang='lat' dir='ltr'>consilia</span> <span class='ocrx_word' id='word_1_361' title='bbox 602 1841 650 1862; x_wconf 88' lang='lat' dir='ltr'>tua</span> <span class='ocrx_word' id='word_1_362' title='bbox 659 1830 775 1871; x_wconf 88' lang='lat' dir='ltr'>reipub.</span> <span class='ocrx_word' id='word_1_363' title='bbox 789 1829 923 1860; x_wconf 82' lang='lat' dir='ltr'>salutaria</span> <span class='ocrx_word' id='word_1_364' title='bbox 933 1824 988 1874; x_wconf 71' lang='lat' dir='ltr'>sint</span> <span class='ocrx_word' id='word_1_365' title='bbox 1001 1844 1010 1859; x_wconf 86' lang='lat'><strong>,</strong></span> <span class='ocrx_word' id='word_1_366' title='bbox 1021 1834 1052 1855; x_wconf 89' lang='lat' dir='ltr'>ac</span> <span class='ocrx_word' id='word_1_367' title='bbox 1064 1823 1128 1870; x_wconf 73' lang='lat' dir='ltr'>tibi.</span> 
     </span>
     <span class='ocr_line' id='line_1_45' title="bbox 173 1869 1133 1916; baseline -0.013 -10"><span class='ocrx_word' id='word_1_368' title='bbox 173 1875 196 1906; x_wconf 85' lang='lat' dir='ltr'>fi</span> <span class='ocrx_word' id='word_1_369' title='bbox 206 1878 309 1906; x_wconf 89' lang='lat' dir='ltr'>minus</span> <span class='ocrx_word' id='word_1_370' title='bbox 321 1887 326 1905; x_wconf 91' lang='lat'>:</span> <span class='ocrx_word' id='word_1_371' title='bbox 346 1884 380 1905; x_wconf 88' lang='lat' dir='ltr'>ut</span> <span class='ocrx_word' id='word_1_372' title='bbox 392 1896 401 1909; x_wconf 89' lang='lat'>,</span> <span class='ocrx_word' id='word_1_373' title='bbox 419 1875 496 1906; x_wconf 84' lang='lat' dir='ltr'>salva</span> <span class='ocrx_word' id='word_1_374' title='bbox 510 1884 597 1916; x_wconf 86' lang='lat' dir='ltr'>atque</span> <span class='ocrx_word' id='word_1_375' title='bbox 608 1873 732 1904; x_wconf 83' lang='lat' dir='ltr'>honesta</span> <span class='ocrx_word' id='word_1_376' title='bbox 746 1870 849 1911; x_wconf 78' lang='lat' dir='ltr'>repub.</span> <span class='ocrx_word' id='word_1_377' title='bbox 869 1869 1027 1909; x_wconf 84' lang='lat' dir='ltr'>tibiquam</span> <span class='ocrx_word' id='word_1_378' title='bbox 1037 1874 1133 1896; x_wconf 86' lang='lat' dir='ltr'>mim-</span> 
     </span>
     <span class='ocr_line' id='line_1_46' title="bbox 175 1915 902 1957; baseline -0.012 -8"><span class='ocrx_word' id='word_1_379' title='bbox 175 1918 267 1949; x_wconf 76' lang='lat' dir='ltr'>mum</span> <span class='ocrx_word' id='word_1_380' title='bbox 281 1927 419 1951; x_wconf 77' lang='lat' dir='ltr'>noceant,</span> <span class='ocrx_word' id='word_1_381' title='bbox 435 1926 584 1957; x_wconf 86' lang='lat' dir='ltr'>optamus.</span> <span class='ocrx_word' id='word_1_382' title='bbox 609 1915 706 1947; x_wconf 85' lang='lat' dir='ltr'>Pridie</span> <span class='ocrx_word' id='word_1_383' title='bbox 718 1922 814 1945; x_wconf 86' lang='lat' dir='ltr'>nonas</span> <span class='ocrx_word' id='word_1_384' title='bbox 822 1915 902 1943; x_wconf 87' lang='lat' dir='ltr'>Sext.</span> 
     </span>
    </p>
   </div>
   <div class='ocr_carea' id='block_1_8' title="bbox 234 1961 1072 2040">
    <p class='ocr_par' dir='ltr' id='par_1_8' title="bbox 234 1961 1072 2040">
     <span class='ocr_line' id='line_1_47' title="bbox 234 1961 1072 2000; baseline -0.013 0"><span class='ocrx_word' id='word_1_385' title='bbox 234 1969 494 2000; x_wconf 85' lang='lat' dir='ltr'><strong>D·BRUTUS</strong></span> <span class='ocrx_word' id='word_1_386' title='bbox 516 1968 614 1997; x_wconf 85' lang='lat' dir='ltr'>IMP.</span> <span class='ocrx_word' id='word_1_387' title='bbox 638 1967 736 1996; x_wconf 87' lang='lat' dir='ltr'>COS.</span> <span class='ocrx_word' id='word_1_388' title='bbox 761 1961 968 1994; x_wconf 90' lang='lat' dir='ltr'>DESIGN.</span> <span class='ocrx_word' id='word_1_389' title='bbox 992 1961 1072 1991; x_wconf 88' lang='lat' dir='ltr'>s.D.</span> 
     </span>
     <span class='ocr_line' id='line_1_48' title="bbox 513 2008 786 2040; baseline -0.018 0"><span class='ocrx_word' id='word_1_390' title='bbox 513 2008 786 2040; x_wconf 89' lang='lat' dir='ltr'>CICERONI.</span> 
     </span>
    </p>
   </div>
   <div class='ocr_carea' id='block_1_9' title="bbox 174 2050 1139 2523">
    <p class='ocr_par' dir='ltr' id='par_1_9' title="bbox 174 2050 1139 2523">
     <span class='ocr_line' id='line_1_49' title="bbox 180 2050 1133 2138; baseline -0.014 -44"><span class='ocrx_word' id='word_1_391' title='bbox 180 2061 249 2138; x_wconf 79' lang='lat' dir='ltr'>SI</span> <span class='ocrx_word' id='word_1_392' title='bbox 267 2061 303 2093; x_wconf 87' lang='lat' dir='ltr'>de</span> <span class='ocrx_word' id='word_1_393' title='bbox 313 2070 361 2093; x_wconf 88' lang='lat' dir='ltr'>tua</span> <span class='ocrx_word' id='word_1_394' title='bbox 370 2062 403 2092; x_wconf 86' lang='lat' dir='ltr'>in</span> <span class='ocrx_word' id='word_1_395' title='bbox 414 2071 464 2092; x_wconf 89' lang='lat' dir='ltr'>me</span> <span class='ocrx_word' id='word_1_396' title='bbox 472 2060 630 2092; x_wconf 85' lang='lat' dir='ltr'>voluntate</span> <span class='ocrx_word' id='word_1_397' title='bbox 640 2058 810 2090; x_wconf 84' lang='lat' dir='ltr'>dubitarem</span> <span class='ocrx_word' id='word_1_398' title='bbox 821 2077 830 2091; x_wconf 90' lang='lat'>‚</span> <span class='ocrx_word' id='word_1_399' title='bbox 851 2056 958 2087; x_wconf 88' lang='lat' dir='ltr'>multis</span> <span class='ocrx_word' id='word_1_400' title='bbox 970 2053 986 2085; x_wconf 75' lang='grc' dir='ltr'>ὲ</span> <span class='ocrx_word' id='word_1_401' title='bbox 995 2063 1023 2084; x_wconf 89' lang='lat' dir='ltr'>te</span> <span class='ocrx_word' id='word_1_402' title='bbox 1033 2050 1133 2103; x_wconf 64' lang='lat' dir='ltr'>verbis</span> 
     </span>
     <span class='ocr_line' id='line_1_50' title="bbox 234 2092 1133 2145; baseline -0.012 -10"><span class='ocrx_word' id='word_1_403' title='bbox 234 2114 365 2145; x_wconf 86' lang='lat' dir='ltr'>peterem</span> <span class='ocrx_word' id='word_1_404' title='bbox 379 2124 388 2138; x_wconf 84' lang='lat'>,</span> <span class='ocrx_word' id='word_1_405' title='bbox 400 2114 433 2134; x_wconf 89' lang='lat' dir='ltr'>ut</span> <span class='ocrx_word' id='word_1_406' title='bbox 442 2104 618 2144; x_wconf 83' lang='lat' dir='ltr'>dignitatem</span> <span class='ocrx_word' id='word_1_407' title='bbox 630 2111 729 2132; x_wconf 89' lang='lat' dir='ltr'>meam</span> <span class='ocrx_word' id='word_1_408' title='bbox 741 2109 864 2131; x_wconf 88' lang='lat' dir='ltr'>tuerere.</span> <span class='ocrx_word' id='word_1_409' title='bbox 884 2098 933 2128; x_wconf 89' lang='lat' dir='ltr'>sed</span> <span class='ocrx_word' id='word_1_410' title='bbox 943 2094 1082 2137; x_wconf 65' lang='lat' dir='ltr'>profesto</span> <span class='ocrx_word' id='word_1_411' title='bbox 1091 2092 1133 2124; x_wconf 86' lang='lat' dir='ltr'>cst</span> 
     </span>
     <span class='ocr_line' id='line_1_51' title="bbox 175 2135 1132 2186; baseline -0.013 -9"><span class='ocrx_word' id='word_1_412' title='bbox 175 2147 227 2180; x_wconf 87' lang='lat' dir='ltr'>ita,</span> <span class='ocrx_word' id='word_1_413' title='bbox 238 2155 269 2176; x_wconf 91' lang='lat' dir='ltr'>ut</span> <span class='ocrx_word' id='word_1_414' title='bbox 280 2147 357 2176; x_wconf 88' lang='lat' dir='ltr'>mihi</span> <span class='ocrx_word' id='word_1_415' title='bbox 368 2145 502 2186; x_wconf 86' lang='lat' dir='ltr'>persuafi,</span> <span class='ocrx_word' id='word_1_416' title='bbox 515 2155 564 2175; x_wconf 89' lang='lat' dir='ltr'>me</span> <span class='ocrx_word' id='word_1_417' title='bbox 574 2145 630 2175; x_wconf 89' lang='lat' dir='ltr'>tibi</span> <span class='ocrx_word' id='word_1_418' title='bbox 639 2142 697 2174; x_wconf 83' lang='lat' dir='ltr'>effe</span> <span class='ocrx_word' id='word_1_419' title='bbox 706 2152 795 2174; x_wconf 86' lang='lat' dir='ltr'>curae.</span> <span class='ocrx_word' id='word_1_420' title='bbox 820 2145 830 2161; x_wconf 90' lang='lat'><em>¹</em></span> <span class='ocrx_word' id='word_1_421' title='bbox 842 2137 1011 2181; x_wconf 77' lang='lat' dir='ltr'>Progressus</span> <span class='ocrx_word' id='word_1_422' title='bbox 1021 2137 1087 2184; x_wconf 81' lang='lat' dir='ltr'>sum</span> <span class='ocrx_word' id='word_1_423' title='bbox 1096 2135 1132 2166; x_wconf 88' lang='lat' dir='ltr'>ad</span> 
     </span>
     <span class='ocr_line' id='line_1_52' title="bbox 175 2185 1132 2228; baseline -0.011 -10"><span class='ocrx_word' id='word_1_424' title='bbox 175 2189 334 2228; x_wconf 87' lang='lat' dir='ltr'>Inalpinos</span> <span class='ocrx_word' id='word_1_425' title='bbox 351 2197 421 2218; x_wconf 88' lang='lat' dir='ltr'>cum</span> <span class='ocrx_word' id='word_1_426' title='bbox 440 2189 571 2217; x_wconf 88' lang='lat' dir='ltr'>exercitu</span> <span class='ocrx_word' id='word_1_427' title='bbox 586 2207 595 2221; x_wconf 87' lang='lat'>,</span> <span class='ocrx_word' id='word_1_428' title='bbox 617 2196 682 2216; x_wconf 90' lang='lat' dir='ltr'>non</span> <span class='ocrx_word' id='word_1_429' title='bbox 705 2194 767 2215; x_wconf 85' lang='lat' dir='ltr'>tam</span> <span class='ocrx_word' id='word_1_430' title='bbox 776 2192 893 2214; x_wconf 92' lang='lat' dir='ltr'>nomen</span> <span class='ocrx_word' id='word_1_431' title='bbox 902 2185 1132 2221; x_wconf 83' lang='lat' dir='ltr'>imperatorium</span> 
     </span>
     <span class='ocr_line' id='line_1_53' title="bbox 174 2221 1136 2270; baseline -0.012 -9"><span class='ocrx_word' id='word_1_432' title='bbox 174 2239 294 2270; x_wconf 87' lang='lat' dir='ltr'>captans</span> <span class='ocrx_word' id='word_1_433' title='bbox 305 2250 313 2263; x_wconf 87' lang='lat'>‚</span> <span class='ocrx_word' id='word_1_434' title='bbox 324 2229 414 2270; x_wconf 70' lang='lat' dir='ltr'>quam</span> <span class='ocrx_word' id='word_1_435' title='bbox 425 2232 547 2270; x_wconf 86' lang='lat' dir='ltr'>cupiens</span> <span class='ocrx_word' id='word_1_436' title='bbox 558 2228 707 2259; x_wconf 79' lang='lat' dir='ltr'>militibus</span> <span class='ocrx_word' id='word_1_437' title='bbox 716 2225 878 2257; x_wconf 77' lang='lat' dir='ltr'>satisfacere</span> <span class='ocrx_word' id='word_1_438' title='bbox 889 2244 898 2258; x_wconf 89' lang='lat'><em>‚</em></span> <span class='ocrx_word' id='word_1_439' title='bbox 912 2221 1075 2262; x_wconf 82' lang='lat' dir='ltr'>firmosque</span> <span class='ocrx_word' id='word_1_440' title='bbox 1083 2228 1136 2250; x_wconf 88' lang='lat' dir='ltr'>eos</span> 
     </span>
     <span class='ocr_line' id='line_1_54' title="bbox 178 2263 1135 2310; baseline -0.011 -8"><span class='ocrx_word' id='word_1_441' title='bbox 178 2272 216 2302; x_wconf 85' lang='lat' dir='ltr'>ad</span> <span class='ocrx_word' id='word_1_442' title='bbox 227 2271 352 2302; x_wconf 83' lang='lat' dir='ltr'>tuendas</span> <span class='ocrx_word' id='word_1_443' title='bbox 362 2270 475 2301; x_wconf 84' lang='lat' dir='ltr'>nostras</span> <span class='ocrx_word' id='word_1_444' title='bbox 484 2281 529 2301; x_wconf 82' lang='lat' dir='ltr'>res</span> <span class='ocrx_word' id='word_1_445' title='bbox 539 2269 657 2301; x_wconf 86' lang='lat' dir='ltr'>efficere</span> <span class='ocrx_word' id='word_1_446' title='bbox 669 2281 675 2299; x_wconf 78' lang='lat' dir='ltr'>z</span> <span class='ocrx_word' id='word_1_447' title='bbox 694 2268 776 2310; x_wconf 86' lang='lat' dir='ltr'>quod</span> <span class='ocrx_word' id='word_1_448' title='bbox 787 2268 866 2297; x_wconf 88' lang='lat' dir='ltr'>mihi</span> <span class='ocrx_word' id='word_1_449' title='bbox 875 2265 980 2297; x_wconf 85' lang='lat' dir='ltr'>videor</span> <span class='ocrx_word' id='word_1_450' title='bbox 990 2263 1135 2294; x_wconf 88' lang='lat' dir='ltr'>consecu-</span> 
     </span>
     <span class='ocr_line' id='line_1_55' title="bbox 181 2305 1136 2344; baseline -0.012 0"><span class='ocrx_word' id='word_1_451' title='bbox 181 2323 240 2344; x_wconf 83' lang='lat' dir='ltr'>tus.</span> <span class='ocrx_word' id='word_1_452' title='bbox 264 2316 347 2344; x_wconf 88' lang='lat' dir='ltr'>Nam</span> <span class='ocrx_word' id='word_1_453' title='bbox 370 2313 620 2343; x_wconf 77' lang='lat' dir='ltr'>&amp;liberalitatem</span> <span class='ocrx_word' id='word_1_454' title='bbox 632 2310 762 2340; x_wconf 90' lang='lat' dir='ltr'>nostram</span> <span class='ocrx_word' id='word_1_455' title='bbox 776 2330 785 2342; x_wconf 89' lang='lat'><em>‚</em></span> <span class='ocrx_word' id='word_1_456' title='bbox 809 2309 842 2339; x_wconf 73' lang='grc' dir='ltr'>δε</span> <span class='ocrx_word' id='word_1_457' title='bbox 853 2309 991 2338; x_wconf 86' lang='lat' dir='ltr'>animum</span> <span class='ocrx_word' id='word_1_458' title='bbox 1002 2305 1074 2339; x_wconf 65' lang='lat' dir='ltr'>⁴sunt</span> <span class='ocrx_word' id='word_1_459' title='bbox 1081 2313 1136 2333; x_wconf 77' lang='lat' dir='ltr'>ex-</span> 
     </span>
     <span class='ocr_line' id='line_1_56' title="bbox 180 2345 1139 2396; baseline -0.015 -9"><span class='ocrx_word' id='word_1_460' title='bbox 180 2357 267 2396; x_wconf 83' lang='lat' dir='ltr'>perti.</span> <span class='ocrx_word' id='word_1_461' title='bbox 287 2364 359 2386; x_wconf 89' lang='lat' dir='ltr'>cum</span> <span class='ocrx_word' id='word_1_462' title='bbox 379 2356 522 2385; x_wconf 88' lang='lat' dir='ltr'>omnium</span> <span class='ocrx_word' id='word_1_463' title='bbox 545 2350 775 2383; x_wconf 84' lang='lat' dir='ltr'>bellicosiffimis</span> <span class='ocrx_word' id='word_1_464' title='bbox 798 2350 916 2379; x_wconf 87' lang='lat' dir='ltr'>bellum</span> <span class='ocrx_word' id='word_1_465' title='bbox 932 2345 1019 2387; x_wconf 85' lang='lat' dir='ltr'>geffi:</span> <span class='ocrx_word' id='word_1_466' title='bbox 1043 2345 1139 2374; x_wconf 86' lang='lat' dir='ltr'>multa</span> 
     </span>
     <span class='ocr_line' id='line_1_57' title="bbox 181 2387 1137 2437; baseline -0.017 -7"><span class='ocrx_word' id='word_1_467' title='bbox 181 2396 299 2430; x_wconf 89' lang='lat' dir='ltr'>castella</span> <span class='ocrx_word' id='word_1_468' title='bbox 315 2398 398 2437; x_wconf 86' lang='lat' dir='ltr'>cepi:</span> <span class='ocrx_word' id='word_1_469' title='bbox 422 2396 518 2426; x_wconf 88' lang='lat' dir='ltr'>multa</span> <span class='ocrx_word' id='word_1_470' title='bbox 530 2394 652 2425; x_wconf 85' lang='lat' dir='ltr'>vastavi.</span> <span class='ocrx_word' id='word_1_471' title='bbox 675 2396 751 2423; x_wconf 90' lang='lat' dir='ltr'>Non</span> <span class='ocrx_word' id='word_1_472' title='bbox 773 2390 833 2421; x_wconf 83' lang='lat' dir='ltr'>fine</span> <span class='ocrx_word' id='word_1_473' title='bbox 850 2390 934 2420; x_wconf 83' lang='lat' dir='ltr'>causa</span> <span class='ocrx_word' id='word_1_474' title='bbox 951 2388 986 2434; x_wconf 76' lang='lat' dir='ltr'>ad</span> <span class='ocrx_word' id='word_1_475' title='bbox 1002 2387 1137 2432; x_wconf 78' lang='lat' dir='ltr'>senatum</span> 
     </span>
     <span class='ocr_line' id='line_1_58' title="bbox 182 2426 1139 2477; baseline -0.015 -7"><span class='ocrx_word' id='word_1_476' title='bbox 182 2440 295 2470; x_wconf 82' lang='lat' dir='ltr'>litteras</span> <span class='ocrx_word' id='word_1_477' title='bbox 314 2437 392 2468; x_wconf 85' lang='lat' dir='ltr'>misi.</span> <span class='ocrx_word' id='word_1_478' title='bbox 415 2438 472 2477; x_wconf 84' lang='lat' dir='ltr'>Adj</span> <span class='ocrx_word' id='word_1_479' title='bbox 477 2447 535 2467; x_wconf 88' lang='lat' dir='ltr'>uva</span> <span class='ocrx_word' id='word_1_480' title='bbox 553 2446 610 2466; x_wconf 90' lang='lat' dir='ltr'>nos</span> <span class='ocrx_word' id='word_1_481' title='bbox 619 2445 668 2466; x_wconf 84' lang='lat' dir='ltr'>tua</span> <span class='ocrx_word' id='word_1_482' title='bbox 676 2435 838 2465; x_wconf 70' lang='lat' dir='ltr'>sententia:</span> <span class='ocrx_word' id='word_1_483' title='bbox 858 2430 940 2473; x_wconf 91' lang='lat' dir='ltr'>quod</span> <span class='ocrx_word' id='word_1_484' title='bbox 954 2438 1026 2460; x_wconf 90' lang='lat' dir='ltr'>cum</span> <span class='ocrx_word' id='word_1_485' title='bbox 1035 2426 1139 2461; x_wconf 71' lang='lat' dir='ltr'>facies,</span> 
     </span>
     <span class='ocr_line' id='line_1_59' title="bbox 183 2474 967 2523; baseline -0.014 -11"><span class='ocrx_word' id='word_1_486' title='bbox 183 2492 223 2512; x_wconf 80' lang='lat' dir='ltr'>ex</span> <span class='ocrx_word' id='word_1_487' title='bbox 234 2490 340 2523; x_wconf 88' lang='lat' dir='ltr'>magna</span> <span class='ocrx_word' id='word_1_488' title='bbox 349 2489 428 2520; x_wconf 78' lang='lat' dir='ltr'>parte</span> <span class='ocrx_word' id='word_1_489' title='bbox 439 2480 601 2510; x_wconf 87' lang='lat' dir='ltr'>communi</span> <span class='ocrx_word' id='word_1_490' title='bbox 609 2475 777 2509; x_wconf 89' lang='lat' dir='ltr'>commodo</span> <span class='ocrx_word' id='word_1_491' title='bbox 786 2474 967 2505; x_wconf 86' lang='lat' dir='ltr'>inservieris.</span> 
     </span>
    </p>
   </div>
   <div class='ocr_carea' id='block_1_10' title="bbox 182 2530 1141 2792">
    <p class='ocr_par' dir='ltr' id='par_1_10' title="bbox 270 2530 1059 2569">
     <span class='ocr_line' id='line_1_60' title="bbox 270 2530 1059 2569; baseline -0.016 -1"><span class='ocrx_word' id='word_1_492' title='bbox 270 2539 315 2568; x_wconf 89' lang='lat' dir='ltr'>M.</span> <span class='ocrx_word' id='word_1_493' title='bbox 326 2538 476 2569; x_wconf 86' lang='lat' dir='ltr'>CICERO</span> <span class='ocrx_word' id='word_1_494' title='bbox 497 2540 526 2567; x_wconf 92' lang='lat' dir='ltr'>S.</span> <span class='ocrx_word' id='word_1_495' title='bbox 537 2538 576 2565; x_wconf 93' lang='lat' dir='ltr'>D.</span> <span class='ocrx_word' id='word_1_496' title='bbox 600 2536 744 2565; x_wconf 89' lang='lat' dir='ltr'>BRUTO</span> <span class='ocrx_word' id='word_1_497' title='bbox 765 2533 848 2563; x_wconf 85' lang='lat' dir='ltr'><strong>IMP.</strong></span> <span class='ocrx_word' id='word_1_498' title='bbox 872 2531 950 2561; x_wconf 86' lang='lat' dir='ltr'>COS.</span> <span class='ocrx_word' id='word_1_499' title='bbox 973 2530 1059 2559; x_wconf 86' lang='lat' dir='ltr'>DEs.</span> 
     </span>
    </p>

    <p class='ocr_par' dir='ltr' id='par_1_11' title="bbox 270 2575 1140 2623">
     <span class='ocr_line' id='line_1_61' title="bbox 270 2575 1140 2623; baseline -0.013 -9"><span class='ocrx_word' id='word_1_500' title='bbox 270 2586 362 2615; x_wconf 70' lang='lat' dir='ltr'>Urus</span> <span class='ocrx_word' id='word_1_501' title='bbox 381 2582 539 2613; x_wconf 82' lang='lat' dir='ltr'>familiaris</span> <span class='ocrx_word' id='word_1_502' title='bbox 551 2581 653 2612; x_wconf 82' lang='lat' dir='ltr'>noster</span> <span class='ocrx_word' id='word_1_503' title='bbox 665 2602 674 2616; x_wconf 94' lang='lat'>,</span> <span class='ocrx_word' id='word_1_504' title='bbox 693 2580 765 2612; x_wconf 73' lang='lat' dir='ltr'>cum</span> <span class='ocrx_word' id='word_1_505' title='bbox 775 2578 791 2609; x_wconf 77' lang='lat' dir='ltr'>a</span> <span class='ocrx_word' id='word_1_506' title='bbox 804 2587 832 2609; x_wconf 86' lang='lat' dir='ltr'>te</span> <span class='ocrx_word' id='word_1_507' title='bbox 845 2575 972 2608; x_wconf 86' lang='lat' dir='ltr'>veniffet</span> <span class='ocrx_word' id='word_1_508' title='bbox 981 2595 990 2610; x_wconf 92' lang='lat'>,</span> <span class='ocrx_word' id='word_1_509' title='bbox 1009 2584 1140 2623; x_wconf 73' lang='lat' dir='ltr'>cumque</span> 
     </span>
    </p>

    <p class='ocr_par' dir='ltr' id='par_1_12' title="bbox 182 2625 1141 2792">
     <span class='ocr_line' id='line_1_62' title="bbox 272 2625 1139 2666; baseline -0.012 -11"><span class='ocrx_word' id='word_1_510' title='bbox 272 2627 381 2655; x_wconf 84' lang='lat' dir='ltr'>Romae</span> <span class='ocrx_word' id='word_1_511' title='bbox 394 2625 539 2666; x_wconf 89' lang='lat' dir='ltr'>quosdam</span> <span class='ocrx_word' id='word_1_512' title='bbox 551 2625 615 2654; x_wconf 92' lang='lat' dir='ltr'>dies</span> <span class='ocrx_word' id='word_1_513' title='bbox 624 2629 865 2654; x_wconf 82' lang='lat' dir='ltr'>commoraretur</span> <span class='ocrx_word' id='word_1_514' title='bbox 874 2639 883 2654; x_wconf 82' lang='lat'>‚</span> <span class='ocrx_word' id='word_1_515' title='bbox 902 2628 957 2660; x_wconf 88' lang='lat' dir='ltr'>ego</span> <span class='ocrx_word' id='word_1_516' title='bbox 967 2627 1047 2648; x_wconf 90' lang='lat' dir='ltr'>eram</span> <span class='ocrx_word' id='word_1_517' title='bbox 1059 2626 1092 2646; x_wconf 88' lang='lat' dir='ltr'>in</span> <span class='ocrx_word' id='word_1_518' title='bbox 1102 2626 1139 2646; x_wconf 88' lang='lat' dir='ltr'>ns</span> 
     </span>
     <span class='ocr_line' id='line_1_63' title="bbox 182 2657 1139 2707; baseline -0.005 -10"><span class='ocrx_word' id='word_1_519' title='bbox 182 2668 305 2702; x_wconf 87' lang='lat' dir='ltr'>locis,in</span> <span class='ocrx_word' id='word_1_520' title='bbox 313 2667 423 2707; x_wconf 90' lang='lat' dir='ltr'>quibus</span> <span class='ocrx_word' id='word_1_521' title='bbox 433 2668 570 2696; x_wconf 72' lang='lat' dir='ltr'>maxime</span> <span class='ocrx_word' id='word_1_522' title='bbox 581 2676 632 2696; x_wconf 88' lang='lat' dir='ltr'>me</span> <span class='ocrx_word' id='word_1_523' title='bbox 643 2665 708 2696; x_wconf 74' lang='lat' dir='ltr'>tuto</span> <span class='ocrx_word' id='word_1_524' title='bbox 718 2664 775 2696; x_wconf 78' lang='lat' dir='ltr'>effe</span> <span class='ocrx_word' id='word_1_525' title='bbox 786 2661 954 2693; x_wconf 84' lang='lat' dir='ltr'>arbitrabar.</span> <span class='ocrx_word' id='word_1_526' title='bbox 967 2659 1014 2690; x_wconf 80' lang='grc' dir='ltr'>Εὸ</span> <span class='ocrx_word' id='word_1_527' title='bbox 1025 2657 1139 2690; x_wconf 64' lang='lat' dir='ltr'>fastum</span> 
     </span>
     <span class='ocr_line' id='line_1_64' title="bbox 183 2704 1141 2749; baseline -0.009 -10"><span class='ocrx_word' id='word_1_528' title='bbox 183 2708 237 2741; x_wconf 79' lang='lat' dir='ltr'>est,</span> <span class='ocrx_word' id='word_1_529' title='bbox 247 2718 279 2740; x_wconf 84' lang='lat' dir='ltr'>ut</span> <span class='ocrx_word' id='word_1_530' title='bbox 288 2709 323 2739; x_wconf 88' lang='lat' dir='ltr'>ad</span> <span class='ocrx_word' id='word_1_531' title='bbox 334 2718 360 2739; x_wconf 90' lang='lat' dir='ltr'>te</span> <span class='ocrx_word' id='word_1_532' title='bbox 372 2711 475 2749; x_wconf 85' lang='lat' dir='ltr'>Lupus</span> <span class='ocrx_word' id='word_1_533' title='bbox 486 2707 546 2738; x_wconf 82' lang='lat' dir='ltr'>sine</span> <span class='ocrx_word' id='word_1_534' title='bbox 561 2710 638 2738; x_wconf 88' lang='lat' dir='ltr'>meis</span> <span class='ocrx_word' id='word_1_535' title='bbox 648 2708 756 2739; x_wconf 90' lang='lat' dir='ltr'>litteris</span> <span class='ocrx_word' id='word_1_536' title='bbox 766 2704 883 2737; x_wconf 84' lang='lat' dir='ltr'>rediret,</span> <span class='ocrx_word' id='word_1_537' title='bbox 893 2713 964 2733; x_wconf 91' lang='lat' dir='ltr'>cum</span> <span class='ocrx_word' id='word_1_538' title='bbox 975 2710 1079 2748; x_wconf 80' lang='lat' dir='ltr'>tamen</span> <span class='ocrx_word' id='word_1_539' title='bbox 1087 2710 1141 2730; x_wconf 83' lang='lat' dir='ltr'>cu-</span> 
     </span>
     <span class='ocr_line' id='line_1_65' title="bbox 182 2741 1137 2792; baseline -0.008 -11"><span class='ocrx_word' id='word_1_540' title='bbox 182 2749 267 2781; x_wconf 78' lang='lat' dir='ltr'>rasset</span> <span class='ocrx_word' id='word_1_541' title='bbox 289 2760 351 2781; x_wconf 83' lang='lat' dir='ltr'>tuas</span> <span class='ocrx_word' id='word_1_542' title='bbox 372 2750 408 2781; x_wconf 88' lang='lat' dir='ltr'>ad</span> <span class='ocrx_word' id='word_1_543' title='bbox 427 2761 477 2781; x_wconf 89' lang='lat' dir='ltr'>mc</span> <span class='ocrx_word' id='word_1_544' title='bbox 493 2748 693 2792; x_wconf 86' lang='lat' dir='ltr'>perferendas.</span> <span class='ocrx_word' id='word_1_545' title='bbox 732 2753 867 2781; x_wconf 85' lang='lat' dir='ltr'>Romam</span> <span class='ocrx_word' id='word_1_546' title='bbox 884 2753 987 2775; x_wconf 87' lang='lat' dir='ltr'>autem</span> <span class='ocrx_word' id='word_1_547' title='bbox 1010 2752 1083 2774; x_wconf 86' lang='lat' dir='ltr'>veni</span> <span class='ocrx_word' id='word_1_548' title='bbox 1101 2741 1137 2774; x_wconf 84' lang='lat' dir='ltr'>ad</span> 
     </span>
    </p>
   </div>
   <div class='ocr_carea' id='block_1_11' title="bbox 1134 548 1147 1306">
    <p class='ocr_par' dir='ltr' id='par_1_13' title="bbox 1134 548 1147 1306">
     <span class='ocr_line' id='line_1_66' title="bbox 1134 548 1147 1306; baseline 0 0"><span class='ocrx_word' id='word_1_549' title='bbox 1134 548 1147 1306; x_wconf 95' lang='lat' dir='ltr'> </span> 
     </span>
    </p>
   </div>
   <div class='ocr_carea' id='block_1_12' title="bbox 1148 90 1692 144">
    <p class='ocr_par' dir='ltr' id='par_1_14' title="bbox 1148 90 1692 144">
     <span class='ocr_line' id='line_1_67' title="bbox 1148 90 1692 144; baseline 0.002 -8"><span class='ocrx_word' id='word_1_550' title='bbox 1148 90 1692 144; x_wconf 66' lang='lat' dir='ltr'>C1cnno&#39;N15</span> 
     </span>
    </p>
   </div>
   <div class='ocr_carea' id='block_1_13' title="bbox 1153 172 2140 2818">
    <p class='ocr_par' dir='ltr' id='par_1_15' title="bbox 1153 172 2140 2818">
     <span class='ocr_line' id='line_1_68' title="bbox 1153 172 2109 222; baseline 0.009 -20"><span class='ocrx_word' id='word_1_551' title='bbox 1153 173 1295 222; x_wconf 76' lang='lat' dir='ltr'>quintum</span> <span class='ocrx_word' id='word_1_552' title='bbox 1313 172 1381 203; x_wconf 80' lang='lat' dir='ltr'>idus</span> <span class='ocrx_word' id='word_1_553' title='bbox 1398 174 1596 209; x_wconf 79' lang='lat' dir='ltr'>Decembris,</span> <span class='ocrx_word' id='word_1_554' title='bbox 1616 186 1671 207; x_wconf 85' lang='lat' dir='ltr'>nec</span> <span class='ocrx_word' id='word_1_555' title='bbox 1680 176 1770 208; x_wconf 89' lang='lat' dir='ltr'>habui</span> <span class='ocrx_word' id='word_1_556' title='bbox 1781 177 1943 220; x_wconf 82' lang='lat' dir='ltr'>quidquam</span> <span class='ocrx_word' id='word_1_557' title='bbox 1955 179 2109 222; x_wconf 77' lang='lat' dir='ltr'>antiquius</span> 
     </span>
     <span class='ocr_line' id='line_1_69' title="bbox 1155 214 2110 262; baseline 0.009 -18"><span class='ocrx_word' id='word_1_558' title='bbox 1155 224 1245 256; x_wconf 88' lang='lat' dir='ltr'>quam</span> <span class='ocrx_word' id='word_1_559' title='bbox 1264 223 1297 244; x_wconf 91' lang='lat' dir='ltr'>ut</span> <span class='ocrx_word' id='word_1_560' title='bbox 1316 215 1439 246; x_wconf 82' lang='lat' dir='ltr'>Pansam</span> <span class='ocrx_word' id='word_1_561' title='bbox 1457 214 1556 246; x_wconf 88' lang='lat' dir='ltr'>statim</span> <span class='ocrx_word' id='word_1_562' title='bbox 1576 221 1772 250; x_wconf 78' lang='lat' dir='ltr'>convenirem</span> <span class='ocrx_word' id='word_1_563' title='bbox 1787 232 1792 249; x_wconf 81' lang='lat'>2</span> <span class='ocrx_word' id='word_1_564' title='bbox 1813 231 1850 251; x_wconf 83' lang='lat' dir='ltr'>cx</span> <span class='ocrx_word' id='word_1_565' title='bbox 1860 231 1919 262; x_wconf 87' lang='lat' dir='ltr'>quo</span> <span class='ocrx_word' id='word_1_566' title='bbox 1929 231 1961 252; x_wconf 79' lang='lat' dir='ltr'>ea</span> <span class='ocrx_word' id='word_1_567' title='bbox 1973 223 2047 253; x_wconf 88' lang='lat' dir='ltr'>dete</span> <span class='ocrx_word' id='word_1_568' title='bbox 2056 232 2110 253; x_wconf 86' lang='lat' dir='ltr'>co-</span> 
     </span>
     <span class='ocr_line' id='line_1_70' title="bbox 1155 257 2112 299; baseline 0.008 -13"><span class='ocrx_word' id='word_1_569' title='bbox 1155 258 1271 297; x_wconf 86' lang='lat' dir='ltr'>gnovi,</span> <span class='ocrx_word' id='word_1_570' title='bbox 1296 266 1363 297; x_wconf 78' lang='lat' dir='ltr'>quae</span> <span class='ocrx_word' id='word_1_571' title='bbox 1382 257 1517 287; x_wconf 76' lang='lat' dir='ltr'>maxime</span> <span class='ocrx_word' id='word_1_572' title='bbox 1537 259 1684 298; x_wconf 83' lang='lat' dir='ltr'>optabam.</span> <span class='ocrx_word' id='word_1_573' title='bbox 1707 264 1805 299; x_wconf 79' lang='lat' dir='ltr'>Quare</span> <span class='ocrx_word' id='word_1_574' title='bbox 1821 264 1989 294; x_wconf 78' lang='lat' dir='ltr'>hortatione</span> <span class='ocrx_word' id='word_1_575' title='bbox 2000 273 2032 294; x_wconf 88' lang='lat' dir='ltr'>tu</span> <span class='ocrx_word' id='word_1_576' title='bbox 2043 266 2112 294; x_wconf 88' lang='lat' dir='ltr'>oui-</span> 
     </span>
     <span class='ocr_line' id='line_1_71' title="bbox 1160 293 2110 347; baseline 0.011 -20"><span class='ocrx_word' id='word_1_577' title='bbox 1160 298 1229 328; x_wconf 90' lang='lat' dir='ltr'>dem</span> <span class='ocrx_word' id='word_1_578' title='bbox 1250 308 1321 345; x_wconf 32' lang='lat' dir='ltr'>non·</span> <span class='ocrx_word' id='word_1_579' title='bbox 1332 307 1399 339; x_wconf 80' lang='lat' dir='ltr'>eges</span> <span class='ocrx_word' id='word_1_580' title='bbox 1411 318 1420 332; x_wconf 90' lang='lat'>‚</span> <span class='ocrx_word' id='word_1_581' title='bbox 1441 297 1462 328; x_wconf 84' lang='lat' dir='ltr'>fi</span> <span class='ocrx_word' id='word_1_582' title='bbox 1473 308 1510 342; x_wconf 72' lang='lat' dir='ltr'>ne</span> <span class='ocrx_word' id='word_1_583' title='bbox 1519 300 1568 329; x_wconf 79' lang='lat' dir='ltr'>illa</span> <span class='ocrx_word' id='word_1_584' title='bbox 1581 301 1705 340; x_wconf 82' lang='lat' dir='ltr'>quidem</span> <span class='ocrx_word' id='word_1_585' title='bbox 1718 305 1750 333; x_wconf 88' lang='lat' dir='ltr'>in</span> <span class='ocrx_word' id='word_1_586' title='bbox 1760 313 1789 334; x_wconf 86' lang='lat' dir='ltr'>re</span> <span class='ocrx_word' id='word_1_587' title='bbox 1801 325 1810 338; x_wconf 91' lang='lat'><em>‚</em></span> <span class='ocrx_word' id='word_1_588' title='bbox 1830 314 1896 345; x_wconf 79' lang='lat' dir='ltr'>quae</span> <span class='ocrx_word' id='word_1_589' title='bbox 1905 306 1921 336; x_wconf 75' lang='lat' dir='ltr'>a</span> <span class='ocrx_word' id='word_1_590' title='bbox 1931 315 1958 336; x_wconf 87' lang='lat' dir='ltr'>te</span> <span class='ocrx_word' id='word_1_591' title='bbox 1968 293 2110 347; x_wconf 38' lang='lat' dir='ltr'>gestassst,</span> 
     </span>
     <span class='ocr_line' id='line_1_72' title="bbox 1159 339 2116 380; baseline 0.003 -6"><span class='ocrx_word' id='word_1_592' title='bbox 1159 339 1225 380; x_wconf 88' lang='lat' dir='ltr'>post</span> <span class='ocrx_word' id='word_1_593' title='bbox 1237 341 1403 370; x_wconf 73' lang='lat' dir='ltr'>hominum</span> <span class='ocrx_word' id='word_1_594' title='bbox 1414 343 1597 371; x_wconf 81' lang='lat' dir='ltr'>memoriam</span> <span class='ocrx_word' id='word_1_595' title='bbox 1610 362 1618 375; x_wconf 82' lang='lat'><em>,</em></span> <span class='ocrx_word' id='word_1_596' title='bbox 1642 346 1774 374; x_wconf 76' lang='lat' dir='ltr'>maxima</span> <span class='ocrx_word' id='word_1_597' title='bbox 1786 365 1794 379; x_wconf 85' lang='lat'><strong><em>,</em></strong></span> <span class='ocrx_word' id='word_1_598' title='bbox 1807 348 1987 378; x_wconf 79' lang='lat' dir='ltr'>hortatorem</span> <span class='ocrx_word' id='word_1_599' title='bbox 2000 346 2116 377; x_wconf 76' lang='lat' dir='ltr'>defide-</span> 
     </span>
     <span class='ocr_line' id='line_1_73' title="bbox 1160 381 2114 429; baseline 0.007 -17"><span class='ocrx_word' id='word_1_600' title='bbox 1160 381 1236 412; x_wconf 79' lang='lat' dir='ltr'>rasti.</span> <span class='ocrx_word' id='word_1_601' title='bbox 1261 382 1341 412; x_wconf 89' lang='lat' dir='ltr'>Illud</span> <span class='ocrx_word' id='word_1_602' title='bbox 1362 390 1463 412; x_wconf 87' lang='lat' dir='ltr'>tamen</span> <span class='ocrx_word' id='word_1_603' title='bbox 1479 383 1611 412; x_wconf 82' lang='lat' dir='ltr'>breviter</span> <span class='ocrx_word' id='word_1_604' title='bbox 1624 382 1850 425; x_wconf 73' lang='lat' dir='ltr'>significandum</span> <span class='ocrx_word' id='word_1_605' title='bbox 1862 390 1999 423; x_wconf 79' lang='lat' dir='ltr'>videtur,</span> <span class='ocrx_word' id='word_1_606' title='bbox 2016 399 2114 429; x_wconf 87' lang='lat' dir='ltr'>popu-</span> 
     </span>
     <span class='ocr_line' id='line_1_74' title="bbox 1160 425 2111 472; baseline 0.009 -19"><span class='ocrx_word' id='word_1_607' title='bbox 1160 425 1225 454; x_wconf 88' lang='lat' dir='ltr'>lum</span> <span class='ocrx_word' id='word_1_608' title='bbox 1248 426 1343 454; x_wconf 90' lang='lat' dir='ltr'>Rom.</span> <span class='ocrx_word' id='word_1_609' title='bbox 1364 426 1469 454; x_wconf 84' lang='lat' dir='ltr'>omnia</span> <span class='ocrx_word' id='word_1_610' title='bbox 1486 426 1501 453; x_wconf 78' lang='lat' dir='ltr'>a</span> <span class='ocrx_word' id='word_1_611' title='bbox 1524 433 1550 454; x_wconf 86' lang='lat' dir='ltr'>te</span> <span class='ocrx_word' id='word_1_612' title='bbox 1561 425 1748 466; x_wconf 53' lang='lat' dir='ltr'>exspefikarffi</span> <span class='ocrx_word' id='word_1_613' title='bbox 1768 435 1898 470; x_wconf 86' lang='lat' dir='ltr'>atquem</span> <span class='ocrx_word' id='word_1_614' title='bbox 1910 440 1937 461; x_wconf 90' lang='lat' dir='ltr'>te</span> <span class='ocrx_word' id='word_1_615' title='bbox 1948 431 2111 472; x_wconf 75' lang='lat' dir='ltr'>aliquando</span> 
     </span>
     <span class='ocr_line' id='line_1_75' title="bbox 1160 465 2113 511; baseline 0.008 -16"><span class='ocrx_word' id='word_1_616' title='bbox 1160 465 1364 506; x_wconf 74' lang='lat' dir='ltr'>recuperandae</span> <span class='ocrx_word' id='word_1_617' title='bbox 1374 466 1518 496; x_wconf 85' lang='lat' dir='ltr'>libertatis</span> <span class='ocrx_word' id='word_1_618' title='bbox 1531 476 1658 498; x_wconf 89' lang='lat' dir='ltr'>omnem</span> <span class='ocrx_word' id='word_1_619' title='bbox 1671 468 1752 508; x_wconf 90' lang='lat' dir='ltr'>spem</span> <span class='ocrx_word' id='word_1_620' title='bbox 1762 479 1882 511; x_wconf 83' lang='lat' dir='ltr'>ponere.</span> <span class='ocrx_word' id='word_1_621' title='bbox 1905 475 1955 503; x_wconf 88' lang='lat' dir='ltr'>Tu</span> <span class='ocrx_word' id='word_1_622' title='bbox 1972 494 1981 506; x_wconf 85' lang='lat'>‚</span> <span class='ocrx_word' id='word_1_623' title='bbox 2001 472 2022 502; x_wconf 83' lang='lat' dir='ltr'>si</span> <span class='ocrx_word' id='word_1_624' title='bbox 2036 472 2113 506; x_wconf 77' lang='lat' dir='ltr'>dies,</span> 
     </span>
     <span class='ocr_line' id='line_1_76' title="bbox 1161 507 2113 556; baseline 0.008 -19"><span class='ocrx_word' id='word_1_625' title='bbox 1161 507 1337 548; x_wconf 68' lang='lat' dir='ltr'>notiteisque</span> <span class='ocrx_word' id='word_1_626' title='bbox 1360 510 1538 538; x_wconf 88' lang='lat' dir='ltr'>memineris</span> <span class='ocrx_word' id='word_1_627' title='bbox 1555 508 1658 548; x_wconf 88' lang='lat' dir='ltr'>(quod</span> <span class='ocrx_word' id='word_1_628' title='bbox 1682 519 1709 540; x_wconf 90' lang='lat' dir='ltr'>te</span> <span class='ocrx_word' id='word_1_629' title='bbox 1725 509 1817 542; x_wconf 85' lang='lat' dir='ltr'>facere</span> <span class='ocrx_word' id='word_1_630' title='bbox 1826 513 1907 544; x_wconf 74' lang='lat' dir='ltr'>certo</span> <span class='ocrx_word' id='word_1_631' title='bbox 1917 516 2000 554; x_wconf 89' lang='lat' dir='ltr'>scio)</span> <span class='ocrx_word' id='word_1_632' title='bbox 2018 524 2113 556; x_wconf 77' lang='lat' dir='ltr'>quan-</span> 
     </span>
     <span class='ocr_line' id='line_1_77' title="bbox 1160 548 2114 596; baseline 0.006 -16"><span class='ocrx_word' id='word_1_633' title='bbox 1160 559 1220 580; x_wconf 85' lang='lat' dir='ltr'>tam</span> <span class='ocrx_word' id='word_1_634' title='bbox 1242 560 1306 580; x_wconf 86' lang='lat' dir='ltr'>rem</span> <span class='ocrx_word' id='word_1_635' title='bbox 1322 548 1460 591; x_wconf 84' lang='lat' dir='ltr'>gefferis:</span> <span class='ocrx_word' id='word_1_636' title='bbox 1483 560 1548 580; x_wconf 91' lang='lat' dir='ltr'>non</span> <span class='ocrx_word' id='word_1_637' title='bbox 1566 550 1743 581; x_wconf 79' lang='lat' dir='ltr'>obliviscere</span> <span class='ocrx_word' id='word_1_638' title='bbox 1757 553 1893 593; x_wconf 70' lang='lat' dir='ltr'>profeEto</span> <span class='ocrx_word' id='word_1_639' title='bbox 1905 575 1913 589; x_wconf 88' lang='lat'>‚</span> <span class='ocrx_word' id='word_1_640' title='bbox 1932 556 2114 596; x_wconf 75' lang='lat' dir='ltr'>quantaetibi</span> 
     </span>
     <span class='ocr_line' id='line_1_78' title="bbox 1160 591 2114 635; baseline 0.006 -13"><span class='ocrx_word' id='word_1_641' title='bbox 1160 593 1251 622; x_wconf 85' lang='lat' dir='ltr'>etiam</span> <span class='ocrx_word' id='word_1_642' title='bbox 1271 602 1353 622; x_wconf 90' lang='lat' dir='ltr'>nunc</span> <span class='ocrx_word' id='word_1_643' title='bbox 1374 591 1510 634; x_wconf 84' lang='lat' dir='ltr'>gerendae</span> <span class='ocrx_word' id='word_1_644' title='bbox 1521 591 1586 622; x_wconf 88' lang='lat' dir='ltr'>fint.</span> <span class='ocrx_word' id='word_1_645' title='bbox 1609 595 1640 624; x_wconf 87' lang='lat' dir='ltr'>Si</span> <span class='ocrx_word' id='word_1_646' title='bbox 1650 594 1735 623; x_wconf 86' lang='lat' dir='ltr'>enim</span> <span class='ocrx_word' id='word_1_647' title='bbox 1746 594 1799 624; x_wconf 86' lang='lat' dir='ltr'>iste</span> <span class='ocrx_word' id='word_1_648' title='bbox 1808 598 1996 635; x_wconf 88' lang='lat' dir='ltr'>provinciam</span> <span class='ocrx_word' id='word_1_649' title='bbox 2009 596 2114 628; x_wconf 64' lang='lat' dir='ltr'>nactus</span> 
     </span>
     <span class='ocr_line' id='line_1_79' title="bbox 1162 634 2118 679; baseline 0.005 -15"><span class='ocrx_word' id='word_1_650' title='bbox 1162 636 1217 664; x_wconf 84' lang='lat' dir='ltr'>crit</span> <span class='ocrx_word' id='word_1_651' title='bbox 1227 654 1235 668; x_wconf 89' lang='lat'>,</span> <span class='ocrx_word' id='word_1_652' title='bbox 1254 636 1303 664; x_wconf 89' lang='lat' dir='ltr'>cui</span> <span class='ocrx_word' id='word_1_653' title='bbox 1313 635 1438 675; x_wconf 88' lang='lat' dir='ltr'>quidem</span> <span class='ocrx_word' id='word_1_654' title='bbox 1449 644 1505 675; x_wconf 86' lang='lat' dir='ltr'>ego</span> <span class='ocrx_word' id='word_1_655' title='bbox 1516 634 1632 674; x_wconf 85' lang='lat' dir='ltr'>semper</span> <span class='ocrx_word' id='word_1_656' title='bbox 1641 637 1756 666; x_wconf 90' lang='lat' dir='ltr'>amicus</span> <span class='ocrx_word' id='word_1_657' title='bbox 1765 636 1887 668; x_wconf 74' lang='lat' dir='ltr'>fulante</span> <span class='ocrx_word' id='word_1_658' title='bbox 1899 658 1908 671; x_wconf 87' lang='lat'>‚</span> <span class='ocrx_word' id='word_1_659' title='bbox 1920 640 2008 679; x_wconf 76' lang='lat' dir='ltr'>quam</span> <span class='ocrx_word' id='word_1_660' title='bbox 2025 640 2118 670; x_wconf 81' lang='lat' dir='ltr'>illum</span> 
     </span>
     <span class='ocr_line' id='line_1_80' title="bbox 1160 675 2113 720; baseline 0.004 -14"><span class='ocrx_word' id='word_1_661' title='bbox 1160 676 1299 706; x_wconf 77' lang='lat' dir='ltr'>intellexi</span> <span class='ocrx_word' id='word_1_662' title='bbox 1317 686 1383 706; x_wconf 86' lang='lat' dir='ltr'>non</span> <span class='ocrx_word' id='word_1_663' title='bbox 1400 675 1498 706; x_wconf 75' lang='lat' dir='ltr'>modo</span> <span class='ocrx_word' id='word_1_664' title='bbox 1514 676 1613 716; x_wconf 76' lang='lat' dir='ltr'>aperte</span> <span class='ocrx_word' id='word_1_665' title='bbox 1625 696 1634 710; x_wconf 84' lang='lat'>,</span> <span class='ocrx_word' id='word_1_666' title='bbox 1657 676 1705 707; x_wconf 84' lang='lat' dir='ltr'>sed</span> <span class='ocrx_word' id='word_1_667' title='bbox 1724 680 1813 709; x_wconf 88' lang='lat' dir='ltr'>etiam</span> <span class='ocrx_word' id='word_1_668' title='bbox 1832 679 1959 710; x_wconf 90' lang='lat' dir='ltr'>libenter</span> <span class='ocrx_word' id='word_1_669' title='bbox 1971 690 2042 710; x_wconf 89' lang='lat' dir='ltr'>cum</span> <span class='ocrx_word' id='word_1_670' title='bbox 2053 690 2113 720; x_wconf 88' lang='lat' dir='ltr'>rep.</span> 
     </span>
     <span class='ocr_line' id='line_1_81' title="bbox 1161 717 2118 759; baseline 0.004 -11"><span class='ocrx_word' id='word_1_671' title='bbox 1161 717 1277 748; x_wconf 84' lang='lat' dir='ltr'>bellum</span> <span class='ocrx_word' id='word_1_672' title='bbox 1299 728 1398 759; x_wconf 88' lang='lat' dir='ltr'>gerere</span> <span class='ocrx_word' id='word_1_673' title='bbox 1417 739 1426 752; x_wconf 84' lang='lat'>,</span> <span class='ocrx_word' id='word_1_674' title='bbox 1457 722 1471 737; x_wconf 75' lang='lat'><em>2</em></span> <span class='ocrx_word' id='word_1_675' title='bbox 1492 718 1574 758; x_wconf 77' lang='lat' dir='ltr'>spem</span> <span class='ocrx_word' id='word_1_676' title='bbox 1596 719 1742 759; x_wconf 87' lang='lat' dir='ltr'>reliquam</span> <span class='ocrx_word' id='word_1_677' title='bbox 1761 720 1878 751; x_wconf 90' lang='lat' dir='ltr'>nullam</span> <span class='ocrx_word' id='word_1_678' title='bbox 1896 722 1987 751; x_wconf 85' lang='lat' dir='ltr'>video</span> <span class='ocrx_word' id='word_1_679' title='bbox 2003 722 2118 752; x_wconf 87' lang='lat' dir='ltr'>salutis.</span> 
     </span>
     <span class='ocr_line' id='line_1_82' title="bbox 1160 759 2119 803; baseline 0.003 -14"><span class='ocrx_word' id='word_1_680' title='bbox 1160 760 1368 799; x_wconf 85' lang='lat' dir='ltr'>Quamobrem</span> <span class='ocrx_word' id='word_1_681' title='bbox 1378 769 1407 790; x_wconf 87' lang='lat' dir='ltr'>te</span> <span class='ocrx_word' id='word_1_682' title='bbox 1416 759 1539 790; x_wconf 79' lang='lat' dir='ltr'>obsecro</span> <span class='ocrx_word' id='word_1_683' title='bbox 1555 759 1662 790; x_wconf 88' lang='lat' dir='ltr'>iisdem</span> <span class='ocrx_word' id='word_1_684' title='bbox 1672 762 1809 800; x_wconf 88' lang='lat' dir='ltr'>precibus</span> <span class='ocrx_word' id='word_1_685' title='bbox 1819 782 1826 795; x_wconf 87' lang='lat'>‚</span> <span class='ocrx_word' id='word_1_686' title='bbox 1839 763 1948 803; x_wconf 88' lang='lat' dir='ltr'>quibus</span> <span class='ocrx_word' id='word_1_687' title='bbox 1962 774 1986 793; x_wconf 86' lang='lat' dir='ltr'>s.</span> <span class='ocrx_word' id='word_1_688' title='bbox 1997 773 2024 793; x_wconf 74' lang='lat' dir='ltr'>p.</span> <span class='ocrx_word' id='word_1_689' title='bbox 2038 772 2119 802; x_wconf 65' lang='lat' dir='ltr'>QR.</span> 
     </span>
     <span class='ocr_line' id='line_1_83' title="bbox 1161 802 2118 845; baseline 0.003 -13"><span class='ocrx_word' id='word_1_690' title='bbox 1161 812 1193 832; x_wconf 89' lang='lat' dir='ltr'>ut</span> <span class='ocrx_word' id='word_1_691' title='bbox 1212 804 1245 831; x_wconf 90' lang='lat' dir='ltr'>in</span> <span class='ocrx_word' id='word_1_692' title='bbox 1255 812 1431 842; x_wconf 86' lang='lat' dir='ltr'>perpetuum</span> <span class='ocrx_word' id='word_1_693' title='bbox 1442 812 1537 842; x_wconf 84' lang='lat' dir='ltr'>remp.</span> <span class='ocrx_word' id='word_1_694' title='bbox 1549 802 1708 833; x_wconf 82' lang='lat' dir='ltr'>dominatu</span> <span class='ocrx_word' id='word_1_695' title='bbox 1719 805 1801 845; x_wconf 87' lang='lat' dir='ltr'>regio</span> <span class='ocrx_word' id='word_1_696' title='bbox 1815 804 1922 835; x_wconf 80' lang='lat' dir='ltr'>liberes</span> <span class='ocrx_word' id='word_1_697' title='bbox 1935 816 1940 834; x_wconf 90' lang='lat'>:</span> <span class='ocrx_word' id='word_1_698' title='bbox 1963 814 1994 835; x_wconf 85' lang='lat' dir='ltr'>ut</span> <span class='ocrx_word' id='word_1_699' title='bbox 2003 807 2118 845; x_wconf 87' lang='lat' dir='ltr'>princi-</span> 
     </span>
     <span class='ocr_line' id='line_1_84' title="bbox 1159 843 2119 887; baseline 0.003 -14"><span class='ocrx_word' id='word_1_700' title='bbox 1159 846 1218 884; x_wconf 85' lang='lat' dir='ltr'>piis</span> <span class='ocrx_word' id='word_1_701' title='bbox 1228 845 1417 874; x_wconf 79' lang='lat' dir='ltr'>consentiant</span> <span class='ocrx_word' id='word_1_702' title='bbox 1426 846 1535 874; x_wconf 82' lang='lat' dir='ltr'>exitus.</span> <span class='ocrx_word' id='word_1_703' title='bbox 1558 847 1664 874; x_wconf 88' lang='lat' dir='ltr'>Tuum</span> <span class='ocrx_word' id='word_1_704' title='bbox 1676 843 1718 874; x_wconf 87' lang='lat' dir='ltr'>est</span> <span class='ocrx_word' id='word_1_705' title='bbox 1728 845 1786 876; x_wconf 82' lang='lat' dir='ltr'>hoc</span> <span class='ocrx_word' id='word_1_706' title='bbox 1796 855 1908 876; x_wconf 86' lang='lat' dir='ltr'>munus</span> <span class='ocrx_word' id='word_1_707' title='bbox 1918 867 1927 880; x_wconf 89' lang='lat'>‚</span> <span class='ocrx_word' id='word_1_708' title='bbox 1948 856 2004 877; x_wconf 79' lang='lat' dir='ltr'>tuae</span> <span class='ocrx_word' id='word_1_709' title='bbox 2013 855 2119 887; x_wconf 77' lang='lat' dir='ltr'>partes:</span> 
     </span>
     <span class='ocr_line' id='line_1_85' title="bbox 1161 887 2119 929; baseline 0.003 -13"><span class='ocrx_word' id='word_1_710' title='bbox 1161 887 1177 916; x_wconf 71' lang='grc' dir='ltr'>ἐι</span> <span class='ocrx_word' id='word_1_711' title='bbox 1196 895 1224 916; x_wconf 91' lang='lat' dir='ltr'>te</span> <span class='ocrx_word' id='word_1_712' title='bbox 1242 887 1299 916; x_wconf 89' lang='lat' dir='ltr'>hoc</span> <span class='ocrx_word' id='word_1_713' title='bbox 1319 888 1423 916; x_wconf 74' lang='lat' dir='ltr'>civitas</span> <span class='ocrx_word' id='word_1_714' title='bbox 1435 906 1442 920; x_wconf 86' lang='lat'>‚</span> <span class='ocrx_word' id='word_1_715' title='bbox 1461 887 1509 916; x_wconf 88' lang='lat' dir='ltr'>vel</span> <span class='ocrx_word' id='word_1_716' title='bbox 1527 895 1635 916; x_wconf 91' lang='lat' dir='ltr'>omnes</span> <span class='ocrx_word' id='word_1_717' title='bbox 1647 887 1748 927; x_wconf 76' lang='lat' dir='ltr'>potius</span> <span class='ocrx_word' id='word_1_718' title='bbox 1757 896 1859 929; x_wconf 81' lang='lat' dir='ltr'>gentes</span> <span class='ocrx_word' id='word_1_719' title='bbox 1869 898 1934 919; x_wconf 89' lang='lat' dir='ltr'>non</span> <span class='ocrx_word' id='word_1_720' title='bbox 1943 888 2119 929; x_wconf 54' lang='lat' dir='ltr'>exipeffltant</span> 
     </span>
     <span class='ocr_line' id='line_1_86' title="bbox 1161 926 2116 970; baseline 0.003 -13"><span class='ocrx_word' id='word_1_721' title='bbox 1161 926 1261 958; x_wconf 72' lang='lat' dir='ltr'>solum</span> <span class='ocrx_word' id='word_1_722' title='bbox 1271 948 1280 962; x_wconf 89' lang='lat'>‚</span> <span class='ocrx_word' id='word_1_723' title='bbox 1293 928 1341 958; x_wconf 86' lang='lat' dir='ltr'>sed</span> <span class='ocrx_word' id='word_1_724' title='bbox 1355 930 1446 959; x_wconf 78' lang='lat' dir='ltr'>etiam</span> <span class='ocrx_word' id='word_1_725' title='bbox 1456 927 1619 968; x_wconf 85' lang='lat' dir='ltr'>postulant.</span> <span class='ocrx_word' id='word_1_726' title='bbox 1640 938 1821 970; x_wconf 86' lang='lat' dir='ltr'>quamquam</span> <span class='ocrx_word' id='word_1_727' title='bbox 1834 951 1843 962; x_wconf 91' lang='lat'><em>,</em></span> <span class='ocrx_word' id='word_1_728' title='bbox 1863 940 1934 961; x_wconf 85' lang='lat' dir='ltr'>cum</span> <span class='ocrx_word' id='word_1_729' title='bbox 1944 931 2116 961; x_wconf 76' lang='lat' dir='ltr'>hortatione</span> 
     </span>
     <span class='ocr_line' id='line_1_87' title="bbox 1161 969 2118 1011; baseline 0 -11"><span class='ocrx_word' id='word_1_730' title='bbox 1161 979 1225 1000; x_wconf 89' lang='lat' dir='ltr'>non</span> <span class='ocrx_word' id='word_1_731' title='bbox 1244 979 1347 1011; x_wconf 85' lang='lat' dir='ltr'>egeas,</span> <span class='ocrx_word' id='word_1_732' title='bbox 1371 980 1402 1000; x_wconf 87' lang='lat' dir='ltr'>ut</span> <span class='ocrx_word' id='word_1_733' title='bbox 1420 970 1505 1010; x_wconf 66' lang='lat' dir='ltr'>supra</span> <span class='ocrx_word' id='word_1_734' title='bbox 1522 969 1638 1010; x_wconf 74' lang='lat' dir='ltr'>scripsi,</span> <span class='ocrx_word' id='word_1_735' title='bbox 1660 980 1723 1001; x_wconf 90' lang='lat' dir='ltr'>non</span> <span class='ocrx_word' id='word_1_736' title='bbox 1741 981 1805 1001; x_wconf 91' lang='lat' dir='ltr'>utar</span> <span class='ocrx_word' id='word_1_737' title='bbox 1815 982 1847 1002; x_wconf 89' lang='lat' dir='ltr'>ea</span> <span class='ocrx_word' id='word_1_738' title='bbox 1860 972 1996 1011; x_wconf 77' lang='lat' dir='ltr'>pluribus</span> <span class='ocrx_word' id='word_1_739' title='bbox 2006 973 2118 1002; x_wconf 77' lang='lat' dir='ltr'>verbis:</span> 
     </span>
     <span class='ocr_line' id='line_1_88' title="bbox 1159 1010 2116 1052; baseline 0.003 -11"><span class='ocrx_word' id='word_1_740' title='bbox 1159 1010 1267 1042; x_wconf 77' lang='lat' dir='ltr'>faciam</span> <span class='ocrx_word' id='word_1_741' title='bbox 1284 1011 1361 1041; x_wconf 88' lang='lat' dir='ltr'>illud</span> <span class='ocrx_word' id='word_1_742' title='bbox 1371 1032 1379 1045; x_wconf 89' lang='lat'>,</span> <span class='ocrx_word' id='word_1_743' title='bbox 1403 1012 1485 1052; x_wconf 87' lang='lat' dir='ltr'>quod</span> <span class='ocrx_word' id='word_1_744' title='bbox 1499 1022 1603 1041; x_wconf 83' lang='lat' dir='ltr'>meum</span> <span class='ocrx_word' id='word_1_745' title='bbox 1615 1011 1657 1042; x_wconf 86' lang='lat' dir='ltr'>cst</span> <span class='ocrx_word' id='word_1_746' title='bbox 1670 1031 1679 1045; x_wconf 85' lang='lat'>‚</span> <span class='ocrx_word' id='word_1_747' title='bbox 1707 1021 1739 1042; x_wconf 86' lang='lat' dir='ltr'>ut</span> <span class='ocrx_word' id='word_1_748' title='bbox 1747 1013 1803 1043; x_wconf 84' lang='lat' dir='ltr'>tibi</span> <span class='ocrx_word' id='word_1_749' title='bbox 1813 1016 1918 1044; x_wconf 79' lang='lat' dir='ltr'>omnia</span> <span class='ocrx_word' id='word_1_750' title='bbox 1927 1023 1995 1044; x_wconf 86' lang='lat' dir='ltr'>mea</span> <span class='ocrx_word' id='word_1_751' title='bbox 2003 1013 2116 1047; x_wconf 71' lang='lat' dir='ltr'>officia,</span> 
     </span>
     <span class='ocr_line' id='line_1_89' title="bbox 1166 1052 2122 1096; baseline 0.004 -14"><span class='ocrx_word' id='word_1_752' title='bbox 1166 1052 1272 1086; x_wconf 88' lang='lat' dir='ltr'>studia,</span> <span class='ocrx_word' id='word_1_753' title='bbox 1286 1062 1381 1087; x_wconf 83' lang='lat' dir='ltr'>curas,</span> <span class='ocrx_word' id='word_1_754' title='bbox 1396 1054 1594 1094; x_wconf 82' lang='lat' dir='ltr'>cogitationes</span> <span class='ocrx_word' id='word_1_755' title='bbox 1606 1053 1759 1093; x_wconf 84' lang='lat' dir='ltr'>pollicear,</span> <span class='ocrx_word' id='word_1_756' title='bbox 1769 1065 1834 1096; x_wconf 86' lang='lat' dir='ltr'>quae</span> <span class='ocrx_word' id='word_1_757' title='bbox 1848 1056 1882 1085; x_wconf 91' lang='lat' dir='ltr'>ad</span> <span class='ocrx_word' id='word_1_758' title='bbox 1892 1064 1974 1086; x_wconf 87' lang='lat' dir='ltr'>tuam</span> <span class='ocrx_word' id='word_1_759' title='bbox 1988 1056 2122 1088; x_wconf 82' lang='lat' dir='ltr'>laudem,</span> 
     </span>
     <span class='ocr_line' id='line_1_90' title="bbox 1162 1094 2124 1137; baseline 0.003 -13"><span class='ocrx_word' id='word_1_760' title='bbox 1162 1095 1195 1124; x_wconf 90' lang='lat'>&amp;</span> <span class='ocrx_word' id='word_1_761' title='bbox 1203 1094 1331 1135; x_wconf 84' lang='lat' dir='ltr'>gloriam</span> <span class='ocrx_word' id='word_1_762' title='bbox 1340 1095 1542 1134; x_wconf 82' lang='lat' dir='ltr'>pertinebunt.</span> <span class='ocrx_word' id='word_1_763' title='bbox 1565 1095 1772 1133; x_wconf 85' lang='lat' dir='ltr'>Qamobrem</span> <span class='ocrx_word' id='word_1_764' title='bbox 1784 1097 1878 1127; x_wconf 87' lang='lat' dir='ltr'>velim</span> <span class='ocrx_word' id='word_1_765' title='bbox 1888 1097 1942 1127; x_wconf 85' lang='lat' dir='ltr'>tibi</span> <span class='ocrx_word' id='word_1_766' title='bbox 1954 1099 1994 1128; x_wconf 80' lang='lat' dir='ltr'>ita</span> <span class='ocrx_word' id='word_1_767' title='bbox 2002 1098 2124 1137; x_wconf 85' lang='lat' dir='ltr'>persua-</span> 
     </span>
     <span class='ocr_line' id='line_1_91' title="bbox 1162 1136 2122 1176; baseline 0.003 -10"><span class='ocrx_word' id='word_1_768' title='bbox 1162 1136 1242 1169; x_wconf 79' lang='lat' dir='ltr'>deas,</span> <span class='ocrx_word' id='word_1_769' title='bbox 1254 1145 1305 1166; x_wconf 88' lang='lat' dir='ltr'>me</span> <span class='ocrx_word' id='word_1_770' title='bbox 1315 1144 1381 1166; x_wconf 89' lang='lat' dir='ltr'>turn</span> <span class='ocrx_word' id='word_1_771' title='bbox 1392 1138 1468 1176; x_wconf 87' lang='lat' dir='ltr'>reip.</span> <span class='ocrx_word' id='word_1_772' title='bbox 1476 1136 1641 1176; x_wconf 82' lang='lat' dir='ltr'>causa,quae</span> <span class='ocrx_word' id='word_1_773' title='bbox 1650 1138 1728 1166; x_wconf 88' lang='lat' dir='ltr'>mihi</span> <span class='ocrx_word' id='word_1_774' title='bbox 1738 1140 1798 1167; x_wconf 86' lang='lat' dir='ltr'>vita</span> <span class='ocrx_word' id='word_1_775' title='bbox 1808 1147 1874 1168; x_wconf 86' lang='lat' dir='ltr'>mea</span> <span class='ocrx_word' id='word_1_776' title='bbox 1883 1138 1925 1168; x_wconf 85' lang='lat' dir='ltr'>est</span> <span class='ocrx_word' id='word_1_777' title='bbox 1933 1140 2042 1169; x_wconf 88' lang='lat' dir='ltr'>carior:</span> <span class='ocrx_word' id='word_1_778' title='bbox 2054 1148 2122 1169; x_wconf 88' lang='lat' dir='ltr'>tum</span> 
     </span>
     <span class='ocr_line' id='line_1_92' title="bbox 1162 1176 2122 1220; baseline 0.002 -12"><span class='ocrx_word' id='word_1_779' title='bbox 1162 1176 1246 1219; x_wconf 73' lang='lat' dir='ltr'>quod</span> <span class='ocrx_word' id='word_1_780' title='bbox 1267 1177 1323 1208; x_wconf 87' lang='lat' dir='ltr'>tibi</span> <span class='ocrx_word' id='word_1_781' title='bbox 1342 1176 1394 1218; x_wconf 83' lang='lat' dir='ltr'>ipfi</span> <span class='ocrx_word' id='word_1_782' title='bbox 1411 1176 1529 1209; x_wconf 81' lang='lat' dir='ltr'>faveam</span> <span class='ocrx_word' id='word_1_783' title='bbox 1548 1196 1557 1211; x_wconf 92' lang='lat'>‚</span> <span class='ocrx_word' id='word_1_784' title='bbox 1583 1187 1726 1218; x_wconf 86' lang='lat' dir='ltr'>tuamque</span> <span class='ocrx_word' id='word_1_785' title='bbox 1743 1178 1923 1219; x_wconf 85' lang='lat' dir='ltr'>dignitatem</span> <span class='ocrx_word' id='word_1_786' title='bbox 1945 1179 2122 1220; x_wconf 82' lang='lat' dir='ltr'>amplificari</span> 
     </span>
     <span class='ocr_line' id='line_1_93' title="bbox 1162 1218 2122 1262; baseline 0.003 -13"><span class='ocrx_word' id='word_1_787' title='bbox 1162 1220 1256 1250; x_wconf 86' lang='lat' dir='ltr'>velim</span> <span class='ocrx_word' id='word_1_788' title='bbox 1269 1239 1276 1253; x_wconf 87' lang='lat'>,</span> <span class='ocrx_word' id='word_1_789' title='bbox 1295 1221 1352 1249; x_wconf 87' lang='lat' dir='ltr'>tuis</span> <span class='ocrx_word' id='word_1_790' title='bbox 1363 1222 1487 1260; x_wconf 75' lang='lat' dir='ltr'>optimis</span> <span class='ocrx_word' id='word_1_791' title='bbox 1495 1218 1628 1251; x_wconf 73' lang='lat' dir='ltr'>consiliis</span> <span class='ocrx_word' id='word_1_792' title='bbox 1638 1239 1647 1253; x_wconf 88' lang='lat'><em>,</em></span> <span class='ocrx_word' id='word_1_793' title='bbox 1669 1220 1882 1261; x_wconf 88' lang='lat' dir='ltr'>amplitudini,</span> <span class='ocrx_word' id='word_1_794' title='bbox 1899 1221 2001 1262; x_wconf 69' lang='lat' dir='ltr'>glori-a:</span> <span class='ocrx_word' id='word_1_795' title='bbox 2012 1241 2021 1256; x_wconf 86' lang='lat'>‚</span> <span class='ocrx_word' id='word_1_796' title='bbox 2034 1223 2122 1252; x_wconf 81' lang='lat' dir='ltr'>nullo</span> 
     </span>
     <span class='ocr_line' id='line_1_94' title="bbox 1163 1260 1534 1292; baseline -0.003 -1"><span class='ocrx_word' id='word_1_797' title='bbox 1163 1262 1233 1292; x_wconf 92' lang='lat' dir='ltr'>loco</span> <span class='ocrx_word' id='word_1_798' title='bbox 1241 1260 1426 1292; x_wconf 86' lang='lat' dir='ltr'>defuturum.</span> <span class='ocrx_word' id='word_1_799' title='bbox 1451 1262 1534 1292; x_wconf 87' lang='lat' dir='ltr'>Vale.</span> 
     </span>
     <span class='ocr_line' id='line_1_95' title="bbox 1245 1309 2036 1342; baseline 0.001 -4"><span class='ocrx_word' id='word_1_800' title='bbox 1245 1311 1290 1338; x_wconf 88' lang='lat' dir='ltr'>M.</span> <span class='ocrx_word' id='word_1_801' title='bbox 1303 1310 1452 1339; x_wconf 86' lang='lat' dir='ltr'><strong>CICERO</strong></span> <span class='ocrx_word' id='word_1_802' title='bbox 1473 1311 1501 1339; x_wconf 90' lang='lat' dir='ltr'>S.</span> <span class='ocrx_word' id='word_1_803' title='bbox 1512 1311 1552 1338; x_wconf 93' lang='lat' dir='ltr'>D.</span> <span class='ocrx_word' id='word_1_804' title='bbox 1577 1309 1718 1341; x_wconf 87' lang='lat' dir='ltr'>BRUTO</span> <span class='ocrx_word' id='word_1_805' title='bbox 1739 1311 1823 1341; x_wconf 89' lang='lat' dir='ltr'><strong>IMP.</strong></span> <span class='ocrx_word' id='word_1_806' title='bbox 1847 1312 1926 1342; x_wconf 86' lang='lat' dir='ltr'>COS.</span> <span class='ocrx_word' id='word_1_807' title='bbox 1949 1312 2036 1342; x_wconf 82' lang='lat' dir='ltr'>DES.</span> 
     </span>
     <span class='ocr_line' id='line_1_96' title="bbox 1251 1349 2123 1388; baseline 0 -6"><span class='ocrx_word' id='word_1_808' title='bbox 1251 1353 1342 1382; x_wconf 60' lang='lat' dir='ltr'>Unus</span> <span class='ocrx_word' id='word_1_809' title='bbox 1361 1349 1462 1381; x_wconf 86' lang='lat' dir='ltr'>noster</span> <span class='ocrx_word' id='word_1_810' title='bbox 1469 1349 1543 1381; x_wconf 77' lang='lat' dir='ltr'>cum</span> <span class='ocrx_word' id='word_1_811' title='bbox 1554 1353 1690 1381; x_wconf 86' lang='lat' dir='ltr'>Romam</span> <span class='ocrx_word' id='word_1_812' title='bbox 1702 1351 1785 1382; x_wconf 88' lang='lat' dir='ltr'>sexto</span> <span class='ocrx_word' id='word_1_813' title='bbox 1796 1352 1843 1382; x_wconf 89' lang='lat' dir='ltr'>die</span> <span class='ocrx_word' id='word_1_814' title='bbox 1855 1349 1973 1384; x_wconf 85' lang='lat' dir='ltr'>Mutina</span> <span class='ocrx_word' id='word_1_815' title='bbox 1982 1350 2123 1388; x_wconf 84' lang='lat' dir='ltr'>veniffet,</span> 
     </span>
     <span class='ocr_line' id='line_1_97' title="bbox 1250 1391 2125 1432; baseline 0.002 -10"><span class='ocrx_word' id='word_1_816' title='bbox 1250 1391 1394 1432; x_wconf 89' lang='lat' dir='ltr'>postridie</span> <span class='ocrx_word' id='word_1_817' title='bbox 1418 1402 1468 1422; x_wconf 91' lang='lat' dir='ltr'>me</span> <span class='ocrx_word' id='word_1_818' title='bbox 1486 1393 1575 1423; x_wconf 72' lang='lat' dir='ltr'>mane</span> <span class='ocrx_word' id='word_1_819' title='bbox 1584 1395 1749 1427; x_wconf 84' lang='lat' dir='ltr'>convenit;</span> <span class='ocrx_word' id='word_1_820' title='bbox 1773 1402 1821 1424; x_wconf 87' lang='lat' dir='ltr'>tua</span> <span class='ocrx_word' id='word_1_821' title='bbox 1836 1396 1912 1424; x_wconf 89' lang='lat' dir='ltr'>mihi</span> <span class='ocrx_word' id='word_1_822' title='bbox 1924 1395 2062 1425; x_wconf 83' lang='lat' dir='ltr'>mandata</span> <span class='ocrx_word' id='word_1_823' title='bbox 2075 1394 2125 1424; x_wconf 88' lang='lat' dir='ltr'>di-</span> 
     </span>
     <span class='ocr_line' id='line_1_98' title="bbox 1163 1432 2122 1476; baseline 0.003 -13"><span class='ocrx_word' id='word_1_824' title='bbox 1163 1432 1359 1476; x_wconf 73' lang='lat' dir='ltr'>ligentissime</span> <span class='ocrx_word' id='word_1_825' title='bbox 1380 1435 1521 1475; x_wconf 77' lang='lat' dir='ltr'>exposuit</span> <span class='ocrx_word' id='word_1_826' title='bbox 1539 1454 1548 1468; x_wconf 94' lang='lat'>,</span> <span class='ocrx_word' id='word_1_827' title='bbox 1581 1435 1615 1464; x_wconf 92' lang='lat'>&amp;</span> <span class='ocrx_word' id='word_1_828' title='bbox 1633 1434 1743 1465; x_wconf 87' lang='lat' dir='ltr'>litteras</span> <span class='ocrx_word' id='word_1_829' title='bbox 1759 1435 1901 1466; x_wconf 88' lang='lat' dir='ltr'>reddidit.</span> <span class='ocrx_word' id='word_1_830' title='bbox 1934 1436 2026 1476; x_wconf 75' lang='lat' dir='ltr'>de</span> <span class='ocrx_word' id='word_1_831' title='bbox 2042 1437 2122 1466; x_wconf 86' lang='lat' dir='ltr'>mihi</span> 
     </span>
     <span class='ocr_line' id='line_1_99' title="bbox 1163 1475 2125 1518; baseline 0.001 -12"><span class='ocrx_word' id='word_1_832' title='bbox 1163 1485 1246 1506; x_wconf 86' lang='lat' dir='ltr'>tuam</span> <span class='ocrx_word' id='word_1_833' title='bbox 1259 1475 1436 1518; x_wconf 87' lang='lat' dir='ltr'>dignitatem</span> <span class='ocrx_word' id='word_1_834' title='bbox 1445 1476 1642 1507; x_wconf 90' lang='lat' dir='ltr'>commendas</span> <span class='ocrx_word' id='word_1_835' title='bbox 1653 1496 1662 1510; x_wconf 82' lang='lat'>‚</span> <span class='ocrx_word' id='word_1_836' title='bbox 1672 1476 1780 1506; x_wconf 85' lang='lat' dir='ltr'>eodem</span> <span class='ocrx_word' id='word_1_837' title='bbox 1794 1486 1929 1517; x_wconf 90' lang='lat' dir='ltr'>tempore</span> <span class='ocrx_word' id='word_1_838' title='bbox 1938 1477 2084 1507; x_wconf 83' lang='lat' dir='ltr'>existimo</span> <span class='ocrx_word' id='word_1_839' title='bbox 2095 1487 2125 1508; x_wconf 86' lang='lat' dir='ltr'>te</span> 
     </span>
     <span class='ocr_line' id='line_1_100' title="bbox 1164 1518 2123 1560; baseline 0.002 -12"><span class='ocrx_word' id='word_1_840' title='bbox 1164 1519 1243 1548; x_wconf 87' lang='lat' dir='ltr'>mihi</span> <span class='ocrx_word' id='word_1_841' title='bbox 1263 1528 1364 1549; x_wconf 88' lang='lat' dir='ltr'>meam</span> <span class='ocrx_word' id='word_1_842' title='bbox 1383 1518 1561 1559; x_wconf 90' lang='lat' dir='ltr'>dignitatem</span> <span class='ocrx_word' id='word_1_843' title='bbox 1579 1519 1815 1549; x_wconf 85' lang='lat' dir='ltr'>commendare:</span> <span class='ocrx_word' id='word_1_844' title='bbox 1835 1529 1924 1560; x_wconf 83' lang='lat' dir='ltr'>quam</span> <span class='ocrx_word' id='word_1_845' title='bbox 1946 1519 2123 1550; x_wconf 75' lang='lat' dir='ltr'>mehercule</span> 
     </span>
     <span class='ocr_line' id='line_1_101' title="bbox 1164 1559 2121 1602; baseline 0.001 -12"><span class='ocrx_word' id='word_1_846' title='bbox 1164 1570 1229 1591; x_wconf 91' lang='lat' dir='ltr'>non</span> <span class='ocrx_word' id='word_1_847' title='bbox 1239 1560 1333 1591; x_wconf 88' lang='lat' dir='ltr'>habeo</span> <span class='ocrx_word' id='word_1_848' title='bbox 1344 1569 1393 1592; x_wconf 90' lang='lat' dir='ltr'>tua</span> <span class='ocrx_word' id='word_1_849' title='bbox 1403 1562 1557 1591; x_wconf 87' lang='lat' dir='ltr'>cariorem.</span> <span class='ocrx_word' id='word_1_850' title='bbox 1581 1563 1679 1602; x_wconf 86' lang='lat' dir='ltr'>Qare</span> <span class='ocrx_word' id='word_1_851' title='bbox 1690 1562 1768 1590; x_wconf 88' lang='lat' dir='ltr'>mihi</span> <span class='ocrx_word' id='word_1_852' title='bbox 1777 1560 1974 1602; x_wconf 78' lang='lat' dir='ltr'>gratiffimum</span> <span class='ocrx_word' id='word_1_853' title='bbox 1983 1560 2085 1594; x_wconf 85' lang='lat' dir='ltr'>facies,</span> <span class='ocrx_word' id='word_1_854' title='bbox 2098 1559 2121 1591; x_wconf 84' lang='lat' dir='ltr'>fi</span> 
     </span>
     <span class='ocr_line' id='line_1_102' title="bbox 1164 1601 2127 1643; baseline -0.001 -10"><span class='ocrx_word' id='word_1_855' title='bbox 1164 1603 1353 1643; x_wconf 87' lang='lat' dir='ltr'>exploratum</span> <span class='ocrx_word' id='word_1_856' title='bbox 1372 1602 1512 1636; x_wconf 87' lang='lat' dir='ltr'>habebis,</span> <span class='ocrx_word' id='word_1_857' title='bbox 1534 1604 1593 1632; x_wconf 87' lang='lat' dir='ltr'>tuis</span> <span class='ocrx_word' id='word_1_858' title='bbox 1610 1602 1748 1632; x_wconf 89' lang='lat' dir='ltr'>laudibus</span> <span class='ocrx_word' id='word_1_859' title='bbox 1767 1603 1854 1633; x_wconf 91' lang='lat' dir='ltr'>nullo</span> <span class='ocrx_word' id='word_1_860' title='bbox 1874 1603 1944 1633; x_wconf 89' lang='lat' dir='ltr'>loco</span> <span class='ocrx_word' id='word_1_861' title='bbox 1960 1613 2015 1633; x_wconf 89' lang='lat' dir='ltr'>nec</span> <span class='ocrx_word' id='word_1_862' title='bbox 2025 1601 2127 1633; x_wconf 87' lang='lat' dir='ltr'>consi-</span> 
     </span>
     <span class='ocr_line' id='line_1_103' title="bbox 1170 1643 2130 1684; baseline -0.001 -9"><span class='ocrx_word' id='word_1_863' title='bbox 1170 1644 1249 1675; x_wconf 85' lang='lat' dir='ltr'>lium</span> <span class='ocrx_word' id='word_1_864' title='bbox 1260 1665 1268 1678; x_wconf 91' lang='lat'>,</span> <span class='ocrx_word' id='word_1_865' title='bbox 1284 1655 1339 1675; x_wconf 91' lang='lat' dir='ltr'>nec</span> <span class='ocrx_word' id='word_1_866' title='bbox 1351 1644 1485 1675; x_wconf 89' lang='lat' dir='ltr'>studium</span> <span class='ocrx_word' id='word_1_867' title='bbox 1496 1654 1599 1674; x_wconf 85' lang='lat' dir='ltr'>meum</span> <span class='ocrx_word' id='word_1_868' title='bbox 1611 1643 1796 1674; x_wconf 88' lang='lat' dir='ltr'>defuturum.</span> <span class='ocrx_word' id='word_1_869' title='bbox 1820 1644 1899 1675; x_wconf 70' lang='lat' dir='ltr'>cnm</span> <span class='ocrx_word' id='word_1_870' title='bbox 1910 1645 2023 1676; x_wconf 87' lang='lat' dir='ltr'>tribuni</span> <span class='ocrx_word' id='word_1_871' title='bbox 2032 1645 2130 1684; x_wconf 85' lang='lat' dir='ltr'>plebis</span> 
     </span>
     <span class='ocr_line' id='line_1_104' title="bbox 1166 1685 2125 1728; baseline -0.001 -11"><span class='ocrx_word' id='word_1_872' title='bbox 1166 1685 1325 1717; x_wconf 82' lang='lat' dir='ltr'>edixissent</span> <span class='ocrx_word' id='word_1_873' title='bbox 1337 1707 1346 1720; x_wconf 88' lang='lat'><em>,</em></span> <span class='ocrx_word' id='word_1_874' title='bbox 1365 1687 1482 1717; x_wconf 88' lang='lat' dir='ltr'>senatus</span> <span class='ocrx_word' id='word_1_875' title='bbox 1503 1685 1612 1717; x_wconf 83' lang='lat' dir='ltr'>adess&#39;et</span> <span class='ocrx_word' id='word_1_876' title='bbox 1620 1688 1654 1716; x_wconf 91' lang='lat' dir='ltr'>ad</span> <span class='ocrx_word' id='word_1_877' title='bbox 1667 1696 1752 1716; x_wconf 82' lang='lat' dir='ltr'>xru.</span> <span class='ocrx_word' id='word_1_878' title='bbox 1765 1687 1830 1717; x_wconf 65' lang='lat' dir='ltr'>Kal,</span> <span class='ocrx_word' id='word_1_879' title='bbox 1845 1688 1912 1728; x_wconf 87' lang='lat' dir='ltr'>Jan.</span> <span class='ocrx_word' id='word_1_880' title='bbox 1922 1687 2125 1726; x_wconf 87' lang='lat' dir='ltr'>haberentque</span> 
     </span>
     <span class='ocr_line' id='line_1_105' title="bbox 1170 1727 2127 1769; baseline -0.001 -10"><span class='ocrx_word' id='word_1_881' title='bbox 1170 1731 1202 1759; x_wconf 88' lang='lat' dir='ltr'>in</span> <span class='ocrx_word' id='word_1_882' title='bbox 1229 1731 1334 1759; x_wconf 91' lang='lat' dir='ltr'>animo</span> <span class='ocrx_word' id='word_1_883' title='bbox 1362 1728 1399 1758; x_wconf 91' lang='lat' dir='ltr'>de</span> <span class='ocrx_word' id='word_1_884' title='bbox 1425 1727 1560 1768; x_wconf 80' lang='lat' dir='ltr'>praesidio</span> <span class='ocrx_word' id='word_1_885' title='bbox 1586 1728 1749 1758; x_wconf 90' lang='lat' dir='ltr'>consulum</span> <span class='ocrx_word' id='word_1_886' title='bbox 1769 1727 1988 1769; x_wconf 85' lang='lat' dir='ltr'>designatorum</span> <span class='ocrx_word' id='word_1_887' title='bbox 2007 1727 2127 1758; x_wconf 86' lang='lat' dir='ltr'>referre:</span> 
     </span>
     <span class='ocr_line' id='line_1_106' title="bbox 1168 1769 2129 1812; baseline -0.001 -12"><span class='ocrx_word' id='word_1_888' title='bbox 1168 1780 1353 1812; x_wconf 84' lang='lat' dir='ltr'>quamquam</span> <span class='ocrx_word' id='word_1_889' title='bbox 1373 1769 1530 1800; x_wconf 87' lang='lat' dir='ltr'>statueram</span> <span class='ocrx_word' id='word_1_890' title='bbox 1547 1771 1581 1800; x_wconf 90' lang='lat' dir='ltr'>in</span> <span class='ocrx_word' id='word_1_891' title='bbox 1592 1770 1727 1800; x_wconf 85' lang='lat' dir='ltr'>senatum</span> <span class='ocrx_word' id='word_1_892' title='bbox 1736 1779 1803 1800; x_wconf 88' lang='lat' dir='ltr'>ante</span> <span class='ocrx_word' id='word_1_893' title='bbox 1812 1770 1877 1800; x_wconf 39' lang='lat' dir='ltr'>Kalv</span> <span class='ocrx_word' id='word_1_894' title='bbox 1886 1771 1954 1811; x_wconf 89' lang='lat' dir='ltr'>Jan.</span> <span class='ocrx_word' id='word_1_895' title='bbox 1966 1779 2031 1800; x_wconf 91' lang='lat' dir='ltr'>non</span> <span class='ocrx_word' id='word_1_896' title='bbox 2040 1771 2129 1800; x_wconf 90' lang='lat' dir='ltr'>veni-</span> 
     </span>
     <span class='ocr_line' id='line_1_107' title="bbox 1169 1809 2130 1852; baseline -0.002 -9"><span class='ocrx_word' id='word_1_897' title='bbox 1169 1823 1219 1843; x_wconf 85' lang='lat' dir='ltr'>re:</span> <span class='ocrx_word' id='word_1_898' title='bbox 1239 1822 1341 1843; x_wconf 87' lang='lat' dir='ltr'>tamen</span> <span class='ocrx_word' id='word_1_899' title='bbox 1355 1832 1364 1846; x_wconf 90' lang='lat'>‚</span> <span class='ocrx_word' id='word_1_900' title='bbox 1384 1809 1456 1842; x_wconf 75' lang='lat' dir='ltr'>cum</span> <span class='ocrx_word' id='word_1_901' title='bbox 1477 1822 1513 1841; x_wconf 90' lang='lat' dir='ltr'>eo</span> <span class='ocrx_word' id='word_1_902' title='bbox 1531 1812 1581 1842; x_wconf 91' lang='lat' dir='ltr'>die</span> <span class='ocrx_word' id='word_1_903' title='bbox 1602 1812 1666 1852; x_wconf 89' lang='lat' dir='ltr'>ipso</span> <span class='ocrx_word' id='word_1_904' title='bbox 1680 1811 1815 1842; x_wconf 67' lang='lat' dir='ltr'>edi6tum</span> <span class='ocrx_word' id='word_1_905' title='bbox 1834 1820 1922 1841; x_wconf 88' lang='lat' dir='ltr'>tuum</span> <span class='ocrx_word' id='word_1_906' title='bbox 1942 1810 2130 1852; x_wconf 86' lang='lat' dir='ltr'>propositum</span> 
     </span>
     <span class='ocr_line' id='line_1_108' title="bbox 1173 1851 2129 1889; baseline -0.003 -4"><span class='ocrx_word' id='word_1_907' title='bbox 1173 1852 1244 1886; x_wconf 78' lang='lat' dir='ltr'>effer</span> <span class='ocrx_word' id='word_1_908' title='bbox 1254 1874 1263 1889; x_wconf 91' lang='lat'>,</span> <span class='ocrx_word' id='word_1_909' title='bbox 1275 1853 1358 1885; x_wconf 84' lang='lat' dir='ltr'>nefas</span> <span class='ocrx_word' id='word_1_910' title='bbox 1368 1851 1424 1883; x_wconf 80' lang='lat' dir='ltr'>effe</span> <span class='ocrx_word' id='word_1_911' title='bbox 1435 1853 1529 1886; x_wconf 85' lang='lat' dir='ltr'>duxi,</span> <span class='ocrx_word' id='word_1_912' title='bbox 1540 1862 1590 1883; x_wconf 89' lang='lat' dir='ltr'>aut</span> <span class='ocrx_word' id='word_1_913' title='bbox 1598 1854 1637 1883; x_wconf 84' lang='lat' dir='ltr'>ita</span> <span class='ocrx_word' id='word_1_914' title='bbox 1646 1853 1747 1883; x_wconf 88' lang='lat' dir='ltr'>haberi</span> <span class='ocrx_word' id='word_1_915' title='bbox 1761 1853 1908 1886; x_wconf 86' lang='lat' dir='ltr'>senatum,</span> <span class='ocrx_word' id='word_1_916' title='bbox 1920 1863 1953 1883; x_wconf 91' lang='lat' dir='ltr'>ut</span> <span class='ocrx_word' id='word_1_917' title='bbox 1962 1853 1998 1883; x_wconf 86' lang='lat' dir='ltr'>de</span> <span class='ocrx_word' id='word_1_918' title='bbox 2011 1855 2070 1884; x_wconf 87' lang='lat' dir='ltr'>tuis</span> <span class='ocrx_word' id='word_1_919' title='bbox 2079 1852 2129 1882; x_wconf 92' lang='lat' dir='ltr'>di-</span> 
     </span>
     <span class='ocr_line' id='line_1_109' title="bbox 1174 1892 2129 1936; baseline -0.003 -9"><span class='ocrx_word' id='word_1_920' title='bbox 1174 1898 1255 1928; x_wconf 84' lang='lat' dir='ltr'>vinis</span> <span class='ocrx_word' id='word_1_921' title='bbox 1264 1898 1299 1926; x_wconf 92' lang='lat' dir='ltr'>in</span> <span class='ocrx_word' id='word_1_922' title='bbox 1310 1906 1405 1936; x_wconf 87' lang='lat' dir='ltr'>remp.</span> <span class='ocrx_word' id='word_1_923' title='bbox 1429 1896 1546 1925; x_wconf 88' lang='lat' dir='ltr'>meritis</span> <span class='ocrx_word' id='word_1_924' title='bbox 1555 1893 1687 1926; x_wconf 89' lang='lat' dir='ltr'>fileretur</span> <span class='ocrx_word' id='word_1_925' title='bbox 1695 1915 1704 1930; x_wconf 84' lang='lat'>,</span> <span class='ocrx_word' id='word_1_926' title='bbox 1731 1895 1831 1936; x_wconf 89' lang='lat' dir='ltr'>(quod</span> <span class='ocrx_word' id='word_1_927' title='bbox 1840 1894 1953 1925; x_wconf 72' lang='lat' dir='ltr'>fa&amp;um</span> <span class='ocrx_word' id='word_1_928' title='bbox 1964 1893 2033 1925; x_wconf 80' lang='lat' dir='ltr'>effet</span> <span class='ocrx_word' id='word_1_929' title='bbox 2044 1914 2053 1929; x_wconf 82' lang='lat'><strong>,</strong></span> <span class='ocrx_word' id='word_1_930' title='bbox 2072 1892 2129 1924; x_wconf 72' lang='lat' dir='ltr'>nist</span> 
     </span>
     <span class='ocr_line' id='line_1_110' title="bbox 1174 1936 2135 1981; baseline -0.003 -12"><span class='ocrx_word' id='word_1_931' title='bbox 1174 1949 1230 1981; x_wconf 87' lang='lat' dir='ltr'>ego</span> <span class='ocrx_word' id='word_1_932' title='bbox 1239 1937 1400 1978; x_wconf 78' lang='lat' dir='ltr'>venissem)</span> <span class='ocrx_word' id='word_1_933' title='bbox 1420 1946 1481 1971; x_wconf 84' lang='lat' dir='ltr'>aut,</span> <span class='ocrx_word' id='word_1_934' title='bbox 1493 1938 1583 1968; x_wconf 85' lang='lat' dir='ltr'>etiam</span> <span class='ocrx_word' id='word_1_935' title='bbox 1595 1936 1615 1966; x_wconf 85' lang='lat' dir='ltr'>fi</span> <span class='ocrx_word' id='word_1_936' title='bbox 1623 1937 1696 1978; x_wconf 89' lang='lat' dir='ltr'>quid</span> <span class='ocrx_word' id='word_1_937' title='bbox 1707 1936 1743 1967; x_wconf 89' lang='lat' dir='ltr'>de</span> <span class='ocrx_word' id='word_1_938' title='bbox 1753 1947 1781 1968; x_wconf 87' lang='lat' dir='ltr'>te</span> <span class='ocrx_word' id='word_1_939' title='bbox 1791 1936 1959 1968; x_wconf 77' lang='lat' dir='ltr'>honorifice</span> <span class='ocrx_word' id='word_1_940' title='bbox 1970 1936 2135 1976; x_wconf 59' lang='lat' dir='ltr'>diceretur,</span> 
     </span>
     <span class='ocr_line' id='line_1_111' title="bbox 1175 1977 2138 2020; baseline -0.002 -9"><span class='ocrx_word' id='word_1_941' title='bbox 1175 1991 1227 2011; x_wconf 90' lang='lat' dir='ltr'>me</span> <span class='ocrx_word' id='word_1_942' title='bbox 1243 1991 1308 2012; x_wconf 92' lang='lat' dir='ltr'>non</span> <span class='ocrx_word' id='word_1_943' title='bbox 1317 1978 1424 2011; x_wconf 81' lang='lat' dir='ltr'>adefl’e.</span> <span class='ocrx_word' id='word_1_944' title='bbox 1447 1982 1550 2020; x_wconf 84' lang='lat' dir='ltr'>Itaque</span> <span class='ocrx_word' id='word_1_945' title='bbox 1558 1981 1591 2009; x_wconf 86' lang='lat' dir='ltr'>in</span> <span class='ocrx_word' id='word_1_946' title='bbox 1600 1979 1736 2010; x_wconf 80' lang='lat' dir='ltr'>senatum</span> <span class='ocrx_word' id='word_1_947' title='bbox 1747 1981 1819 2010; x_wconf 88' lang='lat' dir='ltr'>veni</span> <span class='ocrx_word' id='word_1_948' title='bbox 1834 1978 1924 2010; x_wconf 75' lang='lat' dir='ltr'>mane</span> <span class='ocrx_word' id='word_1_949' title='bbox 1939 1990 1944 2008; x_wconf 74' lang='grc' dir='ltr'><strong><em>ι</em></strong></span> <span class='ocrx_word' id='word_1_950' title='bbox 1965 1978 2047 2019; x_wconf 88' lang='lat' dir='ltr'>quod</span> <span class='ocrx_word' id='word_1_951' title='bbox 2057 1977 2138 2019; x_wconf 69' lang='lat' dir='ltr'>cumv</span> 
     </span>
     <span class='ocr_line' id='line_1_112' title="bbox 1174 2020 2129 2062; baseline -0.005 -8"><span class='ocrx_word' id='word_1_952' title='bbox 1174 2022 1246 2054; x_wconf 82' lang='lat' dir='ltr'>ess&#39;et</span> <span class='ocrx_word' id='word_1_953' title='bbox 1255 2020 1745 2062; x_wconf 82' lang='lat' dir='ltr'>animadversum,frequentiffimi</span> <span class='ocrx_word' id='word_1_954' title='bbox 1754 2022 1901 2052; x_wconf 84' lang='lat' dir='ltr'>senatores</span> <span class='ocrx_word' id='word_1_955' title='bbox 1910 2029 2129 2052; x_wconf 84' lang='lat' dir='ltr'>convenerunt.</span> 
     </span>
     <span class='ocr_line' id='line_1_113' title="bbox 1175 2064 2130 2107; baseline -0.004 -11"><span class='ocrx_word' id='word_1_956' title='bbox 1175 2069 1251 2107; x_wconf 72' lang='lat' dir='ltr'>Qae</span> <span class='ocrx_word' id='word_1_957' title='bbox 1268 2065 1306 2096; x_wconf 91' lang='lat' dir='ltr'>de</span> <span class='ocrx_word' id='word_1_958' title='bbox 1328 2072 1357 2095; x_wconf 83' lang='lat' dir='ltr'>te</span> <span class='ocrx_word' id='word_1_959' title='bbox 1375 2065 1409 2094; x_wconf 86' lang='lat' dir='ltr'>in</span> <span class='ocrx_word' id='word_1_960' title='bbox 1425 2064 1527 2094; x_wconf 87' lang='lat' dir='ltr'>senatu</span> <span class='ocrx_word' id='word_1_961' title='bbox 1555 2065 1666 2104; x_wconf 85' lang='lat' dir='ltr'>egerim</span> <span class='ocrx_word' id='word_1_962' title='bbox 1679 2084 1688 2097; x_wconf 93' lang='lat'>,</span> <span class='ocrx_word' id='word_1_963' title='bbox 1708 2073 1773 2104; x_wconf 63' lang='lat' dir='ltr'>quae</span> <span class='ocrx_word' id='word_1_964' title='bbox 1791 2065 1824 2093; x_wconf 91' lang='lat' dir='ltr'>in</span> <span class='ocrx_word' id='word_1_965' title='bbox 1835 2065 1984 2094; x_wconf 88' lang='lat' dir='ltr'>concione</span> <span class='ocrx_word' id='word_1_966' title='bbox 1995 2064 2130 2093; x_wconf 79' lang='lat' dir='ltr'>maxima</span> 
     </span>
     <span class='ocr_line' id='line_1_114' title="bbox 1173 2103 2132 2147; baseline -0.006 -9"><span class='ocrx_word' id='word_1_967' title='bbox 1173 2108 1325 2142; x_wconf 80' lang='lat' dir='ltr'>dixerim,</span> <span class='ocrx_word' id='word_1_968' title='bbox 1344 2106 1474 2137; x_wconf 85' lang='lat' dir='ltr'>aliorum</span> <span class='ocrx_word' id='word_1_969' title='bbox 1492 2114 1521 2136; x_wconf 90' lang='lat' dir='ltr'>te</span> <span class='ocrx_word' id='word_1_970' title='bbox 1538 2105 1645 2137; x_wconf 89' lang='lat' dir='ltr'>litteris</span> <span class='ocrx_word' id='word_1_971' title='bbox 1667 2107 1750 2136; x_wconf 85' lang='lat' dir='ltr'>malo</span> <span class='ocrx_word' id='word_1_972' title='bbox 1768 2105 1955 2147; x_wconf 87' lang='lat' dir='ltr'>cognoscere.</span> <span class='ocrx_word' id='word_1_973' title='bbox 1979 2104 2057 2135; x_wconf 88' lang='lat' dir='ltr'>Illud</span> <span class='ocrx_word' id='word_1_974' title='bbox 2074 2103 2132 2133; x_wconf 85' lang='lat' dir='ltr'>tibi</span> 
     </span>
     <span class='ocr_line' id='line_1_115' title="bbox 1172 2144 2131 2191; baseline -0.005 -10"><span class='ocrx_word' id='word_1_975' title='bbox 1172 2149 1343 2191; x_wconf 84' lang='lat' dir='ltr'>persuadeas</span> <span class='ocrx_word' id='word_1_976' title='bbox 1352 2148 1446 2179; x_wconf 90' lang='lat' dir='ltr'>velim</span> <span class='ocrx_word' id='word_1_977' title='bbox 1459 2168 1468 2182; x_wconf 89' lang='lat'>‚</span> <span class='ocrx_word' id='word_1_978' title='bbox 1488 2157 1538 2178; x_wconf 90' lang='lat' dir='ltr'>me</span> <span class='ocrx_word' id='word_1_979' title='bbox 1548 2144 1654 2178; x_wconf 77' lang='lat' dir='ltr'>omnia</span> <span class='ocrx_word' id='word_1_980' title='bbox 1662 2167 1670 2181; x_wconf 85' lang='lat'>‚</span> <span class='ocrx_word' id='word_1_981' title='bbox 1681 2157 1746 2189; x_wconf 79' lang='lat' dir='ltr'>quae</span> <span class='ocrx_word' id='word_1_982' title='bbox 1757 2147 1793 2179; x_wconf 91' lang='lat' dir='ltr'>ad</span> <span class='ocrx_word' id='word_1_983' title='bbox 1803 2157 1884 2178; x_wconf 89' lang='lat' dir='ltr'>tuam</span> <span class='ocrx_word' id='word_1_984' title='bbox 1894 2146 2069 2188; x_wconf 86' lang='lat' dir='ltr'>dignitatem</span> <span class='ocrx_word' id='word_1_985' title='bbox 2078 2154 2131 2175; x_wconf 84' lang='lat' dir='ltr'>au-</span> 
     </span>
     <span class='ocr_line' id='line_1_116' title="bbox 1174 2187 2132 2234; baseline -0.006 -12"><span class='ocrx_word' id='word_1_986' title='bbox 1174 2191 1302 2234; x_wconf 88' lang='lat' dir='ltr'>gendam</span> <span class='ocrx_word' id='word_1_987' title='bbox 1321 2190 1533 2231; x_wconf 84' lang='lat' dir='ltr'>pertinebunt,</span> <span class='ocrx_word' id='word_1_988' title='bbox 1550 2199 1617 2231; x_wconf 83' lang='lat' dir='ltr'>quae</span> <span class='ocrx_word' id='word_1_989' title='bbox 1636 2189 1678 2220; x_wconf 89' lang='lat' dir='ltr'>est</span> <span class='ocrx_word' id='word_1_990' title='bbox 1689 2189 1775 2229; x_wconf 87' lang='lat' dir='ltr'>perse</span> <span class='ocrx_word' id='word_1_991' title='bbox 1786 2187 1987 2229; x_wconf 86' lang='lat' dir='ltr'>ampliffima,</span> <span class='ocrx_word' id='word_1_992' title='bbox 2008 2188 2132 2218; x_wconf 88' lang='lat' dir='ltr'>summo</span> 
     </span>
     <span class='ocr_line' id='line_1_117' title="bbox 1176 2228 2133 2275; baseline -0.007 -10"><span class='ocrx_word' id='word_1_993' title='bbox 1176 2235 1294 2275; x_wconf 88' lang='lat' dir='ltr'>semper</span> <span class='ocrx_word' id='word_1_994' title='bbox 1301 2232 1401 2264; x_wconf 90' lang='lat' dir='ltr'>studio</span> <span class='ocrx_word' id='word_1_995' title='bbox 1410 2232 1613 2273; x_wconf 84' lang='lat' dir='ltr'>suscepturum</span> <span class='ocrx_word' id='word_1_996' title='bbox 1625 2251 1634 2265; x_wconf 87' lang='lat'>‚</span> <span class='ocrx_word' id='word_1_997' title='bbox 1658 2231 1690 2262; x_wconf 76' lang='grc' dir='ltr'>δε</span> <span class='ocrx_word' id='word_1_998' title='bbox 1699 2231 1894 2262; x_wconf 87' lang='lat' dir='ltr'>defensurum</span> <span class='ocrx_word' id='word_1_999' title='bbox 1907 2240 1913 2259; x_wconf 88' lang='lat'>:</span> <span class='ocrx_word' id='word_1_1000' title='bbox 1933 2228 2015 2271; x_wconf 89' lang='lat' dir='ltr'>quod</span> <span class='ocrx_word' id='word_1_1001' title='bbox 2024 2238 2133 2271; x_wconf 85' lang='lat' dir='ltr'>quam-</span> 
     </span>
     <span class='ocr_line' id='line_1_118' title="bbox 1176 2271 2131 2317; baseline -0.006 -10"><span class='ocrx_word' id='word_1_1002' title='bbox 1176 2286 1267 2317; x_wconf 85' lang='lat' dir='ltr'>quam</span> <span class='ocrx_word' id='word_1_1003' title='bbox 1285 2275 1425 2316; x_wconf 87' lang='lat' dir='ltr'>intelligo</span> <span class='ocrx_word' id='word_1_1004' title='bbox 1442 2284 1493 2304; x_wconf 86' lang='lat' dir='ltr'>me</span> <span class='ocrx_word' id='word_1_1005' title='bbox 1510 2283 1581 2304; x_wconf 89' lang='lat' dir='ltr'>cum</span> <span class='ocrx_word' id='word_1_1006' title='bbox 1591 2273 1697 2304; x_wconf 85' lang='lat' dir='ltr'>multis</span> <span class='ocrx_word' id='word_1_1007' title='bbox 1707 2271 1764 2303; x_wconf 84' lang='lat' dir='ltr'>esse</span> <span class='ocrx_word' id='word_1_1008' title='bbox 1775 2271 1923 2303; x_wconf 74' lang='lat' dir='ltr'>faCturum</span> <span class='ocrx_word' id='word_1_1009' title='bbox 1935 2291 1944 2306; x_wconf 89' lang='lat'>‚</span> <span class='ocrx_word' id='word_1_1010' title='bbox 1965 2280 2068 2302; x_wconf 89' lang='lat' dir='ltr'>tamen</span> <span class='ocrx_word' id='word_1_1011' title='bbox 2079 2280 2131 2312; x_wconf 84' lang='lat' dir='ltr'>ap-</span> 
     </span>
     <span class='ocr_line' id='line_1_119' title="bbox 1175 2317 1649 2359; baseline -0.008 -11"><span class='ocrx_word' id='word_1_1012' title='bbox 1175 2327 1276 2359; x_wconf 87' lang='lat' dir='ltr'>petam</span> <span class='ocrx_word' id='word_1_1013' title='bbox 1285 2318 1376 2357; x_wconf 87' lang='lat' dir='ltr'>hujus</span> <span class='ocrx_word' id='word_1_1014' title='bbox 1386 2318 1428 2346; x_wconf 89' lang='lat' dir='ltr'>rei</span> <span class='ocrx_word' id='word_1_1015' title='bbox 1436 2317 1649 2356; x_wconf 81' lang='lat' dir='ltr'>principatum.</span> 
     </span>
     <span class='ocr_line' id='line_1_120' title="bbox 1221 2362 2097 2394; baseline -0.005 0"><span class='ocrx_word' id='word_1_1016' title='bbox 1221 2367 1265 2394; x_wconf 89' lang='lat' dir='ltr'>M.</span> <span class='ocrx_word' id='word_1_1017' title='bbox 1280 2366 1429 2394; x_wconf 90' lang='lat' dir='ltr'>CICERO</span> <span class='ocrx_word' id='word_1_1018' title='bbox 1450 2366 1478 2393; x_wconf 91' lang='lat' dir='ltr'>S.</span> <span class='ocrx_word' id='word_1_1019' title='bbox 1489 2365 1530 2393; x_wconf 95' lang='lat' dir='ltr'>D.</span> <span class='ocrx_word' id='word_1_1020' title='bbox 1553 2365 1593 2392; x_wconf 91' lang='lat' dir='ltr'>D.</span> <span class='ocrx_word' id='word_1_1021' title='bbox 1605 2363 1749 2394; x_wconf 86' lang='lat' dir='ltr'>BRUTO</span> <span class='ocrx_word' id='word_1_1022' title='bbox 1770 2364 1852 2394; x_wconf 83' lang='lat' dir='ltr'>IMP.</span> <span class='ocrx_word' id='word_1_1023' title='bbox 1875 2363 1988 2393; x_wconf 87' lang='lat' dir='ltr'>CONS.</span> <span class='ocrx_word' id='word_1_1024' title='bbox 2011 2362 2097 2392; x_wconf 83' lang='lat' dir='ltr'><strong>DES.</strong></span> 
     </span>
     <span class='ocr_line' id='line_1_121' title="bbox 1185 2403 2133 2481; baseline 0 -47"><span class='ocrx_word' id='word_1_1025' title='bbox 1185 2405 1329 2481; x_wconf 82' lang='lat' dir='ltr'>CUM</span> <span class='ocrx_word' id='word_1_1026' title='bbox 1347 2403 1525 2435; x_wconf 72' lang='lat' dir='ltr'>adhibuisset</span> <span class='ocrx_word' id='word_1_1027' title='bbox 1533 2404 1620 2434; x_wconf 93' lang='lat' dir='ltr'>domi</span> <span class='ocrx_word' id='word_1_1028' title='bbox 1630 2414 1705 2434; x_wconf 88' lang='lat' dir='ltr'>meae</span> <span class='ocrx_word' id='word_1_1029' title='bbox 1716 2406 1819 2445; x_wconf 88' lang='lat' dir='ltr'>Lupus</span> <span class='ocrx_word' id='word_1_1030' title='bbox 1832 2414 1882 2434; x_wconf 88' lang='lat' dir='ltr'>me</span> <span class='ocrx_word' id='word_1_1031' title='bbox 1893 2424 1902 2438; x_wconf 87' lang='lat'>,</span> <span class='ocrx_word' id='word_1_1032' title='bbox 1924 2405 1956 2434; x_wconf 71' lang='grc' dir='ltr'>δε</span> <span class='ocrx_word' id='word_1_1033' title='bbox 1967 2404 2133 2438; x_wconf 86' lang='lat' dir='ltr'>Libonem,</span> 
     </span>
     <span class='ocr_line' id='line_1_122' title="bbox 1270 2445 2138 2487; baseline -0.003 -9"><span class='ocrx_word' id='word_1_1034' title='bbox 1270 2446 1303 2477; x_wconf 83' lang='lat'>&amp;</span> <span class='ocrx_word' id='word_1_1035' title='bbox 1311 2448 1459 2480; x_wconf 85' lang='lat' dir='ltr'>Servium,</span> <span class='ocrx_word' id='word_1_1036' title='bbox 1469 2446 1690 2476; x_wconf 89' lang='lat' dir='ltr'>consobrinum</span> <span class='ocrx_word' id='word_1_1037' title='bbox 1701 2455 1788 2477; x_wconf 90' lang='lat' dir='ltr'>tuum</span> <span class='ocrx_word' id='word_1_1038' title='bbox 1801 2458 1806 2476; x_wconf 93' lang='lat'>:</span> <span class='ocrx_word' id='word_1_1039' title='bbox 1817 2457 1882 2487; x_wconf 86' lang='lat' dir='ltr'>quae</span> <span class='ocrx_word' id='word_1_1040' title='bbox 1894 2456 1961 2476; x_wconf 88' lang='lat' dir='ltr'>mea</span> <span class='ocrx_word' id='word_1_1041' title='bbox 1968 2445 2059 2476; x_wconf 85' lang='lat' dir='ltr'>fuerit</span> <span class='ocrx_word' id='word_1_1042' title='bbox 2069 2445 2138 2476; x_wconf 86' lang='lat' dir='ltr'>sen-</span> 
     </span>
     <span class='ocr_line' id='line_1_123' title="bbox 1181 2486 2138 2530; baseline -0.003 -10"><span class='ocrx_word' id='word_1_1043' title='bbox 1181 2491 1274 2520; x_wconf 90' lang='lat' dir='ltr'>tentia</span> <span class='ocrx_word' id='word_1_1044' title='bbox 1284 2509 1292 2523; x_wconf 81' lang='lat'>‚</span> <span class='ocrx_word' id='word_1_1045' title='bbox 1304 2486 1442 2530; x_wconf 79' lang='lat' dir='ltr'>cognosse</span> <span class='ocrx_word' id='word_1_1046' title='bbox 1453 2497 1480 2518; x_wconf 91' lang='lat' dir='ltr'>te</span> <span class='ocrx_word' id='word_1_1047' title='bbox 1494 2498 1532 2518; x_wconf 89' lang='lat' dir='ltr'>ex</span> <span class='ocrx_word' id='word_1_1048' title='bbox 1542 2490 1585 2518; x_wconf 92' lang='lat' dir='ltr'>M.</span> <span class='ocrx_word' id='word_1_1049' title='bbox 1596 2489 1665 2528; x_wconf 82' lang='lat' dir='ltr'>Sejo</span> <span class='ocrx_word' id='word_1_1050' title='bbox 1678 2488 1804 2519; x_wconf 88' lang='lat' dir='ltr'>arbitror</span> <span class='ocrx_word' id='word_1_1051' title='bbox 1815 2499 1820 2517; x_wconf 78' lang='lat' dir='ltr'>z</span> <span class='ocrx_word' id='word_1_1052' title='bbox 1831 2490 1882 2529; x_wconf 92' lang='lat' dir='ltr'>qui</span> <span class='ocrx_word' id='word_1_1053' title='bbox 1892 2487 1995 2518; x_wconf 89' lang='lat' dir='ltr'>nostro</span> <span class='ocrx_word' id='word_1_1054' title='bbox 2003 2488 2138 2518; x_wconf 81' lang='lat' dir='ltr'>sermoni</span> 
     </span>
     <span class='ocr_line' id='line_1_124' title="bbox 1182 2527 2138 2571; baseline -0.004 -9"><span class='ocrx_word' id='word_1_1055' title='bbox 1182 2530 1331 2562; x_wconf 88' lang='lat' dir='ltr'>interfuit.</span> <span class='ocrx_word' id='word_1_1056' title='bbox 1354 2531 1482 2571; x_wconf 90' lang='lat' dir='ltr'>Reliqua</span> <span class='ocrx_word' id='word_1_1057' title='bbox 1492 2550 1501 2564; x_wconf 88' lang='lat'>‚</span> <span class='ocrx_word' id='word_1_1058' title='bbox 1520 2540 1703 2571; x_wconf 87' lang='lat' dir='ltr'>quamquam</span> <span class='ocrx_word' id='word_1_1059' title='bbox 1713 2529 1813 2561; x_wconf 85' lang='lat' dir='ltr'>statim</span> <span class='ocrx_word' id='word_1_1060' title='bbox 1820 2531 1865 2571; x_wconf 88' lang='lat' dir='ltr'>Sej</span> <span class='ocrx_word' id='word_1_1061' title='bbox 1871 2540 1922 2560; x_wconf 91' lang='lat' dir='ltr'>um</span> <span class='ocrx_word' id='word_1_1062' title='bbox 1936 2530 2085 2560; x_wconf 87' lang='lat' dir='ltr'>Graeceius</span> <span class='ocrx_word' id='word_1_1063' title='bbox 2093 2527 2138 2559; x_wconf 85' lang='lat' dir='ltr'>est</span> 
     </span>
     <span class='ocr_line' id='line_1_125' title="bbox 1182 2572 2140 2613; baseline -0.003 -10"><span class='ocrx_word' id='word_1_1064' title='bbox 1182 2573 1354 2604; x_wconf 87' lang='lat' dir='ltr'>subsecutus</span> <span class='ocrx_word' id='word_1_1065' title='bbox 1368 2592 1377 2606; x_wconf 86' lang='lat'>‚</span> <span class='ocrx_word' id='word_1_1066' title='bbox 1395 2581 1496 2603; x_wconf 89' lang='lat' dir='ltr'>tamen</span> <span class='ocrx_word' id='word_1_1067' title='bbox 1513 2581 1551 2602; x_wconf 88' lang='lat' dir='ltr'>ex</span> <span class='ocrx_word' id='word_1_1068' title='bbox 1569 2573 1704 2603; x_wconf 80' lang='lat' dir='ltr'>Graeceio</span> <span class='ocrx_word' id='word_1_1069' title='bbox 1714 2574 1824 2612; x_wconf 90' lang='lat' dir='ltr'>poteris</span> <span class='ocrx_word' id='word_1_1070' title='bbox 1833 2572 2022 2613; x_wconf 84' lang='lat' dir='ltr'>cognoscere.</span> <span class='ocrx_word' id='word_1_1071' title='bbox 2045 2572 2140 2610; x_wconf 84' lang='lat' dir='ltr'>Caput</span> 
     </span>
     <span class='ocr_line' id='line_1_126' title="bbox 1181 2611 2140 2656; baseline -0.005 -10"><span class='ocrx_word' id='word_1_1072' title='bbox 1181 2624 1282 2646; x_wconf 86' lang='lat' dir='ltr'>autem</span> <span class='ocrx_word' id='word_1_1073' title='bbox 1297 2613 1339 2644; x_wconf 90' lang='lat' dir='ltr'>est</span> <span class='ocrx_word' id='word_1_1074' title='bbox 1350 2615 1408 2645; x_wconf 92' lang='lat' dir='ltr'>hoc</span> <span class='ocrx_word' id='word_1_1075' title='bbox 1418 2633 1427 2648; x_wconf 86' lang='lat'><strong>,</strong></span> <span class='ocrx_word' id='word_1_1076' title='bbox 1446 2613 1527 2655; x_wconf 87' lang='lat' dir='ltr'>quod</span> <span class='ocrx_word' id='word_1_1077' title='bbox 1537 2622 1565 2645; x_wconf 87' lang='lat' dir='ltr'>te</span> <span class='ocrx_word' id='word_1_1078' title='bbox 1575 2612 1801 2656; x_wconf 76' lang='lat' dir='ltr'>diligentissime</span> <span class='ocrx_word' id='word_1_1079' title='bbox 1816 2618 1827 2642; x_wconf 82' lang='lat'>3</span> <span class='ocrx_word' id='word_1_1080' title='bbox 1838 2615 1986 2655; x_wconf 85' lang='lat' dir='ltr'>percipere</span> <span class='ocrx_word' id='word_1_1081' title='bbox 1995 2632 2005 2646; x_wconf 89' lang='lat'>‚</span> <span class='ocrx_word' id='word_1_1082' title='bbox 2026 2611 2060 2642; x_wconf 88' lang='lat'>&amp;</span> <span class='ocrx_word' id='word_1_1083' title='bbox 2071 2622 2140 2642; x_wconf 89' lang='lat' dir='ltr'>me-</span> 
     </span>
     <span class='ocr_line' id='line_1_127' title="bbox 1186 2654 2136 2696; baseline -0.005 -9"><span class='ocrx_word' id='word_1_1084' title='bbox 1186 2654 1307 2687; x_wconf 81' lang='lat' dir='ltr'>miniss&#39;e</span> <span class='ocrx_word' id='word_1_1085' title='bbox 1317 2657 1430 2687; x_wconf 86' lang='lat' dir='ltr'>volam:</span> <span class='ocrx_word' id='word_1_1086' title='bbox 1440 2665 1473 2686; x_wconf 91' lang='lat' dir='ltr'>ut</span> <span class='ocrx_word' id='word_1_1087' title='bbox 1482 2666 1521 2686; x_wconf 92' lang='lat' dir='ltr'>ne</span> <span class='ocrx_word' id='word_1_1088' title='bbox 1531 2658 1564 2686; x_wconf 91' lang='lat' dir='ltr'>in</span> <span class='ocrx_word' id='word_1_1089' title='bbox 1575 2656 1719 2690; x_wconf 85' lang='lat' dir='ltr'>libertate,</span> <span class='ocrx_word' id='word_1_1090' title='bbox 1732 2657 1765 2687; x_wconf 71' lang='grc' dir='ltr'>ὃς</span> <span class='ocrx_word' id='word_1_1091' title='bbox 1775 2656 1868 2687; x_wconf 88' lang='lat' dir='ltr'>salute</span> <span class='ocrx_word' id='word_1_1092' title='bbox 1881 2664 1953 2696; x_wconf 87' lang='lat' dir='ltr'>pop.</span> <span class='ocrx_word' id='word_1_1093' title='bbox 1963 2656 2002 2684; x_wconf 90' lang='lat' dir='ltr'>R.</span> <span class='ocrx_word' id='word_1_1094' title='bbox 2014 2654 2136 2683; x_wconf 79' lang='lat' dir='ltr'>conser-</span> 
     </span>
     <span class='ocr_line' id='line_1_128' title="bbox 1185 2694 2138 2739; baseline -0.004 -10"><span class='ocrx_word' id='word_1_1095' title='bbox 1185 2698 1280 2730; x_wconf 86' lang='lat' dir='ltr'>vanda</span> <span class='ocrx_word' id='word_1_1096' title='bbox 1289 2697 1497 2729; x_wconf 71' lang='lat' dir='ltr'>auetoritaoem</span> <span class='ocrx_word' id='word_1_1097' title='bbox 1511 2698 1628 2728; x_wconf 88' lang='lat' dir='ltr'>senatus</span> <span class='ocrx_word' id='word_1_1098' title='bbox 1641 2697 1793 2739; x_wconf 70' lang='lat' dir='ltr'>exspe&amp;es</span> <span class='ocrx_word' id='word_1_1099' title='bbox 1802 2718 1811 2733; x_wconf 86' lang='lat'>‚</span> <span class='ocrx_word' id='word_1_1100' title='bbox 1831 2696 1971 2728; x_wconf 89' lang='lat' dir='ltr'>nondum</span> <span class='ocrx_word' id='word_1_1101' title='bbox 1981 2694 2085 2728; x_wconf 85' lang='lat' dir='ltr'>liberi,</span> <span class='ocrx_word' id='word_1_1102' title='bbox 2098 2704 2138 2725; x_wconf 90' lang='lat' dir='ltr'>ne</span> 
     </span>
     <span class='ocr_line' id='line_1_129' title="bbox 1186 2735 2138 2780; baseline -0.007 -8"><span class='ocrx_word' id='word_1_1103' title='bbox 1186 2742 1220 2772; x_wconf 74' lang='grc' dir='ltr'>ὃς</span> <span class='ocrx_word' id='word_1_1104' title='bbox 1235 2750 1324 2772; x_wconf 89' lang='lat' dir='ltr'>tuum</span> <span class='ocrx_word' id='word_1_1105' title='bbox 1337 2739 1451 2771; x_wconf 61' lang='lat' dir='ltr'>fastum</span> <span class='ocrx_word' id='word_1_1106' title='bbox 1461 2739 1646 2772; x_wconf 86' lang='lat' dir='ltr'>condemnes</span> <span class='ocrx_word' id='word_1_1107' title='bbox 1667 2739 1774 2780; x_wconf 82' lang='lat' dir='ltr'>(nullo</span> <span class='ocrx_word' id='word_1_1108' title='bbox 1784 2740 1867 2770; x_wconf 89' lang='lat' dir='ltr'>enim</span> <span class='ocrx_word' id='word_1_1109' title='bbox 1877 2737 2002 2778; x_wconf 87' lang='lat' dir='ltr'>publico</span> <span class='ocrx_word' id='word_1_1110' title='bbox 2010 2735 2138 2767; x_wconf 82' lang='lat' dir='ltr'>confilio</span> 
     </span>
     <span class='ocr_line' id='line_1_130' title="bbox 2042 2788 2136 2818; baseline 0 -10"><span class='ocrx_word' id='word_1_1111' title='bbox 2042 2788 2136 2818; x_wconf 86' lang='lat' dir='ltr'>remp.</span> 
     </span>
    </p>
   </div>
   <div class='ocr_carea' id='block_1_14' title="bbox 690 2827 2113 2844">
    <p class='ocr_par' dir='ltr' id='par_1_16' title="bbox 690 2827 2113 2844">
     <span class='ocr_line' id='line_1_131' title="bbox 690 2827 2113 2844; baseline 0 556"><span class='ocrx_word' id='word_1_1112' title='bbox 690 2827 2113 2844; x_wconf 95' lang='lat' dir='ltr'> </span> 
     </span>
    </p>
   </div>
   <div class='ocr_carea' id='block_1_15' title="bbox 182 2864 1143 3198">
    <p class='ocr_par' dir='ltr' id='par_1_17' title="bbox 182 2864 1143 3085">
     <span class='ocr_line' id='line_1_132' title="bbox 225 2864 1142 2907; baseline -0.009 -9"><span class='ocrx_word' id='word_1_1113' title='bbox 225 2881 249 2899; x_wconf 84' lang='grc' dir='ltr'>ι.</span> <span class='ocrx_word' id='word_1_1114' title='bbox 267 2875 398 2907; x_wconf 65' lang='lat' dir='ltr'>Progreffiic</span> <span class='ocrx_word' id='word_1_1115' title='bbox 410 2874 463 2906; x_wconf 66' lang='lat' dir='ltr'>fimi</span> <span class='ocrx_word' id='word_1_1116' title='bbox 482 2873 514 2898; x_wconf 73' lang='lat' dir='ltr'>ad</span> <span class='ocrx_word' id='word_1_1117' title='bbox 531 2871 679 2905; x_wconf 67' lang='lat' dir='ltr'>Inalpinos]</span> <span class='ocrx_word' id='word_1_1118' title='bbox 701 2867 784 2906; x_wconf 84' lang='lat' dir='ltr'>Qod</span> <span class='ocrx_word' id='word_1_1119' title='bbox 795 2867 884 2894; x_wconf 82' lang='lat' dir='ltr'>haberi</span> <span class='ocrx_word' id='word_1_1120' title='bbox 895 2867 921 2893; x_wconf 91' lang='lat' dir='ltr'>in</span> <span class='ocrx_word' id='word_1_1121' title='bbox 933 2864 984 2892; x_wconf 77' lang='lat' dir='ltr'>suis</span> <span class='ocrx_word' id='word_1_1122' title='bbox 995 2864 1142 2896; x_wconf 65' lang='lat' dir='ltr'>Vit‘erius,</span> 
     </span>
     <span class='ocr_line' id='line_1_133' title="bbox 184 2900 1142 2944; baseline -0.009 -10"><span class='ocrx_word' id='word_1_1123' title='bbox 184 2908 214 2937; x_wconf 79' lang='lat' dir='ltr'>id</span> <span class='ocrx_word' id='word_1_1124' title='bbox 224 2918 329 2944; x_wconf 80' lang='lat' dir='ltr'>qnoque</span> <span class='ocrx_word' id='word_1_1125' title='bbox 339 2919 388 2943; x_wconf 66' lang='lat' dir='ltr'>ego</span> <span class='ocrx_word' id='word_1_1126' title='bbox 398 2908 430 2935; x_wconf 64' lang='lat' dir='ltr'>dt·</span> <span class='ocrx_word' id='word_1_1127' title='bbox 442 2908 570 2935; x_wconf 72' lang='lat' dir='ltr'>Palatinis</span> <span class='ocrx_word' id='word_1_1128' title='bbox 580 2908 667 2944; x_wconf 87' lang='lat' dir='ltr'>primo</span> <span class='ocrx_word' id='word_1_1129' title='bbox 676 2915 706 2933; x_wconf 76' lang='lat' dir='ltr'>ac</span> <span class='ocrx_word' id='word_1_1130' title='bbox 719 2906 800 2931; x_wconf 86' lang='lat' dir='ltr'>tertio</span> <span class='ocrx_word' id='word_1_1131' title='bbox 813 2923 822 2935; x_wconf 88' lang='lat'>,</span> <span class='ocrx_word' id='word_1_1132' title='bbox 839 2902 1025 2930; x_wconf 71' lang='lat' dir='ltr'>stewechiauo</span> <span class='ocrx_word' id='word_1_1133' title='bbox 1034 2910 1064 2928; x_wconf 88' lang='lat' dir='ltr'>ac</span> <span class='ocrx_word' id='word_1_1134' title='bbox 1076 2900 1142 2926; x_wconf 81' lang='lat' dir='ltr'>Hit-</span> 
     </span>
     <span class='ocr_line' id='line_1_134' title="bbox 185 2937 1141 2981; baseline -0.01 -9"><span class='ocrx_word' id='word_1_1135' title='bbox 185 2946 310 2981; x_wconf 76' lang='lat' dir='ltr'>torpiano</span> <span class='ocrx_word' id='word_1_1136' title='bbox 321 2963 328 2975; x_wconf 90' lang='lat'>,</span> <span class='ocrx_word' id='word_1_1137' title='bbox 349 2946 361 2969; x_wconf 58' lang='grc' dir='ltr'><strong>Χ</strong></span> <span class='ocrx_word' id='word_1_1138' title='bbox 373 2945 484 2971; x_wconf 64' lang='lat' dir='ltr'>atticano.</span> <span class='ocrx_word' id='word_1_1139' title='bbox 504 2946 609 2976; x_wconf 73' lang='lat' dir='ltr'>Inalpini</span> <span class='ocrx_word' id='word_1_1140' title='bbox 627 2944 686 2969; x_wconf 71' lang='lat' dir='ltr'>{unt</span> <span class='ocrx_word' id='word_1_1141' title='bbox 697 2942 742 2978; x_wconf 89' lang='lat' dir='ltr'>qui</span> <span class='ocrx_word' id='word_1_1142' title='bbox 753 2941 854 2977; x_wconf 85' lang='lat' dir='ltr'>alpibus</span> <span class='ocrx_word' id='word_1_1143' title='bbox 866 2937 1023 2966; x_wconf 81' lang='lat' dir='ltr'>inhabitant.</span> <span class='ocrx_word' id='word_1_1144' title='bbox 1046 2937 1141 2972; x_wconf 76' lang='lat' dir='ltr'>vulgo,</span> 
     </span>
     <span class='ocr_line' id='line_1_135' title="bbox 182 2973 1143 3014; baseline -0.008 -8"><span class='ocrx_word' id='word_1_1145' title='bbox 182 2981 355 3014; x_wconf 60' lang='lat' dir='ltr'>transalpinos,</span> <span class='ocrx_word' id='word_1_1146' title='bbox 365 2981 432 3006; x_wconf 57' lang='lat' dir='ltr'>male</span> <span class='ocrx_word' id='word_1_1147' title='bbox 446 3000 454 3011; x_wconf 84' lang='lat'><strong>‚</strong></span> <span class='ocrx_word' id='word_1_1148' title='bbox 464 2982 491 3006; x_wconf 67' lang='grc' dir='ltr'>ὃς</span> <span class='ocrx_word' id='word_1_1149' title='bbox 505 2999 513 3012; x_wconf 84' lang='lat'><em>‚</em></span> <span class='ocrx_word' id='word_1_1150' title='bbox 524 2987 553 3006; x_wconf 89' lang='lat' dir='ltr'>ut</span> <span class='ocrx_word' id='word_1_1151' title='bbox 563 2979 698 3006; x_wconf 61' lang='lat' dir='ltr'>vietor-ius</span> <span class='ocrx_word' id='word_1_1152' title='bbox 709 2977 783 3004; x_wconf 70' lang='lat' dir='ltr'>recte</span> <span class='ocrx_word' id='word_1_1153' title='bbox 792 2975 931 3003; x_wconf 78' lang='lat' dir='ltr'>adnotavit</span> <span class='ocrx_word' id='word_1_1154' title='bbox 943 2994 951 3006; x_wconf 89' lang='lat'>,</span> <span class='ocrx_word' id='word_1_1155' title='bbox 961 2981 1052 3000; x_wconf 84' lang='lat' dir='ltr'>contra</span> <span class='ocrx_word' id='word_1_1156' title='bbox 1063 2973 1143 3013; x_wconf 76' lang='lat' dir='ltr'>hilto-</span> 
     </span>
     <span class='ocr_line' id='line_1_136' title="bbox 186 3010 1142 3051; baseline -0.009 -8"><span class='ocrx_word' id='word_1_1157' title='bbox 186 3018 233 3044; x_wconf 78' lang='lat' dir='ltr'>riae</span> <span class='ocrx_word' id='word_1_1158' title='bbox 243 3016 334 3042; x_wconf 73' lang='lat' dir='ltr'>fidem.</span> <span class='ocrx_word' id='word_1_1159' title='bbox 354 3017 420 3042; x_wconf 83' lang='lat' dir='ltr'>Mox</span> <span class='ocrx_word' id='word_1_1160' title='bbox 431 3017 456 3041; x_wconf 86' lang='lat' dir='ltr'>in</span> <span class='ocrx_word' id='word_1_1161' title='bbox 469 3016 588 3042; x_wconf 71' lang='lat' dir='ltr'>Palatino</span> <span class='ocrx_word' id='word_1_1162' title='bbox 607 3016 694 3051; x_wconf 86' lang='lat' dir='ltr'>primo</span> <span class='ocrx_word' id='word_1_1163' title='bbox 712 3023 742 3040; x_wconf 84' lang='lat' dir='ltr'>ac</span> <span class='ocrx_word' id='word_1_1164' title='bbox 752 3012 873 3040; x_wconf 80' lang='lat' dir='ltr'>Vaticani</span> <span class='ocrx_word' id='word_1_1165' title='bbox 891 3010 1024 3046; x_wconf 83' lang='lat' dir='ltr'>excerptis</span> <span class='ocrx_word' id='word_1_1166' title='bbox 1044 3018 1142 3046; x_wconf 83' lang='lat' dir='ltr'>reperi,</span> 
     </span>
     <span class='ocr_line' id='line_1_137' title="bbox 186 3053 589 3085; baseline -0.01 -6"><span class='ocrx_word' id='word_1_1167' title='bbox 186 3062 240 3081; x_wconf 79' lang='lat' dir='ltr'>cum</span> <span class='ocrx_word' id='word_1_1168' title='bbox 249 3055 348 3078; x_wconf 81' lang='lat' dir='ltr'>onmium</span> <span class='ocrx_word' id='word_1_1169' title='bbox 356 3053 460 3085; x_wconf 80' lang='lat' dir='ltr'>hellicofis</span> <span class='ocrx_word' id='word_1_1170' title='bbox 469 3053 550 3076; x_wconf 75' lang='lat' dir='ltr'>bellum</span> <span class='ocrx_word' id='word_1_1171' title='bbox 565 3061 589 3082; x_wconf 62' lang='lat' dir='ltr'>p.</span> 
     </span>
    </p>

    <p class='ocr_par' dir='ltr' id='par_1_18' title="bbox 183 3080 1141 3198">
     <span class='ocr_line' id='line_1_138' title="bbox 225 3080 1140 3121; baseline -0.009 -7"><span class='ocrx_word' id='word_1_1172' title='bbox 225 3097 241 3114; x_wconf 80' lang='lat'>2</span> <span class='ocrx_word' id='word_1_1173' title='bbox 248 3108 254 3115; x_wconf 84' lang='lat'><strong><em>.</em></strong></span> <span class='ocrx_word' id='word_1_1174' title='bbox 272 3092 338 3121; x_wconf 70' lang='lat' dir='ltr'>Spem</span> <span class='ocrx_word' id='word_1_1175' title='bbox 348 3089 462 3121; x_wconf 73' lang='lat' dir='ltr'>reliquam</span> <span class='ocrx_word' id='word_1_1176' title='bbox 471 3088 558 3112; x_wconf 82' lang='lat' dir='ltr'>nullam</span> <span class='ocrx_word' id='word_1_1177' title='bbox 567 3086 752 3120; x_wconf 51' lang='lat' dir='ltr'>videosalulisfl</span> <span class='ocrx_word' id='word_1_1178' title='bbox 774 3084 963 3120; x_wconf 77' lang='lat' dir='ltr'>Hittorpianus</span> <span class='ocrx_word' id='word_1_1179' title='bbox 974 3081 1059 3109; x_wconf 80' lang='lat' dir='ltr'>codex</span> <span class='ocrx_word' id='word_1_1180' title='bbox 1069 3080 1140 3118; x_wconf 78' lang='lat' dir='ltr'>opti-</span> 
     </span>
     <span class='ocr_line' id='line_1_139' title="bbox 186 3119 1141 3157; baseline -0.009 -6"><span class='ocrx_word' id='word_1_1181' title='bbox 186 3134 245 3151; x_wconf 82' lang='lat' dir='ltr'>mus</span> <span class='ocrx_word' id='word_1_1182' title='bbox 257 3131 286 3150; x_wconf 86' lang='lat' dir='ltr'>ut</span> <span class='ocrx_word' id='word_1_1183' title='bbox 305 3123 331 3149; x_wconf 92' lang='lat' dir='ltr'>in</span> <span class='ocrx_word' id='word_1_1184' title='bbox 350 3122 452 3149; x_wconf 84' lang='lat' dir='ltr'>duobus</span> <span class='ocrx_word' id='word_1_1185' title='bbox 462 3121 529 3148; x_wconf 80' lang='lat' dir='ltr'>hisce</span> <span class='ocrx_word' id='word_1_1186' title='bbox 549 3121 622 3147; x_wconf 87' lang='lat' dir='ltr'>libris</span> <span class='ocrx_word' id='word_1_1187' title='bbox 633 3130 760 3157; x_wconf 71' lang='lat' dir='ltr'>expertus</span> <span class='ocrx_word' id='word_1_1188' title='bbox 772 3121 827 3148; x_wconf 84' lang='lat' dir='ltr'>sum</span> <span class='ocrx_word' id='word_1_1189' title='bbox 839 3130 848 3151; x_wconf 72' lang='lat'>3</span> <span class='ocrx_word' id='word_1_1190' title='bbox 867 3122 948 3146; x_wconf 68' lang='lat' dir='ltr'>bellum</span> <span class='ocrx_word' id='word_1_1191' title='bbox 965 3129 1045 3152; x_wconf 79' lang='lat' dir='ltr'>gerere</span> <span class='ocrx_word' id='word_1_1192' title='bbox 1055 3127 1063 3149; x_wconf 73' lang='lat'>5</span> <span class='ocrx_word' id='word_1_1193' title='bbox 1084 3119 1141 3143; x_wconf 76' lang='lat' dir='ltr'>reli-</span> 
     </span>
     <span class='ocr_line' id='line_1_140' title="bbox 183 3155 1140 3198; baseline -0.006 -12"><span class='ocrx_word' id='word_1_1194' title='bbox 183 3163 267 3198; x_wconf 67' lang='lat' dir='ltr'>quium</span> <span class='ocrx_word' id='word_1_1195' title='bbox 276 3161 363 3187; x_wconf 69' lang='lat' dir='ltr'>nullam</span> <span class='ocrx_word' id='word_1_1196' title='bbox 371 3159 541 3195; x_wconf 49' lang='lat' dir='ltr'>*videosalmin</span> <span class='ocrx_word' id='word_1_1197' title='bbox 552 3156 656 3186; x_wconf 61' lang='lat' dir='ltr'>eruditi:</span> <span class='ocrx_word' id='word_1_1198' title='bbox 667 3165 711 3187; x_wconf 77' lang='lat' dir='ltr'>aut</span> <span class='ocrx_word' id='word_1_1199' title='bbox 722 3158 815 3193; x_wconf 68' lang='lat' dir='ltr'>pnite,</span> <span class='ocrx_word' id='word_1_1200' title='bbox 825 3157 842 3184; x_wconf 81' lang='lat' dir='ltr'>si</span> <span class='ocrx_word' id='word_1_1201' title='bbox 852 3156 941 3194; x_wconf 80' lang='lat' dir='ltr'>plures</span> <span class='ocrx_word' id='word_1_1202' title='bbox 952 3155 1055 3185; x_wconf 78' lang='lat' dir='ltr'>codices</span> <span class='ocrx_word' id='word_1_1203' title='bbox 1066 3161 1140 3182; x_wconf 77' lang='lat' dir='ltr'>acce-</span> 
     </span>
    </p>
   </div>
   <div class='ocr_carea' id='block_1_16' title="bbox 1156 2602 1169 3145">
    <p class='ocr_par' dir='ltr' id='par_1_19' title="bbox 1156 2602 1169 3145">
     <span class='ocr_line' id='line_1_141' title="bbox 1156 2602 1169 3145; baseline 0 0"><span class='ocrx_word' id='word_1_1204' title='bbox 1156 2602 1169 3145; x_wconf 95' lang='lat' dir='ltr'> </span> 
     </span>
    </p>
   </div>
   <div class='ocr_carea' id='block_1_17' title="bbox 1180 2855 2146 3149">
    <p class='ocr_par' dir='ltr' id='par_1_20' title="bbox 1181 2855 2140 2997">
     <span class='ocr_line' id='line_1_142' title="bbox 1181 2855 2140 2892; baseline -0.007 -3"><span class='ocrx_word' id='word_1_1205' title='bbox 1181 2862 1287 2889; x_wconf 84' lang='lat' dir='ltr'>derent.</span> <span class='ocrx_word' id='word_1_1206' title='bbox 1308 2860 1443 2888; x_wconf 80' lang='lat' dir='ltr'>Palatinus</span> <span class='ocrx_word' id='word_1_1207' title='bbox 1464 2860 1528 2886; x_wconf 71' lang='lat' dir='ltr'>vero</span> <span class='ocrx_word' id='word_1_1208' title='bbox 1549 2859 1644 2886; x_wconf 82' lang='lat' dir='ltr'>tei-tius</span> <span class='ocrx_word' id='word_1_1209' title='bbox 1657 2869 1663 2886; x_wconf 72' lang='grc' dir='ltr'><strong><em>ε</em></strong></span> <span class='ocrx_word' id='word_1_1210' title='bbox 1680 2860 1746 2891; x_wconf 70' lang='lat' dir='ltr'>spem</span> <span class='ocrx_word' id='word_1_1211' title='bbox 1754 2859 1842 2883; x_wconf 82' lang='lat' dir='ltr'>nullam</span> <span class='ocrx_word' id='word_1_1212' title='bbox 1850 2857 1918 2883; x_wconf 75' lang='lat' dir='ltr'>video</span> <span class='ocrx_word' id='word_1_1213' title='bbox 1928 2855 2017 2889; x_wconf 75' lang='lat' dir='ltr'>salutis</span> <span class='ocrx_word' id='word_1_1214' title='bbox 2028 2866 2034 2880; x_wconf 78' lang='grc' dir='ltr'><em>ι</em></span> <span class='ocrx_word' id='word_1_1215' title='bbox 2053 2863 2084 2882; x_wconf 89' lang='lat' dir='ltr'>ut</span> <span class='ocrx_word' id='word_1_1216' title='bbox 2093 2864 2140 2892; x_wconf 72' lang='lat' dir='ltr'>pa—</span> 
     </span>
     <span class='ocr_line' id='line_1_143' title="bbox 1183 2890 2139 2931; baseline -0.009 -6"><span class='ocrx_word' id='word_1_1217' title='bbox 1183 2906 1249 2930; x_wconf 88' lang='lat' dir='ltr'>teat,</span> <span class='ocrx_word' id='word_1_1218' title='bbox 1262 2898 1362 2928; x_wconf 81' lang='lat' dir='ltr'>locum,</span> <span class='ocrx_word' id='word_1_1219' title='bbox 1373 2904 1403 2922; x_wconf 90' lang='lat' dir='ltr'>ut</span> <span class='ocrx_word' id='word_1_1220' title='bbox 1415 2894 1494 2931; x_wconf 77' lang='lat' dir='ltr'>vulgo</span> <span class='ocrx_word' id='word_1_1221' title='bbox 1508 2895 1608 2930; x_wconf 79' lang='lat' dir='ltr'>legitur</span> <span class='ocrx_word' id='word_1_1222' title='bbox 1618 2914 1627 2926; x_wconf 90' lang='lat'>‚</span> <span class='ocrx_word' id='word_1_1223' title='bbox 1640 2904 1689 2921; x_wconf 83' lang='lat' dir='ltr'>non</span> <span class='ocrx_word' id='word_1_1224' title='bbox 1702 2894 1735 2920; x_wconf 80' lang='lat' dir='ltr'>sse</span> <span class='ocrx_word' id='word_1_1225' title='bbox 1746 2894 1761 2919; x_wconf 72' lang='lat' dir='ltr'>a</span> <span class='ocrx_word' id='word_1_1226' title='bbox 1772 2894 1904 2919; x_wconf 85' lang='lat' dir='ltr'>Cicerone</span> <span class='ocrx_word' id='word_1_1227' title='bbox 1915 2891 1964 2918; x_wconf 69' lang='lat' dir='ltr'>este</span> <span class='ocrx_word' id='word_1_1228' title='bbox 1975 2890 2139 2927; x_wconf 63' lang='lat' dir='ltr'>profefihim.</span> 
     </span>
     <span class='ocr_line' id='line_1_144' title="bbox 1183 2929 2139 2971; baseline -0.008 -10"><span class='ocrx_word' id='word_1_1229' title='bbox 1183 2933 1300 2971; x_wconf 84' lang='lat' dir='ltr'>Epistola</span> <span class='ocrx_word' id='word_1_1230' title='bbox 1310 2931 1428 2969; x_wconf 85' lang='lat' dir='ltr'>sequenti</span> <span class='ocrx_word' id='word_1_1231' title='bbox 1438 2931 1522 2958; x_wconf 85' lang='lat' dir='ltr'>codex</span> <span class='ocrx_word' id='word_1_1232' title='bbox 1535 2931 1724 2967; x_wconf 77' lang='lat' dir='ltr'>Hittorpianus</span> <span class='ocrx_word' id='word_1_1233' title='bbox 1735 2929 1801 2966; x_wconf 76' lang='lat' dir='ltr'>legit</span> <span class='ocrx_word' id='word_1_1234' title='bbox 1811 2940 1818 2956; x_wconf 87' lang='lat'>:</span> <span class='ocrx_word' id='word_1_1235' title='bbox 1839 2939 1888 2964; x_wconf 77' lang='lat' dir='ltr'>quae</span> <span class='ocrx_word' id='word_1_1236' title='bbox 1895 2932 1921 2955; x_wconf 83' lang='lat' dir='ltr'>in</span> <span class='ocrx_word' id='word_1_1237' title='bbox 1931 2930 2078 2954; x_wconf 67' lang='lat' dir='ltr'>conventione</span> <span class='ocrx_word' id='word_1_1238' title='bbox 2086 2936 2139 2954; x_wconf 82' lang='lat' dir='ltr'>ma-</span> 
     </span>
     <span class='ocr_line' id='line_1_145' title="bbox 1181 2967 1577 2997; baseline -0.015 0"><span class='ocrx_word' id='word_1_1239' title='bbox 1181 2971 1250 2997; x_wconf 73' lang='lat' dir='ltr'>xima*</span> <span class='ocrx_word' id='word_1_1240' title='bbox 1260 2971 1369 2996; x_wconf 67' lang='lat' dir='ltr'>dixerim.</span> <span class='ocrx_word' id='word_1_1241' title='bbox 1389 2967 1454 2994; x_wconf 62' lang='lat' dir='ltr'>alifis</span> <span class='ocrx_word' id='word_1_1242' title='bbox 1465 2969 1577 2992; x_wconf 76' lang='lat' dir='ltr'>concione.</span> 
     </span>
    </p>

    <p class='ocr_par' dir='ltr' id='par_1_21' title="bbox 1180 2999 2146 3149">
     <span class='ocr_line' id='line_1_146' title="bbox 1220 2999 2141 3041; baseline -0.009 -9"><span class='ocrx_word' id='word_1_1243' title='bbox 1220 3015 1246 3041; x_wconf 89' lang='lat'>3.</span> <span class='ocrx_word' id='word_1_1244' title='bbox 1266 3008 1394 3037; x_wconf 71' lang='lat' dir='ltr'>Praecipere</span> <span class='ocrx_word' id='word_1_1245' title='bbox 1403 3004 1433 3034; x_wconf 59' lang='lat'>&amp;³</span> <span class='ocrx_word' id='word_1_1246' title='bbox 1441 3004 1564 3036; x_wconf 81' lang='lat' dir='ltr'>meminiffi·</span> <span class='ocrx_word' id='word_1_1247' title='bbox 1574 3001 1677 3035; x_wconf 46' lang='lat' dir='ltr'>volana]</span> <span class='ocrx_word' id='word_1_1248' title='bbox 1700 3002 1741 3028; x_wconf 68' lang='lat' dir='ltr'>Ita.</span> <span class='ocrx_word' id='word_1_1249' title='bbox 1751 3001 1886 3028; x_wconf 77' lang='lat' dir='ltr'>Palatinus</span> <span class='ocrx_word' id='word_1_1250' title='bbox 1896 3001 1997 3038; x_wconf 86' lang='lat' dir='ltr'>primus</span> <span class='ocrx_word' id='word_1_1251' title='bbox 2009 3019 2017 3032; x_wconf 88' lang='lat'>‚</span> <span class='ocrx_word' id='word_1_1252' title='bbox 2028 2999 2141 3026; x_wconf 84' lang='lat' dir='ltr'>Hittor-</span> 
     </span>
     <span class='ocr_line' id='line_1_147' title="bbox 1181 3037 2138 3079; baseline -0.008 -10"><span class='ocrx_word' id='word_1_1253' title='bbox 1181 3043 1285 3079; x_wconf 74' lang='lat' dir='ltr'>pianuS,</span> <span class='ocrx_word' id='word_1_1254' title='bbox 1295 3039 1414 3067; x_wconf 78' lang='lat' dir='ltr'>Vaticani</span> <span class='ocrx_word' id='word_1_1255' title='bbox 1425 3047 1549 3074; x_wconf 83' lang='lat' dir='ltr'>excerpta</span> <span class='ocrx_word' id='word_1_1256' title='bbox 1561 3049 1567 3065; x_wconf 71' lang='grc' dir='ltr'><strong>ι</strong></span> <span class='ocrx_word' id='word_1_1257' title='bbox 1590 3037 1726 3064; x_wconf 79' lang='lat' dir='ltr'>Mediceus</span> <span class='ocrx_word' id='word_1_1258' title='bbox 1738 3045 1767 3064; x_wconf 84' lang='lat' dir='ltr'>ut</span> <span class='ocrx_word' id='word_1_1259' title='bbox 1777 3045 1853 3064; x_wconf 77' lang='lat' dir='ltr'>notat</span> <span class='ocrx_word' id='word_1_1260' title='bbox 1864 3037 2004 3073; x_wconf 82' lang='lat' dir='ltr'>Egnatius,</span> <span class='ocrx_word' id='word_1_1261' title='bbox 2015 3042 2093 3070; x_wconf 86' lang='lat' dir='ltr'>atque</span> <span class='ocrx_word' id='word_1_1262' title='bbox 2104 3044 2138 3061; x_wconf 72' lang='lat' dir='ltr'>ex</span> 
     </span>
     <span class='ocr_line' id='line_1_148' title="bbox 1181 3071 2146 3110; baseline -0.008 -5"><span class='ocrx_word' id='word_1_1263' title='bbox 1181 3089 1213 3105; x_wconf 75' lang='lat' dir='ltr'>eo</span> <span class='ocrx_word' id='word_1_1264' title='bbox 1223 3076 1358 3104; x_wconf 61' lang='lat' dir='ltr'>Viam-ius</span> <span class='ocrx_word' id='word_1_1265' title='bbox 1377 3076 1404 3101; x_wconf 90' lang='lat' dir='ltr'>in</span> <span class='ocrx_word' id='word_1_1266' title='bbox 1414 3074 1531 3101; x_wconf 86' lang='lat' dir='ltr'>editione</span> <span class='ocrx_word' id='word_1_1267' title='bbox 1541 3074 1585 3101; x_wconf 67' lang='lat' dir='ltr'>iiii</span> <span class='ocrx_word' id='word_1_1268' title='bbox 1597 3084 1602 3100; x_wconf 78' lang='lat' dir='ltr'>z</span> <span class='ocrx_word' id='word_1_1269' title='bbox 1628 3073 1708 3108; x_wconf 73' lang='lat' dir='ltr'>vulgo</span> <span class='ocrx_word' id='word_1_1270' title='bbox 1721 3084 1726 3100; x_wconf 90' lang='lat'>:</span> <span class='ocrx_word' id='word_1_1271' title='bbox 1749 3075 1872 3110; x_wconf 58' lang='lat' dir='ltr'>memimffit</span> <span class='ocrx_word' id='word_1_1272' title='bbox 1881 3076 1953 3102; x_wconf 63' lang='lat' dir='ltr'>‘velt&#39;m</span> <span class='ocrx_word' id='word_1_1273' title='bbox 1964 3083 1970 3099; x_wconf 92' lang='lat'><em>:</em></span> <span class='ocrx_word' id='word_1_1274' title='bbox 1987 3071 2089 3109; x_wconf 60' lang='lat' dir='ltr'>plebeis}</span> <span class='ocrx_word' id='word_1_1275' title='bbox 2110 3074 2146 3097; x_wconf 75' lang='lat' dir='ltr'>ut¹</span> 
     </span>
     <span class='ocr_line' id='line_1_149' title="bbox 1180 3109 1788 3149; baseline -0.008 -7"><span class='ocrx_word' id='word_1_1276' title='bbox 1180 3113 1258 3148; x_wconf 83' lang='lat' dir='ltr'>solet,</span> <span class='ocrx_word' id='word_1_1277' title='bbox 1270 3111 1314 3142; x_wconf 85' lang='lat' dir='ltr'>ubi</span> <span class='ocrx_word' id='word_1_1278' title='bbox 1324 3111 1480 3149; x_wconf 71' lang='lat' dir='ltr'>antiquitati</span> <span class='ocrx_word' id='word_1_1279' title='bbox 1490 3110 1575 3140; x_wconf 79' lang='lat' dir='ltr'>honor</span> <span class='ocrx_word' id='word_1_1280' title='bbox 1584 3119 1637 3139; x_wconf 84' lang='lat' dir='ltr'>non</span> <span class='ocrx_word' id='word_1_1281' title='bbox 1649 3109 1788 3140; x_wconf 80' lang='lat' dir='ltr'>tribuitur.</span> 
     </span>
    </p>
   </div>
   <div class='ocr_carea' id='block_1_18' title="bbox 2076 3178 2142 3206">
    <p class='ocr_par' dir='ltr' id='par_1_22' title="bbox 2076 3178 2142 3206">
     <span class='ocr_line' id='line_1_150' title="bbox 2076 3178 2142 3206; baseline 0 -2"><span class='ocrx_word' id='word_1_1282' title='bbox 2076 3178 2142 3206; x_wconf 63' lang='grc' dir='ltr'>1..ΐί</span> 
     </span>
    </p>
   </div>
   <div class='ocr_carea' id='block_1_19' title="bbox 2330 0 2337 688">
    <p class='ocr_par' dir='ltr' id='par_1_23' title="bbox 2330 0 2337 688">
     <span class='ocr_line' id='line_1_151' title="bbox 2330 0 2337 688; baseline 0 0"><span class='ocrx_word' id='word_1_1283' title='bbox 2330 0 2337 688; x_wconf 95' lang='lat' dir='ltr'> </span> 
     </span>
    </p>
   </div>
   <div class='ocr_carea' id='block_1_20' title="bbox 2271 1611 2337 3400">
    <p class='ocr_par' dir='ltr' id='par_1_24' title="bbox 2271 1611 2337 3400">
     <span class='ocr_line' id='line_1_152' title="bbox 2271 1611 2337 3400; baseline 0 0"><span class='ocrx_word' id='word_1_1284' title='bbox 2271 1611 2337 3400; x_wconf 95' lang='lat' dir='ltr'> </span> 
     </span>
    </p>
   </div>
  </div>
 </body>
</html>
