2295 3400
185 88 282 138 268
609 88 678 136 M.
750 88 1127 136 Ἰ“υἰ,ῑ.ιιἸ

184 171 295 212 quibus
308 168 478 201 inimicitiis
488 188 496 203 ‚
519 177 570 201 aut
581 178 640 210 qua
658 167 766 208 injuria
778 169 923 200 adduilms
933 191 941 204 ,
956 169 993 202 ad
1007 169 1146 201 accusan-

186 213 261 242 dum
273 212 489 242 descenderim.
516 212 606 242 mitto
616 211 674 247 iam
686 213 834 241 rationem
843 209 938 242 officii
949 213 1011 242 mei
1022 231 1030 246 ‚
1046 212 1147 247 neces-

186 252 381 294 situdinisque
391 254 562 284 Siculorum
575 264 579 280 2
591 251 704 292 deipsis
715 253 770 282 tibi
781 255 953 283 inimicuiis
963 253 1144 294 respondeo.

186 305 225 326 an
237 304 268 325 tu
282 305 408 329 maiores
423 295 496 324 ullas
507 295 684 324 inimicitias
698 303 782 333 putas
797 293 853 324 effe
865 314 873 328 ‚
909 294 981 325 uam
995 295 1148 324 contrarias

188 338 334 367 hominum
342 336 496 376 sententiaa
506 357 514 369 ‚
532 345 564 366 ac
574 334 833 366 diffimilitudines
843 335 888 366 stu
914 338 1013 367 iorum
1025 358 1034 370 ,
1051 337 1084 368 δε
1093 347 1149 366 νο-

188 379 363 408 luntatum?
386 380 497 407 Fine-,M
511 375 723 407 funestissimam
738 380 770 407 in
788 380 850 407 vita
868 388 920 419 qui
934 387 1033 418 putat,
1053 378 1149 419 potest

190 422 219 450 ei
231 430 293 450 non
304 421 448 449 inimicus
457 417 527 453 esse,
540 421 591 459 qui
601 418 730 459 quaestor
739 419 897 450 consulem
908 419 1006 454 suum,
1016 419 1149 451 confiliis

189 459 356 492 commiffis
366 481 374 494 ‚
389 462 515 501 pecunia
530 460 631 490 tradita
642 481 650 493 ‚
670 460 759 490 rebus
769 461 914 491 omnibus
923 462 1044 492 creditis
1056 483 1065 495 ,
1084 463 1151 502 spo—

190 503 261 533 liare
274 524 282 535 ,
298 503 468 543 relinquere
479 523 487 535 ‚
503 502 628 542 prodere
644 523 653 536 ,
677 512 847 545 oppugnare
866 503 951 534 ausus
971 502 1004 534 sit
1018 507 1028 533 ?
1050 507 1151 534 Puno-

192 554 267 574 REM
283 544 316 574 δε
325 545 504 584 pudicitiam
515 546 566 585 qui
574 543 760 584 colit,potest
768 546 874 575 animo
884 556 971 586 aequo
980 545 1065 582 istius
1075 555 1152 586 quo-

191 586 303 616 tidiana
315 586 459 616 adulteria
470 606 478 619 ‚
500 587 700 616 meretriciam
718 585 907 626 disciplinam
920 608 928 619 ‚
950 586 1153 617 domesticum

191 628 382 657 lenocinium
401 627 503 657 videre
517 630 527 656 ?
559 627 653 668 ¹§QUI
682 631 708 657 R
718 630 742 657 E
751 631 777 657 L
786 630 836 658 IG
845 631 892 657 IO
903 631 934 657 N
943 631 966 658 E
975 630 995 659 S
1026 629 1152 659 deorum

192 669 416 699 immortalium
431 671 557 699 retinere
571 670 657 703 vult,
678 670 706 699 ei
718 689 726 703 ,
746 671 798 711 qui
814 669 883 700 fana
895 671 1028 711 spoliarit
1037 672 1151 701 omnia,

192 713 247 752 qui
274 715 283 729 ¹
295 721 333 740 ex
346 711 519 741 thensarum
530 711 636 741 orbitis
645 711 767 750 praedari
777 710 902 742 fitausus
913 732 920 745 ‚
932 714 1077 743 inimzcus
1089 721 1153 740 non

191 751 252 788 effe
262 750 314 793 qui
322 751 439 794 potest?
463 753 600 792 Qaijure
616 763 701 794 aequo
713 755 837 790 omneis,
846 763 929 793 putat
938 752 994 783 effe
1005 763 1151 793 oportere,

192 796 220 834 is
234 796 289 824 tibi
300 804 365 824 non
376 793 583 824 infestissimus
595 793 628 824 sit
640 807 648 829 3
667 793 737 825 curn
749 797 859 837 cogitet
868 797 1040 834 varietatem
1050 815 1067 838 ,ὲ
1083 795 1152 824 libi-

192 836 360 877 dinemque
370 834 561 866 decretorum·
569 839 706 866 tuorum?
719 837 770 877 qu'i
781 837 931 866 sociorum
942 838 1154 876 injuriis‘‚‘p1‘o-

191 880 424 918 vinciarumque
434 878 644 908 incommodis
652 878 752 908 doleat
760 899 768 911 ,
780 879 805 907 is
815 880 847 908 in
858 887 886 907 te
896 888 958 908 non
968 880 1154 919 expilatione

194 918 289 953 Afiae‚
311 929 471 950 vexatione
490 920 682 959 Pamphiliae,
704 920 837 960 squalore
855 920 1035 960 &lacrymis
1045 920 1167 951 Siciliaer

193 963 384 992 concitetur?
403 963 454 1002 qui
472 963 587 991 civium
599 963 812 991 Romanorum
828 961 910 1001 jura,
932 973 963 992 ac
973 962 1153 995 libertatem,

194 1003 328 1033 sanetam
338 1004 414 1043 apud
426 1005 545 1032 omneis
568 1007 582 1022 ²
592 1003 690 1032 haberi
701 1002 787 1036 velit,
801 1004 824 1032 is
836 1013 899 1033 non
909 1004 964 1034 tibi
973 1005 1040 1043 plus
1051 1005 1153 1036 etiam,

195 1044 290 1086 quarn
301 1047 446 1075 inimicus
455 1043 513 1074 effe
522 1044 638 1076 debeat,
648 1043 719 1074 cum
731 1053 781 1074 tua
789 1044 907 1075 verbera
916 1065 923 1079 ,
935 1044 1006 1075 cum
1019 1046 1156 1078 secureis,

200 1086 273 1116 cum
296 1088 410 1116 cruceis
427 1086 462 1115 ad
482 1087 597 1115 civium
617 1088 711 1115 Rom.
725 1086 866 1125 supplicia
890 1085 961 1117 fixas
977 1087 1158 1117 recordetur?

197 1131 247 1158 An
257 1148 265 1161 ‚
279 1127 299 1157 si
309 1139 366 1168 qua
375 1130 407 1157 in
418 1138 447 1156 re
456 1136 559 1157 contra
568 1137 634 1156 rem
648 1137 749 1161 meam
760 1128 904 1158 decrescet
911 1129 1025 1170 aliquid
1036 1130 1156 1169 injuria,

191 1170 259 1210 jure
270 1180 313 1198 me
327 1170 350 1198 ei
363 1169 513 1198 inimicum
525 1167 573 1206 effe
585 1167 739 1199 arbitrarer
750 1181 761 1197 :
775 1168 847 1200 cum
862 1173 966 1201 omnia
976 1180 1079 1201 contra
1086 1181 1158 1201 om-

195 1213 286 1241 nium
298 1211 450 1241 bonorum
460 1221 524 1241 rem
536 1232 544 1245 ‚
558 1212 686 1246 causam,
695 1215 854 1245 rationem,
866 1213 1037 1248 utilitatem,
1046 1214 1159 1244 volun—

199 1261 349 1294 tatemque
358 1253 463 1283 fecerit
471 1274 478 1286 ‚
490 1255 598 1295 quaeris
607 1274 615 1287 ,
633 1264 684 1284 cur
693 1256 722 1284 ei
733 1253 788 1285 sim
798 1256 940 1285 inimicus
951 1275 960 1289 ‚
970 1258 1019 1286 cui
1027 1255 1158 1296 populus

198 1298 295 1326 Rom.
313 1294 438 1325 infestus
451 1293 507 1326 fit?
528 1297 581 1336 qui
594 1296 755 1335 praesertim
775 1297 841 1336 plus
860 1299 969 1331 etiam,
984 1298 1075 1339 quam
1092 1307 1158 1337 pars

197 1337 295 1367 virilis
308 1336 436 1376 postulat
446 1358 455 1371 ,
475 1347 530 1377 pro
542 1339 697 1368 voluntate
709 1339 916 1378 populiRom.
930 1342 1030 1369 oneris
1049 1349 1082 1369 ac
1090 1349 1160 1369 mu-

159 1385 185 1416 4
200 1381 279 1409 neris
298 1379 441 1418 suscipere
460 1378 607 1409 debeam?
630 1379 711 1420 Qid
723 1380 791 1413 illa,
811 1390 877 1421 quae
895 1380 1008 1411 leviora
1018 1381 1159 1411 videntur

195 1419 279 1450 effe?
293 1430 359 1450 non
367 1421 497 1457 cujusvis
507 1423 645 1451 animum
655 1420 776 1461 pofl'unt
789 1423 1018 1463 movere?quod
1029 1422 1064 1453 ad
1075 1431 1158 1452 tuam

195 1460 286 1502 ipsius
306 1464 469 1492 amicitiam
485 1482 493 1496 ‚
520 1466 533 1489 3
543 1472 773 1504 ceterorumque
788 1465 952 1494 hominum
966 1474 1157 1506 magnorum,

197 1512 285 1545 atque
295 1504 448 1534 nobilium
457 1524 465 1538 ‚
481 1503 649 1534 faciliorem
659 1504 775 1535 aditum
785 1505 867 1536 istius
877 1506 963 1537 habet
974 1507 1113 1548 nequitia,
1124 1507 1158 1539 ὼ·

199 1546 340 1579 audacia,
356 1545 446 1586 quam
465 1547 640 1587 cujusquam
659 1545 798 1577 nostrum
815 1550 929 1581 virtus,
951 1549 1158 1590 &integritas?

200 1586 306 1617 odistis
327 1589 493 1618 hominum
511 1598 664 1618 novorum
683 1588 839 1624 industrias.
862 1589 1037 1630 4despicitis
1050 1600 1156 1620 eorum

197 1628 417 1670 frugalitatem:
438 1629 586 1670 pudorem
600 1633 816 1662 contemnitis:
838 1633 998 1672 ingenium
1011 1630 1083 1662 verb
1094 1653 1102 1666 ,
1124 1633 1158 1662 ὃ(

197 1673 343 1701 virtutem
351 1691 359 1705 ,
371 1670 547 1711 depressam,
557 1671 794 1713 exstin&amque
803 1675 928 1713 cupitis:
942 1677 1065 1704 Verrem
1076 1685 1159 1704 ama-

199 1714 247 1743 tis.
278 1716 322 1743 Ita
331 1711 454 1743 credo:fi
465 1723 528 1743 non
538 1715 727 1747 virtute2non
737 1714 959 1748 industriamon
971 1718 1156 1749 innocentia,

198 1764 265 1784 non
278 1754 391 1794 pudore
402 1774 410 1788 ‚
427 1765 491 1784 non
508 1755 666 1794 pudicitia:
689 1757 868 1795 atskrmone,
883 1765 917 1786 at
927 1757 1028 1787 litteris
1038 1779 1046 1791 ‚
1060 1766 1094 1786 at
1106 1759 1158 1787 hu—

199 1797 343 1825 manitate
351 1797 414 1833 ejus
424 1795 630 1826 deleesamini.
641 1798 719 1827 nihil
729 1799 803 1828 horu
809 1809 838 1828 m
850 1798 892 1829 est
905 1810 909 1828 :
920 1809 1082 1840 contraque
1091 1800 1159 1830 sunt

201 1840 309 1868 omnia
317 1837 388 1868 cum
400 1838 521 1868 summo
531 1838 676 1869 dedecore
685 1849 717 1869 ac
727 1841 914 1880 turpitudine
923 1861 931 1874 ‚
945 1850 1010 1871 tum
1021 1841 1157 1882 singulari

199 1878 349 1913 stultitias
367 1888 453 1920 atque
470 1881 690 1911 inhumanitate
703 1882 911 1914 oblita-Huic
925 1884 1046 1913 homini
1070 1882 1091 1912 fi
1104 1893 1158 1913 cu-

199 1921 250 1961 jus
260 1921 370 1951 domus
380 1930 457 1961 patet
467 1940 476 1954 ,
492 1920 595 1951 utrum
605 1932 639 1952 ea
641 1921 740 1963 parere
749 1943 757 1957 ,
773 1934 810 1954 an
820 1924 897 1953 hiare
906 1944 914 1958 ,
929 1934 961 1954 ac
966 1925 1071 1966 poscere
1080 1945 1087 1958 ,
1103 1925 1158 1955 ali-

199 1962 273 2003 quid
283 1962 419 1994 videtur?
442 1965 534 1993 Hunc
543 1963 633 1994 vestri
639 1965 784 2004 janitores
793 1986 801 1998 ‚
813 1967 894 1996 hunc
905 1966 1079 1997 cubicularii
1089 1967 1160 1997 dili—

199 2013 293 2046 gunt:
314 2005 394 2034 hunc
413 2004 513 2034 liberti
525 2004 633 2038 vestri,
652 2007 734 2036 hunc
743 2007 838 2041 servi,
858 2008 1033 2049 ancillaeque
1046 2018 1155 2039 amant:

202 2047 252 2076 hic
265 2045 337 2076 curn
352 2048 437 2076 venit
446 2067 455 2079 ,
478 2054 560 2076 extra
572 2047 694 2076 ordinem
706 2057 825 2078 vocatur
837 2061 849 2077 .·
868 2051 917 2080 hic
931 2050 1011 2080 solus
1023 2050 1160 2081 introdu-

201 2092 279 2119 citur
289 2109 297 2121 ‚
317 2090 407 2118 ceteri
422 2088 497 2128 saepe
509 2088 694 2130 frugaliffimi
704 2090 873 2125 homines,⁴
884 2091 1098 2122 excluduntur.
1121 2103 1166 2122 ex,

199 2140 263 2171 quo
273 2129 402 2169 intelligi
413 2129 509 2170 potest
520 2151 529 2164 ‚
542 2141 594 2160 eos
605 2131 693 2160 vobis
703 2130 760 2161 efi'e
768 2131 946 2166 cariffimos‚
961 2135 1013 2174 qui
1024 2135 1061 2165 ita
1073 2136 1157 2164 vixe-

200 2179 273 2201 runt
284 2191 291 2204 ‚
313 2179 345 2201 ut
360 2170 419 2200 fine
431 2171 529 2202 vestro
542 2172 678 2212 praefidio
689 2173 762 2203 salvi
779 2172 836 2203 effe
849 2184 913 2204 non
922 2173 1038 2214 poflint.
1063 2176 1159 2217 Qid?

199 2214 260 2243 hoc
277 2214 417 2253 cuiquam
427 2212 586 2244 ferendum
596 2224 679 2254 putas
688 2212 746 2244 esse
756 2234 764 2248 ,
786 2225 843 2245 nos
859 2217 899 2246 ita
915 2218 1017 2247 vivere
1026 2219 1059 2247 in
1069 2227 1159 2257 pecu-

201 2256 252 2285 nia
261 2256 358 2287 tenui,
371 2263 403 2284 ut
412 2256 529 2294 prorsus
538 2256 616 2285 nihil
624 2258 774 2296 acquirere
783 2257 930 2287 velimus:
943 2267 976 2287 ut
983 2259 1158 2299 dignitatem

202 2295 334 2327 nostram
347 2315 356 2330 ,
367 2296 532 2337 populique
541 2299 638 2327 Rom.
650 2296 794 2328 beneficia
805 2309 857 2327 non
870 2299 949 2341 copiis
960 2319 968 2333 ‚
976 2301 1026 2339 [ὲεί
1036 2302 1157 2334 virture,

201 2346 334 2367 tueamur
344 2349 357 2365 .·
369 2337 461 2367 istum
471 2358 479 2371 ,
499 2338 587 2368 rebus
597 2338 741 2368 omnibus
751 2339 884 2380 undique
893 2343 1001 2380 ereptis
1009 2361 1017 2375 ‚
1030 2343 1156 2381 impune

201 2379 376 2410 eludentem
387 2378 596 2410 circumfluere
606 2400 615 2413 ‚
625 2389 712 2420 atque
722 2381 890 2414 abundare?
913 2386 926 2409 5
935 2383 1023 2422 hujus
1035 2393 1157 2423 argento

199 2420 342 2451 dominia
351 2420 444 2451 vestra
453 2441 463 2454 ‚
474 2422 563 2461 hujus
574 2419 672 2463 fignss,
685 2423 717 2452 δε
727 2422 834 2452 tabulis
843 2421 947 2454 forum
959 2444 966 2457 ‚
977 2427 1156 2454 comitium-

200 2473 260 2503 que
281 2464 400 2494 ornari?
422 2463 584 2502 praesertim
605 2462 676 2494 cum
698 2474 754 2494 vos
775 2464 872 2495 vestro
886 2467 980 2496 Marte
1001 2467 1047 2495 his
1069 2466 1155 2496 rebus

200 2504 347 2534 omnibus
354 2504 528 2537 abundetis?
538 2507 662 2535 Verrem
671 2503 740 2538 effe,
750 2508 802 2546 qui
812 2505 920 2536 vestras
929 2508 1014 2537 villas
1023 2508 1081 2538 suis
1091 2518 1155 2538 ma-

201 2546 304 2576 nubiis
318 2550 424 2576 ornet?
446 2548 569 2576 Verrem
586 2545 660 2580 esse,
672 2549 724 2587 qui
739 2558 809 2577 cum
824 2550 858 2578 L.
877 2550 1032 2579 Mummio
1046 2558 1153 2580 certet:

201 2594 236 2618 ut
247 2587 358 2627 plureis
371 2588 421 2617 hic
433 2587 583 2618 sociorum
598 2588 698 2618 urbeis
707 2609 716 2623 ‚
739 2589 830 2630 quam
841 2590 893 2620 ille
906 2589 1041 2621 hostium
1054 2610 1063 2625 ‚
1087 2591 1153 2632 spo-

242 2717 253 2734 1
261 2727 267 2734 .
286 2712 328 2735 Ex
336 2709 470 2742 thensarum
480 2711 587 2745 o›·bitis.']
599 2712 641 2736 Ita
651 2710 709 2737 mss.
719 2720 823 2741 omnes,
835 2711 872 2738 ita
882 2711 944 2738 edd.
954 2718 1015 2738 :uite
1026 2712 1150 2738 Lambin.

238 2752 268 2770 2.
287 2746 376 2776 Haben·
383 2747 452 2770 velit.
488 2746 530 2771 Sic
541 2747 664 2782 Hittorp.
675 2746 781 2773 Metell.
791 2747 870 2774 Fabr.
890 2747 996 2782 vulgata
1008 2750 1090 2780 ‚vult.
1110 2758 1156 2774 eo-

203 2779 264 2806 dem
275 2789 316 2821 res
327 2779 409 2833 redit,
419 2780 443 2807 sc
472 2790 518 2807 cur
528 2781 700 2809 excludamus
714 2782 741 2809 id
753 2803 761 2815 ,
773 2782 844 2819 quod
857 2782 940 2810 videri
950 2791 1030 2820 queat
1040 2783 1155 2811 auctoris

204 2824 351 2852 genuinum
362 2837 368 2842 .

242 2859 269 2887 3.
289 2854 464 2886 Ceterorumque
472 2854 587 2879 hominum
596 2855 755 2888 magnorum]
778 2855 854 2881 Prius
865 2854 977 2891 impr-effi
989 2875 997 2887 ,
1018 2862 1157 2881 ceterorum-

203 2895 247 2923 qu
256 2889 356 2912 onmium
365 2889 486 2920 majorum.
506 2888 548 2914 sed
559 2889 672 2916 alterum
684 2898 759 2916 extat
770 2891 794 2917 ἰη
806 2890 883 2917 Fabr.
894 2892 920 2917 in
933 2892 1007 2918 Hitt.
1017 2892 1043 2918 iu
1054 2893 1122 2918 Met.

241 2929 270 2954 4.
289 2924 402 2955 Despicite
409 2925 675 2960 eorumftugalitatem]
687 2926 848 2952 Gulielmius
859 2927 1003 2954 arbitratur
1013 2936 1157 2963 pronomen

205 2956 256 2984 effe
274 2957 484 2985 additamentum
503 2959 603 2988 librarii
614 2972 621 2988 ;
644 2961 787 2998 malletque
806 2962 892 2989 statim
906 2982 914 2996 ‚
933 2964 1054 2999 depressum
1072 2966 1159 2997 exstin-

205 2996 315 3027 flaemque
331 2994 380 3020 itis.

245 3037 271 3062 5.
291 3030 367 3062 Hujus
385 3037 478 3063 argemo
493 3031 594 3057 dominia
611 3034 718 3068 vestras]
740 3033 819 3060 Haud
838 3033 909 3061 fiscus
919 3035 1024 3064 Fabi-ic.
1037 3035 1161 3072 Hittorp.

206 3067 276 3096 Met.
287 3068 399 3099 eximie,
409 3069 512 3095 dominia
521 3070 602 3105 polita
613 3090 620 3102 ,
632 3080 680 3107 pro
690 3074 825 3105 magisteriis
832 3084 843 3105 ‚·
852 3081 882 3100 ut
893 3074 980 3102 Graeci
988 3069 1159 3115 βαῶλεῖας,

205 3114 270 3137 tunc
278 3117 350 3135 emm
361 3109 480 3137 maximi:
490 3110 669 3140 ostentabatur
678 3112 796 3148 supellex
805 3121 939 3151 argentea.

1187 91 1718 138 C‘1ci2Ro‘ans

1175 169 1270 207 Luam:
1284 171 1442 205 videatur?
1462 171 1573 213 plureis
1591 172 1642 204 hic
1658 173 1744 209 solus,
1751 172 1839 204 villas
1858 173 2043 205 ornamentis
2063 173 2150 207 fano-

1191 223 1259 248 rum
1270 233 1279 247 ‚
1298 213 1389 254 quarn
1407 214 1459 244 ille
1474 213 1543 245 fana
1553 213 1657 254 spoliis
1672 214 1805 246 hostium
1817 213 1952 246 ornasse?
1967 216 2034 246 &is
2045 218 2099 247 erit
2109 218 2150 248 ob
2197 246 2205 250 s

1190 264 1257 285 earn
1267 265 1331 285 rem
1341 255 1429 285 vobis
1437 258 1548 289 carior,
1560 266 1593 286 ut
1600 259 1688 287 ceteri
1697 256 1831 286 libentius
1842 257 1859 286 s
1856 266 1894 286 uo
1904 258 2038 296 periculo
2047 257 2152 288 vestris

1191 296 1403 336 cupiditatibus
1421 297 1570 327 serviant?
1592 298 1708 328 Verum
1722 300 1784 328 haec
1803 299 1835 328 &
1845 298 1981 328 dicentur
1993 300 2053 329 alio
2071 300 2150 334 loco,
2170 309 2191 341 5

1194 338 1226 368 δε
1237 337 1316 368 dicia
1326 338 1410 368 sunt:
1431 349 1514 369 nunc
1523 338 1748 379 proficiscemur
1755 339 1790 370 ad
1801 341 1912 380 reliqua
1923 360 1931 373 ‚
1952 339 1972 370 fi
1982 350 2073 380 pauca
2081 342 2151 372 ante

1193 379 1342 409 fuerimus
1351 380 1367 410 a
1377 380 1464 410 vobis
1475 401 1484 414 ,
1497 381 1607 418 judices
1617 401 1630 415 ‚v
1639 381 1796 421 deprecati.
1820 384 1976 420 Superiore
1988 385 2076 412 omni
2087 393 2154 413 ora-

1194 423 1279 451 tione
1289 430 1470 460 perattentos
1490 422 1603 452 vestros
1621 425 1741 452 animos
1761 423 1933 453 habuimus.
1956 423 1987 454 id
1995 423 2053 454 fuit
2062 425 2154 455 nobis

1194 472 1309 504 gratum
1319 462 1486 493 admodum
1499 474 1505 492 2
1517 463 1567 493 sed
1577 465 1676 494 multo
1687 467 1741 494 erit
1750 467 1878 505 gratius·,
1891 463 1910 494 si
1921 465 2033 507 reliqua
2042 467 2153 496 voletis

1180 537 1182 539 ,
1195 504 1343 534 attendere
1357 514 1526 544 :propterea
1537 505 1617 545 quod
1629 507 1662 541 in
1674 507 1718 535 his
1728 506 1872 536 omnibus
1883 527 1890 540 ,
1903 517 1970 547 quae
1980 517 2066 537 antea
2075 507 2155 539 dieta

1197 546 1264 575 sunt
1274 565 1282 579 ,
1302 554 1362 576 erat
1371 546 1508 587 quaedam
1526 557 1562 577 ex
1572 548 1633 587 ipsa
1642 550 1779 578 varietate
1790 568 1799 581 ,
1822 546 1837 567 ⁶
1848 558 1879 578 ac
1896 551 2031 578 novitate
2041 559 2154 583 rerum,

1194 597 1227 617 ac
1245 589 1413 617 criminum
1423 586 1592 619 deleffitio.
1617 599 1698 619 nunc
1708 589 1828 619 tranire
1839 591 1954 620 causam
1968 589 2157 620 instituimus

1197 628 1422 659 frumentariam
1437 641 1442 658 1
1461 640 1527 670 quae
1549 636 1563 658 7
1574 631 1769 670 magmrudine
1787 631 1911 669 injuris,
1930 632 1963 661 ὃς
1979 642 2009 661 re
2020 652 2028 665 ,
2051 634 2158 662 crimi-

1196 670 1285 699 nibus
1296 673 1399 700 ceteris
1408 672 1560 702 antecellit
1571 683 1576 701 :
1593 672 1783 709 jucunditatis
1794 675 1828 702 in
1838 673 1953 713 agendo
1965 694 1973 707 ,
1993 674 2025 704 δε
2035 676 2158 704 varieta-

1196 712 1233 741 tis
1243 714 1347 743 minus
1358 713 1488 743 habebit.
1502 713 1598 747 vestra
1606 723 1706 744 autem
1717 713 1891 744 auctoritate
1903 716 1934 745 δε
1945 715 2101 754 prudentia
2111 715 2159 745 di-

1197 751 1372 794 gniffimum
1386 753 1429 784 est
1441 776 1448 787 ,
1467 755 1597 792 judices,
1621 751 1635 774 8
1649 757 1681 785 in
1694 755 1836 785 audiendi
1850 756 2006 797 diligentia
2017 767 2083 787 non
2096 759 2159 788 mi-

1198 804 1254 824 nus
1272 796 1414 835 religioni
1435 794 1564 827 tribuere
1575 817 1583 831 ‚
1597 796 1689 838 quam
1699 798 1854 838 voluptati.
1877 801 1913 828 In
1932 799 1985 828 hac
1994 801 2076 829 causa
2093 798 2157 829 fru-

1198 839 1343 867 mentaria
1354 858 1361 870 ,
1373 837 1578 878 cognoscenda
1587 840 1650 869 hice
1662 840 1748 869 vobis
1759 842 1917 879 proponite
1930 860 1939 874 ‚
1955 840 2071 879 judices
2083 860 2091 874 ‚
2101 851 2158 871 vos

1198 878 1234 907 de
1243 878 1330 908 rebus
1341 899 1349 912 ‚
1362 878 1550 920 fortunisque
1560 882 1730 911 Siculorum
1742 884 1883 911 omnium
1897 901 1904 914 ‚
1920 882 1955 911 de
1966 884 2082 912 civium
2093 885 2159 913 Ro-

1198 929 1280 950 man'.
1303 921 1356 961 qui
1371 931 1451 951 arant
1465 924 1498 951 in
1517 924 1617 952 Sicilia
1629 943 1636 955 ,
1653 923 1742 952 bonis
1754 943 1761 956 ‚
1778 923 1814 952 de
1825 923 2022 963 vestigilibus
2034 924 2049 954 a
2060 925 2160 963 majo-

1198 962 1280 991 ribus
1303 962 1416 992 traditis
1429 983 1438 997 ‚
1461 963 1493 992 de
1515 964 1581 993 vita
1594 985 1603 997 ,
1626 963 1765 1005 vistuque
1784 965 1879 1005 populi
1894 968 1975 993 Rom.
1992 966 2158 1006 cognituros.

1199 1013 1265 1043 quae
1283 1002 1303 1033 fi
1318 1014 1426 1045 magna
1437 1026 1445 1038 ,
1466 1004 1551 1046 atque
1560 1004 1634 1036 adeo
1646 1008 1779 1036 maxima
1790 1006 1876 1035 vobis
1888 1006 2046 1037 videntur:
2067 1008 2159 1048 quarn

1198 1044 1298 1078 varie,
1320 1046 1353 1076 &2
1362 1046 1453 1086 quam
1462 1047 1585 1087 copiose
1604 1047 1739 1078 dicantur
1748 1067 1756 1081 ‚
1777 1048 1946 1087 exspezstare
1964 1050 2066 1078 nolite.
2094 1052 2160 1079 Ne-

1199 1088 1315 1116 minem
1327 1086 1460 1118 vestrsrrn
1469 1091 1597 1128 praeterit
1606 1108 1614 1122 ‚
1628 1089 1739 1124 iudices
1751 1109 1758 1121 ‚
1771 1100 1898 1119 omnem
1909 1091 2067 1120 Utilitatem
2083 1111 2091 1124 ‚
2105 1100 2161 1131 op-

1199 1131 1474 1170 portunitatemque
1492 1133 1656 1170 provincia:
1667 1132 1774 1161 Siciliae
1784 1151 1797 1168 ,Α
1811 1142 1875 1171 quae
1887 1130 1921 1160 ad
1931 1132 2094 1162 commoda
2103 1143 2161 1173 po-

1199 1169 1263 1210 puli
1274 1172 1408 1201 Romani
1418 1171 1558 1211 adjunssta
1567 1171 1600 1202 fit
1613 1192 1621 1206 ,
1636 1171 1799 1202 «consistere
1810 1175 1883 1202 inre
1894 1172 2086 1204 frumentaria
2097 1184 2163 1205 ma-

1198 1212 1295 1242 xime.
1318 1223 1390 1243 nam
1400 1222 1504 1244 ceteris
1514 1215 1601 1244 rebus
1619 1214 1796 1253 adjuvamur
1807 1224 1844 1244 ex
1857 1215 1906 1244 illa
1914 1217 2084 1254 provincia:
2105 1217 2161 1247 hac

1196 1253 1272 1284 vero
1282 1254 1408 1289 alimur,
1423 1266 1456 1286 ac
1476 1255 1668 1286 sustinemur.
1691 1259 1734 1286 Ea
1751 1256 1832 1286 causa
1851 1258 2016 1296 tripertita,
2034 1257 2158 1294 judices,
2174 1291 2176 1295 ι

1199 1297 1257 1326 erit
1266 1297 1298 1327 in
1307 1297 1503 1327 accusatione.
1529 1296 1665 1338 primum
1673 1299 1758 1328 enim
1767 1298 1803 1328 de
1813 1298 1993 1332 decumano,
2002 1298 2110 1329 deinde
2121 1300 2158 1330 de

1200 1347 1284 1368 emto
1297 1338 1432 1369 dicemus
1441 1338 1596 1370 frumento
1607 1359 1615 1374 ,
1633 1338 1788 1380 postremo
1797 1339 1832 1370 de
1842 1339 2000 1370 aestimato.
2023 1343 2104 1371 Inter
2113 1343 2160 1372 Si-

1201 1380 1304 1410 ciliam
1314 1400 1322 1414 ‚
1338 1382 1503 1421 ceterasque
1513 1384 1681 1421 provincias
1691 1401 1700 1415 ,
1716 1381 1833 1421 judices
1845 1402 1853 1415 ‚
1874 1383 1908 1411 in
1916 1392 2053 1424 agrorum
2063 1382 2160 1413 veeti-

1201 1422 1313 1463 galium
1332 1425 1444 1452 ratione
1464 1425 1523 1453 hoc
1536 1423 1658 1453 interest
1667 1443 1676 1456 ,
1698 1422 1780 1464 quod
1800 1426 1904 1453 ceteris
1924 1433 1973 1454 aut
1983 1423 2160 1464 impositum

1200 1462 1326 1505 veStigal
1337 1463 1380 1494 est
1389 1474 1515 1498 certum,
1524 1465 1604 1506 quod
1607 1464 1822 1507 stipendiarium
1832 1465 1952 1499 dicitur,
1964 1474 1998 1495 ut
2006 1466 2159 1506 Hispanis,

1203 1505 1235 1534 ὃς
1245 1505 1391 1547 plerisque
1403 1510 1566 1537 Poenorum
1577 1527 1585 1541 ,
1601 1505 1678 1548 quafi
1689 1506 1822 1536 vi&oriae
1832 1509 1990 1546 praemium
2003 1528 2011 1542 ‚
2033 1518 2064 1538 ac
2071 1518 2160 1548 poena

1201 1546 1273 1576 belli
1285 1558 1290 1576 :
1305 1558 1354 1578 aut
1366 1549 1486 1588 cenfbria
1498 1549 1597 1578 locatio
1612 1548 1772 1579 constituta
1783 1548 1825 1579 est
1834 1569 1843 1581 ,
1855 1559 1887 1579 ut
1897 1548 1970 1579 Afiae
1979 1570 1988 1583 ,
1999 1551 2062 1591 lege
2071 1551 2160 1581 Se'm-

1198 1591 1314 1629 pronia.
1337 1591 1446 1621 Siciliae
1457 1593 1588 1621 civitates
1599 1589 1636 1620 fic
1645 1593 1678 1621 in
1686 1592 1850 1621 amicitiam
1861 1611 1870 1624 ,
1892 1595 1907 1618 9
1917 1590 2069 1632 fidemque
2077 1602 2159 1623 rece-

1201 1632 1302 1671 pimus
1313 1651 1322 1666 ,
1343 1642 1376 1662 ut
1386 1633 1493 1663 eodem
1505 1633 1567 1670 jure
1577 1631 1670 1663 ess‘ent
1679 1654 1688 1667 ‚
1708 1643 1769 1674 quo
1778 1631 1917 1663 fu-iffent:
1936 1633 2039 1663 eadem
2049 1634 2158 1664 condi-

1202 1674 1286 1703 tione
1294 1675 1408 1713 populo
1417 1677 1511 1704 Rom.
1523 1673 1671 1714 parerent,
1682 1685 1740 1716 qua
1750 1675 1767 1705 s
1764 1676 1811 1704 uis
1818 1684 1902 1705 antea
1910 1673 2080 1714 paruissent.
2089 1685 2156 1715 per-

1200 1725 1298 1754 paucae
1308 1717 1416 1746 Sicilia:
1426 1718 1558 1746 civitates
1579 1717 1644 1746 sunt
1665 1716 1746 1746 bello
1763 1716 1779 1746 a
1793 1717 1959 1755 majoribus
1969 1716 2077 1746 nostris
2088 1717 2158 1748 sub-

1199 1756 1270 1787 2&ae
1285 1768 1290 1786 ε
1309 1767 1437 1798 quarum
1454 1768 1520 1798 ager
1532 1768 1602 1788 cum
1618 1756 1689 1788 effet
1702 1758 1839 1797 publicus
1854 1758 1958 1797 populi
1969 1761 2104 1789 Romani
2112 1758 2158 1790 fa-

1202 1798 1266 1828 &us
1277 1820 1285 1833 ‚
1297 1808 1399 1829 tamen
1409 1800 1469 1829 illis
1479 1799 1522 1829 est
1531 1800 1673 1829 redditus.
1689 1801 1714 1829 is
1724 1810 1789 1840 ager
1799 1799 1815 1830 ὲ
1823 1800 1997 1830 censoribus
2007 1800 2097 1831 locari
2108 1802 2157 1831 so-

1198 1840 1249 1870 let.
1275 1841 1434 1871 Foederatae
1445 1843 1578 1871 civitates
1587 1841 1653 1871 duae
1666 1842 1734 1871 sunt
1744 1861 1752 1875 ‚
1772 1851 1898 1882 quarum
1910 1841 2043 1872 decumae
2052 1844 2157 1873 venire

1199 1892 1263 1912 non
1273 1883 1402 1916 soleant,
1417 1886 1597 1913 Mamertina
1607 1904 1614 1916 ‚
1627 1883 1659 1913 &
1668 1885 1929 1914 Taurominitana.
1939 1885 2072 1924 quinque
2080 1895 2155 1925 prae-

1200 1933 1275 1954 terea
1286 1923 1346 1954 fine
1356 1922 1468 1955 'foedere
1483 1926 1618 1954 immunes
1628 1927 1760 1955 civitates
1771 1945 1779 1958 ‚
1800 1935 1832 1956 ac
1841 1925 1942 1955 liberae
1953 1945 1962 1959 ,
1983 1928 2154 1967 Centuripi-

1200 1976 1238 1996 na
1249 1987 1257 1999 ,
1273 1965 1411 1997 Halefina
1421 1987 1429 2000 ‚
1445 1966 1599 2008 Segestana
1609 1987 1617 2000 ,
1632 1965 1807 1997 Halicienfis
1818 1988 1827 2001 ,
1843 1969 2064 1998 Panormitana:
2079 1979 2154 2008 prae-

1200 2017 1276 2038 terea
1285 2010 1388 2038 omnis
1402 2019 1468 2050 ager
1475 2009 1583 2039 Siciliae
1593 2010 1750 2039 civitatum
1761 2029 1770 2043 ,
1790 2009 1974 2039 decumanus
1983 2008 2027 2040 est
2038 2020 2043 2038 ε
2061 2012 2154 2041 item-

1198 2060 1256 2090 que
1276 2059 1343 2080 ante
1361 2052 1525 2090 imperium
1542 2051 1648 2091 populi
1658 2054 1750 2081 Rom.
1765 2051 1899 2090 ipsorum
1912 2052 2082 2085 Siculorum
2096 2062 2152 2082 vo-

1199 2092 1322 2125 luntate,
1333 2092 1517 2122 &institutis
1526 2092 1593 2122 fuit.
1603 2093 1702 2122 videte
1711 2102 1794 2122 nunc
1802 2093 1951 2128 maiorum
1962 2093 2149 2132 sapientiam.

1199 2135 1250 2174 qui
1263 2154 1271 2166 ,
1292 2133 1367 2164 cum
1374 2135 1506 2164 Siciliam
1518 2154 1526 2167 ,
1541 2143 1600 2164 tam
1615 2141 1795 2176 opportunum
1803 2133 1960 2174 ficbsidium
1971 2133 2052 2168 belli,
2066 2144 2155 2177 atque

1197 2177 1270 2217 pacta
1278 2196 1286 2208 ‚
1302 2175 1337 2205 ad
1348 2176 1563 2215 rempublicam
1574 2174 1788 2215 adjunxissent,
1799 2185 1877 2205 tanta
1887 2186 1956 2205 cura
1962 2178 2078 2207 Siculos
2089 2187 2154 2207 tue-

1199 2221 1223 2248 ri
1237 2239 1245 2251 ‚
1259 2218 1291 2247 &
1300 2219 1424 2246 retinere
1434 2218 1596 2247 voluerunt
1605 2237 1614 2250 ‚
1636 2226 1669 2246 ut
1679 2227 1741 2246 non
1753 2216 1847 2247 modo
1859 2227 1964 2247 eorum
1975 2221 2050 2260 agris
2058 2218 2154 2249 vthi-

1198 2260 1243 2301 gal
1255 2268 1372 2287 novum
1384 2259 1505 2289 nullum
1516 2261 1718 2298 imponerent,
1729 2258 1778 2288 sed
1788 2269 1827 2288 ne
1837 2260 1932 2298 legem
1943 2260 2067 2300 quidem
2078 2271 2154 2291 ven-

1199 2302 1325 2331 ditionis
1333 2299 1538 2334 decumarum,
1551 2303 1580 2319 ¹0
1588 2311 1663 2330 neve
1675 2300 1828 2330 vendundi
1839 2311 1889 2331 aut
1898 2311 2014 2341 tempus
2025 2323 2035 2335 ‚
2045 2303 2152 2333 autlo-

1198 2353 1269 2373 cum
1278 2350 1500 2373 commutarent
1512 2353 1517 2371 z
1528 2351 1561 2372 ut
1569 2352 1650 2372 certo
1661 2352 1795 2382 tempore
1804 2345 1887 2376 anni,
1897 2352 1929 2372 ut
1938 2343 2053 2374 ibidem
2063 2346 2097 2374 in
2105 2347 2151 2376 Si-

1195 2385 1265 2414 cilia
1275 2404 1282 2418 ,
1301 2382 1432 2423 denique
1442 2394 1474 2414 ut
1484 2385 1547 2426 lege
1557 2386 1720 2414 Hieronica
1730 2384 1893 2414 venderent
1903 2404 1912 2418 ,
1929 2385 2090 2421 voluerunt
2099 2397 2153 2419 eos

1198 2427 1231 2455 in
1250 2427 1309 2455 suis
1328 2424 1414 2454 rebus
1430 2427 1510 2466 ipsos
1533 2425 1668 2456 interesse
1684 2436 1689 2454 :
1713 2430 1737 2445 ¹¹
1751 2436 1916 2467 eorumque
1926 2428 2045 2457 animos
2056 2447 2065 2461 2
2088 2438 2152 2461 non

1200 2465 1295 2505 modo
1307 2466 1364 2507 tege
1377 2477 1469 2501 nova,
1486 2467 1533 2498 sed
1552 2478 1589 2498 ne
1608 2469 1735 2497 nomine
1744 2467 1868 2508 quidem
1880 2467 1953 2509 legis
1971 2478 2054 2499 novo
2064 2479 2152 2502 com-

1198 2510 1325 2539 moveri.
1356 2511 1398 2538 Ita
1419 2509 1558 2540 decumas
1580 2510 1643 2551 lege
1654 2511 1817 2539 Hieronica
1842 2509 1956 2549 semper
1976 2510 2152 2544 vendundas

1197 2550 1393 2582 censuerunt,
1409 2561 1441 2581 ut
1450 2554 1486 2580 iis
1498 2552 1658 2588 jucundior
1668 2550 1737 2580 efl‘et
1747 2553 1881 2580 muneris
1890 2551 1973 2581 illius
1983 2551 2115 2588 fundisio,
2128 2554 2150 2586 fi

1196 2591 1259 2633 ejus
1270 2594 1345 2633 regis
1357 2613 1365 2625 ‚
1376 2595 1428 2632 qui
1439 2593 1545 2624 Siculis
1554 2591 1716 2624 cariffimus
1724 2592 1800 2626 fuit,
1821 2602 1884 2623 non
1898 2592 1997 2624 solum
2007 2593 2151 2631 instituta,

2069 2647 2156 2668 com-

1235 2715 1262 2740 6.
1283 2720 1330 2742 <At
1337 2718 1444 2741 novitate
1453 2714 1556 2749 rerum]
1570 2713 1614 2740 Est
1623 2714 1650 2740 in
1662 2713 1767 2739 Metelli
1776 2715 1906 2740 nobilimte.
1917 2716 1998 2742 Forte
2008 2725 2061 2742 non
2072 2715 2154 2748 male,

1199 2749 1289 2785 inquit
1298 2751 1471 2778 Gulielmius.

1234 2797 1261 2822 7.
1281 2791 1465 2823 tatagmmdine
1472 2791 1564 2825 injuria
1573 2799 1602 2816 ac
1611 2789 1663 2823 re.]
1684 2789 1727 2815 Sic
1737 2790 1759 2816 F
1760 2788 1841 2816 abi-ic.
1853 2790 1881 2816 Sc
1891 2789 1998 2817 Metell.
2015 2796 2092 2817 antea
2101 2790 2153 2817 im-

1198 2826 1444 2861 preffi‚injnriaeftr2.
2082 2827 2084 2831 ⁸
2188 2834 2190 2837 '

1235 2864 1261 2890 8.
1282 2869 1310 2890 In
1328 2865 1439 2891 nudandi
1455 2865 1602 2898 diligentia]
1622 2866 1731 2899 Qnto
1749 2863 1816 2891 istud
1827 2864 1921 2891 melius
1932 2871 2005 2891 retro
2015 2864 2130 2901 vulgatis
2139 2874 2149 2893 2

1199 2902 1224 2926 in
1234 2902 1351 2927 audiendo
1357 2902 1511 2933 diligentiam.
1531 2900 1566 2926 est
1577 2907 1664 2926 autem
1676 2901 1691 2926 a
1702 2901 1769 2926 Met.
1780 2901 1808 2925 &
1820 2900 1898 2926 Fabr.
2148 2914 2149 2917 ¹

1235 2945 1263 2971 9.
1283 2938 1404 2970 Fidemque
1415 2937 1566 2971 recepimus]
1585 2935 1691 2962 Metelli
1704 2955 1711 2968 ‚
1731 2938 1861 2968 accepimus
1872 2955 1882 2970 ,
1892 2935 1964 2972 quod
1973 2935 2068 2963 melius
2077 2942 2154 2973 putat

1200 2972 1373 2999 Gulielmius.

1241 3017 1281 3034 10.
1303 3013 1377 3043 Ἷζςνε
1385 3009 1508 3034 vendundi
1515 3015 1559 3034 aut
1567 3008 1682 3042 tempus]
1697 3008 1758 3034 Hoc
1768 3006 1848 3034 modo
1858 3007 1938 3035 Fabr.
1955 3008 1982 3035 &
1993 3008 2099 3035 Metell.
2110 3017 2154 3035 re·

1202 3051 1276 3079 cepta
1286 3043 1367 3070 leetio
1379 3063 1386 3075 ,
1398 3045 1543 3070 vendundis.

1242 3088 1249 3105 ι
1259 3089 1269 3106 ι
1276 3101 1282 3105 .
1301 3084 1433 3113 Eorumque
1440 3083 1530 3108 am'nm
1541 3100 1552 3113 ‚
1560 3080 1626 3116 &ej
1646 3078 1801 3112 Adiecimus
1811 3079 1960 3110 encliticam
1970 3099 1980 3114 ‚
1993 3078 2055 3116 juffi
2064 3080 2080 3106 ix
2091 3080 2151 3106 Me-

1204 3115 1264 3145 tell.
1274 3116 1302 3144 8<
1314 3114 1416 3145 Fabrici.
2110 3152 2117 3157 ·

2028 3159 2052 3180 ι.
2060 3154 2157 3185 sapum-
