2360 3400
608 90 704 123 DE

164 164 331 199 numquam
345 152 565 196 judicaturum:
586 168 623 188 ne
644 167 695 189 aut
711 157 847 199 spoliaret
864 157 943 189 fama
959 158 1119 200 probatum

162 201 322 232 hominem
335 218 344 232 ,
358 197 378 228 si
388 200 491 229 contra
500 199 653 239 judicass'et
667 212 673 230 ;
689 209 737 231 aut
748 199 878 231 staruiffe
888 200 1037 230 videretur
1049 220 1058 233 ‚
1074 201 1122 230 vi-

159 251 230 272 rum
241 240 357 271 bonum
368 241 500 282 aliquem
509 241 568 273 effe
579 262 588 275 ,
605 242 678 274 cum
687 251 720 272 ea
731 251 777 271 res
786 241 1062 272 innumerabilibus
1072 240 1120 271 of·-

157 280 237 313 fieiis
250 302 260 316 ,
278 282 312 312 &
328 282 466 313 laudibus
480 285 696 314 contineretur.
721 285 802 313 Huic
819 285 910 324 igitur
929 285 996 313 viro
1013 282 1097 313 bono
1108 302 1117 317 ‚

157 333 253 364 quern
264 324 399 355 Fimbria
412 326 503 355 etiam
515 344 524 359 ,
544 335 609 355 non
620 326 714 356 modo
723 327 853 355 Socrates
864 333 988 356 noverat
999 344 1008 357 ,
1027 325 1116 355 nullo

158 365 259 395 modo
272 365 367 396 videri
381 365 477 406 potest
498 367 664 408 quidquam
679 365 736 396 efl'e
762 367 837 396 utile
847 386 857 400 ‚
876 365 958 407 quod
978 375 1043 395 non
1062 368 1118 396 ho-

158 406 280 437 nestum
292 406 334 438 sit.
362 410 463 449 Itaque
485 410 550 439 talis
569 412 615 440 vir
638 418 718 438 NON
738 417 850 438 mono
868 407 984 441 facere,
1003 407 1052 437 sed
1063 417 1119 437 nec

157 450 289 489 cogitare
313 450 441 491 quidem
461 451 629 492 quidquam
650 449 772 481 audebit
781 468 790 483 ‚
818 449 900 490 quod
925 459 990 479 non
1008 449 1113 479 audeat

156 490 324 530 praedicare.
350 494 424 523 Haec
442 502 546 522 nonne
565 491 606 522 est
624 502 729 529 turpe,
749 490 885 521 dubitare
894 491 1114 531 philosophos,

152 541 223 573 quae
241 542 280 563 ne
298 532 400 564 rustici
417 534 543 575 quidem
562 533 721 564 dubitent?
741 534 756 563 a
770 532 880 573 quibus
893 542 998 563 natum
1009 532 1052 562 est
1063 532 1094 562 id
1105 551 1114 566 ,

154 576 168 593 ¹
180 574 264 614 quod
273 575 336 614 jam
346 577 452 606 tritum
463 575 507 606 est
518 575 660 606 vetustate
671 576 882 615 proverbium:
900 573 971 605 cum
983 576 1065 604 enim
1078 572 1114 604 fi·

153 614 226 646 dem
236 616 365 653 alicuius
376 636 385 651 ,
404 617 632 658 bonitatemque
642 616 778 647 laudant:
797 616 916 656 dignum
933 615 982 654 effe
995 616 1109 650 dicunt,

151 657 271 698 quicum
281 658 310 687 in
320 657 432 688 tenebris
442 660 535 688 mices.
560 662 629 689 Hoc
639 668 729 700 quarn
741 657 827 688 habet
840 660 904 689 vim
915 677 925 692 ‚
945 656 1000 688 nifi
1014 658 1111 690 illam,

152 707 178 727 N
190 708 201 727 1
213 708 236 727 rr
249 709 260 728 1
273 709 293 728 t.
316 701 476 740 expedire,
498 701 663 742 quod'non
681 700 783 731 deceat
795 720 804 734 ,
828 702 917 730 etiam
935 697 957 728 s1
975 699 1005 730 id
1024 698 1113 739 poffis

151 739 241 769 nullo
252 740 406 772 refellente
414 742 551 772 obtinere
563 746 575 772 ἓ
598 742 730 772 Videsne
743 743 834 781 igitur
844 761 852 774 ,
872 742 930 771 hoc
939 741 1110 781 proverbio,

150 790 251 822 neque
261 784 310 822 Gy
333 783 395 813 iilli
406 782 487 823 poffe
499 786 620 814 veniam
630 785 692 814 dari
704 804 713 817 ‚
725 784 903 823 neque‘buic
912 793 1018 823 ‚quem
1030 783 1116 822 paul-

150 822 183 853 lo
212 822 282 853 ante
308 793 458 865 fingebam
478 845 488 859 ‚
515 826 681 867 digitorum
701 822 884 865 percuffione
909 827 924 843 ²
936 825 1110 855 hereditates

144 866 295 895 omnium
314 864 397 905 posse
414 870 612 897 converrere?
642 870 685 897 Ut
702 870 785 896 enim
806 885 815 899 ‚
838 875 920 905 ΨΟ
930 877 951 895 D
974 877 994 896 τ
1004 876 1057 897 un
1067 877 1083 896 Ρ
1093 876 1113 896 E.

150 905 214 940 est.
238 907 268 937 id
279 909 422 948 quamvis
434 909 598 939 occultetur
610 928 618 942 ‚
639 917 740 939 tamen
756 907 918 938 honestum
939 906 1003 937 fieri
1024 908 1111 938 nullo

151 948 247 979 modo
259 948 374 989 potest:
398 949 437 980 fic
448 969 457 984 ,
477 950 558 991 quod
569 950 730 981 honestum
742 959 805 979 non
816 949 857 980 est
867 970 876 983 ‚
897 949 927 979 id
940 950 1014 980 utile
1025 959 1057 980 ut
1067 948 1111 983 sit,

85 997 133 1024 20
145 988 228 1020 effici
247 1000 312 1020 non
330 991 427 1031 potest
441 1011 449 1025 ‚
477 992 648 1023 adversante
674 992 707 1023 &
725 1001 906 1032 repugnante
925 1000 1035 1022 natura.
1070 995 1109 1022 At

149 1033 234 1062 enim
246 1052 254 1066 ‚
279 1042 300 1062 c
309 1042 331 1064 U
342 1043 369 1063 M
384 1043 545 1075 permagna
564 1036 689 1074 praemia
709 1034 777 1064 sunt
787 1053 797 1067 ,
815 1032 858 1063 est
867 1034 950 1064 causa
958 1033 1112 1073 peccandi.

146 1075 184 1103 C.
196 1076 310 1105 Marius
329 1075 401 1105 cum
419 1076 435 1107 ὲ
451 1076 499 1116 spe
512 1076 683 1107 consulatus
697 1075 787 1116 longe
802 1073 912 1105 abesset
923 1094 932 1109 ,
951 1076 1056 1115 &jam
1068 1075 1112 1105 se—

146 1115 283 1156 ptimum
302 1127 417 1148 annum
438 1117 504 1159 post
522 1127 678 1159 praeturam
692 1118 820 1157 jaceret,
843 1126 943 1158 neque
958 1118 1110 1157 petiturus

145 1167 293 1199 umquam
303 1159 493 1190 consulatum
505 1161 673 1191 videretur:
692 1162 752 1201 Q.
766 1159 926 1189 Metellum
938 1179 947 1193 ,
966 1160 1051 1198 cujus
1067 1159 1110 1188 le-

143 1208 296 1241 gatuserat
306 1220 315 1233 ,
331 1201 487 1237 summum
498 1205 598 1233 virum
612 1221 620 1236 ,
632 1202 665 1232 &
674 1203 774 1232 civem
786 1221 795 1235 ‚
808 1199 881 1231 cum
892 1200 928 1231 ab
937 1211 973 1231 eo
985 1220 994 1234 ,
1010 1202 1109 1241 impe-

143 1251 242 1272 ratore
253 1242 307 1272 suo
318 1263 326 1276 ,
339 1245 475 1275 Romam
487 1242 594 1275 miss'us
603 1242 674 1274 effet
684 1264 692 1277 ,
704 1242 780 1283 apud
791 1252 861 1283 pop.
872 1244 965 1273 Rom.
979 1246 991 1270 3
1003 1244 1106 1273 crimi—

144 1292 231 1314 natus
245 1283 305 1318 est‚
327 1284 428 1315 bellum
444 1286 609 1328 producere:
627 1286 656 1327 [ι’
668 1286 698 1326 se
716 1284 852 1325 consulem
861 1284 1008 1324 fectffi‘nr,
1028 1283 1108 1314 brevi

140 1332 262 1368 tempore
273 1346 280 1359 ,
296 1334 350 1355 aut
360 1328 467 1357 vivum
477 1349 485 1362 ,
501 1336 555 1358 aut
565 1336 709 1357 mortuum
718 1327 899 1368 Jugurtham
906 1327 936 1366 se
946 1327 975 1356 in
985 1322 1105 1369 potesta-

141 1374 200 1396 tem
214 1375 275 1410 pop.
290 1370 376 1410 Rem.
391 1369 586 1400 redasturum.
611 1372 712 1410 Itaque
731 1368 826 1399 fac‘tus
845 1368 888 1399 est
907 1369 959 1398 ille
978 1369 1104 1410 quidem

140 1411 247 1440 consul
261 1430 269 1443 ,
291 1410 338 1440 sed
350 1412 366 1440 a
375 1410 434 1441 fide
445 1431 454 1445 ,
472 1411 644 1452 justitiaque
656 1409 783 1441 disceffit
793 1429 802 1444 ‚
815 1411 869 1451 qui
881 1412 1034 1449 optimum
1049 1430 1057 1445 ,
1070 1411 1103 1441 &

138 1450 346 1491 graviffimum
356 1454 456 1483 civem
469 1472 478 1487 ,
488 1454 574 1492 cujus
584 1455 694 1494 legatus
705 1451 737 1481 &
747 1451 764 1481 a
773 1461 835 1492 quo
846 1450 951 1481 missus
961 1450 1033 1482 esset
1044 1471 1052 1486 ‚
1068 1453 1103 1482 in

137 1493 289 1524 invidiam
300 1492 374 1523 falso
389 1496 519 1524 crimine
534 1493 702 1525 adduxerit.
727 1495 776 1522 Ne
785 1492 886 1523 noster
894 1493 1018 1533 quidem
1030 1496 1103 1525 Gra-

137 1534 272 1564 tidianus
282 1532 387 1565 officio
396 1535 471 1566 boni
483 1534 671 1566 vinfunetus
681 1533 723 1564 est
734 1533 887 1568 tum‚cum
898 1543 1007 1574 praetor
1018 1534 1101 1569 effer,

135 1575 363 1617 collegiumque
375 1586 540 1617 praetorum
554 1578 667 1609 tribuni
682 1576 778 1616 plebis
787 1574 1001 1609 adhibuiffent,
1014 1585 1047 1606 ut
1057 1586 1102 1607 res

135 1620 310 1649 nummaria
321 1618 358 1649 de
372 1622 533 1650 communi
544 1620 690 1650 sententia
700 1617 1100 1658 constitueretur.4ja&aba—

135 1668 186 1697 tur
204 1662 290 1690 enim
309 1661 498 1701 temporibus
517 1662 578 1691 illis
596 1670 763 1694 nummus,
781 1658 838 1694 fic,
858 1668 891 1690 ut
900 1669 995 1690 nemo
1005 1659 1101 1700 poffet

134 1700 228 1736 scire,
249 1702 322 1743 quid
337 1703 465 1733 haberet.
489 1702 953 1743 Conscripseruntcommuniter
961 1701 1097 1732 edi&um

134 1752 207 1774 cum
218 1752 306 1784 poena
317 1764 326 1778 ‚
339 1744 571 1786 atquejudicio3
585 1743 864 1784 constitueruntque
874 1762 883 1777 ‚
899 1751 932 1774 ut
940 1753 1049 1774 omnes
1060 1742 1096 1774 fi-

133 1786 203 1815 mul
215 1789 229 1813 5
239 1786 273 1816 in
284 1785 392 1817 Rostra
400 1785 467 1826 post
479 1786 644 1818 meridiem
657 1784 851 1816 escenderent
864 1795 869 1813 :
885 1784 917 1814 &
927 1788 1017 1815 ceteri
1027 1788 1096 1826 qui·

87 1845 102 1856 e»
129 1826 204 1857 dem
223 1828 299 1858 alius
317 1827 395 1858 alio:
416 1829 557 1859 Mariusa
569 1828 715 1858 subselliis
727 1829 759 1857 in
769 1825 876 1856 Rostra
885 1825 964 1856 resta
976 1846 986 1860 ‚
1004 1827 1096 1868 idque
1113 1841 1115 1849 =

131 1868 215 1910 quod
224 1872 434 1901 communiter
443 1868 645 1911 compositum
657 1868 770 1901 fuerat,
790 1868 870 1898 solus
884 1868 993 1898 edixit.
1018 1869 1051 1899 ὃς
1062 1879 1095 1899 ea

131 1920 181 1941 res
190 1909 223 1951 (fi
230 1912 355 1952 quaeris)
365 1914 515 1953 ekmagno
527 1911 660 1942 honorif
663 1913 717 1941 uit.
736 1910 883 1940 omnibus
892 1912 966 1940 vicis
976 1909 1076 1942 statuae
1088 1921 1094 1940 :

129 1951 168 1983 ad
179 1962 226 1983 eas
238 1963 303 1988 tus-⁵
323 1954 453 1985 &cerei.
476 1953 550 1995 quid
561 1954 676 1984 multa?
692 1962 786 1983 nemo
798 1961 942 1993 umquam
953 1952 1094 1983 multitu-

130 1994 198 2025 dini
219 1993 278 2026 fuit
292 1998 402 2027 carior.
426 1998 499 2027 Haec
511 1996 599 2030 sunt,
618 2005 683 2037 quae
701 1994 883 2025 conturbant
899 1995 1042 2024 homines
1060 1997 1092 2025 in

127 2035 347 2069 deliberatione
366 2047 600 2079 nonnumquam
624 2057 633 2071 ,
661 2036 733 2068 cum
754 2035 784 2066 id
798 2055 807 2070 ‚
830 2037 862 2066 in
880 2045 943 2077 quo
962 2037 1094 2067 violatur

129 2079 253 2120 aequitas
264 2099 273 2114 ‚
292 2089 357 2110 non
369 2081 407 2110 ita
419 2089 563 2122 magnum
575 2091 585 2114 3
600 2079 676 2110 illud
685 2087 784 2109 autem
797 2097 806 2111 ‚
828 2077 910 2118 quod
919 2087 957 2108 ex
966 2088 1004 2108 eo
1013 2081 1092 2119 pari-

126 2128 177 2150 tur
186 2139 196 2155 ,
207 2130 404 2163 permagnum
415 2121 536 2152 videtur
548 2132 552 2151 :
565 2130 597 2152 ut
608 2123 705 2151 Mario
716 2139 726 2154 2
737 2121 895 2161 praeripere
905 2119 1042 2161 collegis,
1055 2121 1088 2151 &

129 2162 259 2193 tribunis
267 2164 347 2203 pleb.
378 2164 533 2203 opularern
565 2166 668 2194 raziam
679 2182 689 2197 ,
699 2172 763 2192 non
774 2163 813 2192 ita
822 2171 906 2201 turpe
917 2162 1088 2192 :consulem

126 2203 170 2234 ob
183 2214 248 2235 eam
263 2215 327 2235 rem
343 2173 408 2236 lieri
420 2226 429 2239 ‚
449 2206 530 2247 quod
553 2206 594 2235 ibi
604 2213 675 2235 tunc
685 2204 896 2246 proposuerat,
918 2203 1003 2234 valde
1013 2205 1088 2235 utile

123 2245 293 2277 videbatur.
314 2247 372 2278 Sed
389 2250 533 2279 omnium
553 2257 612 2278 una
631 2246 730 2288 regula
747 2244 790 2276 est
802 2265 810 2280 ‚
830 2255 918 2286 quam
932 2246 987 2276 tibi
998 2248 1088 2287 cupio

125 2285 184 2319 effe
194 2287 378 2320 notiffimam
389 2299 395 2319 ;
407 2298 431 2320 A
439 2300 458 2319 u
467 2300 487 2320 τ
512 2300 523 2319 1
536 2300 556 2319 ι,
565 2299 585 2318 L
594 2299 612 2319 u
621 2299 642 2318 n
651 2308 660 2323 ‚
674 2287 755 2329 quod
766 2288 840 2318 utile
852 2287 970 2318 videtur
978 2307 987 2322 ,
1000 2297 1086 2329 turpe

123 2339 162 2360 ne
172 2328 205 2361 fit
217 2341 223 2360 :
235 2340 285 2361 aut
295 2351 304 2365 ‚
317 2330 338 2361 fi
348 2340 433 2372 turpe
443 2331 485 2362 est
498 2343 506 2366 ;
519 2342 555 2361 ne
567 2331 702 2361 videatur
711 2328 768 2360 effe
780 2329 864 2360 utile.
884 2329 965 2370 Qiid
976 2331 1085 2370 igitur?

120 2371 315 2413 possumusne
332 2382 384 2405 aut
402 2374 493 2404 illum
511 2375 643 2404 Marium
656 2392 665 2407 ,
684 2373 784 2403 virum
805 2371 922 2402 bonum
937 2372 1083 2413 judicare,

794 76 1254 129 Orr1c113

159 2482 182 2500 1.
199 2476 323 2508 deam
340 2478 426 2501 tritum
434 2464 469 2502 ei}
477 2476 595 2508 vettcstate
609 2473 787 2507 proverbium]
810 2471 923 2508 Aliquid
944 2474 1000 2500 heic
1011 2474 1076 2500 latet
1099 2498 1101 2501 ,

117 2509 186 2536 falti.
208 2520 266 2537 nam
278 2510 442 2546 exemplaria
450 2510 604 2546 antiquiora
612 2509 708 2537 habent
719 2512 853 2541 contritum,
864 2509 1001 2536 Palatinus
1013 2510 1076 2537 vero
1098 2524 1100 2531 ·

118 2545 206 2573 noster
215 2556 240 2582 pi
251 2567 255 2572 .
265 2549 424 2572 contrarium.

155 2590 184 2608 2.
202 2583 351 2608 Hereditates
360 2585 462 2608 omnium
468 2583 525 2616 poffc
543 2582 705 2616 conuenere]
727 2583 767 2608 Ita
777 2588 853 2608 vetus
864 2580 949 2608 codex
960 2582 1074 2615 Nanuii,

108 2691 157 2724 fise
166 2698 311 2717 convertere.
332 2691 375 2717 13st
394 2691 420 2717 in
433 2690 611 2725 Palat.prim.
625 2690 716 2723 poi‘lsc
734 2697 878 2716 converrere.
898 2691 925 2716 &
945 2691 1009 2717 vero
1021 2700 1074 2716 con-

115 2727 298 2760 verrerepofl‘se
308 2745 316 2758 ,
328 2736 390 2753 num
402 2726 489 2753 locum
502 2727 558 2753 heic
567 2726 683 2762 aliquem
695 2725 787 2752 habeat
799 2726 915 2753 viderint
925 2726 1074 2753 otiosiores.

115 2763 265 2789 Hereditates
282 2765 385 2788 onmium
399 2763 456 2796 soff&
473 2763 636 2796 eon-verrem]
657 2761 739 2798 Qod
750 2763 777 2788 &
797 2763 915 2798 Langius
935 2762 1035 2789 fatetur
1047 2763 1072 2790 in

135 2797 270 2825 uibusdam
281 2798 355 2825 libris
366 2798 479 2825 inveniri
493 2808 500 2829 3
513 2798 606 2834 probat
618 2806 704 2825 tamen
716 2798 799 2833 magis
811 2805 954 2830 con-vertere,
964 2806 1073 2835 propter

115 2808 267 2869 sequeutia:
289 2834 340 2861 csse
351 2836 420 2861 enim
431 2834 470 2866 id,
482 2834 635 2870 quibusdam
648 2834 721 2861 velut
734 2834 871 2870 praestigiis
881 2834 907 2860 in
919 2835 1074 2862 testamenta

115 2879 244 2906 irrepere.
263 2871 313 2897 Sed
326 2881 376 2897 non
388 2871 467 2897 aliter
476 2870 576 2897 dictum
597 2869 676 2897 credo
686 2871 837 2896 haereditates
848 2878 983 2896 con-uertere
995 2890 1003 2903 ,
1022 2870 1072 2897 do-

115 2915 189 2932 mum
210 2916 303 2944 nempe
322 2916 368 2935 aut
385 2907 417 2934 ad
437 2906 462 2934 se
484 2926 493 2940 ‚
520 2916 597 2943 quam
618 2915 675 2943 qua:
694 2907 798 2933 Seneca:
815 2905 904 2933 aversa
921 2906 1072 2934 haereditas.

115 2945 217 2969 Gronov.

153 2979 178 3013 ξ.
197 2981 351 3005 Criminatus
365 2982 401 3006 eft
418 2981 498 3005 bellum
511 2979 663 3013 producere]
684 2978 726 3005 Sic
737 2980 763 3005 δε
776 2979 842 3005 Pali.
862 2978 907 3005 alii
918 2978 1072 3015 interposita

116 3021 192 3045 voce.
202 3016 351 3040 bellumilla).
359 3017 428 3048 prod.
439 3015 559 3051 plerique
571 3035 579 3047 ,
598 3017 678 3041 bellum
687 3017 750 3041 illum
760 3016 851 3042 ducere.
873 3024 924 3042 non
936 3024 1014 3052 carpo
1024 3016 1071 3041 du-

111 3059 175 3083 cere,
184 3049 227 3077 led
236 3052 300 3077 illum
309 3058 419 3077 autumo
429 3051 661 3086 supervacaneum.

150 3093 178 3117 4.
198 3087 349 3120 Jaffahasur
356 3089 417 3113 enim
428 3106 436 3118 ‚
447 3088 514 3121 “J-n]
537 3087 680 3114 Periodum
692 3087 768 3119 hanc,
781 3086 874 3123 capitis
887 3095 957 3114 ream
970 3087 1070 3115 fecerat

113 3121 260 3151 Lambinus
273 3141 280 3155 ‚
299 3121 411 3151 inducto
420 3123 510 3154 habitu
521 3121 672 3160 squallenti.
693 3132 744 3161 ego
761 3123 785 3151 ei
796 3123 911 3160 priorem
927 3122 999 3152 suam
1009 3123 1072 3154 red-

1330 81 1372 128 L
1405 95 1423 128 1
1460 75 1507 127 „j
1574 80 1672 128 111.
1995 94 2122 149 ¹249

1164 171 1214 193 aut
1223 163 1325 193 hunc?
1347 161 1472 202 Explica
1481 181 1491 196 ‚
1511 169 1598 203 atque
1607 170 1714 193 excute
1724 159 1956 202 intelligentiam
1967 167 2048 193 tuam
2059 181 2068 196 ,
2091 171 2125 193 ut

1165 204 1265 234 videas
1275 224 1283 238 ‚
1298 203 1405 245 quaesit
1418 202 1432 224 ⁶
1441 206 1474 236 in
1487 213 1518 234 ea
1528 224 1536 238 ‚
1551 204 1662 244 species
1674 224 1683 238 ,
1697 203 1813 238 forma,
1825 204 1956 235 &notio
1966 205 2023 234 viri
2035 203 2123 236 boni.

1162 245 1329 286 Caditergo
1340 247 1371 276 in
1387 247 1486 276 virum
1500 245 1617 276 bonum
1627 265 1636 280 ‚
1652 247 1775 277 mentiri
1786 245 1988 276 emolumenti
1998 245 2041 276 sui
2051 256 2123 276 cau-

1163 288 1191 317 sa
1202 307 1210 320 ‚
1231 288 1405 322 criminari,
1426 289 1508 328 praeri
1513 297 1581 328 pere
1592 307 1600 321 ‚
1622 286 1746 320 fallere?
1768 288 1845 319 nihil
1856 287 1994 327 profeisto
2004 287 2120 318 minus.

1163 327 1214 359 Est
1224 339 1295 370 ergo
1305 330 1365 359 ulla
1374 339 1418 359 res
1431 331 1523 363 tanti,
1543 338 1592 359 aut
1605 330 1807 360 commodum
1830 330 1927 360 ullum
1948 339 2007 360 tam
2028 339 2121 371 expe-

1161 370 1285 400 tendum
1301 391 1309 403 ‚
1329 380 1361 401 ut
1375 373 1431 400 viri
1446 371 1518 401 boni
1535 371 1567 400 δε
1580 371 1768 411 splendorem
1781 390 1789 405 ,
1810 371 1842 402 &
1854 380 1969 402 nomen
1979 380 2096 402 amittas
2107 372 2122 400 ἒ

1161 421 1212 449 Qx
1227 421 1238 441 1
1250 422 1271 441 n
1295 421 1361 442 ssi·
1373 433 1382 446 ,
1401 412 1483 453 quod
1497 411 1600 442 afferre
1614 412 1731 443 tantum
1744 414 1855 444 utilitas
1870 412 1924 444 ista
1936 434 1945 447 ,
1964 423 2031 454 quae
2040 412 2118 443 dici-

1158 462 1205 483 tur
1214 473 1222 486 ,
1234 452 1319 493 possit
1329 473 1338 487 ‚
1348 453 1497 494 quantum
1507 453 1633 488 auferre,
1646 452 1665 484 fi
1678 454 1750 484 boni
1762 456 1819 484 viri
1830 465 1944 485 nomen
1954 456 2117 495 eripuerit?

1159 493 1262 528 fidem,
1271 494 1478 536 justitiamque
1488 495 1670 526 detraxerit?
1684 497 1765 538 Qud
1777 499 1859 527 enim
1870 495 2001 530 interest,
2011 496 2116 527 utrum

1157 546 1195 566 cx
1206 538 1332 567 homine
1342 537 1370 567 se
1387 547 1454 578 quis
1465 547 1619 568 convertat
1631 540 1661 568 in
1676 538 1793 569 beluam
1805 558 1813 573 ,
1834 548 1872 569 an
1889 539 2004 567 hominu
2015 537 2115 579 figura

1155 579 1367 608 immanitatem
1377 586 1461 619 gerat
1479 577 1582 608 belua?

1153 619 1236 650 nesta
1247 620 1404 661 negligunt
1413 641 1422 654 ,
1435 621 1605 651 dummodo
1614 623 1781 661 potentiam
1791 623 2023 663 consequantur,
2034 631 2115 652 non-

1155 671 1193 692 ne
1203 662 1286 692 idem
1296 662 1427 695 faciunt,
1438 662 1520 703 quod
1530 663 1567 696 is,
1581 665 1632 703 qui
1643 665 1732 693 etiam
1743 664 1876 694 socerum
1889 663 1996 694 habere
2013 664 2114 694 voluit

1153 713 1223 733 eum
1236 723 1244 737 ‚
1265 704 1349 743 cujus
1366 704 1427 744 ipse
1448 704 1568 735 audacia
1585 714 1692 744 potens
1711 704 1804 736 ess'et?
1825 706 1909 736 Utile
1918 707 1945 735 ei
1959 704 2116 736 videbatur

1153 746 1321 786 plurimum
1341 743 1422 785 pofl‘e
1434 746 1554 776 alterius
1568 746 1693 776 invidia.
1717 747 1746 777 id
1757 746 1847 787 quam
1858 746 2006 787 injustum
2017 749 2051 776 in
2062 756 2113 786 pa-

1153 789 1240 817 triam
1256 806 1264 821 ,
1275 787 1366 827 quam
1377 788 1483 817 inutile
1495 806 1507 820 2
1519 786 1609 827 quam
1621 796 1705 827 turpe
1716 787 1786 818 esset
1797 808 1805 822 ‚
1817 799 1881 819 non
1893 787 2022 819 videbat.
2046 788 2113 828 Ipse

1153 838 1253 859 autem
1268 830 1349 859 socer
1362 830 1395 859 in
1408 839 1459 859 ore
1474 829 1589 869 semper
1599 831 1718 860 Graecos
1731 831 1831 861 versus
1844 831 1880 860 de
1889 828 2046 861 Phoeniffis
2061 831 2113 859 ha*

1132 864 1134 880 ³
1152 870 1258 904 bebat,
1268 880 1343 912 quos
1355 870 1452 901 dicam
1464 880 1495 901 ut
1505 880 1620 911 potero,
1635 871 1790 903 incondite
1802 871 1918 904 fortasse
1928 891 1936 906 .
1951 871 1999 903 sed
2010 880 2113 903 tamen

1152 921 1184 943 ut
1195 922 1241 942 res
1251 911 1336 952 poffit
1347 913 1490 954 intelligi:

1246 957 1327 983 Nam
1331 954 1360 995 fi
1369 954 1534 984 violandum
1544 954 1639 995 es‘ljus
1651 976 1659 990 ,
1679 956 1812 997 regnandi
1815 956 1916 998 gratia

1246 996 1412 1026 Violandum
1425 995 1467 1026 es‘?
1477 1007 1488 1024 .·
1501 996 1563 1026 altu
1571 997 1649 1026 rebus
1653 999 1789 1040 pietatem
1800 998 1880 1028 colas.

1152 1039 1293 1078 Capitalis
1309 1038 1446 1069 Eteocles
1458 1059 1465 1072 ,
1485 1039 1533 1068 vel
1551 1039 1653 1078 potius
1672 1040 1848 1080 Euripides,
1867 1041 1920 1081 qui
1943 1039 1973 1070 id
1996 1049 2106 1073 unum,

1151 1079 1232 1120 quod
1255 1081 1399 1110 omnium
1420 1079 1672 1111 sceleratiffimum
1692 1080 1785 1112 fuerat
1798 1102 1807 1116 ,
1836 1084 1993 1122 exceperit.
2025 1082 2109 1123 Qid

1151 1123 1241 1162 igitur
1251 1123 1366 1152 minuta
1376 1122 1551 1163 colligimus
1561 1142 1569 1156 ‚
1586 1123 1779 1157 hereditates,
1792 1133 1969 1154 mercaturas
1980 1143 1988 1157 ,
2000 1124 2110 1154 vendi·

1150 1165 1251 1193 tiones
1260 1163 1477 1194 fraudulentas?
1487 1167 1562 1195 Ecce
1574 1164 1640 1198 tibi,
1652 1167 1703 1206 qui
1715 1175 1767 1195 rex
1777 1175 1846 1206 pop.
1857 1168 1991 1196 Roman.
2006 1165 2111 1195 domi*

1147 1205 1262 1246 nusque
1271 1207 1413 1236 omnium
1423 1208 1560 1247 gentium
1571 1205 1628 1236 effe
1636 1208 1834 1247 concupierit,
1844 1207 1934 1248 idque
1942 1205 2110 1247 perfecerit.

1148 1249 1234 1277 Hanc
1243 1247 1438 1288 cupiditatem
1459 1246 1479 1277 fi
1495 1247 1652 1278 honestam
1671 1251 1738 1289 quis
1756 1248 1813 1279 ess'e
1824 1249 1897 1280 dicit
1908 1270 1917 1282 .
1936 1258 2041 1280 amens
2051 1247 2106 1278 est.

1145 1289 1250 1329 probat
1267 1291 1351 1320 enirn
1370 1290 1470 1331 legum
1490 1310 1499 1323 .
1531 1290 1565 1320 &
1584 1290 1728 1320 libertatis
1747 1292 1922 1321 interitum:
1945 1300 2107 1330 earumque

1145 1329 1364 1372 oppreffionem
1385 1341 1497 1362 taetram
1511 1351 1520 1365 ‚
1540 1332 1573 1362 &
1586 1331 1793 1362 detestabilem
1808 1353 1816 1366 ,
1838 1333 1998 1375 gloriosam
2009 1341 2103 1372 putat.

1145 1375 1205 1414 Qi
1216 1381 1316 1403 autem
1326 1373 1434 1404 fatetur
1445 1393 1453 1408 ‚
1466 1383 1644 1404 HONESTuM
1659 1384 1723 1404 non
1734 1373 1791 1405 effe
1802 1377 1834 1404 in
1843 1384 1877 1405 ea
1885 1376 2005 1406 civitate
2019 1394 2027 1407 ‚
2039 1384 2107 1413 quae

1145 1415 1237 1445 libera
1247 1414 1322 1449 fuit,
1340 1425 1468 1456 quaeque
1484 1413 1541 1445 effe
1562 1415 1688 1449 debeat,
1707 1426 1827 1457 regnare
1840 1437 1847 1449 .
1872 1416 1922 1446 sed
1941 1417 1989 1449 ei,
2007 1418 2060 1456 qui
2072 1415 2103 1444 id

1143 1455 1350 1496 facerepoffit‚
1372 1456 1429 1488 effe
1450 1457 1536 1487 utile:
1556 1467 1614 1498 qua
1635 1459 1715 1488 hunc
1736 1458 1965 1498 objurgatione,
1983 1467 2104 1497 autquo

1140 1498 1244 1537 potius
1261 1501 1403 1529 convicio
1421 1499 1437 1529 a
1454 1508 1537 1530 tanto
1558 1509 1657 1530 errore
1675 1504 1791 1529 7coner
1809 1509 1940 1529 avertere
1961 1501 1972 1528 ?
2001 1497 2107 1529 Potest*

1140 1542 1224 1569 enim
1236 1559 1245 1573 ‚
1264 1540 1308 1570 dii
1331 1540 1518 1571 immortales
1529 1560 1537 1573 ,
1560 1541 1701 1581 cuiquam
1710 1539 1769 1570 esse
1777 1541 1852 1570 utile
1860 1538 2057 1570 foedissimum
2069 1539 2104 1569 δε

1140 1582 1339 1611 taeterrimum
1357 1582 1549 1621 parricidium
1568 1584 1685 1621 patri-x:
1703 1584 1841 1622 quamvis
1861 1582 1948 1622 isqui
1960 1582 1988 1611 se
1999 1581 2104 1611 eoob-

1140 1621 1296 1653 strinxerit
1305 1643 1314 1658 ‚
1333 1624 1370 1654 ab
1380 1621 1522 1664 oppreffis
1533 1624 1650 1654 civibus
1658 1626 1766 1654 Parens
1779 1625 1978 1654 nominetur?
1995 1625 2106 1653 Hone-

1139 1663 1211 1694 state
1221 1667 1311 1706 igitur
1332 1665 1487 1707 dirigenda
1504 1666 1619 1696 utilitas
1637 1665 1699 1699 est,
1720 1666 1753 1696 δε
1772 1666 1895 1706 quidem
1916 1664 1953 1695 fic
1967 1684 1975 1698 ,
1998 1673 2032 1695 ut
2041 1665 2104 1696 haec

1140 1706 1202 1736 duo
1213 1725 1222 1741 ‚
1244 1707 1337 1737 verbo
1350 1709 1427 1737 inter
1438 1707 1466 1737 se
1476 1707 1636 1747 discrepare
1648 1728 1656 1741 ‚
1679 1718 1709 1738 re
1720 1717 1820 1738 tamen
1834 1716 1929 1737 unum
1942 1707 2045 1737 sonare
2055 1710 2103 1737 viu

1139 1747 1275 1778 deantur.
1299 1743 1400 1779 8Non
1422 1748 1517 1779 habeo
1533 1768 1542 1782 ‚
1565 1749 1608 1777 ad
1619 1749 1702 1790 vulgri
1723 1749 1878 1790 opinionem
1891 1769 1899 1783 ‚
1923 1759 1989 1789 quae
2005 1749 2103 1787 major

1138 1790 1253 1820 utilitas
1266 1809 1274 1823 ‚
1285 1790 1377 1830 quani
1388 1790 1530 1831 regnandi
1542 1810 1550 1824 ,
1569 1789 1626 1821 esst
1638 1790 1727 1830 poffic
1740 1803 1745 1819 ;
1758 1791 1837 1822 nihil
1846 1799 1950 1821 contra
1960 1791 2101 1821 inutilius

1137 1832 1188 1864 ei,
1209 1832 1261 1871 qui
1274 1833 1303 1861 id
1315 1831 1426 1871 injuste
1436 1831 1614 1862 consecutus
1626 1831 1659 1862 sit
1669 1852 1679 1866 ,
1700 1834 1827 1862 invenio
1841 1852 1850 1866 ‚
1868 1831 1941 1863 cum
1952 1834 1989 1863 ad
2001 1842 2098 1862 veur-

1136 1881 1254 1902 τΑτεΜ
1273 1876 1353 1913 coepi
1372 1883 1509 1904 revocare
1535 1875 1695 1904 rationem.
1723 1873 1833 1915 poffimr
1853 1876 1937 1904 enim
1955 1875 2099 1914 cuiquam

1137 1912 1196 1943 effe
1216 1915 1323 1948 utiles,
1347 1924 1383 1945 an
1405 1924 1490 1949 ores,
1520 1914 1755 1950 sollicitudines,
1777 1916 1878 1946 diurni
1901 1916 1935 1946 δε
1955 1915 2098 1947 ηοᾶυωὶ

1137 1964 1236 1986 metus
1249 1975 1257 1990 ‚
1268 1958 1330 1987 vita
1344 1959 1375 1987 in
1389 1956 1518 1987 idiarum
1530 1976 1539 1991 ‚
1550 1958 1813 1999 periculorumque
1822 1957 2006 1998 pleniffima?

1228 1998 1338 2028 Multi
1346 1999 1443 2041 iniqui
1451 2018 1459 2033 ‚
1476 2006 1565 2040 atque
1574 1998 1695 2038 infideles
1702 2010 1782 2041 regno
1793 2000 1968 2042 ‚paucisunt
1977 1998 2054 2034 boni,

1134 2040 1362 2080 inquitAccius.
1385 2045 1425 2071 At
1443 2043 1493 2071 cui
1511 2043 1626 2081 regno?
1643 2043 1725 2082 quod
1745 2043 1919 2076 aTantalm
1941 2042 2094 2082 &Pelope

1132 2081 1286 2121 proditum
1302 2082 1368 2121 jure
1395 2082 1599 2113 obtinebatur.
1632 2085 1713 2113 Nam
1741 2093 1857 2125 quanto
1874 2084 1974 2123 plures
1989 2086 2016 2114 ei
2033 2085 2095 2125 regi

1130 2132 1215 2163 putas
1229 2144 1237 2157 ‚
1249 2126 1300 2165 qui
1310 2126 1442 2155 exercitu
1456 2124 1561 2165 populi
1573 2126 1706 2156 Roman.
1729 2125 1986 2166 populumipsum
1997 2128 2093 2157 Rotn-

1132 2164 1330 2205 oppressiss'et,
1352 2168 1566 2207 civitatemque
1584 2175 1648 2197 non
1670 2167 1899 2198 modoliberam
1911 2187 1920 2201 ,
1940 2167 2094 2199 sedetiam

1128 2207 1269 2248 gentibus
1278 2210 1489 2248 imperantem,
1500 2208 1608 2239 servire
1619 2207 1670 2239 fibi
1682 2208 1841 2250 co'e'gisset?
1852 2211 1984 2240 Hunc-tu
1994 2213 2009 2236 9
2020 2219 2093 2251 quas

1128 2250 1319 2280 conscientia:
1335 2250 1416 2280 labes
1439 2253 1471 2280 in
1483 2252 1587 2281 animo
1597 2251 1698 2281 censes
1709 2248 1860 2281 habuisse?
1880 2261 1945 2292 quae
1955 2253 2093 2285 vulnerat

1130 2292 1219 2331 cnjus
1229 2301 1329 2322 autem
1349 2294 1409 2323 vita
1428 2290 1482 2333 ipsi
1503 2291 1599 2332 potest
1625 2293 1707 2323 utilis
1717 2291 1793 2327 effe,
1819 2291 1890 2324 cum
1902 2295 1965 2333 ejus
1977 2295 2089 2324 vitaeea

1126 2333 1265 2363 conditio
1275 2332 1327 2368 fit,
1353 2343 1387 2365 ut
1396 2355 1405 2368 ‚
1427 2335 1478 2376 qui
1489 2335 1572 2364 illam
1583 2336 1725 2374 eripuerit
1740 2354 1749 2369 ,
1770 2336 1803 2364 in
1815 2337 1948 2365 maxima
1957 2335 1990 2366 ὃς
1999 2337 2091 2377 gratia

1125 2373 1244 2406 futurus
1254 2374 1307 2410 fit,
1326 2376 1360 2408 &
1376 2376 1492 2419 gloria?
1512 2375 1604 2417 Qod
1624 2375 1645 2407 fi
1662 2377 1724 2408 haec
1743 2377 1900 2408 urilianon
1910 2377 1978 2408 sunt
1991 2397 2000 2411 ‚
2021 2386 2087 2426 quae

1945 2428 2084 2450 maxlme

1121 2474 1190 2507 didi,
1201 2485 1262 2502 cum
1275 2476 1338 2502 nihil
1351 2477 1375 2503 in
1388 2486 1417 2502 ea
1428 2476 1589 2508 invenirem,
1599 2485 1646 2502 cur
1656 2476 1741 2511 spuria
1752 2476 1837 2502 baberi
1851 2477 1944 2511 posset.

1161 2521 1187 2545 5.
1209 2514 1236 2538 ln
1247 2513 1320 2544 rtfira
1326 2515 1379 2545 pofl
1388 2513 1505 2538 meridiem
1524 2513 1696 2546 escenderenn]
1718 2512 1801 2549 Qud
1821 2512 1966 2539 affirmaret
1988 2513 2082 2539 Murc-

1122 2554 1165 2574 tus
1177 2547 1210 2574 fic
1221 2548 1272 2583 legi
1285 2548 1310 2575 iu
1323 2558 1375 2575 uno
1386 2548 1431 2575 suo
1441 2548 1544 2579 codice,
1554 2548 1678 2584 idemque
1687 2547 1790 2574 diceret
1800 2547 1832 2574 dc
1842 2549 1928 2575 altero
1939 2547 1984 2574 suo
1994 2547 2081 2576 Aldus

1120 2584 1226 2619 Nepos,
1239 2593 1323 2620 neque
1334 2584 1412 2610 aliter
1422 2584 1537 2611 exstaret
1547 2584 1575 2611 in
1586 2584 1745 2611 membranis
1758 2584 1830 2610 Petri
1843 2584 1960 2611 Danielis
1974 2603 1982 2616 ,
2005 2584 2081 2611 ausus

117 2618 158 2644 uti
177 2617 278 2644 dudum
298 2617 418 2653 prodidit
442 2620 578 2650 Συμμίκῖων
597 2618 666 2644 libro
687 2626 729 2644 ix.
760 2627 844 2653 neque
863 2618 942 2644 aliter
960 2618 1074 2645 aliorum
1095 2620 1097 2651 j
1119 2619 1174 2646 sum
1186 2619 1329 2647 excludere
1340 2620 1467 2647 haetenus
1479 2620 1795 2682 vulfatumdefiederem.
1817 2620 1932 2653 escendere
1944 2621 2078 2657 ‚antiquis

114 2654 290 2690 exemplaria.
309 2654 433 2691 primitus
453 2654 540 2686 editi,
568 2654 626 2687 pii-27}
644 2661 788 2680 convertere.
816 2653 950 2689 deincipes
965 2655 1024 2687 poffe
1041 2656 1077 2680 ad
1095 2664 1096 2684 3

1118 2655 1169 2683 effe
1178 2655 1347 2688 adscendere,
1357 2656 1402 2683 din
1414 2657 1450 2684 est
1461 2665 1514 2692 quo
1543 2657 1639 2683 Critici
1651 2656 1734 2693 palam
1746 2656 1844 2682 fecere.

1153 2693 1182 2718 6.
1202 2695 1231 2718 ln
1240 2695 1362 2726 easpecics
1374 2692 1498 2727 ‚formed
1520 2692 1656 2728 Pakspme
1667 2711 1675 2725 ‚
1694 2691 1765 2726 quod
1785 2694 1813 2719 &
1832 2692 1931 2728 placuit
1941 2692 2075 2720 Victorio.

1094 2732 1095 2739 ¹
1116 2727 1240 2755 videatur
1251 2728 1384 2755 stiffi-idus
1394 2730 1421 2756 &
1431 2728 1588 2756 Lambinus.

1151 2772 1179 2798 7.
1200 2767 1272 2791 Coner
1281 2765 1418 2799 averteres]
1439 2765 1528 2792 Etiam
1538 2765 1673 2792 Palatinus
1693 2763 1756 2792 facit
1775 2774 1823 2801 pro
1833 2765 1870 2792 eis
1892 2764 1949 2792 mss.
1968 2765 1995 2792 in
2013 2765 2073 2802 qui-

1115 2799 1163 2826 bus
1174 2803 1283 2827 avellere.

1150 2836 1178 2863 S.
1198 2840 1248 2863 Non
1257 2839 1327 2863 habco
1339 2857 1346 2869 ,
1357 2839 1392 2864 ad
1399 2840 1466 2871 vitlgi
1474 2840 1601 2870 opinionem
1611 2856 1619 2869 ‚
1628 2846 1678 2871 qut
1686 2839 1761 2872 major
1772 2839 1869 2863 utilitas
1878 2846 1950 2871 quam
1959 2838 2071 2871 regxsnass‘

1113 2872 1154 2905 effe
1168 2874 1260 2907 pqffit]
1281 2874 1325 2899 Sic
1334 2873 1412 2900 babet
1423 2874 1558 2900 Palatinus
1571 2881 1695 2908 uterque,
1705 2873 1739 2899 sic
1750 2874 1851 2900 Mureti
1862 2882 1941 2904 unus,
1951 2873 1985 2900 fic
1996 2873 2072 2901 Aldi.

1113 2907 1202 2944 inepte
1214 2909 1252 2943 pri
1257 2918 1285 2935 ns
1296 2919 1302 2936 ε
1325 2913 1395 2936 Nune
1403 2911 1457 2936 abeo
1467 2911 1501 2936 ad
1507 2912 1576 2943 vulgi
1583 2911 1718 2943 opinionem.
1735 2910 1792 2943 Qae
1801 2911 1873 2945 major
1882 2911 1991 2943 utititas,
2000 2919 2071 2944 quar:

1113 2945 1226 2977 regnandi
1237 2945 1277 2977 effe
1282 2948 1347 2979 fqffir
1358 2950 1368 2971 ἓ

1148 2989 1174 3015 9.
1194 2981 1261 3012 §aas
1272 2982 1413 3015 constt'emiae
1427 2981 1520 3015 laben]
1541 2980 1676 3009 Henricus
1687 2981 1833 3018 Stephanus
1844 2980 1916 3008 libro
1927 2991 1969 3008 iv.
1989 2982 2068 3008 Sche-

1112 3015 1267 3043 diasinatum
1281 3024 1367 3044 mutat
1387 3026 1478 3044 vocem
1499 3018 1656 3054 postremam
1675 3018 1702 3044 in
1721 3019 1799 3045 tabes.
1818 3027 1869 3045 non
1884 3025 1940 3044 erat
1951 3017 2049 3045 necesse
2061 3029 2067 3043 τ

1111 3052 1242 3088 intelligit
1260 3054 1331 3079 enim
1343 3054 1371 3080 &
1382 3053 1496 3080 maculas
1508 3055 1534 3080 δι
1545 3052 1616 3080 iustus
1628 3073 1637 3087 ‚
1656 3053 1683 3081 8<
1697 3054 1871 3081 lacerationes
1883 3054 2013 3081 mentium
2026 3060 2068 3089 ty-

1111 3089 1278 3153 rannicartgn
1290 3108 1299 3124 ‚
1311 3089 1345 3118 de
1354 3088 1450 3128 quibus
1461 3089 1546 3116 multa
1557 3089 1677 3120 diximus
1686 3089 1720 3120 ad
1729 3089 1827 3120 librum
1839 3100 1882 3120 vl.
1901 3089 2002 3119 Ami.
2012 3091 2066 3116 Ta-

1109 3132 1156 3156 cm
1173 3134 1229 3162 cap.
1262 3145 1269 3154 .

1441 3162 1596 3193 Ttttttt
1948 3163 2070 3189 »Utrum

1625 580 1706 621 Qud
1721 583 1730 609 ?
1743 582 1796 620 qui
1807 582 1912 610 omnia
1923 580 2002 610 reeta
2013 580 2046 610 δε
2058 581 2115 610 ho-
2134 581 2173 606 21
