2339 3379
599 155 1189 200 PHILIPPICA

189 239 298 281 Aprili,
308 245 394 280 atque
403 236 496 275 Maio,
512 243 576 266 tum
586 254 595 268 ,
607 243 677 264 cum
686 232 776 263 etiam
787 236 916 273 Capuam
928 232 1079 262 coloniam
1090 230 1139 260 de-
1183 239 1201 269 q

188 282 425 313 ducereconatus
438 288 478 308 es.
503 275 769 317 Qemadmodum
788 275 988 305 illincabieris
1000 294 1008 307 ,
1027 275 1141 310 velpo-

187 327 245 354 tius
256 322 339 362 paene
350 331 413 351 non
423 320 529 349 abieris
539 338 547 351 ,
570 319 689 348 scimus.
708 318 756 346 cui
775 326 805 346 tu
817 318 882 347 urbi
898 317 1056 346 minitaris.
1080 315 1138 343 uti-

188 375 258 395 nam
266 373 373 394 conere
384 382 392 394 ,
412 359 612 400 utaliquando
622 358 699 388 illud
712 378 720 392 ,
733 361 806 388 Paenc
816 378 823 391 ‚
837 359 967 388 tollatur.
993 359 1032 386 Ar
1050 363 1140 395 quam

187 406 343 436 nobilitata
352 403 394 433 est
404 412 452 432 tua
462 403 513 431 illa
532 402 728 442 peregrinatio
742 403 745 429 l
767 400 838 440 quid
849 399 1043 439 prandiorum
1053 406 1140 436 appa·
1162 422 1164 430 .

188 456 266 478 ratus
277 466 286 479 ,
304 445 376 485 quid
386 443 528 474 furiosam
539 443 737 472 vinolentiam
750 451 795 472 tua
801 452 830 471 m
841 440 989 481 proferam
1002 444 1012 464 ἒ
1030 447 1078 468 tua
1088 436 1140 467 ista

187 489 365 518 detrimenta
375 487 458 516 sunt:
477 485 528 514 illa
539 483 645 514 nostra.
669 488 782 523 Agrum
792 486 988 522 Campanum,
1000 482 1052 520 qui
1065 489 1136 509 cum

186 529 222 560 de
238 526 424 567 vestigalibus
442 527 629 556 eximebatur
642 545 650 558 ‚
676 525 870 556 utmilitibus
880 524 1014 555 daretur,
1037 530 1136 551 tamen
1158 552 1160 559 y

1158 564 1160 572 '
1182 561 1339 589 neminem
1354 557 1411 587 effe
1430 559 1619 589 resalutatum
1638 570 1643 588 z
1666 561 1826 598 praesertim
1846 559 1917 588 cum
1938 557 2014 588 duos
2032 558 2134 587 secum

185 610 446 651 compransoribus
457 612 526 644 tui5,
539 609 777 640 &collusoribus
789 607 952 638 dividebas.
967 607 1081 635 mimos
1091 603 1137 633 di-
1157 615 1159 639 ;
1181 604 1356 642 Anagninos
1368 600 1485 628 haberet
1498 620 1505 631 ,
1520 600 1678 629 Mustelam
1689 620 1696 633 ‚
1716 602 1747 630 &
1758 603 1910 630 Laconem
1924 611 1929 629 :
1952 609 2081 640 quorum
2093 599 2135 627 al-

185 569 284 610 infligi
302 578 445 610 magnum
473 568 643 608 reipublicae
658 568 770 597 vulnus
787 567 978 606 putabamus:
1010 564 1090 593 hunc
1107 570 1138 592 tu

186 663 234 686 co,
247 654 279 683 δε
288 655 410 686 mimas,
421 655 452 683 P.
462 655 496 682 C.
508 654 540 681 in
550 662 618 692 agro
629 654 782 690 Campano
792 650 968 680 collocatos,
986 646 1067 687 Qid
1078 646 1136 682 jam

185 705 290 736 querar
305 695 342 724 de
357 704 426 735 agro
448 696 601 724 Leontino
621 699 632 721 ἓ
657 690 902 733 quandoquidem
920 690 965 718 hae
983 686 1136 727 quondam

186 739 333 766 arationes
348 740 509 776 Campani,
530 735 717 765 &Leontini
734 735 766 762 in
777 731 972 771 populiRom
992 729 1136 767 patrimo—
1156 753 1157 758 ,

185 781 240 808 nio
259 777 522 819 ¹grandifaenore,
544 774 742 806 &fi-uetuosae
751 773 929 802 ferebantur.
950 769 1136 799 Medicotria

187 821 284 850 millia
295 821 442 860 jugerum,
455 817 533 860 quasi
551 828 578 847 te
588 818 691 847 fanum
702 811 830 844 feciffet:
851 813 961 841 rhetori
972 812 1044 843 duo,
1056 809 1135 850 quasi

184 861 328 892 disertum
347 861 442 892 facere
452 857 601 900 potuifl'et.
627 857 683 887 Sed
701 855 737 886 ad
748 857 819 889 iter,
840 854 1016 893 Italiamque
1035 852 1135 882 redea-

123 913 167 945 40
186 913 263 933 mus.
294 901 455 933 Deduxisti
463 901 616 931 coloniam
628 896 789 928 Casilinum
801 916 809 930 ‚
829 906 890 936 quo
904 895 997 925 Caesai·
1006 894 1073 923 ante
1083 893 1133 923 de-

183 945 318 976 duxerat.
340 941 524 974 Consuluisti
543 950 592 969 me
611 949 662 979 per
672 939 780 968 litteras
791 937 827 968 de
837 940 936 976 Capua
947 945 976 965 tu
989 936 1114 976 quidem
1129 946 1134 964 :

182 987 233 1017 sed
243 987 324 1017 idem
334 985 370 1016 de
389 982 518 1014 Casilino
528 979 758 1021 respondissem:
777 978 913 1019 possesne
923 999 931 1012 ‚
952 978 1003 1007 ubi
1015 977 1135 1007 colonia

182 1027 262 1062 esset,
272 1038 308 1057 eo
316 1025 470 1058 coloniam
481 1033 591 1054 novam
607 1024 669 1060 jure
682 1022 835 1052 deducere.
860 1021 994 1061 Negavi,
1017 1021 1048 1049 in
1067 1029 1133 1049 eam

180 1071 333 1100 coloniam
343 1087 351 1100 ‚
371 1077 435 1108 quae
447 1065 516 1096 efl'et
529 1065 670 1104 auspicato
682 1063 807 1094 dedqu
818 1083 827 1097 ‚
846 1062 920 1092 dum
935 1060 1006 1091 esset
1015 1061 1135 1090 incolu-

180 1113 251 1144 mis,
263 1111 415 1140 coloniam
428 1108 611 1147 novamjure
620 1106 745 1136 deduci:
763 1105 892 1135 colonos
901 1112 1000 1133 novos
1008 1102 1132 1133 adscribi

177 1150 260 1193 poss'e
269 1149 406 1190 rescripsi.
433 1152 482 1180 Tu
493 1158 593 1179 autem
603 1148 761 1178 insolentia
769 1148 873 1178 elatus,
884 1147 973 1175 omni
985 1144 1134 1184 auspicio-

176 1204 246 1224 rum
256 1194 322 1234 jure
332 1192 463 1225 turbato,
478 1189 641 1221 Casilinum
655 1189 810 1218 coloniam
822 1186 971 1217 deduxisti
981 1206 989 1220 ,
1003 1196 1064 1227 quo
1075 1194 1135 1216 erat

176 1237 278 1277 paucis
293 1236 381 1265 annis
393 1243 460 1263 ante
476 1231 602 1262 deduCta
612 1251 620 1265 ,
640 1240 671 1260 ut
683 1234 696 1249 ²
707 1230 855 1260 vexillum
872 1229 988 1264 videres
1002 1248 1010 1262 ‚
1031 1228 1135 1257 &ara-

179 1285 260 1308 trum
271 1275 524 1307 circumduceres:
539 1274 623 1309 cuius
633 1273 756 1313 quidem
767 1281 889 1301 vomere
900 1279 1015 1310 portam
1027 1272 1134 1309 Capuae

177 1318 264 1360 paene
273 1315 521 1358 perstrinxisti‚ut
533 1314 669 1345 florentis
679 1314 808 1344 colonia:
819 1314 1002 1343 territorium
1013 1313 1134 1340 minue-

177 1369 268 1391 retur.
287 1359 335 1389 Ab
346 1360 397 1388 hac
407 1359 588 1398 religionum
598 1355 817 1396 perturbatione
833 1354 951 1383 advolas
962 1355 995 1382 in
1006 1355 1049 1382 M.
1061 1355 1135 1381 Var-

178 1403 274 1434 ronis,
286 1398 455 1430 san&iffimi
468 1419 476 1432 ‚
489 1408 575 1438 atque
586 1398 772 1437 integerrimi
783 1397 852 1428 viri,
863 1394 995 1425 fundum
1007 1393 1135 1424 Caffina-
1153 1417 1156 1424 .

178 1452 252 1474 tem.
270 1443 426 1483 quojure?
444 1450 505 1481 quo
517 1449 567 1469 ore
577 1443 588 1464 ?
599 1439 718 1472 eodem,
730 1439 858 1478 inquie52
872 1437 976 1477 quoin
986 1435 1133 1466 heredum

177 1487 214 1516 L.
225 1484 334 1515 Rubrii
345 1503 353 1517 ,
365 1491 428 1522 quo
438 1480 626 1511 in'heredum
636 1482 671 1510 L.
684 1480 814 1510 Turselii
824 1478 931 1519 praedia
941 1499 949 1512 ,
969 1487 1030 1519 quo
1041 1480 1074 1507 in
1087 1487 1132 1507 re-

174 1526 272 1566 liquas
282 1523 518 1555 innumerabiles
535 1521 740 1562 poffeffiones.
764 1525 776 1548 3
791 1519 857 1551 Etsi
869 1520 905 1550 ab
924 1519 1003 1550 hasta
1017 1519 1132 1550 valeant

176 1568 283 1599 tabulae
294 1586 303 1600 ‚
317 1565 411 1596 modo
422 1565 551 1598 Caesaris,
563 1574 626 1594 non
636 1573 692 1594 tuae
705 1574 709 1593 :
728 1563 837 1604 quibus
847 1560 973 1598 debuisti,
985 1571 1050 1591 non
1063 1562 1133 1602 qui-

176 1608 233 1641 bus
242 1618 272 1639 tu
284 1618 311 1638 te
323 1606 493 1637 liberavisti.
516 1608 659 1636 Varronis
672 1605 796 1646 quidem
808 1603 986 1634 Cassinatem
999 1602 1132 1633 fundum

172 1652 244 1692 quis
258 1648 381 1680 veniisse
403 1648 496 1679 dicit?
522 1658 589 1688 quis
608 1646 719 1677 hastam
733 1646 819 1676 istius
832 1646 1019 1676 venditionis
1035 1644 1131 1675 vidit?

121 1690 130 1698 '
174 1694 243 1734 quis
261 1701 369 1722 vocem
387 1691 532 1730 praeconis
554 1689 668 1719 audivit
686 1690 696 1715 ?
725 1686 836 1718 Misiffe
856 1695 884 1717 te
906 1687 981 1717 dicis
999 1687 1132 1717 Alexan-

114 2073 154 2105 41

175 1735 270 1764 dtiam
281 1754 290 1768 ,
310 1734 364 1774 qui
376 1740 488 1762 emeret
498 1732 513 1762 a
523 1731 641 1762 Caesare.
664 1731 766 1771 Ipsum
785 1731 869 1760 enim
883 1728 1053 1769 exspeEtare
1066 1739 1132 1759 ma-

175 1774 269 1815 gnfi‘m
282 1774 350 1805 fuit.
374 1776 450 1815 Qis
462 1772 534 1804 vero
547 1772 661 1803 audivit
679 1782 825 1813 umquam
837 1771 964 1811 (nullius
973 1780 1072 1801 autem
1090 1771 1130 1801 sa-

174 1817 222 1846 lus
235 1827 311 1846 curae
321 1817 456 1856 pluribus
465 1814 535 1855 fuit)
544 1815 580 1845 de
589 1813 723 1844 fortunis
732 1815 876 1844 Varronis
887 1823 951 1842 rem
961 1813 1055 1842 ullam
1072 1811 1130 1842 ess‘e

175 1857 356 1888 detrafihim?
377 1860 394 1884 4
403 1856 493 1899 Qiod
505 1855 525 1886 fi
538 1858 627 1886 etiarn
639 1854 748 1896 scripsit
758 1855 794 1886 ad
814 1864 841 1885 te
854 1854 946 1884 Caesar
957 1874 965 1886 ‚
984 1862 1017 1883 ut
1027 1853 1131 1883 redde-

174 1909 240 1930 res:
263 1899 336 1940 quid
350 1899 417 1929 satis
434 1897 531 1938 potest
548 1897 609 1927 dici
627 1896 664 1927 de
682 1906 762 1928 tanta
780 1896 991 1935 impudentia?
1007 1905 1130 1925 remove

175 1941 290 1983 gladios
299 1949 455 1982 parumper
463 1940 544 1972 illos,
554 1949 630 1979 quos
638 1938 788 1968 videmus.
805 1940 869 1976 jam
880 1936 1030 1978 intelliges
1042 1937 1131 1966 aliam

175 1983 292 2014 causam
304 1980 362 2012 effe
370 1980 458 2011 hastae
467 1981 601 2014 Caesans,
615 1980 703 2010 aliam
713 1977 904 2010 confidentiae
915 1998 924 2011 ,
938 1978 970 2008 &
982 1980 1084 2008 temeri
1090 1987 1132 2008 ta-

177 2027 216 2054 tis
227 2033 294 2054 tuae.
316 2033 380 2054 non
391 2025 474 2052 enim
486 2031 514 2052 te
522 2021 666 2052 dominus
676 2019 771 2051 modo
781 2021 843 2050 illis
854 2020 969 2050 sedibus
980 2039 988 2053 ,
1001 2019 1049 2050 sed
1063 2021 1130 2060 qui-

177 2067 223 2096 vis
232 2067 346 2096 amicus
355 2085 363 2098 ‚
375 2067 492 2095 vicinus
504 2084 512 2098 ‚
525 2064 629 2103 hospes
640 2083 648 2096 ‚
670 2072 841 2103 procurator
850 2061 970 2092 arcebit.
995 2065 1032 2091 At
1041 2064 1130 2102 quam
1150 2076 1152 2085 ι

176 2108 292 2138 multos
306 2107 369 2137 dics
380 2109 414 2137 in.
423 2117 455 2137 ea
464 2105 536 2136 villa
545 2103 708 2145 tuipiffime
719 2104 762 2135 est
770 2105 996 2145 perbacchatus?
1010 2103 1045 2133 ab
1061 2106 1131 2134 liora
1151 2124 1152 2134 1

175 2151 259 2179 tertia
270 2148 426 2178 bibebatur
436 2169 444 2181 ,
468 2147 642 2181 ludebatur,
662 2147 847 2177 vomebatur.
870 2148 897 2175 O
914 2145 990 2175 testa
1000 2146 1058 2186 ipsa
1071 2146 1131 2175 mi-
1151 2164 1153 2187 3

172 2191 244 2224 sera,
255 2185 343 2232 quam
350 2190 451 2229 dispari
459 2189 567 2218 domino
579 2192 588 2216 .'
603 2199 784 2230 quamquam
798 2187 957 2229 quomodo
968 2187 1020 2217 iste
1030 2188 1132 2217 domi-
1151 2202 1153 2226 ³.

1151 2228 1153 2245 ἶ
1174 2239 1265 2270 quam
1278 2238 1311 2259 ut
1325 2227 1608 2267 haberetpulvinai',
1624 2224 1814 2256 simulacrum
1827 2247 1834 2259 ,
1848 2224 2013 2266 fastigium,
2028 2222 2128 2253 flami—

173 2233 255 2262 nus?
278 2231 325 2262 sed
344 2241 444 2261 tamen
462 2232 553 2272 quam
574 2230 589 2260 ὲ
606 2231 715 2270 dispari
735 2232 929 2261 tenebantur!
963 2229 1130 2259 studiorum

174 2276 259 2304 enim
270 2274 393 2304 suorum
412 2275 456 2302 M.
471 2276 563 2302 Varro
580 2273 679 2302 voluit
693 2271 837 2302 esseillud
849 2291 858 2304 ‚
881 2281 946 2301 non
966 2271 1129 2301 libidinum

173 2315 390 2346 deversorium.
413 2324 478 2355 quae
494 2316 527 2343 i'n
546 2314 597 2344 illa
613 2314 685 2343 villa
703 2313 770 2344 ante
785 2312 980 2343 dicebantur?
1003 2323 1068 2353 quae
1081 2323 1132 2343 co-

172 2357 359 2399 gitabantur?
382 2366 448 2397 quae
464 2356 570 2386 litteris
599 2354 836 2385 mandabantur?
857 2355 924 2394 jura
941 2355 1046 2395 populi
1067 2357 1132 2385 Ro-

173 2400 268 2432 mani,
280 2407 479 2428 monumenta
489 2398 757 2438 majorum,omnis
768 2397 917 2437 sapientias
928 2397 1134 2430 ratio‚omnis-

174 2450 233 2481 que
245 2439 391 2470 docitrina.
415 2442 454 2470 At
473 2438 565 2474 verb,
580 2448 608 2469 te
623 2440 776 2480 inquilino
792 2440 869 2477 (non
888 2439 972 2468 enim
990 2438 1133 2479 domino)
1153 2462 1154 2466 ,

174 2481 368 2522 personabant
378 2484 484 2512 omnia
493 2481 623 2512 vocibus
635 2482 788 2521 ebriorum
801 2491 805 2510 :
825 2479 964 2510 natabant
977 2482 1134 2520 pavimen-

173 2533 202 2554 ta
212 2524 298 2553 vino:
315 2523 473 2554 madebant
481 2525 622 2563 parietes:
637 2524 763 2564 ingenui
772 2523 857 2562 pueri
867 2532 938 2552 cum
951 2524 1115 2552 meritoriis
1127 2532 1132 2551 2

172 2565 266 2595 scorta
276 2567 352 2594 inter
364 2575 471 2596 matres
479 2565 611 2595 familias
620 2565 823 2595 versabantur.
847 2561 964 2593 Caffino
977 2564 1131 2594 salutatum

172 2606 343 2641 veniebant,
354 2609 487 2648 Aquino,
498 2609 677 2638 Interamna.
699 2604 845 2637 admissus
855 2603 898 2635 est
907 2614 1010 2635 nemo.
1026 2606 1093 2646 jure
1103 2605 1134 2637 id

208 2732 232 2749 1.
252 2724 344 2749 Grandi
356 2725 443 2758 firmiore
460 2722 488 2753 (ἵν
499 2722 646 2757 ftuHuqs'x]
668 2721 711 2747 Est
720 2720 753 2746 ab
763 2730 815 2747 uno
826 2719 923 2755 scripto
934 2719 1072 2752 Lambini,
1083 2721 1126 2748 eui
1145 2746 1148 2760 t

167 2759 307 2785 accedebat
317 2760 406 2798 Maur.
417 2758 500 2784 codex
511 2760 538 2784 &
551 2758 652 2784 Ahala.
663 2758 735 2793 prius
749 2755 814 2783 editi
827 2776 835 2789 ‚
850 2757 999 2790 glandiferae.
1017 2757 1074 2783 Pal.
1083 2766 1125 2793 pr.

166 2796 328 2829 grandr'ficare
334 2816 339 2821 .
359 2796 407 2820 lec.
414 2794 591 2828 grandtsacere.

205 2839 233 2856 2.
252 2832 362 2857 Vexillum
379 2830 500 2863 viderem]
521 2831 604 2856 Vetus
621 2829 704 2856 editio
717 2828 836 2855 fichabet
854 2836 882 2854 ac
901 2827 1014 2855 Palatini
1035 2828 1127 2854 nostri.

170 2866 329 2893 recentiores
340 2866 512 2892 rolla-munde
523 2869 533 2892 ?
543 2866 622 2892 nimis
632 2874 710 2901 quain
720 2873 840 2900 cuperem
852 2863 968 2890 incidere
979 2864 1004 2890 iu
1018 2864 1124 2895 Fam-ni,
1148 2879 1150 2885 .

1273 149 1716 194 SECUNDA.
2046 145 2139 209 589

1204 229 1316 260 uidem.
1340 231 1373 258 in
1387 230 1512 258 liomine
1531 230 1614 258 enim
1632 225 1798 268 turpiffimo
1815 224 1970 266 obfhlebant
1985 223 2141 265 dignitatis

1184 270 1318 311 insignia.
1343 269 1421 301 Cum
1434 270 1502 300 inde
1514 273 1647 300 Romam
1665 267 1854 309 proficiscens
1867 268 1902 298 ad
1922 269 2079 307 Aquinum
2090 276 2139 296 ac-

1183 313 1317 345 cederet,
1337 313 1459 342 obviam
1478 314 1503 341 ei
1519 309 1757 351 proceffitrutest
1768 307 2134 350 frequensmunicipium)

1187 354 1368 393 magnasane
1388 354 1562 383 multitudo.
1586 351 1683 382 utiste
1702 362 1800 391 operta
1820 351 1923 381 lethea
1940 351 2013 380 latus
2032 348 2074 379 est
2085 358 2137 388 per

1184 394 1341 433 oppidum,
1355 404 1386 424 ut
1397 404 1545 424 mortuus.
1569 394 1660 424 stulte
1676 396 1854 434 Aquinates:
1871 392 1918 422 sed
1934 393 2077 421 tamenin
2089 392 2137 420 via

1183 436 1361 465 habitabant.
1385 436 1457 476 quid
1469 437 1639 479 Anagnini?
1662 438 1792 476 quicum
1803 434 1893 464 ess'ent
1905 434 1996 465 devii,
2010 432 2134 462 obviam

1183 478 1210 505 ei
1224 476 1452 509 descenderant,
1473 486 1504 506 ut
1515 479 1602 506 istum
1616 497 1624 510 ,
1644 486 1794 517 tamquam
1807 475 1904 516 ficffst
1915 475 2039 507 consul,
2061 474 2137 504 salu-

1181 527 1284 547 tarent.
1308 521 1321 544 5
1332 518 1506 547 incredibile
1517 517 1621 552 difitu3
1642 527 1740 547 tamen
1753 521 1829 547 inter
1843 527 1962 546 omneis
1972 515 2133 548 constabat.

1180 642 1432 683 tergladiatorum
1445 640 1486 670 cst
1501 643 1636 680 princeps
1653 661 1659 674 ‚
1681 642 1752 671 alter
1762 642 1955 681 poculorum.
1979 640 2059 682 Qid
2079 650 2133 680 ego

1178 684 1243 714 illas
1256 683 1339 713 istius
1352 685 1450 712 minas
1461 702 1469 714 ²
1480 683 1736 722 contumeliasque
1746 693 1985 713 commemorem
2000 703 2008 716 ,
2025 681 2135 722 quibus

1178 725 1314 755 inveEtus
1325 724 1366 754 est
1376 726 1408 753 in
1418 724 1569 754 Sidicinos
1580 733 1588 753 :e
1599 727 1718 753 vexavit
1729 726 1915 757 Puteolanos,
1926 723 2008 765 quod
2020 727 2053 754 C.
2064 723 2132 753 Cas-

1178 767 1254 796 sium
1267 787 1276 800 ,
1296 764 1312 786 ⁶
1323 765 1405 806 quod
1415 768 1519 794 Bruto:
1527 773 1654 805 patronos
1664 764 1862 804 adoptall'entr
1886 776 1995 806 magno
2005 765 2128 805 quidem

1174 808 1301 849 judicio,
1314 807 1425 840 studio,
1442 807 1655 838 benivolentia,
1670 816 1798 838 caritate,
1811 817 1874 836 non
1884 817 1916 836 ut
1926 817 1952 837 te
1963 828 1971 840 ,
1986 813 2000 834 7
2014 816 2043 836 ut
2054 804 2132 835 Bisi-

1178 852 1254 884 lum,
1265 852 1294 879 vi
1309 849 1341 879 S<
1354 851 1457 881 armis,
1470 849 1501 878 &
1511 849 1584 878 alios
1595 847 1683 878 vestri
1695 846 1816 877 simileis
1829 869 1836 881 ‚
1851 858 1925 888 quos
1934 849 2068 878 clientela
2079 858 2133 877 ne-

1153 898 1156 905 ’
1179 892 1354 923 Πιοῴεῦεῑε
1367 891 1457 923 velit,
1477 900 1539 919 non
1558 890 1654 919 modo
1674 888 1732 919 efl'e
1750 890 1873 919 illorum
1892 890 1994 919 cliens.
2019 893 2132 919 Interea
2151 894 2196 926 42

1177 934 1250 963 dum
1264 943 1294 963 tu
1309 933 1387 967 abes,
1399 935 1451 973 qui
1461 932 1523 961 dies
1536 931 1586 961 ille
1596 932 1716 972 colit-ga·
1727 933 1789 964 tui3
1809 930 1880 960 cum
1896 931 1970 960 illud
1983 952 1990 963 ,
2002 931 2084 971 quod
2099 940 2131 960 tu

1175 977 1311 1005 venerari
1324 974 1436 1004 solebas
1447 993 1454 1007 ‚
1476 972 1596 1003 bustum
1612 975 1644 1003 in
1658 972 1725 1003 foro
1740 975 1864 1004 evertit?
1879 983 1936 1013 qua
1945 982 1974 1001 re
1984 973 2038 1002 tibi
2050 983 2131 1002 nun-

1177 1019 1244 1048 tiata
1255 1037 1263 1050 ‚
1284 1015 1476 1047 utconstabat
1486 1016 1563 1045 inter
1573 1025 1624 1044 eos
1636 1035 1643 1048 ,
1662 1017 1715 1055 qui
1725 1024 1783 1044 una
1796 1014 1920 1044 fuerunt
1930 1034 1938 1047 ‚
1962 1013 2130 1044 concidisti.

1176 1059 1249 1100 quid
1271 1060 1405 1088 evenerit
1421 1055 1521 1097 postea
1530 1076 1538 1090 ,
1559 1057 1669 1086 nescio.
1693 1066 1808 1086 metum
1827 1055 1916 1086 credo
1936 1054 2057 1085 valuisse
2070 1075 2077 1088 ‚
2098 1056 2131 1085 δε

1175 1111 1264 1131 arma.
1281 1101 1435 1140 Collegarn
1445 1098 1566 1139 quidem
1578 1099 1610 1128 de
1627 1098 1683 1127 caes'o
1696 1096 1861 1134 detraxisti.-
1874 1095 2055 1138 effecistique
2066 1107 2132 1127 nori

1176 1153 1206 1173 tu
1219 1142 1342 1183 quidem
1357 1143 1448 1183 etiarn
1462 1151 1553 1174 nunc,
1566 1150 1598 1170 ut
1608 1138 1640 1169 sit
1651 1139 1755 1170 similis
1766 1150 1809 1169 tui
1820 1160 1828 1173 ‚
1839 1139 1886 1169 sed
1897 1139 1974 1169 certe
1987 1160 1995 1172 ,
2008 1149 2040 1169 ut
2049 1137 2132 1168 diffl-

1177 1185 1260 1214 milis
1278 1182 1348 1214 effer
1364 1184 1417 1213 sui.
1441 1184 1501 1224 Qi
1517 1181 1589 1212 vero
1602 1182 1713 1212 reditus
1732 1182 1802 1212 inde
1813 1184 1968 1213 Romam?
1988 1191 2054 1221 quae
2064 1190 2132 1220 per-

1175 1226 1302 1257 turbatio
1312 1227 1403 1255 totius
1415 1225 1515 1255 urbis?
1527 1225 1766 1254 memineramus
1778 1225 1909 1253 Cinnam
1920 1224 2013 1253 nimis
2022 1232 2132 1262 poten-

1176 1278 1237 1298 tem
1251 1279 1255 1296 ;
1279 1268 1390 1298 Sullam
1400 1265 1502 1306 postea
1515 1266 1723 1295 dominantem
1736 1286 1743 1299 ‚
1764 1264 1860 1295 modo
1879 1273 2052 1306 regnantem
2065 1266 2131 1294 (Ξε-

1174 1311 1267 1340 sarem
1286 1309 1468 1339 videramus.
1492 1317 1575 1337 erant
1591 1306 1708 1338 fortass'e
1726 1307 1836 1348 gladii,
1857 1306 1905 1336 scd
1916 1309 1937 1336 ii
1950 1305 2130 1338 absconditi,

1175 1361 1231 1382 nec
1244 1353 1282 1381 ita
1292 1351 1391 1380 multi.
1409 1349 1461 1380 ista
1470 1348 1541 1380 vero
1552 1360 1629 1390 quae,
1642 1349 1673 1379 δε
1683 1359 1791 1390 quanta
1801 1348 1932 1378 barbaria
1941 1346 1983 1377 est
1992 1358 2003 1379 ζ(
2013 1343 2027 1366 3
2036 1347 2132 1387 agmi-

1173 1404 1205 1422 ne
1214 1392 1352 1435 quadrato
1362 1402 1433 1422 cum
1445 1392 1550 1433 gladiis
1561 1392 1724 1432 sequuntur
1736 1391 1847 1420 milites
1859 1401 1864 1420 2
1885 1390 2035 1420 scutorum
2045 1388 2129 1418 1εᾶὶί-

1175 1446 1221 1465 cas
1238 1437 1347 1475 poirari
1365 1434 1514 1464 videmus.
1537 1437 1634 1474 Atque
1652 1434 1698 1462 his
1718 1433 1845 1474 quidem
1862 1432 1926 1471 jam
1944 1432 2128 1463 inveteratis.

1174 1480 1205 1508 P.
1217 1480 1250 1507 C.
1263 1475 1480 1507 consuetudine
1499 1475 1708 1505 obduruimus.
1732 1474 1877 1504 Kalendis
1890 1474 1993 1515 Juniis
2009 1470 2082 1502 cum
2098 1473 2131 1502 in

1173 1520 1318 1552 senatum,
1330 1527 1364 1548 ut
1373 1527 1432 1548 erat
1441 1516 1639 1547 constitutum
1649 1536 1657 1550 ,
1673 1518 1775 1546 venire
1788 1516 1938 1546 vellemus
1947 1534 1958 1548 ,
1968 1512 2052 1544 metu
2065 1523 2133 1553 per-

1173 1562 1267 1591 territi
1278 1560 1400 1599 repente
1417 1557 1606 1598 diffugimus.
1629 1561 1669 1588 At
1678 1557 1731 1588 iste
1742 1578 1750 1591 ,
1770 1559 1822 1598 qui
1832 1557 1933 1587 senatu
1944 1565 2009 1585 non
2019 1564 2128 1596 egeres,

1173 1612 1243 1643 neq3
1257 1601 1429 1632 desideravit
1438 1609 1634 1641 quemquam,
1648 1600 1680 1630 ὃς
1689 1599 1791 1640 potius
1802 1596 1927 1629 disc-effu
1938 1595 2042 1627 nostro
2050 1597 2134 1627 laeta—

1172 1653 1218 1674 tus
1228 1643 1383 1677 est‚statim
1396 1642 1447 1672 illa
1461 1642 1608 1672 mirabilia
1618 1641 1749 1672 facinora
1758 1639 1867 1670 effecit.
1876 1642 1929 1680 qui
1938 1639 2132 1680 chirographa

1174 1686 1293 1717 Caesaris
1303 1682 1483 1715 deiendifl'et
1501 1683 1573 1712 lucri
1586 1683 1636 1722 sui
1648 1683 1730 1722 causa
1741 1694 1751 1710 .·
1771 1684 1796 1712 is
1806 1683 1884 1724 leges
1895 1681 2013 1711 Caesaris
2024 1680 2131 1720 easque

1171 1728 1337 1768 praeclaras,
1355 1736 1387 1757 ut
1399 1725 1617 1766 rempublicam
1632 1734 1791 1755 concutere
1800 1721 1917 1764 poffet,
1935 1724 2049 1753 evertit.
2072 1731 2132 1752 nu-

1173 1780 1292 1800 merum
1310 1779 1461 1799 annorum
1483 1768 1651 1808 provinciis
1664 1768 1847 1808 prorogavit:
1873 1765 2017 1805 idemque
2027 1785 2036 1797 ‚
2056 1773 2128 1794 curn

1173 1811 1308 1842 abrorum
1320 1811 1440 1841 Caesaris
1451 1809 1590 1840 defensor
1600 1807 1657 1839 esse
1666 1809 1798 1842 deberet,
1809 1808 1883 1838 &in
1891 1806 2039 1846 publicis,
2052 1805 2084 1836 &
2094 1807 2130 1835 in

1171 1855 1292 1893 privatis
1306 1853 1393 1882 rebus
1403 1851 1465 1882 afta
1474 1852 1592 1882 Caesaris
1603 1850 1721 1881 rescidit
1736 1853 1774 1879 IN
1789 1858 1947 1879 Puni-icxs
1961 1846 2034 1878 aeris
2048 1846 2128 1878 nihil

1172 1894 1214 1925 est
1227 1896 1291 1935 lege
1300 1896 1416 1934 gravius
1429 1905 1435 1923 z
1460 1897 1492 1924 in
1501 1894 1622 1933 privatis
1633 1889 1836 1922 firmiffimum
1846 1889 1889 1919 est
1898 1888 2122 1919 testamentum.

1172 1938 1266 1977 Leges
1278 1937 1347 1965 alias
1364 1934 1424 1965 fine
1443 1934 1683 1976 promulgatione
1702 1932 1837 1962 sustulit:
1855 1931 1925 1961 alias
1936 1951 1945 1964 ‚
1966 1939 1998 1960 ut
2012 1930 2131 1961 tolleret

1171 1978 1371 2017 promulgatas
1383 1996 1391 2009 ‚
1410 1977 1620 2017 promulgavit.
1653 1973 1883 2006 Testamentum
1902 1974 2021 2002 irritum
2037 1971 2109 2002 fecit
2121 1981 2131 2000 ·.

1174 2019 1254 2060 quod
1266 2022 1354 2049 etiam
1365 2018 1589 2055 infimtscivibus
1598 2017 1714 2056 semper
1723 2016 1886 2046 obtentum
1895 2013 1947 2045 est.
1969 2017 2070 2056 Signa,
2085 2023 2130 2043 ta-

1172 2061 1256 2091 bulas
1267 2081 1276 2094 ‚
1298 2070 1369 2101 quas
1379 2061 1492 2100 populo
1509 2059 1602 2090 Caesar
1612 2068 1749 2088 unacum
1758 2058 1851 2087 hortis
1865 2057 1974 2098 legavit
1983 2077 1993 2089 ,
2014 2065 2060 2086 eas
2073 2056 2125 2085 hic

1172 2104 1321 2144 partimin
1332 2103 1434 2131 hortos
1445 2102 1583 2141 Pompeji
1591 2100 1768 2140 deportavit,
1780 2100 1930 2140 partimin
1944 2097 2052 2128 villam
2062 2099 2126 2127 Sci-

1172 2147 1283 2186 pionis.
1309 2147 1345 2175 Et
1357 2154 1385 2174 tu
1397 2146 1429 2173 in
1441 2143 1557 2174 Caesaris
1572 2144 1719 2172 memoria
1728 2142 1881 2182 d211gens?
1900 2140 2029 2171 millum
2046 2147 2126 2169 arnas
2152 2145 2192 2177 43

1176 2190 1350 2217 mortuum?
1368 2196 1457 2227 quem
1477 2189 1502 2215 is
1519 2185 1665 2224 majorem
1686 2186 1835 2214 honorem
1853 2184 2029 2213 consecutus
2045 2190 2127 2214 erat,

1176 2278 1268 2301 nem?
1290 2270 1332 2301 est
1342 2280 1410 2310 ergo
1421 2268 1533 2299 flamen
1542 2288 1551 2302 ,
1564 2278 1596 2298 ut
1608 2269 1679 2310 Jovi
1689 2288 1697 2301 ,
1719 2277 1750 2297 ut
1761 2269 1849 2297 Marti
1862 2287 1871 2301 ‚
1882 2276 1915 2296 ut
1924 2267 2054 2306 Qirino
2065 2286 2073 2297 ,
2092 2263 2128 2295 sic

1177 2312 1342 2353 divoJulio
1354 2315 1399 2341 M.
1412 2312 1564 2341 Antonlus
1575 2312 1585 2334 ἓ
1595 2309 1675 2350 Quid
1686 2311 1776 2350 igitur
1789 2307 1878 2339 cessas
1888 2312 1898 2334 ἲ
1907 2318 1961 2338 cur
1969 2317 2033 2337 non
2043 2309 2131 2336 inau-

1174 2364 1275 2395 gurare
1287 2357 1298 2379 ?
1311 2354 1394 2383 sume
1405 2352 1486 2382 diem
1500 2363 1505 2381 :
1527 2351 1596 2382 vide
1607 2372 1615 2384 ‚
1635 2353 1686 2391 qui
1707 2360 1734 2381 te
1750 2353 1920 2391 inauguret:
1942 2349 2063 2389 colleg-2:
2082 2348 2131 2377 su-

1174 2406 1261 2430 nius3
1278 2404 1370 2425 nemo
1382 2394 1508 2435 negabit.
1532 2393 1770 2425 Odetestibilem
1782 2394 1941 2422 hominem
1953 2412 1962 2424 ‚
1978 2388 2129 2429 sivequod

1176 2439 1292 2478 tyranni
1309 2437 1442 2467 sacerdos
1460 2446 1508 2471 εε,
1530 2434 1590 2465 sive
1603 2435 1685 2476 quod
1706 2436 1837 2464 mortui!
1858 2436 1966 2475 Qaero
1976 2432 2127 2471 deinceps,

1175 2490 1263 2514 num,
1276 2479 1439 2510 hodiernus
1449 2479 1511 2508 dies
1520 2480 1570 2519 qui
1582 2476 1625 2512 fit,
1637 2481 1764 2519 ignores.
1788 2476 1893 2509 nescis,
1913 2476 2130 2513 herrquartum

1176 2524 1209 2551 in
1223 2524 1309 2552 Circo
1321 2522 1403 2552 diem
1414 2521 1555 2551 ludorum
1575 2522 1788 2549 Romanorum
1798 2516 1905 2547 fuisse?
1924 2525 1951 2546 te
1970 2515 2067 2555 ipsum
2077 2524 2131 2544 aii·

1153 2558 1155 2581 ¹.
1175 2573 1236 2593 terri
1248 2564 1282 2593 ad
1296 2564 1443 2604 populum
1454 2560 1561 2593 tulisse,
1572 2570 1606 2591 ut
1615 2561 1733 2601 quinne
1743 2568 1881 2599 praeterea
1890 2557 1954 2587 dies
1964 2557 2067 2587 Caesari
2077 2557 2131 2586 tri-

1174 2605 1332 2637 bueretur?
1349 2615 1401 2636 cur
1410 2614 1474 2634 non
1484 2604 1586 2634 sumus
1604 2603 1766 2642 praetextati
1807 2610 1857 2630 cui·
1867 2601 2016 2629 honorem
2026 2597 2131 2628 Caesari

2082 2648 2132 2670 tua

1169 2723 1224 2757 conj
1230 2722 1291 2749 ec‘tu
1296 2732 1333 2748 ra.
1352 2720 1433 2757 prisca
1444 2720 1524 2747 let‘stio
1537 2739 1544 2751 ‚
1563 2719 1626 2744 difiu
1636 2729 1644 2750 ,·
1656 2717 1700 2749 scd
1708 2725 1757 2742 tum
1766 2717 1833 2742 nimis
1843 2719 1905 2742 inter
1913 2724 1988 2740 omnes
1998 2715 2126 2748 constabat.

1170 2758 1304 2795 quomodo
1315 2759 1341 2783 δε
1354 2757 1411 2790 Pul.
1422 2766 1461 2793 pr.
1473 2766 1531 2783 nain
1545 2756 1592 2780 stc.
1604 2755 1690 2779 diffum
1698 2754 1872 2786 &fimulimer
1881 2762 1941 2777 onm-
1952 2751 2011 2784 cons.

1207 2796 1234 2820 6.
1254 2795 1320 2827 Qud
1328 2796 1413 2819 Brutos
1419 2801 1532 2826 patronos
1542 2790 1711 2823 minuissent]
1733 2789 1775 2815 Sic
1785 2788 1853 2815 l'all.
1863 2796 1890 2814 at
1900 2787 2044 2814 Lambinus
2055 2786 2131 2814 dele-

1177 2838 1216 2857 Ut
1251 2838 1354 2855 atrones.

1208 2838 1282 2900 7.pUt
1294 2867 1405 2898 Bafilum.
1416 2866 1444 2890 vi
1453 2863 1482 2894 d*
1493 2863 1576 2893 armis,
1586 2861 1615 2892 ὠ
1624 2860 1708 2894 alian]
1720 2858 1914 2895 Reponenduni
1925 2857 2032 2885 fortasse
2041 2866 2068 2883 m
2078 2861 2128 2883 ΠΑ-

170 2901 197 2927 ὶη
210 2902 309 2930 Mureti
318 2902 348 2928 ati
360 2903 404 2928 iias
413 2903 546 2929 orationes
558 2908 739 2928 monumenta.
758 2909 818 2927 nam
830 2909 891 2926 nuni
904 2900 1052 2930 Manutius,
1065 2909 1125 2926 nuni
1165 2904 1236 2936 filum
1249 2921 1256 2933 ,
1277 2909 1304 2926 ut
1312 2902 1432 2933 Tana-'stum
1445 2919 1452 2931 ‚
1471 2907 1498 2924 ur
1518 2901 1576 2924 alios
1588 2916 1596 2930 ,
1616 2898 1688 2924 sicuti
1708 2906 1734 2923 iu
1755 2903 1870 2922 mentem
1892 2895 1963 2922 venit
1981 2895 2092 2922 Scltotto
2102 2894 2130 2920 d.

170 2936 313 2964 Lambinus
324 2937 384 2964 iude
395 2937 438 2964 sua
447 2938 579 2965 hauserint
590 2957 598 2970 ,
614 2947 645 2964 an
656 2935 762 2963 aliunde
775 2945 783 2966 3
796 2936 912 2962 constare
924 2935 1021 2962 nemini
1033 2935 1127 2971 potest.
1150 2946 1151 2967 3
1172 2947 1227 2971 cap.
1242 2946 1283 2963 ii..
1303 2937 1335 2962 de
1347 2946 1399 2971 quo
1410 2935 1570 2971 gladiatore,
1582 2943 1632 2960 nou
1644 2932 1722 2959 semel
1735 2932 1820 2967 supra,
1830 2933 1858 2958 ὃς
1869 2930 1902 2957 :id
1915 2931 2049 2957 Atticum.

209 2980 236 3006 3.
255 2974 350 3006 Elfiab
359 2975 426 3006 hasta
438 2993 446 3005 ,
455 2976 558 3000 rvaleant
566 2973 675 3007 tabula]
697 2971 913 3008 Supradi&orum
926 2971 1055 2997 editiones
1068 2991 1076 3003 ‚
1097 2973 1129 2997 ab
1150 2972 1151 2993 l
1208 2972 1235 2998 8.
1254 2975 1364 3005 <Agmine
1374 2972 1491 3005 quadrato
1503 2990 1510 3001 ‚
1521 2979 1572 2995 cum
1578 2969 1664 3001 gladi&
1676 2970 1810 3003 fiqmtnmr
1818 2969 1903 2993 milites
1915 2968 2053 3001 :sonorum
2060 2968 2128 2992 lefri-

169 3009 238 3040 hasta
249 3026 257 3039 ,
266 3010 348 3033 valcat
358 3011 426 3041 hasta
438 3028 446 3041 ,
463 3012 564 3035 valeant
572 3012 624 3035 tab.
635 3007 705 3045 quod
719 3018 768 3035 uon
781 3007 886 3035 videtur
896 3007 928 3034 ab
938 3006 1127 3043 iiigcnio,liaud
1150 2999 1151 3030 l
1172 3008 1340 3041 carpetram]
1364 3008 1405 3033 Est
1417 3009 1431 3032 a
1447 3006 1566 3032 Palatino
1577 3005 1626 3031 sec.
1637 3005 1684 3032 nisi
1694 3003 1765 3040 quod
1775 3004 1795 3030 is
1807 3002 1907 3030 ini-erili
1921 3012 1983 3028 voce
1996 3003 2129 3037 sequuntur

169 3049 257 3070 tamen
269 3044 370 3070 variant
379 3044 471 3076 nostri,
481 3052 525 3071 aut
534 3045 661 3071 vetustius
672 3043 747 3071 editi.
1165 3045 1286 3077 scutorum
1296 3045 1379 3068 mi‘itaes
1389 3045 1515 3075 see't'imrp.
1536 3040 1606 3077 quod
1619 3041 1635 3067 li
1649 3041 1706 3076 quis
1718 3039 1803 3066 censet
1813 3038 1956 3066 delendum
1968 3038 2051 3064 adhue
2072 3047 2131 3064 vei·-

204 3086 233 3110 4.
252 3079 516 3120 galgodfietiamfiripfit
527 3100 535 3113 ‚
555 3081 621 3115 dnm]
648 3082 712 3106 Erat
721 3080 800 3106 etiam
812 3079 838 3106 in
850 3079 906 3105 Pal.
918 3079 968 3105 sec.
984 3079 1050 3105 illud
1061 3079 1128 3105 alio·
1173 3079 1236 3105 buin
1248 3079 1333 3104 militi-,-
1346 3098 1353 3110 ‚
1373 3078 1443 3114 quod
1455 3077 1522 3104 abest
1534 3087 1586 3104 uno
1605 3076 1674 3103 libro
1685 3076 1799 3103 Ferrarii
1813 3095 1820 3108 ‚
1839 3085 1884 3112 per
1896 3084 1937 3100 inc
1948 3075 2021 3100 licet.
2041 3074 2130 3109 ‘inepte

168 3122 227 3140 Hm
237 3115 311 3146 Qud.
329 3113 371 3140 sed
382 3116 587 3143 ciceroniani-vui
597 3117 681 3151 magis
693 3115 900 3153 sapitaltcrum5
916 3115 1002 3152 sicque
1013 3115 1071 3142 Pal.
1086 3125 1128 3151 pr.
1174 3114 1365 3141 Lanibiuiaua:
1383 3115 1516 3148 sequuntur
1526 3115 1619 3147 Jbutari'
1636 3112 1868 3146 militensi-urorum
1887 3113 1990 3136 [affirm.
2015 3119 2074 3136 nam
2095 3110 2134 3134 lea

166 3150 194 3176 E:
207 3150 271 3175 olim
282 3150 378 3192 excusi.
1175 3150 1249 3177 Eticae
1261 3149 1338 3180 scutis
1357 3149 1476 3188 grarislae
1494 3157 1570 3180 eraut
1582 3168 1591 3182 ,
1611 3156 1642 3176 ut
1650 3149 1831 3177 arrivercutur
1850 3147 1936 3176 statim
1950 3149 1965 3174 a
1977 3145 2105 3173 militibus
2118 3143 2136 3169 ii

200 3194 226 3221 ς.
245 3186 382 3214 Incredibile
389 3185 453 3214 ‹in-'Iu
463 3194 556 3215 :tamen
564 3191 626 3216 inter
634 3197 710 3218 omnes
720 3188 865 3225 constabat]
893 3189 936 3218 13st
946 3189 961 3219 a
976 3187 1132 3218 Ferrariaua
1179 3185 1288 3217 uccessb.
1704 3181 1714 3185 ⁸
2100 3191 2103 3193 ’
2135 3214 2140 3218 .

1591 3221 1614 3250 Ε
1624 3230 1636 3249 c
1646 3230 1660 3249 c
1671 3229 1685 3247 e
1707 3229 1719 3255 3
2063 3224 2086 3243 ι.
2098 3217 2139 3241 324
