2337 3400
190 152 287 202 623
592 138 1103 193 M.Tut,r„11

191 225 247 258 stes
257 224 363 256 scelere
373 222 404 252 su
429 220 538 252 eravit,
558 216 688 248 nomine
706 212 800 244 hostis
813 211 944 244 carebit?
962 208 1017 241 nisi
1028 217 1153 240 mucro·

195 278 249 299 nes
260 268 350 296 etiam
361 273 401 293 no
430 271 534 292 rorum
544 259 680 290 militum
690 266 818 287 tremere
828 254 921 285 vultis
934 273 943 287 ,
960 252 993 283 δε
1006 251 1152 284 dubitare,

198 308 300 339 utrum
311 308 345 336 in
355 306 421 334 cive
431 324 439 338 ‚
451 313 489 334 an
499 304 530 333 in
542 301 625 332 hoste
635 298 773 341 figantur.
786 296 1046 338 supplicationem
1055 292 1156 323 decer-

198 351 271 380 nitis
283 358 287 376 2
306 346 424 377 hostem
441 355 507 376 non
517 342 680 384 appellatis.
705 343 803 371 Gratae
816 337 889 370 vero
902 335 1011 368 nostrae
1024 334 1082 365 diis
1095 335 1158 365 im-

199 389 376 421 mortalibus
385 387 596 428 gratulationes
606 391 692 415 erunt
703 402 712 417 ,
723 391 809 424 gratae
819 379 955 412 viffimae
965 399 974 412 ,
982 376 1054 409 cum
1065 378 1159 407 inter—

198 431 278 463 stem
296 429 452 460 fitc'iriurn
463 425 639 459 multitudo.
663 427 709 454 De
720 422 864 465 improbes,
884 422 1004 463 inquit,
1024 418 1159 453 &auda-

201 472 291 504 abus.
315 481 386 502 narn
401 470 439 501 sic
452 480 504 500 eos
516 469 644 509 appellat
651 464 828 498 clarissimus
839 466 894 495 vir.
917 473 983 505 quae
994 462 1062 493 sunt
1072 461 1160 491 urba-

201 524 308 546 narum
325 512 595 544 maledielalitium
607 530 616 544 ,
635 519 699 540 non
710 507 816 538 inustae
827 506 901 537 belli
911 503 1091 536 internecini
1103 512 1160 532 no-

203 565 251 588 rae.
276 555 469 588 testamenta,
488 553 577 584 credo
590 571 599 587 ‚
619 551 800 590 subjiciunt,
819 557 870 579 aut
885 548 1011 587 ejiciunt
1027 547 1159 577 vicinos;

203 608 255 628 aut
263 596 501 628 adolescentulos
509 592 766 626 circumscribunt.
781 592 828 621 his
837 592 921 620 enim
932 590 1014 619 vitiis
1025 585 1160 620 affe&os,

204 639 356 670 &talibus
366 659 374 672 ,
395 638 492 669 malos
502 657 511 671 ‚
529 637 563 667 &
572 635 706 666 audaceis
719 633 865 674 appellare
877 628 1064 662 consuetudo
1078 628 1162 659 solet.

204 686 215 702 ¹
228 682 348 712 Bellum
359 679 544 720 inexpiabile
554 676 644 708 infert
652 685 791 718 quattuor
804 677 828 705 C
836 684 855 704 0
864 684 877 704 s
887 685 912 704 s.
928 681 1006 703 unus
1017 671 1162 701 omnium

202 724 356 754 latronum
367 724 544 753 taeterrimus
557 731 562 749 :
582 721 658 762 gerit
667 718 748 750 idem
760 717 875 747 bellum
886 725 957 746 cum
967 714 1067 743 senatu
1079 732 1088 746 ‚
1107 721 1164 751 po-

203 766 336 806 puloque
356 767 510 795 Romano.
543 761 687 792 omnibus
700 779 709 793 ,
732 759 925 800 (quamquam
948 757 1006 785 ruit
1023 754 1084 795 ipse
1104 754 1164 784 suis

202 807 352 847 cladibus)
362 805 475 846 pestem
487 825 496 839 ,
507 803 684 835 vastitatem,
697 802 875 832 cruciatum,
886 805 1037 830 tormenta
1046 795 1166 826 denun-

205 851 275 879 tiat:
297 848 467 879 Dolabellae
483 846 601 879 ferum,
623 845 655 874 δε
674 845 810 873 immane
827 840 962 874 facinus,
982 837 1064 879 quod
1082 837 1166 868 nulla

204 895 219 911 ²
229 891 359 921 barbaria
368 887 463 930 poss'et
472 887 651 929 agnoscexe‚i
658 885 674 915 d
688 885 741 915 suo
751 881 877 914 consilio
885 881 1000 912 scafilum
1009 878 1068 910 effe
1077 877 1164 909 testa-

207 943 272 962 tur:
291 942 416 974 quaeque
426 929 497 962 esset
507 929 638 960 facturus
652 929 684 957 in
700 928 751 956 hac
765 925 837 955 urbe
848 944 856 958 ,
875 922 930 954 nisi
940 932 1011 953 eum
1021 923 1093 951 binc
1102 920 1164 961 ipse

204 976 325 1015 Jupiter·
332 974 368 1004 ab
380 976 438 1003 hoc
448 972 562 1012 templo
572 991 581 1004 ‚
591 979 678 1010 atque
688 967 843 998 moenibus
852 963 1004 1006 repulisset
1013 984 1022 998 ‚
1036 963 1165 993 declara-

206 1018 250 1047 vit
261 1018 293 1046 in
308 1014 510 1047 Parmensium
520 1013 704 1044 calamitate,
725 1019 802 1050 quos
813 1029 821 1043 ,
843 1009 978 1049 optimos
987 1008 1068 1036 viros
1078 1025 1087 1039 ‚
1108 1005 1165 1034 ho·

204 1056 444 1097 iiestiffiniosqtie
461 1057 604 1086 homines
616 1073 625 1087 ,
644 1050 780 1082 maxime
799 1061 869 1081 cum
888 1048 1063 1080 aud-:toruae
1076 1047 1166 1085 hujus

205 1101 326 1131 ordinis
336 1120 345 1134 ‚
364 1098 528 1139 populique
537 1096 671 1126 Romani
685 1093 829 1135 dignitate
841 1089 1023 1132 conjunElms
1034 1108 1042 1123 ‚
1060 1087 1163 1119 crude-

206 1141 324 1172 liffimis
337 1140 486 1180 exemplis
497 1138 652 1168 interemit
670 1134 866 1175 3proludium
881 1132 958 1163 illud
969 1152 978 1166 ‚
1000 1131 1032 1161 &
1041 1139 1165 1171 porten-

201 1194 271 1215 tum
282 1185 319 1214 L.
331 1184 484 1213 Antonius
493 1200 501 1215 ‚
513 1178 626 1221 insigne
637 1177 744 1208 odium
756 1178 899 1206 omnium
911 1175 1074 1204 hominum
1084 1191 1093 1205 ‚
1104 1170 1164 1203 vel,

202 1224 225 1256 ii
241 1227 329 1256 etiam
345 1224 389 1255 dii
402 1224 523 1254 oderint
535 1232 603 1262 qzaos
615 1226 737 1260 oportet,
754 1222 898 1248 omnium
908 1216 1045 1246 deorum.
1069 1212 1166 1243 Refu—

201 1269 247 1310 git
265 1269 388 1297 animus
401 1286 410 1300 ,
429 1268 526 1296 Patres
546 1263 725 1301 conscripti,
747 1269 838 1300 eaque
857 1259 954 1288 dicere
972 1255 1164 1288 reformidat,

203 1320 269 1350 quae
282 1311 316 1339 L.
327 1309 482 1339 Antonius
491 1309 524 1336 in
535 1301 741 1336 Parmensium
751 1302 853 1332 liberis
863 1320 871 1334 ‚
887 1300 921 1330 ὃς
929 1297 1110 1339 conjugibus
1120 1295 1165 1326 ef-

202 1352 319 1382 fecerit⁴
334 1360 406 1392 quas
416 1352 499 1379 enirn
511 1346 711 1387 turpitudines
722 1344 849 1374 Antonii
859 1342 989 1372 libenter
998 1341 1015 1371 s
1012 1341 1164 1372 abierunt.

204 1393 322 1424 easdem
334 1403 386 1433 per
395 1394 460 1422 vim
473 1392 609 1421 laetantur
619 1389 685 1419 aliis
697 1387 724 1418 se
736 1383 880 1416 intulisse.
897 1383 945 1414 sed
956 1384 1001 1413 vis
1010 1382 1167 1413 calamito-

204 1435 234 1466 sa
243 1433 286 1465 est
296 1455 304 1468 ,
325 1444 413 1475 quam
429 1434 490 1463 illis
505 1431 689 1462 intulerunt:
709 1427 807 1458 libido
819 1425 963 1468 flagitiosa
975 1445 984 1458 ,
1001 1434 1060 1465 qua
1069 1426 1167 1453 Anto-

166 1487 190 1515 4
205 1479 328 1508 nior-um
339 1476 434 1506 oblita
443 1474 486 1505 est
494 1476 564 1504 vita.
589 1471 640 1503 Est
651 1474 741 1512 igitur
749 1469 918 1511 quisquam,
930 1469 983 1508 qui
994 1464 1105 1496 hosteis
1115 1475 1166 1505 ap-

204 1519 314 1559 pellare
323 1527 387 1548 non
396 1517 519 1550 audeat,
556 1524 666 1545 uorum
678 1513 786 1543 scelere
794 1510 1000 1542 crudelitatem
1012 1508 1167 1549 Karthagi—

205 1559 357 1592 niensium
373 1559 485 1589 vietam
498 1568 513 1587 e
542 1568 556 1587 e
568 1556 710 1587 fateatur?
729 1564 786 1595 qua
799 1554 884 1583 enim
899 1554 932 1581 in
946 1550 1019 1581 urbe
1031 1559 1092 1580 tarn
1106 1558 1168 1578 im-

207 1604 306 1633 manis
317 1601 470 1632 Hannibal
481 1607 563 1639 capta
571 1618 580 1632 ‚
601 1597 694 1638 quam
704 1598 737 1626 in
748 1598 853 1626 Parma
861 1594 990 1633 surrepta
999 1592 1166 1622 Antonius?

210 1642 263 1675 nisi
273 1643 352 1674 sorte=
363 1644 451 1682 nujus
461 1642 591 1671 coloniae
601 1659 610 1673 ,
630 1639 662 1669 &¹
674 1646 836 1668 ceterarum
850 1655 858 1670 ,
878 1637 912 1665 in
923 1644 994 1675 quas
1004 1633 1114 1664 eodem
1124 1631 1166 1663 est

207 1688 311 1716 animo
323 1706 330 1718 ‚
356 1695 420 1715 non
431 1682 474 1714 est
483 1681 558 1719 hostis
567 1681 720 1711 Antonius
728 1678 887 1720 putandus.
910 1679 940 1708 Si
950 1675 1022 1707 vero
1031 1675 1166 1706 colonia-

209 1738 275 1759 rum
291 1747 300 1761 ‚
325 1728 358 1758 δε
376 1727 618 1765 municipiorum
638 1721 699 1753 sine
715 1721 776 1752 ulla
793 1721 981 1751 dubitatione
998 1717 1092 1748 hostis
1110 1717 1163 1751 est,

206 1769 280 1812 quid
292 1769 413 1800 tandem
423 1767 512 1807 hujus
521 1766 647 1797 censetis
658 1765 740 1795 urb'is
750 1784 758 1798 ‚
772 1773 862 1804 quam
874 1762 924 1792 ille
934 1761 994 1791 4ad
1005 1759 1165 1800 expiandas

205 1811 347 1853 egestates
358 1810 507 1840 latrocinii
517 1809 560 1840 sui
571 1807 766 1848 concupivit?
785 1809 896 1847 fquam
905 1805 967 1844 jam
976 1805 1089 1843 peritus
1100 1811 1166 1831 me—

206 1864 284 1886 tator
295 1873 304 1887 ,
324 1853 356 1883 ἓξ
367 1851 493 1882 callidus
505 1870 514 1885 ,
533 1848 714 1890 decempeda
732 1848 781 1878 sua
790 1850 864 1878 Saxa
873 1846 1030 1877 diviserat?
1052 1847 1167 1874 Recor-

206 1897 344 1928 damini,
366 1904 417 1935 per
433 1893 506 1924 deos
522 1891 740 1924 immortale-is,
760 1893 791 1920 P.
804 1891 838 1919 C.
856 1887 931 1929 quid
947 1888 1006 1916 hoc
1019 1885 1114 1915 biduo
1129 1886 1167 1914 ti-

207 1936 403 1968 muerit-ssusa
421 1933 595 1966 domesticis
615 1931 769 1965 hostibus,
790 1930 964 1961 rumoribus
981 1924 1168 1967 improbissi-

207 1982 266 2010 mis
277 1977 430 2019 diffipatis.
453 1978 530 2019 Qis
544 1975 658 2006 liberos
669 1994 678 2008 ‚
697 1975 765 2015 quis
777 1973 940 2013 coniugem
954 1970 1099 2010 adspicere
1113 1978 1170 2008 po-

205 2030 281 2053 terat
291 2020 353 2051 sine
363 2019 435 2050 fletu
447 2024 457 2050 ?
467 2020 534 2060 quis
544 2017 673 2048 domum
686 2017 696 2044 ?
713 2017 780 2057 quis
790 2013 866 2044 teila
876 2022 885 2040 τ
898 2014 965 2054 quis
974 2012 1067 2042 larem
1077 2010 1167 2041 fami-

204 2064 332 2094 liarem?
352 2063 421 2105 Jam
430 2058 683 2091 autfoedissiinam
695 2066 828 2087 mortem
840 2064 948 2086 omnes
959 2074 968 2088 ,
985 2063 1034 2084 aut
1045 2053 1167 2083 misera-

205 2105 301 2136 bilem
321 2103 423 2145 fugam
438 2102 619 2144 cogitabant.
644 2103 717 2130 Haec
734 2100 750 2129 a
767 2098 878 2140 quibus
891 2096 1094 2130 timebantur,
1115 2104 1168 2125 cos

205 2145 319 2176 hosteis
330 2145 475 2186 appellare
489 2144 683 2174 dubitamus?
702 2143 821 2183 gravius
838 2139 858 2169 fi
877 2140 944 2181 quis
962 2138 1093 2169 attulerit
1111 2146 1168 2167 no-

209 2198 302 2222 rnen,
324 2188 453 2218 libenter
465 2184 616 2216 affentiar:
639 2185 698 2214 hoc
712 2182 824 2224 vulgari
837 2189 998 2212 contentus
1016 2181 1069 2209 vix
1089 2179 1166 2212 sum,

207 2231 322 2260 'ae-:iore
336 2239 400 2260 non
414 2237 486 2258 utar.
509 2230 612 2268 Itaque
622 2235 694 2257 curn
704 2225 934 2265 supplicationes
941 2220 1118 2262 justissimas
1130 2230 1169 2250 ex

209 2273 248 2303 iis
259 2272 365 2302 litteris
377 2290 385 2304 ‚
399 2280 465 2310 quae
475 2271 599 2299 recitatae
609 2268 677 2298 sunt
688 2287 697 2300 ,
708 2267 867 2296 decernere
877 2264 1040 2295 debeamus
1051 2283 1059 2297 ‚
1072 2264 1169 2293 Servi-

203 2313 323 2355 liusque
331 2312 507 2343 decreverit:
518 2310 632 2352 augebo
641 2310 772 2339 omnino
781 2316 945 2337 numerum
955 2306 1085 2338 dierum,
1094 2314 1169 2344 pra:-

208 2356 313 2387 sertim
324 2353 396 2385 cum
411 2363 475 2383 non
489 2353 542 2382 uni
553 2371 562 2385 ,
581 2350 630 2382 sed
644 2350 739 2380 tribus
751 2349 878 2379 ducibus
892 2346 949 2377 sint
961 2345 1166 2377 decernendae.

208 2397 265 2428 Sed
276 2399 334 2427 hoc
342 2393 480 2436 primum
489 2393 609 2426 faciam,
622 2401 655 2422 ut
664 2392 841 2431 imperatores
850 2389 999 2429 appellem
1010 2397 1061 2417 eos
1072 2406 1081 2420 ,
1093 2397 1169 2427 quo-

208 2448 278 2471 rum
288 2440 396 2469 virtute
407 2457 416 2472 ‚
433 2434 559 2467 consilio
569 2455 577 2469 ‚
593 2433 732 2464 felicitate
743 2451 752 2466 ‚
773 2431 917 2461 maximis
926 2429 1066 2470 periculis
1076 2428 1169 2458 servi-

208 2484 297 2516 ratis,
316 2490 404 2522 atque
420 2479 560 2509 interitus
576 2476 693 2507 liberati
713 2474 827 2505 sumus.
851 2474 974 2503 Etenim
994 2472 1043 2501 cui
1060 2471 1170 2511 viginti

1180 136 1731 188 thssnonrs

1197 211 1245 241 his
1254 211 1342 240 annis
1351 209 1525 258 supplicatio
1534 211 1650 243 decreta
1659 211 1703 243 est
1712 232 1723 246 ,
1739 218 1772 242 ut
1781 218 1846 242 non
1856 209 2018 252 imperator
2025 212 2157 252 appella&

1195 261 1297 285 retur,
1318 260 1367 282 aut
1385 255 1527 283 minimis
1545 253 1633 284 rebus
1651 253 1759 295 gestis,
1783 263 1834 285 aut
1851 254 2029 295 plerumque
2045 255 2160 284 nullis?

1195 293 1403 336 Qamobrem
1418 303 1468 324 aut
1480 294 1653 334 supplicatio
1666 296 1702 327 ab
1716 306 1753 326 eo
1765 316 1773 330 ‚
1794 296 1925 337 quiante
1941 295 2038 329 dixit,
2057 294 2162 326 decer-

1200 335 1297 366 nenda
1316 344 1381 366 non
1399 333 1475 366 fuit:
1494 345 1546 367 aut
1565 336 1683 367 usitatus
1701 339 1821 372 honos,
1840 337 2086 379 pervulgatusque
2104 338 2162 368 tri-

1198 377 1336 410 buendus
1347 379 1404 411 iis,
1423 377 1535 418 quibus
1553 380 1646 408 etiam
1665 381 1761 413 novi,
1779 380 1812 409 &
1831 378 1989 421 singulares
2003 379 2160 409 debentur.

1201 423 1240 451 At
1249 418 1269 449 si
1278 420 1345 461 quis
1356 419 1560 460 Hispanorum
1570 440 1577 453 ,
1590 429 1639 451 aut
1649 421 1808 451 Gallorum
1819 441 1827 455 ‚
1838 431 1886 451 aut
1895 422 2049 452 Thracum
2061 421 2160 455 mille,
2180 432 2203 463 5

1200 471 1250 493 aut
1259 461 1321 492 duo
1331 460 1430 492 millia
1440 459 1592 491 occidisset
1602 482 1611 495 ‚
1624 472 1688 492 non
1697 472 1767 492 eum
1780 464 1831 493 hac
1841 463 2061 493 consuetudine
2071 482 2080 497 ,
2093 471 2161 503 qua:

1203 502 1372 536 increbuit,
1387 505 1600 544 imperatorem
1609 504 1766 545 appellaret
1775 507 1919 536 Senatus?
1940 513 1983 534 tot
1993 505 2164 545 legionibus

1201 543 1279 576 caesis
1289 565 1299 579 ‚
1312 553 1392 576 tanta
1401 545 1598 576 multitudine
1609 544 1762 575 interfecta
1772 565 1780 579 ‚
1799 543 1915 581 hostium
1926 546 1993 577 dico
2006 558 2014 580 5
2033 548 2073 577 ita
2084 566 2095 580 ‚
2114 547 2166 576 in-

1203 597 1315 633 quam3
1329 586 1462 617 hostium
1473 606 1482 621 ‚
1496 588 1636 627 quamvis
1645 587 1702 616 hoc
1714 585 1761 616 isti
1772 586 1871 617 hostes
1881 587 2038 618 domestici
2049 588 2161 621 nolint,

1202 627 1372 660 clarissimis
1391 628 1516 659 ducibus
1544 628 1798 668 supplicationum
1816 630 1964 658 honorem
1983 629 2163 664 tribuemus,

1204 673 1422 711 imperatorum.
1440 679 1556 702 nomen
1573 670 1768 701 adimemus?
1790 672 1911 711 Qanto
1928 672 2013 700 enim
2033 672 2163 705 honore,

1204 713 1324 747 lautitia,
1343 712 1539 755 gratulatione
1557 713 1591 741 in
1608 712 1667 742 hoc
1685 712 1836 752 templum
1855 711 1972 753 ingredi
1989 711 2099 742 debent
2115 713 2165 742 illi

1206 753 1258 795 ipsi
1270 755 1361 795 hujus
1373 754 1456 785 urbis
1466 754 1639 784 liberatores
1650 773 1659 787 ‚
1678 753 1749 784 cum
1764 752 1903 783 hesterno
1916 753 1965 782 die
1978 763 2097 794 propter
2110 764 2165 785 eo-

1205 807 1274 828 rum
1285 807 1330 827 res
1339 796 1432 839 gestas
1442 806 1492 826 me
1501 805 1644 826 ovantem
1655 815 1663 829 ‚
1676 797 1708 825 &
1717 795 1809 835 prope
1821 795 2055 835 triumphantem
2066 805 2164 835 popu-

1206 839 1252 870 lus
1261 841 1421 869 Romanus
1438 840 1471 868 in
1482 838 1665 877 Capitolium
1684 837 1780 867 domo
1801 837 1921 870 tulerit,
1941 836 2071 867 domum
2090 836 2165 867 inde

1206 880 1380 911 reduxerit?
1401 883 1415 911 1
1425 890 1438 910 s
1457 889 1478 909 E
1487 890 1507 909 Ν
1519 889 1530 909 1
1542 889 1569 909 M
1586 879 1713 909 demum
1723 877 1783 912 est,
1795 888 1861 908 mea
1869 877 1992 919 quidem
2005 879 2163 912 sententia,

1204 922 1301 963 justus
1310 923 1481 962 triumphus
1490 941 1500 956 ,
1512 931 1543 952 ac
1552 931 1640 952 verus
1652 931 1657 950 :
1672 920 1743 952 cum
1755 920 1831 950 bene
1842 919 1878 950 de
1888 920 2039 960 republica
2048 921 2165 951 meritis

1205 964 1419 995 testimonium
1435 963 1453 994 a
1466 963 1612 994 consensu
1625 964 1754 993 civitatis
1767 962 1859 992 datur.
1884 972 1954 993 nam
1966 960 2024 993 five
2034 964 2066 992 in
2076 972 2166 992 com-

1208 1007 1295 1052 muni
1307 1005 1416 1047 gaudio
1428 1005 1535 1046 populi
1544 1006 1681 1035 Romani
1694 1007 1747 1034 uni
1760 1003 1996 1046 gratulabantur,
2015 1014 2163 1046 magnum

1204 1047 1373 1087 judicium:
1385 1045 1400 1067 ⁶
1409 1046 1468 1078 sive
1477 1049 1530 1077 uni
1539 1048 1644 1089 gratias
1654 1047 1777 1088 agebant
1786 1066 1796 1080 ‚
1805 1056 1842 1076 eo
1853 1048 1963 1084 majus:
1975 1045 2032 1076 sive
2045 1056 2165 1077 utrum-

1205 1099 1264 1130 que
1281 1108 1291 1123 ,
1314 1090 1396 1119 nihil
1413 1087 1653 1129 magnificentius
1675 1089 1838 1128 excogitari
1862 1086 1972 1128 potest.
2002 1091 2053 1118 Tu
2072 1090 2165 1128 igitur

1206 1130 1269 1170 ipse
1288 1129 1325 1160 de
1343 1133 1393 1160 te?
1415 1130 1526 1160 dixerit
1539 1130 1696 1170 quispiam.
1719 1133 1756 1160 Et
1766 1128 1890 1170 quidem
1900 1131 2032 1160 invitus:
2053 1129 2163 1160 sedin-

1202 1173 1290 1213 juriae
1308 1171 1397 1201 dolor
1411 1170 1483 1201 fecit
1495 1181 1545 1201 me
1555 1191 1564 1204 ‚
1583 1170 1946 1211 praeterconsuetudinem
1960 1191 1971 1204 ‚
1983 1172 2166 1211 gloriosum.

1209 1223 1313 1243 nonne
1327 1213 1395 1243 satis
1408 1212 1451 1243 est
1464 1213 1500 1243 ab
1512 1213 1692 1243 hominibus
1705 1215 1823 1242 vntutis
1835 1214 1943 1252 ignaris
1952 1214 2074 1252 gratiam
2085 1213 2163 1243 bene

1209 1254 1398 1286 merentibus
1416 1265 1479 1284 non
1497 1253 1621 1285 referri?
1641 1257 1751 1284 .⁷et.³.im
1767 1256 1799 1284 in
1813 1263 1862 1283 eos
1875 1274 1882 1288 ,
1902 1264 1955 1295 qui
1965 1256 2087 1284 omneis
2097 1254 2163 1285 suas

1208 1307 1289 1327 curas
1309 1298 1344 1327 in
1359 1296 1530 1337 reipublicae
1544 1297 1631 1327 salute
1648 1296 1799 1337 derigunt,
1823 1298 1852 1324 Ln
1866 1306 1950 1335 psus
1962 1316 1970 1329 ,
1991 1298 2107 1326 crimen
2116 1297 2167 1327 in-

1207 1339 1347 1380 vidiaque
1366 1342 1533 1380 quaeretur?
1555 1341 1637 1368 Scitis
1652 1349 1735 1368 enim
1746 1348 1796 1378 per
1809 1338 1864 1367 hos
1875 1337 1938 1368 dies
1948 1337 2166 1369 creberrimum

1209 1379 1297 1412 fuisse
1310 1377 1325 1401 ⁸
1335 1382 1505 1411 sennonem
1517 1400 1525 1414 ,
1541 1390 1590 1410 rne
1600 1391 1650 1421 per
1661 1381 1728 1409 idus
1739 1381 1902 1421 Quintileis
1914 1399 1922 1413 ,
1939 1383 1991 1420 qui
2000 1379 2063 1409 dies
2073 1379 2169 1410 hodie

1209 1422 1252 1453 est
1265 1444 1273 1456 ‚
1288 1433 1357 1453 cum
1369 1423 1495 1453 tascibus
1505 1422 1727 1453 descensurum.
1753 1425 1787 1451 ln
1798 1423 1928 1462 aliquem
1939 1421 2028 1451 credo
2038 1422 2096 1452 hoc
2105 1422 2169 1463 gla-

1209 1465 1367 1498 diatorem,
1378 1476 1426 1496 aur
1438 1466 1598 1497 latronem,
1608 1474 1657 1494 aut
1668 1464 1828 1494 Catilinam
1839 1462 1895 1493 effi·
1907 1464 2090 1498 consultum,
2102 1473 2169 1494 non

1210 1507 1243 1537 in
1253 1517 1324 1537 eum
1337 1528 1345 1540 ‚
1365 1509 1435 1548 qui,
1453 1517 1490 1537 fre
1502 1506 1573 1548 quid
1584 1507 1638 1536 tale
1652 1508 1682 1536 iri
1692 1505 1844 1546 republica
1856 1504 1919 1535 fieri
1930 1504 2024 1545 poss'et
2034 1526 2044 1538 ,
2061 1504 2172 1538 effece-

1207 1550 1253 1579 rit.
1278 1559 1314 1579 an
1334 1558 1367 1579 ut
1384 1560 1438 1590 ego
1450 1570 1458 1582 ‚
1478 1551 1529 1589 qui
1540 1549 1697 1579 Catilinam
1712 1548 1773 1578 haec
1787 1546 2170 1581 molientemsustulerim,

1208 1592 1365 1621 everterirn
1378 1611 1386 1624 ‚
1408 1590 1569 1620 afflixerim
1587 1610 1597 1623 .
1618 1590 1680 1630 ipse
1699 1588 1858 1619 existerem
1879 1589 2001 1628 repente
2020 1591 2168 1619 Catilina?

1207 1632 1318 1673 quibus
1337 1633 1474 1672 auspiciis
1491 1631 1564 1662 istos
1582 1630 1684 1662 fasceis
1706 1640 1798 1672 augur
1814 1633 2001 1669 acciperem?
2019 1639 2166 1671 quatenus

1209 1675 1350 1705 haberem
1363 1677 1373 1704 ?
1389 1676 1437 1705 cui
1452 1673 1618 1704 traderem?
1635 1681 1859 1714 quemquamne
1870 1670 1958 1702 tuiffe
1972 1681 2032 1702 tam
2047 1672 2170 1703 {celera-

1207 1727 1272 1748 tum
1285 1738 1292 1751 ‚
1305 1719 1357 1758 qui
1367 1718 1425 1747 hoc
1435 1714 1560 1757 fingeret
1569 1718 1580 1744 ?
1589 1724 1649 1745 tam
1659 1715 1807 1745 furiosum
1819 1733 1828 1747 ,
1839 1713 2051 1754 quicrederet?
2074 1713 2166 1745 Unde

1209 1803 1290 1832 scitis
1301 1821 1310 1833 ‚
1332 1802 1389 1831 hoc
1408 1799 1509 1830 triduo
1520 1819 1528 1833 ,
1548 1799 1596 1830 vel
1614 1798 1774 1839 quatriduo
1789 1818 1797 1831 ,
1819 1796 1909 1827 tristis
1922 1799 1937 1827 a
1949 1798 2068 1827 Mutina
2083 1797 2168 1828 fama

1210 1851 1353 1876 manaret;
1364 1840 1461 1872 inflati
1471 1841 1585 1873 laetitia,
1599 1850 1686 1880 atque
1698 1839 1859 1870 insolentia
1869 1839 1956 1879 impii
1967 1840 2171 1872 cives,unurn

1211 1885 1239 1915 se
1249 1886 1283 1914 in
1294 1885 1396 1913 locum
1407 1883 1443 1913 ad
1453 1883 1537 1913 illam
1549 1883 1663 1912 curiam
1675 1901 1683 1915 ,
1693 1881 1806 1912 viribus
1817 1879 1918 1920 potius
1928 1880 1998 1914 suis,
2031 1880 2103 1911 uam.
2111 1882 2171 1911 rei-

1210 1926 1338 1967 publicae
1355 1924 1510 1955 infelicem
1522 1943 1530 1958 ‚
1551 1923 1780 1965 congregabant.
1802 1923 1845 1953 ibi
1860 1921 1930 1952 cum
1944 1932 2003 1953 con
2017 1922 2107 1952 ilium
2120 1924 2171 1953 in-

1211 1970 1290 1998 irent
1302 1967 1338 1998 de
1350 1966 1429 1998 caede
1444 1965 1562 2000 nostra,
1581 1967 1818 2006 partirenturque
1830 1965 1908 1994 inter
1920 1964 1949 1994 se
1959 1983 1969 1999 ,
1986 1966 2038 2005 qui
2049 1967 2171 2005 Capito-

1211 2011 1289 2040 lium
1299 2029 1308 2044 ,
1318 2011 1371 2051 qui
1380 2008 1488 2040 Rostra
1498 2029 1507 2042 ‚
1519 2010 1572 2048 qui
1583 2008 1664 2038 urbis
1674 2015 1772 2047 portas
1782 2015 1974 2046 occuparent:
1988 2005 2085 2037 adme
2094 2015 2172 2036 con-

1209 2052 1330 2083 cursum
1347 2050 1485 2082 futurum
1497 2050 1625 2080 civitatis
1635 2048 1783 2090 putabant.
1813 2047 1895 2090 quod
1916 2057 1948 2078 ut
1964 2058 2035 2079 curn
2056 2048 2173 2079 invidia

1214 2104 1281 2125 rnea
1291 2093 1374 2124 fieret
1384 2113 1392 2127 ‚
1413 2093 1446 2123 &
1459 2102 1530 2123 cum
1544 2094 1612 2122 vitae
1627 2093 1717 2122 etiarn
1731 2090 1866 2130 periculo
1877 2110 1886 2123 ‚
1906 2088 2018 2120 famam
2030 2089 2115 2121 istam
2124 2089 2171 2121 fa·

1212 2137 1307 2167 scium
1326 2133 1535 2175 diffipavetunt
1552 2144 1557 2162 ε
1579 2132 1683 2164 fasceis
1702 2130 1753 2173 ipfi
1772 2132 1807 2162 ad
1827 2141 1877 2162 me
1894 2131 2019 2163 delaturi
2036 2131 2170 2162 fuerunt.

1212 2178 1294 2219 quod
1303 2177 1375 2209 cum
1386 2175 1456 2207 ess‘et
1465 2175 1616 2218 quafimea
1625 2175 1774 2205 voluntate
1782 2173 1895 2204 faecum
1906 2193 1915 2207 ‚
1927 2183 1993 2204 tum
2004 2174 2038 2203 in
2049 2183 2099 2203 me
2108 2175 2171 2203 irn-

1210 2230 1297 2262 petus
1310 2218 1534 2250 conductorum
1547 2219 1710 2248 hominum
1724 2237 1733 2250 ‚
1753 2215 1831 2258 quasi
1845 2217 1876 2245 in
1892 2224 2051 2254 tyrannum
2062 2234 2071 2249 ,
2089 2224 2173 2255 par-‘-

1212 2263 1313 2293 batur:
1324 2271 1361 2291 cx
1371 2271 1432 2302 quo
1441 2260 1534 2291 caedes
1543 2258 1615 2290 esset
1624 2257 1758 2289 vestrum
1766 2258 1911 2287 omnium
1920 2256 2086 2286 consecuta.
2096 2259 2173 2299 Qae

1211 2314 1257 2334 res
1269 2303 1390 2344 patescit
1399 2322 1408 2336 ‚
1427 2311 1522 2342 patres
1539 2302 1717 2341 conscripti-1
1738 2299 1785 2329 sed
1798 2299 1850 2328 suo
1861 2307 1997 2338 tempore
2007 2302 2099 2328 totius
2113 2299 2173 2328 hu-

1208 2346 1258 2385 jus
1277 2345 1394 2375 sceleris
1411 2343 1484 2373 foris
1499 2344 1655 2382 aperietur.
1687 2344 1728 2371 Ita
1749 2350 1788 2369 ne
1802 2342 1831 2369 P.
1846 2339 2009 2379 Apuleius,
2029 2339 2170 2371 tribunus

1211 2386 1326 2426 plebis,
1345 2394 1487 2414 meorum
1507 2383 1654 2413 omniurn
1666 2392 1725 2412 con
1738 2382 1886 2414 iliorum-2
1906 2382 2169 2424 periculorumque

1210 2430 1273 2467 jam
1285 2426 1355 2457 inde
1365 2425 1380 2456 a
1390 2425 1546 2456 consulatu
1558 2434 1628 2454 meo
1637 2423 1880 2457 testis,consc‘ius,
1890 2422 2017 2462 adjutor,
2029 2423 2170 2454 dolorem

1212 2468 1289 2500 serre
1309 2478 1372 2499 non
1389 2468 1511 2509 potuit:
1535 2466 1650 2497 doloris
1667 2467 1731 2496 mei
1749 2467 1933 2495 concionem
1950 2465 2055 2496 habuit
2071 2467 2172 2496 maxi-

2077 2517 2173 2542 mam,

248 2598 272 2614 3.
292 2589 379 2614 Binum
396 2586 538 2619 inexpiabile
555 2584 654 2619 infern]
684 2580 802 2618 Liquido
821 2581 889 2617 legit
907 2574 1021 2607 Maufic.¹
1042 2579 1169 2612 inexpiale.
1189 2584 1192 2605 Ι

209 2624 278 2659 quod
289 2622 555 2651 animadvertmdum
572 2619 680 2657 putabat
691 2618 866 2646 Gulielmius.
885 2625 911 2644 at
931 2626 981 2652 ego
991 2616 1108 2643 arbitror
1123 2622 1167 2640 at·
1189 2625 1191 2637 τ
1205 2613 1289 2646 ὶιινΐ]

1243 2584 1269 2611 7.
1292 2579 1312 2602 E
1316 2578 1375 2601 ziam
1383 2577 1410 2601 in
1419 2584 1456 2600 cos
1465 2576 1516 2608 qui,
1527 2574 1578 2604 dyc.
1592 2573 1703 2607 defigunt,
1713 2572 1824 2604 ihpcjm,
1835 2574 1923 2596 crimen
1932 2571 2072 2605 invidiaque
2080 2560 2171 2604 qimi-c-

1315 2613 1354 2638 lta
1365 2611 1434 2637 hunc
1444 2611 1530 2636 locum
1544 2608 1660 2636 fragium
1673 2608 1849 2634 luxatumuue
1862 2607 2042 2641 redintegrari
2055 2625 2063 2638 ,
2074 2605 2171 2632 andsto—

211 2659 371 2686 tendciiduin
384 2659 467 2694 magis
485 2658 606 2687 Palatino
624 2665 666 2692 pr.
675 2664 704 2681 ac
714 2654 764 2681 see.
784 2655 810 2681 in
822 2653 916 2690 quibus
927 2654 1042 2686 expiabile
1053 2671 1061 2684 ,
1080 2659 1167 2687 neque
1189 2648 1191 2671 l
1208 2656 1288 2675 ritate
1300 2647 1357 2674 Pal.
1368 2647 1418 2673 sec.
1437 2647 1483 2682 qui
1494 2654 1582 2673 tamen
1594 2644 1706 2671 habebat
1723 2652 1771 2679 pro
1781 2636 1830 2670 illo
1840 2647 1865 2669 ,⁷72
1873 2644 1957 2677 ffljm,
1979 2642 2087 2669 verbum
2096 2646 2171 2675 impe-

209 2694 514 2731 aliterlcgebatnrin'iis
535 2692 694 2720 membranis
712 2690 814 2718 dnobus
825 2690 884 2718 :uiis
904 2689 1105 2725 Philippum.
1125 2686 1170 2713 ubi

211 2731 290 2758 hodie
301 2732 423 2758 habemus
434 2732 584 2762 inexpiabile.

249 2776 278 2793 2.
298 2769 430 2794 Bar-barin
446 2767 515 2800 pqffet
524 2765 667 2800 agnoscere]
686 2763 800 2798 Ignoscere
818 2761 920 2798 vulgo;
942 2760 982 2788 sed
996 2767 1090 2787 contra
1100 2759 1170 2786 Pali.

210 2802 378 2839 aliorumque
389 2802 509 2838 scriptos.

252 2847 278 2875 3.
297 2839 502 2865 Proludjumillud
517 2839 547 2869 ὠ·
558 2836 718 2871 portentum]
740 2837 782 2862 Ita
791 2843 881 2861 omnes
893 2832 955 2860 libri
975 2831 1033 2859 mis.
1054 2831 1094 2857 vel
1105 2831 1173 2858 adeo

1191 2893 1192 2896 ,
1208 2864 1332 2900 greditur
1342 2862 1498 2890 medicinam
1510 2861 1596 2888 facere
1606 2859 1711 2887 aufiiori
1722 2858 1800 2885 alicui
1811 2867 1819 2888 5
1832 2857 1897 2883 nibil
1908 2856 1981 2882 aliud
1991 2856 2070 2883 debet
2079 2856 2168 2884 dri-stis

214 2911 365 2952 recepitque
375 2910 531 2937 Lambinus.
552 2909 674 2936 veniebat
686 2909 749 2935 mihi
761 2907 806 2934 sub
815 2906 1100 2938 calamumprolmium,
1111 2913 1174 2940 pro·
1191 2902 1192 2926 ἶ

209 2876 357 2909 paludium.
377 2875 514 2901 Ferrarius
526 2882 613 2901 tamen
630 2873 769 2905 propudium
788 2871 872 2906 magis
887 2868 1031 2896 convenire
1051 2867 1170 2898 indic-“in

210 2957 271 2984 pius
281 2947 312 2973 ad
326 2946 487 2973 chat-adieres
497 2946 606 2972 ulterius
619 2945 700 2971 vocis.

1186 2803 1192 2827 i
1207 2792 1305 2819 lunatio
1319 2811 1328 2823 ‚
1345 2791 1492 2818 miserrime
1512 2789 1639 2816 humitenus
1654 2787 1786 2816 distr-afta*
1797 2807 1805 2819 ‚
1823 2786 1991 2820 distortaque
2009 2784 2041 2811 :ib
2060 2794 2101 2811 me

1189 2686 1190 2689 ’
1210 2693 1262 2714 tm,
1273 2683 1419 2720 aberatque
1429 2682 1552 2710 enclitica
1561 2691 1616 2716 que.

1245 2720 1272 2746 8.
1291 2724 1418 2746 sermenem
1430 2739 1438 2751 ‚
1457 2728 1492 2744 me
1505 2726 1549 2751 per
1556 2718 1614 2743 Idm
1625 2736 1633 2748 ‚
1652 2717 1707 2747 dyc.
1723 2716 1892 2749 deftensurum.
1910 2718 1939 2740 In
1948 2715 2049 2748 aliquem
2059 2714 2124 2739 credo
2132 2715 2172 2740 hoc

1204 2756 1369 2789 fidiatorem,
1381 2755 1447 2789 vn]
1472 2754 1567 2780 Eidem
1578 2753 1648 2780 libi-o
1658 2751 1770 2778 debetur
1780 2750 1883 2787 periodi
1903 2760 2008 2785 quoque
2025 2749 2170 2811 istiusXep-

2123 2794 2171 2812 icis

1208 2829 1322 2860 criticis,
1334 2838 1385 2854 non
1398 2826 1518 2853 medicis.
1539 2826 1573 2851 Et
1583 2824 1641 2851 Eme
1653 2824 1697 2860 qui
1712 2823 1763 2850 fine
1776 2821 1887 2848 subsidio
1898 2820 2109 2847 membranarum
2120 2831 2168 2858 ag-

1211 2910 1241 2927 ae
1253 2901 1328 2928 bonis
1338 2901 1419 2940 quam
1434 2897 1590 2924 ludibrium.
1613 2897 1639 2922 'in
1650 2896 1697 2921 hac
1707 2895 1793 2921 nostra
1810 2891 1994 2920 emendatione
2007 2912 2015 2925 ‚
2034 2894 2124 2920 omnia
2134 2893 2171 2920 l'i-

1210 2944 1315 2973 quent:
1336 2936 1420 2963 ioluin
1432 2933 1499 2961 illud
1518 2934 1644 2966 consultum
1661 2929 1795 2957 obscurius
1807 2928 1853 2955 cst.
1873 2928 1916 2955 sed
1926 2936 1982 2955 erat
1999 2929 2026 2955 in
2045 2929 2170 2956 omnibus

250 2991 277 3016 4.
297 2981 615 3015 Adexpiaemdor'egqsfarcs]
633 2981 702 3007 'l'ale
718 2974 782 3016 quid
802 2978 876 3014 snpra
895 2978 975 3004 eriam
995 2975 1134 3003 habuimus
1146 2975 1171 3001 in
1190 2989 1192 3008 l
1210 2973 1318 2999 Pais&
1330 2972 1395 2998 olim
1405 2968 1553 3006 iinpreffis5
1575 2973 1769 3002 mutarumque
1781 2965 1908 2991 neoterici
1920 2965 2172 2999 incnnjic‘i'umaeete-

212 3018 388 3046 orationibus.
408 3025 435 3043 at
448 3018 503 3043 l'al.
519 3027 558 3052 pr.
571 3017 734 3049 explicandas.
745 3016 795 3042 sec.
807 3023 896 3051 quart.
907 3013 1046 3046 explendas,
1057 3021 1171 3049 qiiouio-

212 3055 248 3082 do
257 3054 365 3081 edidere
376 3053 510 3079 Manutius
523 3062 552 3078 uc
562 3053 717 3079 Lambinus.
740 3051 827 3078 nescio
837 3052 917 3087 quain
928 3050 1005 3075 bene.

251 3101 277 3125 5.
297 3092 373 3124 §qam
384 3091 439 3124 jam
452 3095 544 3122 perum
552 3089 678 3121 metatore]
698 3087 866 3114 Lambiniaiii
879 3105 888 3119 ,
899 3086 1050 3120 jampridem
1061 3090 1170 3116 metator,

210 3135 303 3154 contra
314 3125 439 3153 vetustius
450 3134 478 3149 cu
485 3124 534 3156 sos,
544 3123 686 3159 omnesque
697 3123 754 3150 msf.
766 3124 880 3150 nostros.

245 3164 271 3191 6.
292 3166 347 3188 Sive
356 3164 498 3194 unigrarias
507 3160 634 3194 ascham]
654 3160 691 3186 Tb
700 3164 742 3187 um
752 3169 785 3189 ex
797 3158 855 3188 mss.
865 3157 960 3188 uostris
971 3155 1082 3192 reposui.
1094 3154 1169 3192 prius

211 3199 330 3229 omnium
342 3196 502 3226 editionibus
512 3195 617 3224 aberat.
624 3221 632 3230 ,

1211 3018 1269 3035 turn
1288 3012 1451 3041 imperatorem
1459 3006 1568 3032 habiruri
1576 3006 1663 3030 crimus
1675 3006 1685 3028 ?
1704 3002 1788 3028 exstat
1799 3000 1906 3037 quidem
1919 3001 1945 3028 in
1958 3008 2024 3027 vett.
2044 3000 2106 3028 edd.
2124 3000 2169 3028 sed

1215 3045 1241 3071 in
1252 3044 1327 3071 nullo
1337 3042 1531 3070 Palatiiiorum.
1550 3040 1641 3075 itaque
1662 3038 1702 3064 vel
1714 3038 1786 3064 istius
1797 3037 1990 3063 emendationis
2001 3036 2075 3063 cauca
2087 3056 2095 3070 ‚
2115 3046 2169 3064 non

1207 3081 1374 3142 poeniteltsnie
1384 3076 1522 3105 aeruinnofi
1533 3075 1630 3103 laboris
1641 3084 1718 3111 quem
1730 3074 1802 3110 posui
1812 3074 1839 3100 iii
1850 3073 2027 3109 comparando
2037 3073 2170 3100 Cicerone

1207 3126 1268 3143 cum
1278 3125 1302 3142 m
1330 3135 1336 3141 .

1242 3161 1271 3188 9.
1292 3153 1333 3177 W!
1342 3152 1422 3183 parim
1430 3148 1491 3176 und<
1503 3150 1542 3184 rste
1553 3147 1631 3183 firmo
1641 3147 1676 3183 ἓ]
1696 3145 1825 3178 Voculam
1839 3145 1900 3173 uncle
1916 3143 2077 3179 imm-strui,
2095 3143 2170 3172 suasu

1209 3188 1278 3216 Pau.
1288 3187 1316 3214 &
1326 3188 1416 3215 Maur.
1909 3182 1913 3184 “

2081 3224 2104 3243 1.
2113 3218 2174 3250 qm

1209 1761 1298 1802 igitur
1310 1758 1363 1790 ista
1372 1759 1511 1798 suspicio,
1520 1761 1536 1784 9
1547 1757 1594 1787 vel
1603 1756 1704 1797 potius
1716 1756 1796 1786 unde
1806 1755 1860 1785 iste
1872 1756 1988 1785 sermo?
2033 1754 2123 1789 cum,
2135 1764 2168 1787 ut
2184 1762 2207 1796 5
