2339 3379
113 600 155 631 15

588 131 896 178 ORArio
950 142 1086 174 PRO
1143 130 1209 178 M.
1265 132 1709 179 MARCELLO.

178 215 226 247 10⁸
235 212 309 256 saepe
316 211 428 246 ver-sata
436 209 494 244 'este
508 210 607 242 nudus
615 231 625 245 ,
634 219 720 251 atque
732 219 820 251 egens
830 208 865 240 ad
877 217 1047 240 extremum
1057 206 1137 249 fugit

176 258 193 288 ὲ
208 267 310 299 regno.
333 260 374 287 At
391 262 556 296 permutata
573 253 694 283 aliunde
715 253 840 292 pecunia
858 251 917 281 est:
938 250 1035 280 duelae
1046 260 1134 279 naves

177 300 317 330 Postumi
326 297 457 329 Puteolis
466 296 548 326 sunt:
568 295 675 325 audita:
686 315 695 327 ,
716 293 844 334 visaeque
857 302 980 322 merces.
1004 292 1132 322 Fallaces

175 341 302 382 quidem
313 359 322 374 ,
342 340 374 369 &
387 337 496 368 fucos-,e
507 357 518 371 ‚
532 337 640 367 chartis
651 356 660 369 ,
682 336 714 366 &
729 337 830 365 linteis
844 355 854 369 ,
871 335 903 364 &
922 335 1001 364 vitro
1020 332 1132 362 delatae:

175 382 286 422 quibus
296 380 367 411 cum
378 379 481 409 multae
492 388 582 409 naves
592 377 703 408 refertae
714 375 836 407 fuissent
845 397 852 411 ‚
866 380 876 395 ¹
897 385 956 407 una
967 384 1030 404 non
1040 375 1134 415 patuit

175 433 271 464 parva.
294 422 430 462 Cataplus
441 421 493 450 ille
503 421 695 453 Puteolanus,
709 420 807 450 sermo
818 420 897 448 illius
908 418 1063 456 temporis,
1081 425 1134 444 ve-

176 465 354 504 &orumque
363 463 464 493 cursus
473 483 480 496 ‚
493 472 580 503 atque
591 461 763 495 ostentatio,
776 469 842 490 tum
852 458 1041 490 subinVisum
1053 456 1130 496 apud

175 506 345 536 malevolos
354 504 614 536 Postuminomen
629 513 746 544 propter
761 503 914 545 opinionem
930 501 1064 540 pecunia:
1080 508 1135 528 ne·
1151 520 1154 532 .

175 548 236 577 scio
245 557 335 588 quam
344 567 352 580 ,
364 546 496 577 aestatem
507 556 596 576 unam
608 566 616 579 ,
629 555 691 575 non
700 546 812 585 plureis
825 564 834 578 ‚
845 552 939 574 aureis
950 539 1061 571 refersit
1072 539 1134 570 istis
1151 574 1153 587 Ξ

174 588 492 618 sermonibusVerum
502 585 770 628 autem‚judices‚fi
781 587 852 617 scire
862 581 1021 615 vulti52nisi
1032 584 1133 612 C-Cae-

172 630 242 660 faris
252 631 369 660 summa
382 632 414 660 in
424 632 545 660 omneis
554 649 562 662 ‚
576 629 762 659 incredibilis
773 629 804 658 in
818 629 898 656 hunc
910 625 1014 655 eadem
1025 624 1133 667 libera-

170 671 239 702 litas
248 670 423 705 exstitifi‘ct,
442 681 498 701 nos
514 673 595 702 hunc
607 670 784 701 Postumum
796 670 861 709 jam
877 667 994 706 pridem
1012 667 1044 694 in
1062 667 1128 693 toi-o

134 724 136 728 ’
171 723 237 744 non
247 714 434 744 haberemus.
455 714 506 743 ille
517 723 608 743 onera
617 723 646 742 m
654 713 786 742 ultorum
798 710 886 747 hujus
896 709 1064 736 amicorum
1076 715 1131 734 ex-

169 757 249 795 cepit
259 765 353 785 unus:
374 765 498 796 quaeque
507 755 598 785 multi
615 755 757 783 homines
776 748 927 780 necefliirii
939 748 1060 787 secundm
1071 749 1130 776 Ρο-

170 796 264 827 stumi
274 797 363 827 rebus
376 798 517 836 descripta
526 795 729 826 sustinuerunt
738 812 746 826 ‚
767 801 848 821 nunc
858 792 923 828 ejus
934 788 1053 819 afflietis
1062 787 1127 818 for·
1147 795 1149 822 «ζ

163 841 256 868 1111115
275 839 410 870 universa
427 838 558 869 sustinet.
581 835 729 867 Umbram
740 835 849 874 equitis
861 833 996 863 Romani
1008 831 1041 860 &
1052 832 1128 877 ima-

169 883 275 921 ginem
286 881 394 912 videtis
404 899 413 913 ,
430 881 437 917 j
442 879 543 909 udices
554 897 561 911 ‚
583 879 671 907 unius
684 878 774 905 amici
783 874 988 904 conservatam
999 872 1126 905 auxilio,

170 924 206 952 ὃς
217 921 287 952 fide.
310 922 388 952 nihil
398 917 468 950 huic
476 921 550 959 eripi
561 917 658 958 potest
667 938 675 951 ‚
686 926 789 958 praeter
798 917 857 946 1106
867 913 1057 945 simulacrum
1068 915 1130 953 pri—

173 963 259 994 stinae
268 963 420 1003 dignitatis
429 982 438 995 ,
451 961 533 1002 quod
544 960 639 991 Caesar
648 960 727 990 solus
737 967 836 988 tuetur
845 977 854 991 ,
868 957 901 987 &
911 956 1049 987 sustinet:
1063 965 1130 996 quae

171 1005 317 1045 quidem,
336 1006 367 1033 in
381 1004 559 1033 miserrimis
577 1002 683 1036 rebus,
705 1002 775 1031 huic
794 1009 894 1030 tamen
911 997 1070 1028 tribuenda
1087 996 1130 1026 est
1148 1007 1150 1026 1

173 1048 316 1076 maxima.
339 1043 396 1075 nisi
408 1043 480 1074 vero
494 1045 553 1074 hoc
566 1044 712 1074 mediocri
731 1045 843 1072 virtute
863 1039 941 1070 effici
959 1038 1056 1080 potest
1067 1059 1075 1072 ,
1098 1048 1130 1068 ut
1148 1055 1150 1062 ,

172 1095 271 1117 tantus
279 1087 331 1117 ille
341 1089 388 1116 vir
399 1087 473 1116 tanti
482 1085 570 1116 ducat
579 1087 660 1115 hunc
670 1097 679 1119 ς
699 1084 732 1114 &
742 1083 889 1114 affli&um
899 1082 1059 1122 praesertim
1072 1101 1080 1114 ‚
1095 1081 1128 1110 δε
1148 1095 1149 1100 =

158 1128 323 1159 -absentem
335 1148 344 1162 ,
366 1128 399 1158 &
416 1130 450 1158 111
466 1137 546 1158 tanta
562 1126 683 1158 fortuna
699 1126 768 1160 sua,
789 1135 822 1156 ut
830 1125 923 1154 aliena
931 1123 1055 1162 respicere
1066 1132 1129 1153 ma-

167 1180 265 1212 gnum
279 1168 331 1204 fit3
350 1179 429 1200 tanta
447 1171 671 1210 oppugnatione
689 1170 894 1198 maximarum
915 1175 1035 1198 rerum,
1054 1174 1127 1205 quas

167 1221 245 1252 gerit
254 1232 262 1245 ‚
279 1220 366 1252 atque
375 1210 459 1253 geffit
469 1231 478 1245 ,
494 1220 526 1241 ut
535 1212 582 1241 vel
593 1210 731 1241 oblivisci
743 1209 947 1240 aliorumnon
958 1205 990 1237 sit
1001 1209 1126 1240 mirum3
1148 1236 1149 1248 ζ

160 1253 219 1283 ‚vel
228 1271 238 1286 ²
249 1252 269 1283 fi
279 1255 467 1287 meminent,
477 1253 607 1283 oblitum
620 1251 689 1286 effe,
699 1251 785 1282 facile
796 1249 884 1291 poss'it
893 1249 1028 1290 probare.
1044 1248 1128 1277 Mul-

168 1303 213 1325 tas
222 1295 362 1336 equidem
374 1295 529 1325 C-Caesaris
540 1297 666 1324 virtutes
676 1314 685 1328 ,
706 1302 827 1335 magnas
836 1312 845 1326 ,
866 1290 1128 1330 incredibileisque

168 1338 312 1378 cognovi.
334 1337 384 1367 sed
398 1337 467 1367 sunt
481 1345 584 1367 ceterae
597 1335 762 1373 majoribus
776 1332 856 1374 quasi
867 1334 986 1363 theatris
995 1330 1128 1372 proposi-

170 1387 208 1408 tae
218 1398 227 1411 ‚
248 1378 282 1408 &
297 1379 382 1418 paene
399 1379 573 1418 populares:
592 1378 693 1407 castris
705 1376 807 1406 locum
822 1384 923 1415 capere
933 1394 942 1408 ‚
960 1376 1126 1404 exercitum

168 1419 314 1450 instruere
329 1439 338 1451 ‚
363 1429 533 1460 expugnare
553 1418 651 1448 urbeis
662 1437 671 1452 ‚
690 1419 786 1448 aciem
805 1417 938 1448 hostium
957 1413 1123 1457 profligare:

168 1462 246 1491 hanc
258 1462 319 1490 vim
321 1459 464 1501 frigorum
472 1481 481 1495 ,
492 1461 687 1501 hiememque
697 1479 705 1493 ,
716 1469 806 1500 quam
817 1469 872 1489 nos
883 1461 936 1488 vix
946 1458 1035 1497 hujus
1046 1456 1127 1490 urbis

159 1500 256 1533 ieritis
265 1502 446 1532 sustinemus
456 1522 465 1536 ,
480 1504 632 1543 excipere:
652 1502 699 1531 bis
709 1499 775 1541 ipfis
786 1501 892 1531 diebus
902 1499 1020 1530 hostem
1030 1498 1126 1539 perse-

167 1546 241 1584 qui,
257 1552 322 1574 tum
333 1563 342 1578 ,
353 1543 424 1575 611111
435 1547 526 1575 etiam
535 1544 604 1574 feiae
615 1543 746 1574 latibulis
758 1543 785 1572 se
796 1553 894 1584 tegant
904 1562 913 1576 ‚
926 1551 1012 1583 atque
1023 1542 1128 1570 omnia

166 1584 245 1616 bella
259 1587 327 1625 jure
341 1588 479 1627 gentium
495 1586 716 1627 conquiescant.
741 1586 810 1615 sunt
829 1595 861 1615 ea
873 1584 996 1625 quidem
1009 1592 1124 1623 magna:

165 1629 234 1668 quis
244 1631 345 1668 negat?
356 1628 405 1658 sed
416 1638 532 1669 magnis
543 1630 668 1659 excitata
678 1628 745 1658 sunt
754 1628 888 1667 praemiis
896 1626 930 1657 ad
941 1627 1124 1655 memoriam

166 1669 332 1700 hominum
341 1670 562 1710 sempiternam.
577 1680 639 1710 quo
649 1668 753 1699 minus
761 1669 970 1700 admirandum
981 1667 1023 1697 est
1033 1687 1043 1701 ‚
1052 1676 1124 1697 eum
1147 1695 1148 1700 ,

105 1723 119 1749 1
131 1709 262 1748 &facere
278 1712 349 1745 illa,
371 1715 423 1753 qui
440 1713 687 1742 immortalitatem
704 1713 921 1752 concupiverit.

165 1753 230 1783 laus
242 1752 302 1786 est,
323 1763 390 1794 quae
407 1764 472 1784 non
491 1755 646 1794 poetaium
664 1754 867 1786 carminibus,
889 1762 955 1782 non
967 1752 1123 1782 annalium

165 1799 378 1825 monumentis
386 1795 550 1826 celebratur
560 1815 569 1829 ‚
593 1795 640 1826 sed
650 1795 844 1836 prudentium
856 1795 969 1833 jndicio
979 1792 1126 1833 expendi-

164 1844 222 1866 tur.
246 1838 388 1876 Equitem
399 1839 533 1868 Roman.
544 1846 676 1867 veterem
686 1839 819 1867 amicum
832 1838 932 1869 suum,
944 1835 1123 1868 studiosum,

164 1887 317 1908 amantem
328 1898 336 1912 ‚
357 1879 565 1909 observantem
580 1879 624 1909 sui
634 1899 643 1913 ,
662 1889 725 1909 non
739 1879 868 1909 libidine
879 1897 887 1911 ,
908 1887 971 1907 non
989 1877 1125 1916 turpibus

165 1918 309 1959 impensis
321 1920 520 1960 cupiditatum
531 1940 539 1954 ,
559 1928 646 1961 atque
654 1919 777 1959 ja&uris
787 1940 796 1954 ‚
819 1920 868 1950 sed
880 1920 1064 1959 experientia
1073 1927 1125 1958 pa-

1148 655 1151 667 Ι

967 1712 1038 1740 Haec
1048 1718 1125 1738 mira
1147 1729 1148 1733 ,

1173 219 1200 242 ta
1208 210 1328 243 fortuna
1336 232 1344 246 ‚
1357 212 1564 243 liberalitatem
1575 214 1608 242 in
1618 212 1687 243 suos
1695 231 1703 246 ,
1714 212 1896 242 memoriam
1911 210 2056 243 amicitiae
2067 231 2076 245 ‚
2089 222 2134 242 re-

1172 253 1262 294 liquis
1280 254 1442 284 Virtutibus
1459 254 1604 284 omnibus
1622 263 1785 294 antepono.
1809 256 1908 293 Quam
1927 253 2053 293 quidem
2067 263 2132 286 vos,

1168 295 1303 332 judices,
1325 299 1358 326 in
1375 306 1458 326 novo
1476 306 1582 338 genere
1602 296 1769 326 bonitatem
1789 295 1955 336 iiiitfitatam
1971 296 2075 327 claris.
2099 305 2132 326 ac

1153 359 1155 372 ,
1171 337 1403 376 praeponentibus
1415 340 1485 367 viris
1494 357 1502 371 ,
1515 347 1578 367 non
1590 337 1684 368 modo
1694 348 1759 368 non
1769 338 1913 378 aspernari
1925 357 1934 370 ,
1946 346 1978 367 ac
1988 335 2128 370 refutare,

1153 378 1154 384 ¹
1172 377 1220 406 sed
1231 378 1394 418 comple-&i
1405 381 1494 409 etiam
1507 399 1514 411 ‚
1529 380 1561 409 &
1570 389 1672 419 augere
1682 379 1814 410 debetis:
1830 379 1863 409 &
1873 388 1910 409 eo
1923 380 2016 420 magis
2026 398 2034 411 ,
2049 378 2130 420 quod

1171 418 1281 448 videtis
1291 438 1299 452 ,
1323 421 1378 449 hos
1392 419 1471 460 quasi
1485 421 1602 450 sumtos
1619 421 1683 451 dies
1695 421 1730 452 ad
1744 420 1983 452 labefac‘tandum
1996 420 2078 450 illius
2088 420 2138 450 di*

1152 467 1154 481 ¹
1170 462 1314 501 gnitatem
1329 471 1334 488 τ
1356 470 1393 490 ex
1412 472 1469 501 qna
1485 462 1530 490 i'lli
1550 463 1626 491 nihil
1646 462 1758 493 detrahi
1778 461 1894 503 potest,
1914 462 1995 503 quod
2010 471 2073 492 non
2086 471 2136 492 aut

1170 503 1288 531 tortiter
1303 500 1376 530 femt
1388 522 1396 534 ,
1415 511 1463 531 aut
1476 501 1564 532 facile
1579 502 1719 534 restituat.
1743 503 1953 534 amiciffimutr:
1970 505 2131 534 hominem

1150 535 1153 561 1
1170 542 1191 572 si
1203 542 1356 573 honestate
1370 542 1528 582 spoliatum
1544 544 1688 578 avidieritj
1710 556 1763 575 nec
1776 545 1834 576 sine
1847 555 1958 587 magn-‘i
1971 544 2131 575 (10101616-

1170 594 1230 618 ret,
1253 594 1308 614 nec
1326 583 1357 613 id
1377 585 1526 617 amisti-it,
1549 586 1629 624 quod
1647 585 1728 625 poss'e
1747 588 1840 627 speret
1857 588 2032 628 recuperari.
2057 590 2131 617 saie:

1149 637 1151 652 ι
1171 627 1266 656 multa
1275 625 1454 655 hominibus
1468 636 1532 655 non
1546 627 1658 666 iniquis
1678 629 1740 658 haec
1757 627 1813 658 effe
1832 629 1959 659 debent:
1982 630 2132 658 1111111561-

1168 669 1229 697 iam
1240 668 1336 697 multa
1347 667 1435 696 vobis
1448 687 1455 700 ,
1473 677 1549 707 quos
1562 667 1746 707 aequissimos
1763 669 1820 700 effe
1842 669 2037 700 confidimns.
2062 669 2127 702 Sed,
2157 682 2162 703 i
2182 684 2192 693 ·»

1170 718 1202 739 ut
1213 711 1356 738 omnium
1368 709 1416 738 vel
1428 709 1591 748 fiispicioni
1605 728 1613 740 ‚
1630 710 1675 738 vel
1687 711 1923 745 malevolentiae,
1942 713 1990 742 vel
2000 712 2130 742 crudeli-

1168 752 1220 780 tati
1239 751 1306 780 satis
1327 749 1395 783 fiat,
1418 750 1546 780 occultat
1566 752 1723 789 pecuniam
1737 752 1893 782 Postumus
1907 774 1915 787 ‚
1934 754 2026 783 latent
2044 755 2131 795 regie

1168 792 1291 822 divitiae.
1314 793 1426 832 Ecquis
1445 791 1487 821 est
1506 802 1544 821 ex
1562 800 1644 821 tanto
1663 793 1776 832 populo
1789 813 1797 826 ‚
1820 797 1872 834 qui
1888 799 1965 825 bona
1976 795 2129 825 C.Rabii*ix

1168 833 1303 864 Postumi
1315 843 1447 864 nummo
1459 832 1589 863 sestertio
1599 831 1651 862 sibi
1663 833 1758 864 addici
1770 835 1861 864 velit?
1884 837 1940 866 Sed
1952 857 1959 869 ,
1981 836 2127 867 miserum

1149 892 1150 895 ¹
1168 886 1225 906 me.
1252 884 1364 916 quanto
1377 876 1440 905 haec
1452 874 1518 904 dixi
1531 884 1603 904 cum
1619 875 1723 905 dolore
1737 878 1742 904 !
1763 876 1833 905 hem
1847 897 1856 910 ,
1875 878 2013 907 Postume
2027 898 2033 910 ,
2055 886 2127 908 tune

1168 928 1198 947 es
1210 919 1292 948 Curii
1303 916 1383 947 filius
1394 937 1402 950 ‚
1415 919 1449 946 C.
1461 916 1577 946 Rabirii
1589 916 1702 953 judicio
1715 937 1723 951 ‚
1745 917 1778 948 &
1789 918 1940 948 voluntate
1952 918 2031 948 filim
2040 940 2047 950 .
2072 930 2123 950 na>

1168 969 1232 990 tura
1244 960 1352 989 sororis
1363 957 1442 988 filius
1457 961 1467 987 ἓ
1481 967 1552 988 tune
1564 958 1616 987 ille
1626 960 1657 988 in
1669 961 1787 989 omneis
1798 969 1863 989 tuos
1876 960 2026 990 liberalis?
2042 963 2125 999 cuj-is.

1168 1001 1284 1031 multos
1302 999 1410 1029 bonitas
1429 1000 1621 1040 locupletavit
1642 1004 1653 1030 ἓ
1675 1002 1727 1041 qui
1746 1002 1823 1030 1111111
1841 1000 1996 1041 profudisti
2016 1005 2026 1030 ἓ
2050 1004 2125 1031 nihil

1170 1043 1262 1073 ullam
1274 1045 1306 1072 in
1316 1042 1476 1072 libidinem
1488 1041 1664 1071 contulisti?
1683 1053 1731 1072 tua
1741 1063 1749 1075 ,
1766 1042 1905 1073 Postume
1918 1063 1926 1077 ,
1943 1053 2073 1072 numina)
2084 1049 2118 1073 ἐ

1169 1084 1270 1115 stertio
1281 1084 1296 1114 a
1307 1094 1356 1114 me
1366 1083 1565 1114 addicuntur?
1590 1087 1615 1113 O
1627 1094 1730 1114 menan
1742 1085 1885 1115 miserum
1898 1105 1906 1118 ,
1928 1085 2126 1125 acerbumque

1167 1128 1374 1167 praeconium!
1399 1129 1438 1155 At
1449 1126 1507 1156 hoc
1516 1134 1605 1155 etiarn
1617 1135 1696 1165 optat
1708 1127 1815 1160 miser,
1837 1136 1868 1157 ut
1881 1127 2102 1157 condemnetur
2113 1128 2127 1156 1

1148 1173 1149 1191 l
1167 1169 1273 1199 vobis:
1288 1170 1328 1198 ita
1339 1167 1418 1198 bona
1429 1176 1576 1200 veneant,
1589 1176 1620 1197 ut
1632 1167 1758 1198 solidum
1771 1169 1853 1198 suum
1866 1169 1972 1210 cuique
1986 1169 2123 1198 solvatur.

1167 1211 1316 1250 nihiljam
1329 1209 1409 1240 aliud
1420 1208 1566 1248 nififidem
1575 1217 1676 1238 curat:
1695 1220 1749 1240 nec
1762 1220 1817 1240 vos
1832 1211 1905 1240 huic
1917 1231 1925 1244 ‚
1946 1209 2035 1249 fij'arn
2048 1211 2128 1241 obli-

1166 1252 1240 1282 visci
1251 1251 1353 1282 vestra:
1365 1251 1606 1282 mansuetudinis
1616 1252 1773 1281 volueritis
1783 1272 1791 1285 ,
1816 1252 1979 1293 quidquam
1991 1261 2126 1292 praeterea

1147 1291 1149 1312 ;
1165 1293 1288 1334 potestis
1299 1296 1420 1333 eripere.
1443 1293 1524 1333 quod
1534 1313 1542 1326 ‚
1552 1293 1685 1331 judices,
1700 1303 1737 1322 ne
1751 1292 1879 1326 faciatis,
1893 1304 1947 1323 oro
1958 1314 1967 1326 ,
1979 1293 2128 1323 obtestor*

1147 1355 1149 1360 .
1166 1346 1223 1377 que
1233 1345 1287 1366 vos
1299 1355 1307 1369 ‚
1327 1345 1414 1376 atque
1424 1345 1461 1365 eo
1473 1337 1567 1376 magis
1578 1355 1586 1367 ,
1609 1333 1629 1364 si
1646 1335 1806 1365 adventitia
1821 1338 1946 1375 pecunia
1962 1337 2072 1375 petitur
2090 1336 2126 1365 ab

1147 1377 1149 1397 ³
1166 1387 1203 1407 eo
1215 1397 1222 1411 ,
1245 1379 1294 1408 6111
1314 1378 1362 1408 sua
1379 1387 1443 1407 non
1461 1377 1604 1407 redditur.
1628 1386 1696 1406 narn
1708 1379 1840 1410 ineum,
1861 1379 1910 1407 eui
1923 1377 2127 1407 misericordia

1166 1419 1306 1459 opitulari
1324 1419 1450 1452 debeat,
1469 1418 1584 1448 invidia
1597 1417 1715 1460 quaesita
1728 1418 1777 1448 est.
1801 1419 1857 1449 Sed
1864 1429 1944 1460 jam,
1966 1420 2125 1460 quoniam,

1146 1483 1148 1495 i
1167 1471 1198 1491 ut
1208 1461 1293 1501 spero
1303 1481 1312 1495 ‚
1327 1460 1418 1491 fidem
1430 1481 1438 1494 ,
1453 1461 1543 1500 quam
1555 1462 1640 1500 potui
1650 1480 1658 1494 ,
1671 1460 1726 1490 tibi
1736 1460 1857 1500 praestiti
1869 1481 1876 1494 ,
1888 1460 2029 1493 Postume
2039 1480 2047 1493 ,
2057 1462 2127 1491 rcd=¹

1146 1516 1148 1529 ι
1166 1503 1234 1533 dam
1247 1505 1338 1533 etiarn
1350 1503 1491 1542 lacrymas
1503 1522 1511 1534 ‚
1523 1511 1595 1542 quas
1604 1502 1710 1532 debeo.
1733 1512 1804 1543 quas
1815 1502 1939 1543 quidem
1953 1512 2007 1544 ego
2020 1511 2081 1532 tuas
2094 1513 2125 1531 111

1167 1555 1238 1575 meo
1251 1546 1317 1576 casu
1330 1544 1476 1585 plurimas
1490 1545 1564 1574 vidi,
1586 1543 1714 1574 vertatur
1722 1554 1788 1574 ante
1800 1544 1905 1574 oculos
1917 1543 2050 1574 luctuosa
2061 1553 2126 1573 nos<

1166 1589 1244 1616 meis
1256 1586 1402 1617 omnibus
1413 1606 1422 1620 ,
1435 1585 1507 1616 cum
1519 1594 1551 1615 tu
1564 1594 1663 1615 totum
1673 1595 1702 1616 :e
1711 1588 1850 1616 cummis
1860 1587 1954 1626 copiis
1965 1585 2001 1616 ad
2012 1596 2061 1615 me
2073 1586 2127 1615 dc³

1165 1628 1271 1659 tulisti.
1294 1638 1326 1659 tu
1336 1628 1500 1659 comitibus
1511 1647 1519 1661 ‚
1539 1636 1569 1657 tu
1579 1626 1715 1667 praesidio
1728 1647 1736 1661 ,
1755 1636 1787 1658 tu
1799 1629 1888 1657 etiarn
1901 1637 1984 1657 tanto
1992 1627 2126 1667 pondere

1164 1672 1246 1704 auri,
1267 1679 1412 1712 quantum
1431 1678 1550 1710 tempus
1568 1669 1644 1701 illud
1661 1668 1844 1709 postuiabat,
1862 1668 2020 1699 discessum
2032 1669 2121 1699 illum

1167 1712 1332 1743 sustentasti
1344 1723 1350 1741 z
1362 1721 1392 1742 tu
1403 1721 1570 1752 numquam
1581 1713 1658 1741 meis
1668 1731 1676 1745 ‚
1690 1721 1739 1741 me
1748 1711 1867 1741 absente
1875 1731 1884 1744 ‚
1896 1711 1998 1741 libe-:is
2009 1732 2018 1745 ‚
2031 1720 2126 1741 num-

1164 1764 1254 1795 quam
1268 1755 1390 1796 conjugi
1404 1764 1478 1784 meae
1492 1752 1615 1792 defuisti.
1640 1751 1760 1784 Poffum
1770 1755 1899 1783 excitare
1909 1753 2022 1783 multos
2031 1752 2124 1782 redu-

1165 1796 1231 1827 &os
1242 1795 1341 1827 testeis
1349 1797 1534 1827 liberalitatis
1543 1805 1601 1826 tiiae
1613 1806 1618 1825 :
1629 1794 1713 1836 quod
1723 1795 1797 1836 saepe
1808 1795 1908 1826 audivi
1917 1796 1991 1835 patri
2001 1795 2123 1835 tuo,qui

1164 1839 1196 1869 id
1206 1837 1320 1869 feciss‘et
1331 1858 1340 1872 ,
1362 1848 1474 1879 magno
1485 1837 1661 1876 adjumento
1672 1838 1828 1875 injudicio
1837 1839 1940 1877 capitis
1949 1835 2046 1867 fuiffe.
2070 1836 2119 1866 sed

1161 1881 1224 1919 jam
1244 1883 1350 1911 omnia
1368 1883 1485 1910 timeo:
1506 1879 1649 1909 bonitatis
1667 1877 1756 1918 ipsius
1776 1879 1924 1908 invidiam
1941 1878 2121 1908 reformido.

1145 1929 1147 1933 ’
1160 1923 1223 1962 jam
1234 1922 1347 1952 indicat
1355 1930 1400 1952 tot
1410 1922 1574 1951 hominum
1586 1920 1672 1950 fletus
1683 1940 1691 1954 ,
1703 1920 1791 1961 quarn
1805 1918 1839 1949 fis
1848 1930 1931 1950 carus
1941 1922 2000 1950 tuis
2011 1931 2016 1949 z
2029 1921 2062 1950 &
2071 1929 2123 1950 me

164 1963 304 1991 trimonii
315 1960 518 2001 amplificandi
527 1982 536 1995 ‚
554 1961 694 1991 labentem
709 1964 846 2002 excepit,
865 1970 1003 1991 corruere
1012 1970 1075 1990 non
1087 1958 1123 1989 sl-
1143 1955 1146 2006 j'
1164 1963 1250 1993 dolor
1260 1963 1396 1994 debilitat
1407 1982 1415 1997 ,
1426 1962 1613 2003 includitque
1623 1971 1740 1992 vocem.
1763 1964 1827 1991 Vos
1837 1961 1962 1992 obsecro
1975 1981 1983 1996 ,
1992 1961 2120 2001 judices,

164 2004 211 2032 vit
220 2023 228 2036 ,
239 2001 318 2033 fulfit
329 2003 361 2033 ὃς
372 2002 525 2037 sustinuit,
538 2013 567 2033 re
577 2023 586 2037 ,
596 2002 728 2037 fortuna,
741 2002 815 2034 fide:
826 2004 976 2042 hodieque
986 2000 1118 2031 sustinet:
1142 2035 1144 2038 ,
1162 2014 1194 2034 ut
1207 2006 1276 2035 huic
1285 2007 1405 2045 optimo
1416 2005 1483 2034 viro
1493 2023 1502 2038 ,
1514 2013 1575 2045 quo
1586 2013 1679 2033 nemo
1692 2003 1801 2033 melior
1810 2013 1957 2044 umquam
1967 2002 2026 2033 fuit
2036 2023 2044 2036 ‚
2061 2012 2122 2033 no-

164 2053 223 2074 nec
232 2054 363 2074 amicum
376 2044 557 2085 pendentem
573 2055 709 2075 corruere
725 2048 850 2085 patitur:
869 2044 1016 2075 necillius
1025 2045 1122 2073 animi
1142 2042 1144 2076 1
1162 2057 1234 2076 men
1252 2048 1362 2087 equitis
1376 2048 1509 2077 Romani
1526 2045 1696 2078 &insuram
1712 2045 1803 2084 hujus
1819 2045 1914 2078 lucis,
1935 2045 1968 2075 &
1985 2043 2120 2075 vestrum

162 2087 259 2116 aciem
272 2086 439 2128 perstringit
455 2087 596 2127 splendor
613 2087 656 2116 sui
673 2090 810 2117 nominis
822 2107 830 2121 ‚
848 2096 903 2117 nec
916 2088 1028 2116 mentis
1042 2084 1121 2126 quasl
1142 2080 1143 2089 ¹
1160 2088 1356 2128 conspe&um
1375 2097 1412 2117 ne
1429 2088 1574 2127 eripiatis.
1600 2088 1659 2117 Hic
1669 2096 1724 2118 vos
1733 2086 1815 2117 aliud
1824 2087 1903 2117 nihil
1914 2095 1994 2119 orat,
2017 2084 2073 2116 nifi
2087 2094 2122 2117 ut

163 2127 321 2156 luminibm
331 2127 426 2158 officit
434 2128 560 2158 altitudo
570 2128 698 2159 foi'tunae
708 2149 716 2162 ‚
736 2130 768 2159 ὃ(
776 2131 890 2171 glori-ae.
913 2131 978 2159 Sint
988 2127 1057 2157 sane
1066 2127 1119 2157 illa
1159 2128 1247 2160 reffis
1258 2131 1353 2160 oculis
1364 2130 1440 2159 hanc
1451 2129 1556 2159 urbem
1568 2127 1620 2158 sibi
1632 2130 1741 2159 intueri
1751 2148 1759 2162 ‚
1778 2137 1864 2170 atque
1873 2131 1906 2158 in
1920 2128 1979 2158 hoc
1989 2126 2057 2158 foro
2065 2137 2121 2157 ve-

164 2179 271 2210 magna
281 2189 290 2202 ,
304 2180 370 2210 quae
380 2181 409 2200 re
419 2180 487 2200 vera
496 2179 602 2212 magna
613 2171 688 2200 sunt.
712 2169 748 2201 de
759 2172 872 2207 judicio
883 2171 978 2200 animi
989 2170 1050 2198 mei
1061 2188 1070 2202 ,
1085 2177 1118 2198 ut
1158 2170 1282 2211 stigium
1300 2170 1394 2202 facere
1414 2171 1514 2201 liceat:
1537 2169 1618 2211 quod
1633 2171 1731 2211 ipsum
1743 2169 1865 2202 fortuna
1873 2172 2017 2211 eripuerat
2028 2189 2038 2203 ,
2060 2168 2118 2200 nisi

160 2211 256 2244 volet,
267 2212 392 2252 quisque
400 2213 513 2242 sentiat.
528 2222 583 2253 ego
593 2214 678 2242 enim
691 2213 767 2243 hanc
776 2215 809 2243 in
822 2214 910 2243 tantis
920 2210 1040 2251 opibus,
1052 2219 1115 2241 tan·
1158 2223 1242 2242 umus
1251 2214 1339 2243 amici
1349 2222 1421 2253 opes
1432 2210 1645 2243 subvenissent.

199 2293 221 2310 1.
242 2287 293 2309 Una
304 2286 566 2316 cumpmueritparva.
585 2284 744 2315 Cataplmillc
753 2284 900 2307 ‘Putefflanui-
910 2300 918 2312 ‚
929 2281 995 2315 ὡς]
1018 2282 1117 2306 Emen-
1138 2286 1139 2306 ῐ
1159 2281 1204 2316 qui
1215 2288 1303 2307 tamen
1316 2280 1363 2306 vix
1381 2279 1508 2305 assecutus
1520 2277 1626 2306 videtur
1644 2287 1760 2307 mentem
1771 2279 1898 2307 austeris.
1919 2282 2035 2314 Cataplus
2046 2280 2116 2307 enim

154 2319 228 2347 datio
240 2319 294 2347 fere
306 2320 341 2347 est
352 2322 366 2346 ii
379 2319 505 2346 Tui-nebo
524 2319 551 2345 &
563 2319 637 2345 libi-is
649 2328 658 2349 3
678 2317 861 2354 interpiiiietio
880 2317 917 2344 est
937 2319 951 2344 a
962 2316 1115 2349 Lambino5
1138 2321 1140 2349 1
1159 2324 1235 2344 notat
1245 2314 1349 2344 claffem
1361 2314 1586 2343 Alexandrinam.

523 2403 619 2464 M.
718 2403 1223 2463 TULLIUS

1334 2401 1752 2461 CicERo

1011 2498 1244 2554 PRO

223 2580 361 2668 M.

545 2577 2040 2670 MARCELLO.

427 2719 838 2766 ORATio
937 2715 1824 2780 QUADRAGESIMA.

200 2822 294 2835 ‘'fl-

188 2832 197 2857 f

185 2891 203 2898 o.

181 2900 204 2931 ’Ξ

183 2937 203 2951 s

317 2911 321 2912 ⁷
336 2901 440 2931 dolore
453 2920 461 2934 ,
482 2902 590 2940 partim
611 2900 790 2931 verecundia
804 2919 812 2933 ‚
837 2899 929 2928 finem
947 2898 1112 2928 hodiernus

285 2955 294 2966 «κ
335 2942 399 2972 dies
419 2944 536 2973 attulit:
560 2942 703 2984 idemque
722 2943 845 2972 initium
861 2960 870 2974 ‚
891 2950 957 2980 quae
976 2940 1086 2969 vellem
1099 2960 1108 2974 ,

150 2989 277 3020 quaeque
289 2983 420 3021 sentirem
439 3004 448 3018 ,
468 2993 539 3014 meo
558 2983 687 3024 pristino
705 2993 790 3014 more
808 2982 940 3013 dicendi.
966 2982 1106 3011 Tandem

151 3024 236 3051 enim
254 3025 515 3056 mansuetudinem
535 3045 544 3060 ,
572 3035 633 3056 tam
656 3025 821 3057 'inusitatam
840 3044 849 3059 ‚
880 3023 1107 3064 inauditamque

151 3133 233 3187 ‚D

236 3167 350 3195 nendum
361 3176 436 3204 punit
452 3173 482 3197 C.
492 3174 520 3196 C.
531 3180 574 3205 quo
584 3190 592 3204 ‚
612 3171 662 3198 linc
672 3171 706 3198 est
720 3188 728 3203 ,
745 3173 790 3198 Cai
799 3171 886 3205 Caesar.
905 3169 949 3197 sed
961 3169 1019 3197 mss‘.
1034 3169 1104 3197 Pau.
1123 3132 1128 3197 1

1134 2948 1137 2965 1

1132 2966 1136 3051 1

1754 2809 1897 2851 potestate
1917 2831 1926 2845 ‚
1954 2821 2053 2842 rerum
2076 2823 2110 2842 o·

198 2838 205 2856 .
294 2826 318 2844 τι
337 2819 351 2847 1
363 2826 481 2848 στυιι
493 2826 515 2846 N
527 2826 538 2845 1
564 2813 691 2851 silentii,
712 2818 743 2847 P.
756 2817 790 2845 C.
810 2824 870 2855 quo
885 2823 964 2845 eram
980 2815 1025 2844 his
1036 2823 1112 2845 tem—
1137 2824 1139 2850 ι
1155 2815 1347 2845 clementiam
1373 2834 1382 2848 ‚
1410 2821 1525 2844 tantum
1553 2813 1585 2842 in
1612 2811 1730 2842 summa

183 2855 322 2875 *⁴
338 2859 459 2899 poribus
479 2859 547 2888 usus
560 2877 568 2892 ‚
586 2868 651 2888 non
668 2860 778 2889 timore
799 2858 901 2896 aliquo
912 2877 920 2890 ‚
939 2856 986 2886 sed
1002 2858 1111 2896 partim
1155 2859 1275 2887 mnium
1288 2856 1399 2885 modum
1411 2876 1419 2889 ,
1440 2865 1499 2885 tam
1510 2854 1640 2894 denique
1649 2852 1856 2884 incredibilem
1868 2854 2039 2893 sapientiam
2050 2875 2057 2888 ‚
2078 2864 2110 2885 ac

292 2945 308 2957 l

1153 2898 1240 2938 paene
1262 2898 1397 2928 divinam
1414 2917 1422 2931 ‚
1455 2898 1558 2926 tacitus
1579 2895 1666 2925 nullo
1693 2894 1787 2925 modo
1806 2896 1954 2935 praeterire
1975 2894 2105 2936 poss'um.

1153 2943 1198 2969 M.
1213 2942 1297 2970 enim
1308 2939 1452 2969 Marcello
1470 2937 1576 2971 vobis,
1597 2939 1626 2968 P.
1639 2939 1670 2967 C.
1686 2939 1786 2978 reique
1798 2937 1868 2976 pub.
1887 2936 2003 2967 reddito
2014 2958 2022 2971 ‚
2043 2947 2107 2968 non

1154 2982 1251 3011 solum
1262 2981 1344 3010 illius
1355 3000 1363 3013 ‚
1378 2979 1426 3010 sed
1437 2989 1535 3010 meam
1545 2980 1636 3009 etiam
1646 2989 1753 3009 vocem
1765 2998 1773 3012 ,
1786 2979 1818 3009 &
1827 2977 2033 3009 austeritatem
2047 3000 2055 3012 ,
2072 2979 2105 3010 ἐκ

1152 3023 1240 3053 vobis
1250 3042 1259 3057 ‚
1277 3022 1310 3053 &
1319 3021 1437 3062 reipub.
1448 3020 1651 3053 conservatam
1660 3040 1669 3055 ,
1685 3030 1717 3052 ac
1726 3019 1890 3051 restitutam
1901 3029 1983 3061 puto.
2008 3022 2107 3051 Dole-

2033 3064 2104 3093 bam

236 3134 421 3167 lururni'ſslemii'
433 3138 479 3166 ,Ῥ.
490 3138 518 3160 C.
527 3136 596 3169 qum]
618 3136 786 3161 Hotomanus
798 3134 845 3161 lib.
864 3143 905 3160 iv.
917 3142 972 3169 cap.
984 3142 1010 3169 3.
1026 3143 1104 3169 repo·
1143 3132 1217 3164 osto,
1229 3133 1320 3160 decern
1335 3153 1342 3165 ,
1354 3133 1421 3160 stant
1431 3142 1478 3169 pro
1490 3132 1596 3169 vulgata
1608 3152 1616 3163 ,
1636 3140 1689 3159 tam
1700 3132 1758 3158 heic
1770 3151 1778 3162 ,
1789 3132 1870 3167 quiim
1882 3130 1961 3157 infra.
1971 3131 2000 3156 &
2011 3118 2104 3167 probo.

1143 3178 1229 3206 neque
1239 3170 1317 3198 aliter
1326 3169 1375 3197 stet
1385 3168 1476 3198 eadem
1488 3169 1613 3232 repetiti?
1623 3167 1694 3231 1ἓὶιά
1704 3168 1783 3195 initio
1794 3167 1886 3204 capitis
1898 3168 1995 3204 quinti.

1551 3207 1573 3234 B
1610 3204 1626 3231 'u
1674 3213 1691 3230 2

2020 3210 2043 3228 ι.
2054 3203 2111 3227 Cum
