2360 3400
491 120 824 166 AcAnEM.
884 118 1482 182 QAEST10NUM‚
1538 126 1686 173 [ΑΒ.
1730 129 1790 175 11.

2070 149 2167 200 979

193 200 586 249 suspicamur-,⁴0bscufius.
610 201 736 233 Addunt
754 202 846 232 etiam
868 204 902 232 C.
914 203 1059 232 Marium.
1079 201 1159 232 &de
1199 204 1263 234 thio
1289 206 1414 237 Rhodio
1444 208 1602 240 suavitatis.
1637 210 1717 241 Bene
1746 220 1848 244 autem
1877 211 1962 245 noffe
1981 215 2166 247 Carneadem

193 252 253 280 hoc
271 247 397 289 quidem
420 245 499 276 nihil
518 246 719 276 mentiuntur.
745 246 855 275 horum
866 244 1156 274 nominibustotvi-
1198 241 1426 279 8Stratoniceus
1452 251 1647 282 Metrodorus
1679 254 1844 292 putabatur.

1873 256 1943 296 Jam
1972 258 2164 289 Clitomacho

191 299 298 323 rorum
313 298 400 330 atque
411 297 564 318 tantorum
575 285 716 327 expositis
728 306 736 320 2
756 286 885 326 eorums‘e
900 285 1153 333 institutumfhqoi
1193 291 1208 314 9
1224 289 1311 319 Philo
1331 290 1427 321 vester
1443 302 1565 332 operam
1585 295 1700 325 multos
1720 305 1816 326 annos
1834 297 1928 329 dedit.
1960 299 2090 330 Philone
2108 310 2164 330 au-

192 332 306 363 dicunt.
332 335 343 350 ¹
357 330 506 361 Similiter
524 339 580 360 vos
599 329 670 359 cum
686 328 867 368 perturbare,
889 327 1153 367 utillirempubli-
1196 338 1256 360 tem
1273 333 1345 362 vivo
1369 336 1573 373 patrocinium
1595 337 1764 368 Academiae
1775 348 1838 370 non
1848 338 1955 371 defuit.
1979 341 2036 372 Sed
2051 361 2059 375 ,
2078 336 2163 382 quod¹

191 381 276 407 (sam,
295 371 333 403 fic
351 382 406 403 vos
422 372 646 412 philosophiam
659 371 737 401 bene
752 372 816 410 J'am
832 368 1026 400 constitutam
1038 369 1150 403 velitis,

190 414 408 455 Empedoclem
421 434 430 448 ,
448 417 666 453 Anaxagoram,
682 414 908 444 Democritum,
921 410 1146 456 Parmenidem,

190 460 207 478 ²
225 457 448 496 Xenophanem
462 475 469 490 ,
489 457 646 486 Platonem
661 456 752 486 etiam
765 475 773 488 ‚
794 454 986 484 &Socratem
996 451 1147 501 profertis.

189 499 247 530 Sed
266 508 364 539 neque
380 499 535 528 Saturnius
553 498 562 536 (
576 507 607 529 ut
626 497 764 528 nostrum
780 498 946 526 inimicum
955 492 1148 535 potiffimum

190 542 352 571 nominem
365 541 375 580 )
387 539 482 570 simile
493 540 658 581 quidquam
670 539 773 570 habuit
783 546 919 568 veterum
930 538 1069 570 illorum,
1091 546 1149 566 nec

188 581 326 613 Arcesilae
352 583 504 613 calumnia
521 581 704 612 conferenda
721 580 763 611 est
784 590 855 610 cum
873 580 1045 609 Democriti
1063 588 1148 608 vere—

187 624 308 657 cundia.
332 627 370 655 Et
379 633 479 655 tamen
491 623 537 654 isti
547 623 659 664 phyfici
668 622 733 654 mro
744 621 910 653 admodum
922 640 932 654 ,
954 619 1026 651 cum
1037 621 1150 651 haerent

186 667 292 707 aliquo
303 666 372 697 loco
383 687 391 700 ,
404 667 571 696 exclamant
580 669 592 693 3
604 663 682 707 quasi
693 674 794 695 mente
804 665 920 694 incitati
931 673 937 692 z
947 662 1148 702 Empedocles

186 709 313 750 quidem
325 729 333 743 ,
352 718 386 738 ut
405 707 557 738 interdum
576 710 655 737 mihi
672 706 770 737 furere
787 706 923 737 videatur
940 703 1080 744 :abstrufii
1098 702 1147 741 ff

187 752 283 781 omnia
295 771 303 783 ‚
315 750 390 779 nihil
398 750 551 790 nossentire
560 770 568 783 ,
578 749 649 779 nihil
661 759 763 778 cernere
771 759 783 776 :
794 747 993 780 nihilomnino,
1004 745 1144 787 qualsfir,

189 792 260 835 pvffi'
270 793 391 834 reperire.
416 793 564 830 Majorem
583 800 683 821 autem
695 799 807 829 partem
818 790 896 818 mihi
905 789 1028 829 quidem
1038 797 1147 817 ornnes

186 834 234 866 isti
244 835 387 865 videntur
397 835 492 864 nimis
502 836 592 863 etiam
603 833 739 872 quaedam
751 830 899 861 affirmare
913 850 921 864 ,
937 828 1145 872 pluftJueprofi-

186 878 242 907 teri
259 877 366 916 [iscire
376 896 384 908 ,
404 870 492 916 quiam
505 875 610 914 J'ct'anr.
633 873 725 914 Qod
736 872 756 902 si
767 873 814 902 illi
825 882 889 902 tum
904 874 935 901 in
945 874 1035 901 novis
1045 871 1144 904 rebus,

188 917 270 960 quafi
289 916 384 947 modo
394 916 547 946 nascentes
563 935 571 948 ‚
591 913 800 944 haefitaverunt
811 934 819 947 ,
840 914 958 943 nihilne
973 922 1018 942 tot
1026 913 1144 946 seculis,

186 962 315 992 summis
325 959 458 1007 ingeniis
468 977 476 990 ‚
501 958 644 986 maximis
657 955 762 986 studiis
773 975 781 989 ,
793 956 976 995 explicatum
988 957 1144 995 putamus?

185 1011 292 1032 nonne
311 1020 320 1033 ‚
341 1009 412 1030 cum
430 1000 498 1038 jam'
512 998 767 1038 philosophorum
786 997 951 1037 disciplinae
966 995 1144 1039 graviss'imae

184 1040 385 1074 constitissent
398 1063 407 1076 ‚
426 1045 443 1068 4
459 1051 524 1071 tum
544 1050 669 1070 exortus
690 1039 751 1074 est3
769 1049 800 1070 ut
822 1042 853 1069 in
864 1039 1092 1079 optimarepub.
1104 1043 1144 1070 T.

182 1085 333 1115 Gracchus
348 1103 356 1117 ,
368 1087 419 1125 qui
429 1085 526 1113 otium
538 1082 737 1122 perturbarem
748 1080 786 1112 fic
796 1081 939 1112 Arcesilas
949 1102 956 1115 ,
969 1083 1020 1122 qui
1031 1080 1145 1112 consti-

183 1135 278 1156 tutam
301 1125 525 1166 philosophiam
543 1133 696 1157 everteret‚
709 1123 779 1153 &in
788 1133 882 1152 eorum
893 1122 1065 1153 austoritate
1074 1122 1144 1152 deli-

182 1169 295 1208 tesceret
306 1188 314 1201 ‚
333 1169 385 1208 qui
410 1164 562 1207 negaffent
580 1165 746 1207 quidquam
757 1166 820 1196 sciri
835 1186 843 1199 .
864 1167 1035 1205 autpercipi
1043 1164 1140 1206 poffe?

181 1220 313 1252 quorum
324 1212 340 1240 e
352 1218 481 1239 numero
493 1208 646 1238 tollendus
655 1207 699 1238 est
708 1209 741 1238 δε
750 1208 845 1241 Plato,
857 1208 889 1237 δε
898 1210 1030 1238 Socrates
1045 1218 1049 1236 z
1061 1207 1142 1241 alter,

181 1253 253 1294 quia
266 1252 387 1292 reliquit
397 1249 643 1291 perfeffiffimam
655 1250 858 1290 disciplinam,
871 1251 1094 1289 Peripateticos,
1110 1250 1143 1279 δε

181 1293 381 1325 Academicos
402 1312 411 1326 ,
429 1292 610 1322 nominibus
633 1290 820 1322 differenteis
831 1312 839 1325 ,
864 1302 894 1322 re
921 1294 1143 1333 congruenteis:

183 1336 200 1367 a
211 1336 320 1377 quibus
330 1336 422 1366 Stoici
433 1332 484 1374 ipsi
494 1334 592 1364 verbis
604 1336 697 1374 magis
709 1354 717 1367 ,
729 1334 819 1374 quam
831 1334 986 1364 sententiis
999 1332 1143 1365 diffense-

181 1387 264 1409 runt.
287 1381 417 1407 Socrates
434 1385 535 1406 autem
552 1375 588 1405 de
606 1375 868 1415 seipsedetrahens
882 1377 915 1405 in
928 1375 1141 1415 disputatione,

180 1421 249 1460 plus
268 1418 415 1450 tribuebat
436 1419 491 1450 iis,
513 1426 588 1457 quos
597 1417 718 1447 volebat
731 1416 874 1446 refellere.
898 1420 942 1447 Ita
951 1418 1022 1446 cum
1038 1418 1141 1448 5aliud

181 1462 293 1492 diceret
303 1480 311 1494 ,
326 1469 413 1500 atque
424 1459 546 1489 sentiret
557 1478 566 1491 ,
578 1458 706 1488 libenter
717 1461 760 1488 uti
772 1458 876 1488 solitus
887 1458 929 1488 est
939 1469 972 1488 ea
983 1459 1142 1498 dzffimula-

180 1503 256 1532 tione
265 1522 274 1537 ,
293 1512 383 1543 quam
396 1503 492 1531 Graeci
502 1502 605 1535 elpwvu‘w
616 1509 741 1530 vocant:
761 1509 851 1540 quarn
865 1502 905 1530 ait
915 1509 1004 1530 etiam
1016 1511 1049 1530 in
1059 1501 1142 1530 Afri-

181 1554 258 1575 cano
275 1542 363 1573 fuiss'e
373 1545 504 1573 Fannius
520 1553 525 1571 z
540 1541 631 1582 idque
641 1551 795 1582 propterea
804 1542 950 1572 vitiosum
963 1543 996 1571 in
1005 1543 1062 1572 illo
1076 1553 1139 1573 non

178 1585 349 1626 putandum
361 1606 370 1619 ,
394 1583 477 1625 quod
495 1584 578 1614 idem
598 1583 690 1614 fuerit
707 1586 738 1614 in
749 1587 876 1614 Socrate.
899 1584 955 1614 Sed
968 1583 1141 1615 fuerintilla

181 1637 297 1661 vetera,
319 1625 340 1657 fi
357 1628 450 1657 vultis
463 1646 472 1660 ,
495 1628 659 1668 incognita.
700 1626 832 1656 Nihilne
850 1625 893 1656 est
910 1628 1003 1667 igitur
1023 1625 1139 1660 adium,

178 1669 263 1711 quod
281 1669 455 1710 investigata
473 1668 560 1702 sunt,
579 1667 772 1710 posteaquam
794 1667 936 1698 Arcesilas
948 1669 1084 1703 Zenoni,
1106 1678 1140 1699 ut

177 1721 299 1753 putatur
315 1710 489 1745 abinaam,
510 1711 589 1740 nihil
609 1713 684 1740 novi
702 1712 881 1751 reperienti,
902 1709 950 1740 sed
964 1710 1140 1742 emendanti

178 1755 348 1794 superiores
359 1773 367 1786 ‚
380 1761 595 1783 immutatione
605 1753 766 1783 verborum
780 1773 788 1786 ,
800 1752 874 1782 dum
885 1754 973 1791 hujus
983 1750 1140 1783 definitio-

179 1805 234 1826 nes
260 1794 436 1826 labefa&are
455 1795 521 1825 vult
534 1815 542 1828 ‚
562 1804 687 1825 conatus
706 1793 748 1824 est
766 1793 918 1834 clariffimis
930 1793 1008 1823 rebus
1017 1793 1139 1824 tenebras

175 1836 324 1867 obducere?
338 1838 430 1876 Cujus
440 1835 541 1877 primo
553 1846 616 1866 non
626 1836 793 1866 admodum
803 1837 927 1875 probata
936 1838 1020 1869 ratio,
1029 1846 1134 1876 quam-

175 1889 268 1920 quam
278 1878 383 1909 floruit
391 1877 462 1909 cum
473 1880 613 1908 acumine
623 1880 817 1919 ingenii,tum
827 1877 997 1908 admirabili
1005 1879 1139 1918 quodam

174 1921 279 1961 lepore
289 1921 420 1954 dicendi,
433 1921 573 1960 proxime
585 1921 600 1950 ὲ
610 1920 720 1950 Lacide
736 1921 800 1950 solo
813 1928 925 1950 retenta
934 1918 977 1949 est
992 1930 998 1948 ;
1010 1919 1077 1959 post
1087 1930 1138 1950 au-

174 1972 238 1993 tem
249 1962 379 1993 conisth
388 1963 404 1992 a
412 1962 574 1995 Carneade,
582 1965 635 2003 qui
645 1962 687 1993 est
695 1971 817 2002 quartus
827 1962 863 1992 ab
874 1959 1007 1992 Arcesila.
1022 1960 1037 1981 ⁶
1049 1962 1137 1992 audi-

173 2007 313 2036 vitenim
325 2003 483 2054 Egefinum
497 2024 505 2038 ,
516 2006 570 2045 qui
582 2005 754 2035 Evandrum
766 2004 897 2034 audierat
907 2023 916 2037 ‚
940 2003 1068 2043 Lacydis
1077 2004 1135 2035 dis-

172 2048 323 2087 cipulum,
334 2057 405 2077 cum
418 2045 552 2077 Arcefilae
563 2047 694 2086 Lacydes
707 2045 816 2076 fuiffet.
833 2045 890 2076 Sed
901 2045 962 2085 ipse
973 2046 1135 2076 Carneades

173 2089 228 2119 diu
237 2091 344 2119 tenuit.
366 2099 439 2119 nam
449 2088 603 2129 nonaginta
616 2089 696 2118 vixit
707 2099 809 2118 annos:
827 2088 859 2118 &
869 2091 920 2128 qui
934 2088 1022 2117 illum
1033 2088 1136 2118 audie-

171 2131 418 2165 rant,admodum
430 2130 628 2164 floruerunt3e
637 2131 748 2172 quibus
758 2129 912 2160 industriae
921 2130 1090 2170 plurimum
1101 2132 1133 2161 in
1152 2160 1154 2164 ,

172 2174 365 2204 Clitomacho
384 2173 443 2203 fuit
458 2184 462 2201 :
484 2173 609 2203 declarat
630 2172 796 2203 multitudo
807 2172 955 2202 librorum
970 2182 975 2200 ι
993 2176 1007 2200 7
1017 2174 1133 2213 ingenii

171 2224 236 2246 non
245 2217 347 2246 minus
357 2217 392 2246 in
402 2216 565 2256 homeru-am
575 2216 608 2245 in
617 2214 767 2246 Carneade
777 2214 1005 2256 eloquentiae‚in
1015 2214 1134 2245 Melan-

1197 373 1226 389 ¹0
1236 382 1293 403 nos
1302 373 1398 404 facere
1408 385 1490 406 nunc
1504 378 1693 418 ingredimur
1703 398 1712 412 ‚
1737 389 1883 415 utcontra
1892 382 2090 414 Academicos
2100 383 2162 414 dis-

1190 413 1337 460 seramus:
1357 416 1387 446 id
1397 417 1520 457 quidam
1539 422 1555 449 e
1570 420 1761 461 Philosophis
1772 442 1780 455 ,
1799 423 1831 454 &
1851 425 1874 454 ii
1885 427 2007 464 quidem
2018 435 2082 456 non
2094 435 2161 456 me-

1190 454 1307 486 diocres
1317 477 1326 490 ‚
1344 456 1518 489 faciendum
1539 465 1672 492 omnino
1682 473 1746 494 non
1761 464 1920 504 putabant:
1945 470 1969 486 ¹¹
1984 477 2038 498 nec
2049 477 2157 499 verum

1189 495 1266 545 effe,
1287 499 1376 528 ullam
1394 501 1530 530 rationem
1549 503 1688 542 disputare
1707 515 1771 534 cum
1781 506 1813 535 iis
1825 526 1834 540 ,
1859 517 1910 548 qm
1921 507 1994 537 nihil
1999 507 2160 550 probarent:

1189 541 1443 581 Antipatrumque
1461 545 1597 574 Stoicum
1608 567 1617 580 ‚
1635 547 1688 586 qui
1700 548 1815 578 multus
1825 550 1858 578 in
1868 559 1905 579 eo
1915 549 2016 580 fuiss'et
2025 571 2034 584 ,
2059 561 2159 591 repre-

1188 580 1377 627 hendebant:
1398 593 1454 613 nec
1472 584 1593 616 definiri
1616 588 1736 627 ajebant
1758 588 1874 620 necesse
1894 590 1972 625 effe,
1996 593 2067 632 quid
2087 591 2160 625 effet

1187 630 1308 662 cognitio
1321 643 1329 657 ,
1350 632 1400 654 aut
1415 628 1550 666 perceptio
1561 648 1569 661 ,
1593 638 1661 663 aut,
1692 629 1711 660 si
1724 632 1847 662 verbum
1864 632 1880 663 ἐ
1896 633 1988 663 verbo
1998 635 2155 668 volumus,

1187 665 1377 705 comprehensio
1400 687 1408 699 ,
1436 677 1526 708 quam
1551 671 1683 703 xxlxl—*issw
1712 673 1758 702 illi
1780 683 1890 705 vocant
1908 686 1913 705 ζ
1942 676 2053 716 eosque
2073 697 2080 709 ,
2105 679 2156 716 qui

1187 706 1360 751 persuadere
1368 708 1481 738 vellent
1490 729 1499 743 ‚
1518 709 1576 740 effe
1586 712 1710 752 aliquid,
1721 715 1802 754 quod
1814 717 2076 756 comprehendi&
2091 728 2159 757 pcr-

1186 749 1244 793 cipi
1255 747 1350 787 postet
1360 770 1369 783 ,
1383 750 1543 781 inscienter
1549 751 1644 782 facere
1653 754 1811 795 dicebant„
1823 768 1976 798 propterea
1985 759 2067 800 quod
2080 761 2159 790 nihil

1187 789 1258 819 estet
1279 790 1388 820 clarius
1411 795 1513 827 ἐνεργείᾳ
1534 812 1542 825 ‚
1569 804 1601 825 ut
1620 797 1715 826 Graeci
1741 799 1965 837 perspicuitatem
1985 821 1994 835 ,
2025 811 2074 832 aut
2092 804 2155 831 evi-

1185 831 1313 861 dentiam
1332 842 1406 866 nos,
1435 833 1455 864 fi
1476 835 1588 875 placet,
1613 839 1831 869 nominemus:
1852 841 2112 884 fabricemurque,
2134 842 2155 875 fi

1187 883 1262 913 opus
1281 876 1338 904 erit
1351 894 1360 909 ,
1380 875 1488 910 verba3
1508 887 1546 906 ne
1568 879 1617 907 hic
1637 877 1690 908 sibi
1705 879 1767 918 (me
1785 883 1947 921 appellabat
1966 886 2152 924 jocansihoc

1186 915 1275 945 licere
1296 925 1381 956 putet
1398 918 1464 948 soli.
1487 918 1543 949 Sed
1564 929 1665 950 tamen
1681 925 1852 953 orationem
1874 927 1989 956 nullam
2012 921 2157 968 putabant

1186 957 1382 988 illustriorem
1395 963 1422 978 ¹²
1433 961 1493 1000 ipsa
1502 961 1645 990 evidentia
1654 967 1775 1003 reperiri
1787 965 1881 1005 poste,
1894 977 1948 997 nec
1960 979 2004 1002 ea,
2017 979 2082 1009 quae
2092 979 2156 1000 tam

1184 999 1262 1030 clara
1272 999 1366 1031 ess'ent
1380 1021 1388 1035 ,
1410 1002 1583 1034 definienda
1591 1005 1760 1036 censebant.
1785 1008 1846 1037 Alii
1858 1018 1956 1038 autem
1968 1011 2152 1051 negabancse

1184 1051 1240 1081 pro
1260 1043 1314 1072 hac
1324 1043 1476 1075 evidentia
1484 1046 1650 1086 quidquam
1661 1049 1775 1086 priores
1784 1048 1872 1081 fuiffe
1884 1050 2020 1083 dicturos
2033 1063 2038 1080 τ
2057 1053 2104 1083 sed
2115 1053 2151 1084 ad

1183 1093 1215 1128 ea
1227 1093 1235 1117 ·,
1259 1094 1325 1125 quae
1337 1094 1442 1117 contra
1453 1086 1624 1118 dicerentur
1634 1109 1642 1122 ,
1653 1090 1714 1119 dici
1723 1100 1861 1130 oportere
1871 1093 2014 1132 putabant
2026 1106 2034 1128 ;
2046 1104 2083 1125 ne
2096 1097 2151 1135 qui.

1181 1126 1365 1157 iallerentur.
1389 1128 1525 1170 Plerique
1545 1139 1644 1161 tamen
1669 1131 1907 1164 &definitiones
1917 1135 2048 1174 ipsarum
2059 1138 2149 1167 etiam

1183 1169 1372 1199 evidentium
1394 1180 1492 1201 rerum
1509 1181 1571 1201 non
1584 1173 1774 1212 improbant:
1791 1175 1822 1205 &
1833 1186 1890 1204 rem
1901 1177 2037 1212 idoneam,
2050 1177 2086 1208 de
2095 1189 2152 1219 qua

1182 1219 1329 1251 quaeratur
1344 1231 1352 1245 ‚
1373 1211 1407 1241 &
1425 1216 1454 1240 ¹3
1469 1214 1589 1243 homines
1599 1215 1695 1255 dignos
1705 1236 1713 1249 ‚
1734 1217 1913 1257 quibuscum
1926 1218 2079 1250 differatur
2091 1230 2149 1260 pu—

1183 1262 1254 1283 tant.
1278 1254 1366 1283 Philo
1385 1263 1486 1285 autem
1500 1276 1508 1289 ,
1526 1256 1600 1286 dum
1615 1267 1696 1287 nova
1706 1260 1840 1298 quaedam
1850 1270 2045 1296 commovet,
2064 1261 2150 1302 quod

1180 1305 1213 1325 ea
1230 1294 1374 1326 sustinere
1394 1299 1447 1326 vix
1458 1307 1591 1337 poterat,
1608 1308 1674 1339 qua:
1684 1309 1787 1330 contra
1797 1302 2050 1333 Academicorum
2061 1307 2153 1344 perti-

1181 1340 1297 1367 naciam
1308 1337 1483 1369 dicebantur
1494 1359 1503 1373 ,
1522 1340 1556 1369 &
1565 1341 1663 1380 aperte
1673 1345 1820 1373 mentitur
1829 1364 1837 1377 ,
1864 1353 1896 1374 ut
1906 1344 1949 1375 est
1956 1347 2098 1384 reprehen
2105 1347 2152 1376 sus

1182 1379 1287 1419 apatre
1307 1381 1414 1410 Catulo
1427 1400 1435 1414 ,
1453 1381 1486 1411 ὅς
1498 1401 1506 1415 ,
1531 1391 1563 1412 ut
1579 1382 1684 1413 docuit
1707 1386 1876 1416 Antiochus
1888 1406 1896 1419 ,
1918 1388 1948 1416 in
1969 1387 2000 1417 id
2019 1388 2149 1430 ipsumse

1180 1421 1276 1450 induit
1289 1441 1297 1456 ,
1321 1422 1397 1463 quod
1413 1422 1542 1453 timebat.
1567 1424 1646 1454 Cum
1666 1428 1751 1456 enim
1781 1429 1821 1457 ita
1843 1437 1962 1468 negaret
1981 1431 2149 1471 quidquam

1181 1461 1238 1492 effe
1254 1483 1262 1496 ‚
1295 1464 1377 1504 quod
1399 1466 1618 1505 comprehendi
1639 1464 1734 1506 poffet
1752 1467 1795 1506 (id
1813 1471 1896 1500 enirn
1920 1471 2065 1502 volumus
2087 1470 2147 1503 esse

1181 1507 1210 1531 ¹4
1221 1505 1401 1538 ἁκκτὶληπῒον)
1420 1507 1495 1536 illud
1509 1506 1580 1537 effer
1590 1528 1599 1540 ,
1612 1506 1683 1538 sicut
1699 1509 1785 1540 Zeno
1796 1510 1936 1542 definiret
1946 1531 1954 1545 ‚
1971 1513 2028 1543 tale
2049 1513 2149 1544 visum

1181 1546 1253 1585 (jam
1269 1549 1351 1576 enim
1368 1548 1425 1578 hoc
1437 1557 1491 1587 pro
1507 1551 1632 1582 φαταε-ίᾳ
1642 1547 1770 1580 verbum
1781 1553 1847 1582 satis
1857 1552 1997 1584 hesterno
2007 1555 2146 1585 sermone

1181 1589 1336 1628 trivimus)
1345 1589 1444 1619 visum
1453 1592 1543 1629 igitur
1552 1590 1742 1630 impreffum,
1753 1591 1950 1634 effleiumque
1964 1602 2004 1625 ex
2017 1605 2053 1626 eo
2064 1615 2073 1629 ‚
2088 1606 2148 1626 un-

1181 1630 1219 1659 de
1229 1629 1300 1660 essct
1311 1650 1320 1664 ,
1331 1631 1418 1671 quale
1427 1630 1484 1661 este
1499 1642 1563 1661 non
1576 1635 1602 1659 ¹5
1613 1631 1720 1672 posset,
1731 1643 1770 1664 ex
1783 1645 1834 1668 eo,
1846 1636 1926 1669 unde
1936 1646 2000 1667 non
2012 1636 2096 1668 esset:
2115 1638 2145 1670 id

1181 1681 1238 1702 nos
1248 1674 1263 1702 a
1282 1674 1408 1703 Zenone
1417 1672 1581 1704 definitum
1589 1673 1750 1706 iefflffime
1761 1675 1908 1708 dicimus.
1953 1677 1985 1708 ui
1994 1681 2076 1710 enim
2089 1689 2146 1720 po-

1180 1713 1235 1744 test
1252 1714 1419 1755 quidquam
1439 1716 1679 1756 comprehendi,
1701 1726 1734 1748 ut
1748 1719 1838 1759 plane
1863 1730 1923 1750 con
1948 1721 1997 1751 das
2009 1743 2018 1755 ,
2039 1721 2071 1751 id
2080 1731 2148 1761 per-

1179 1765 1299 1796 ceptum
1308 1776 1317 1789 ‚
1329 1759 1550 1799 cognitumque
1558 1757 1617 1788 ess'e
1627 1778 1635 1792 ,
1648 1759 1730 1800 quod
1744 1760 1786 1791 est
1796 1762 1852 1792 tale
1864 1781 1871 1795 ‚
1882 1763 1969 1802 quale
1977 1763 2025 1793 vel
2034 1762 2143 1795 falsum

1179 1797 1237 1828 ess'e
1254 1797 1358 1838 poffit⁴,
1382 1800 1441 1830 hoc
1458 1799 1696 1835 cuminfirmat,
1718 1803 1857 1843 tollitque
1868 1799 1974 1837 Ph'ilo,
1990 1804 2145 1844 judicium

1178 1840 1262 1870 tollit
1282 1842 1453 1882 incogniti,
1477 1842 1511 1872 &
1531 1845 1656 1882 cogniti.
1680 1853 1718 1873 ex
1732 1854 1793 1884 quo
1802 1843 1951 1879 efficitur,
1973 1847 2054 1877 nihil
2062 1847 2144 1888 poss‘e

1177 1882 1405 1921 comprehendi.
1428 1885 1468 1913 ita
1490 1884 1668 1923 imprudens
1691 1883 1750 1919 eo,
1770 1886 1833 1927 quo
1852 1887 1985 1919 minime
1997 1889 2079 1923 vult,
2100 1900 2148 1920 re-

1178 1924 1321 1953 volvitur.
1345 1926 1444 1964 Qiare
1461 1928 1565 1955 omnis
1586 1928 1682 1956 oratio
1701 1936 1804 1959 contra
1814 1928 2010 1960 Academiam
2020 1930 2145 1972 suscipi·-

1179 1973 1226 1995 tur
1239 1965 1254 1995 a
1264 1965 1370 1999 nobis,
1395 1975 1428 1996 ut
1436 1969 1619 1998 retineamus
1629 1977 1695 1998 eam
1704 1967 1918 2002 definitionem
1929 1992 1939 2005 ‚
1952 1982 2041 2013 quam
2053 1974 2142 2004 Philo

1178 2007 1278 2038 voluit
1296 2016 1436 2038 evertere.
1458 2019 1549 2050 quam
1561 2008 1617 2040 nisi
1630 2009 1826 2046 obtinemus,
1847 2015 1960 2054 percipi
1969 2014 2141 2055 nihilpoffe

1178 2049 1384 2080 concedimus.
1407 2051 1568 2081 Ordiamur
1587 2053 1855 2093 igitur‘asensibus.
1878 2065 2008 2096 quorum
2018 2057 2140 2088 itaclara

1175 2091 1290 2131 judicia
1299 2111 1308 2125 ‚
1329 2092 1362 2122 &
1371 2102 1450 2123 certa
1458 2093 1528 2124 sunt
1537 2114 1546 2128 ‚
1566 2103 1599 2124 ut
1609 2093 1629 2124 si
1643 2097 1729 2133 optio
1739 2105 1849 2127 naturae
1858 2096 1966 2128 nostrae
1977 2098 2079 2132 detur,
2105 2099 2140 2131 δε

1178 2133 1214 2163 ab
1224 2143 1257 2163 ea
1268 2136 1352 2164 Deus
1361 2134 1469 2174 aliquis
1479 2138 1622 2176 requirat,
1634 2134 1797 2167 contenta'ne
1809 2138 1912 2179 firs‘m'r
1920 2159 1928 2173 ‚
1953 2141 2064 2181 integris
2074 2160 2083 2175 ‚
2096 2141 2141 2169 in-

1178 2176 1372 2217 corruptisque
1384 2175 1504 2216 sensibus
1515 2198 1524 2211 ,
1541 2188 1579 2207 an
1595 2177 1711 2219 postulet
1727 2180 1826 2209 melius
1845 2181 1960 2222 aliquid
1976 2192 1987 2209 :
2008 2192 2072 2213 non
2092 2185 2141 2214 vi·

1177 2217 1265 2248 deam
1279 2237 1288 2252 ,
1309 2218 1382 2259 quid
1396 2221 1654 2261 quaeratamplius.
1677 2224 1786 2263 Neque
1798 2222 1870 2253 vero
1880 2224 1938 2254 hoc
1949 2224 2019 2296 loceq
2035 2225 2141 2264 exspe-

2021 2266 2137 2297 andum

208 2345 232 2362 1.
251 2337 443 2371 similitervos]
464 2335 578 2362 Vicstorii
590 2334 674 2362 editio
687 2338 762 2371 simile
773 2346 829 2363 vos.
849 2338 986 2373 quomodo
999 2337 1026 2362 S.
1039 2337 1135 2364 Vic‘to-
1157 2344 1160 2378 J

168 2371 206 2398 ris
217 2373 245 2398 δε
257 2373 314 2398 Pal.
333 2372 382 2399 sec.
405 2381 463 2400 nani
476 2374 610 2408 pi·.fimiles
621 2382 674 2398 vas.
694 2372 750 2400 fere
762 2373 798 2400 est
818 2381 959 2409 utramque
975 2382 1066 2400 vocem
1086 2374 1134 2401 ha-

172 2407 246 2435 beam
257 2418 306 2443 pro
315 2408 476 2435 adulterina.
496 2409 528 2434 'iis
539 2408 598 2434 saue
609 2408 717 2442 deletis,
727 2410 796 2436 belle
807 2410 909 2446 reliqua
919 2409 1077 2445 procedunt.

205 2453 234 2470 ε..
254 2445 440 2479 asenaphanem]
462 2444 531 2471 Pan.
549 2444 603 2472 duo
613 2448 737 2473 Zenonem.
761 2453 790 2473 ut
801 2447 829 2473 δε
840 2445 906 2473 Aldi
916 2446 1025 2473 senioris
1038 2446 1132 2474 editio.

168 2480 197 2506 S.
209 2479 325 2506 Victoris
336 2483 512 2513 Xenophontem.

2107 2325 2134 2333 -ρ

1209 2338 1236 2365 8.
1256 2342 1417 2365 Stratoniceus
1429 2341 1580 2367 hietrodorm·
1596 2341 1757 2375 putabatur]
1778 2342 1822 2368 Sic
1831 2340 1940 2377 quidem
1951 2342 2037 2369 Palat.
2047 2342 2136 2371 secum

1171 2374 1216 2401 sed
1226 2376 1306 2411 prim.
1319 2375 1487 2403 iolummodo
1499 2376 1618 2413 praefert,
1629 2382 1709 2404 Strato
1719 2380 1962 2411 Nicaeusputahaeur.

1207 2420 1236 2447 9.
1256 2413 1323 2438 Philo
1332 2413 1434 2446 vistern]
1456 2413 1525 2440 Pall.
1543 2415 1571 2440 &
1583 2415 1610 2440 S.
1621 2414 1738 2441 Vicioi-is
1757 2416 1830 2447 noster
1847 2414 2076 2451 revocandamque
2086 2425 2136 2452 pu-

1172 2447 1275 2480 tassem,
1288 2448 1335 2474 nisi
1345 2449 1459 2475 alterum
1469 2450 1642 2485 pertinaciter
1653 2451 1778 2486 perstaret
1790 2450 1816 2476 in
1829 2450 1951 2476 omuibus
1962 2450 2023 2477 edd.

1210 2493 1251 2510 ιο.
1274 2488 1321 2510 Nos
1335 2486 1418 2518 facere
1427 2495 1490 2511 nunc
1507 2487 1676 2521 ingredimur]
1699 2488 1726 2512 S.
1736 2486 1855 2513 vtetur-is
1875 2487 2024 2519 adgredimur
2034 2506 2042 2519 ,
2055 2488 2083 2514 ὃ(
2095 2488 2133 2517 ita

207 2524 234 2551 3.
255 2517 328 2549 Qast
343 2524 417 2541 meme
430 2518 551 2551 incitati]
574 2518 600 2543 S.
613 2517 730 2544 Victoris
742 2517 810 2545 liber
822 2538 830 2550 ,
841 2522 911 2545 citati
923 2538 930 2551 ‚
941 2518 1013 2554 quod
1024 2518 1132 2546 videtui·
1170 2520 1349 2547 Lanibiniaiii.
1370 2521 1442 2557 prius
1454 2529 1541 2549 tamen
1554 2523 1631 2549 restat
1642 2532 1667 2549 in
1680 2522 1747 2548 Pau.
1761 2522 1876 2558 edd.que
1888 2523 2023 2550 omnibus.

165 2552 465 2588 probasseGul'ielniius.
483 2563 533 2589 ego
542 2553 663 2580 adlicer-eo
676 2553 831 2590 publicatis,
841 2555 882 2582 cui
892 2556 919 2581 ὃ(
932 2555 1024 2583 favent
1034 2555 1102 2583 Pall.

202 2596 230 2620 4.
255 2590 311 2614 Tum
322 2594 416 2614 exortm
423 2591 469 2620 eff,
480 2593 540 2615 uti71
548 2593 634 2622 optima
646 2609 653 2622 ‚
663 2591 731 2624 dyst]
754 2592 795 2617 lta
806 2591 874 2618 Pall.
886 2599 915 2618 uz
925 2593 953 2617 δε
965 2592 1065 2619 vetuste
1076 2593 1129 2619 im·

165 2624 254 2660 pressi.
281 2633 339 2650 nain
352 2624 487 2651 victorius
501 2644 509 2656 ,
528 2632 578 2650 rum
588 2633 614 2650 ut
624 2634 718 2652 exortus
733 2629 797 2659 issi-'n
807 2634 852 2660 opt.
874 2627 1019 2655 Lambinus
1030 2628 1129 2661 edidit,

165 2668 193 2686 ut
203 2668 298 2686 exorim-
308 2662 336 2691 efi‘
346 2664 371 2685 iri
380 2667 427 2692 opt.
449 2660 535 2696 sicque
546 2660 596 2687 esse
605 2662 632 2688 in
645 2662 802 2698 Gryphiano
812 2662 903 2690 codice
913 2664 1003 2700 prodit
1014 2667 1128 2698 Brutus,

164 2696 192 2723 in
203 2698 231 2723 S.
245 2696 360 2723 v‘icstoi-is
373 2696 546 2723 Gulielmius.

203 2742 229 2766 5.
248 2733 428 2764 Al111da'jtci-er,
441 2733 635 2767 aliudsc'nrirer]
661 2732 756 2760 Codex
768 2735 796 2760 S.
807 2733 936 2767 ViStoris,
946 2737 1016 2761 aLv‘ud
1023 2738 1129 2771 agnofie-

161 2775 212 2800 ret,
222 2770 410 2802 aliudfi7itiret5
431 2769 480 2795 hoc
490 2769 526 2796 est
539 2788 546 2800 ,
559 2769 646 2805 inquit
657 2769 819 2799 Gulielmius
834 2790 842 2802 ,
857 2774 969 2804 probaret
981 2791 989 2803 ,
999 2781 1028 2798 ac
1036 2782 1092 2808 prae
1103 2775 1127 2801 se

163 2803 260 2832 ferret.
282 2806 424 2831 Terentius
438 2816 442 2832 :
457 2816 500 2831 non
510 2806 599 2839 agnosco
609 2807 671 2838 istud
678 2808 783 2838 vestrum
792 2814 842 2832 ram
845 2808 982 2841 superbum.
1002 2809 1126 2844 equidem

166 2847 271 2871 vereor.
283 2851 314 2868 ne
326 2850 417 2868 manus
428 2842 569 2868 Guliclinii
581 2842 946 2879 erraverit‚{cribendumque
957 2843 999 2876 sit,
1011 2847 1080 2872 aliud
1087 2847 1126 2871 di·

163 2883 234 2909 cerer,
245 2878 314 2903 aliud
322 2879 461 2912 agn-ostent.
483 2878 596 2904 Palatini
608 2878 688 2905 nostri
701 2878 766 2904 nihil
778 2886 893 2906 mutant.

200 2912 229 2938 6.
249 2914 350 2939 Audi-ait
357 2917 419 2940 enim
428 2915 574 2949 qussnum]
597 2915 640 2940 Sic
649 2915 714 2940 olim
727 2915 779 2941 cusi
791 2934 800 2947 ,
819 2916 852 2942 sic
863 2915 931 2942 Pall.
952 2925 1038 2953 neque
1047 2918 1125 2945 aliter

164 2953 276 2974 ‘locatur
286 2950 406 2976 La‘e'rtio.
427 2951 494 2977 male
507 2950 653 2977 Lambinus
665 2952 691 2977 8<
704 2953 815 2981 Brutus,
826 2954 961 2986 Egifimuni.

157 3013 161 3016 ι
201 2991 228 3017 7.
248 2987 336 3018 Ingenii
352 2996 397 3012 non
405 2990 485 3013 minm·
496 2990 521 3013 in
531 2989 570 3012 hoc
579 2987 687 3022 quiimin
704 2989 827 3014 Carneadi·
845 2989 999 3024 eloquentia]
1020 2989 1123 3017 Locum

162 3020 252 3055 arguit
263 3019 363 3047 mendae
382 3021 511 3049 librorum
522 3023 690 3050 dissonantia.
711 3025 768 3050 Pal.
788 3023 875 3051 secun.
894 3034 945 3051 non
957 3025 1074 3060 agnoscit
1090 3026 1124 3053 il-

160 3055 221 3087 lud,
232 3060 258 3082 in
267 3058 397 3083 Carneade.
419 3059 446 3084 S.
456 3058 573 3086 Vi&oi·is
593 3059 651 3087 fere
662 3060 740 3087 habet
751 3071 756 3088 :
778 3062 865 3094 ingenii
873 3063 918 3087 hac
927 3071 1001 3087 nonne
1009 3065 1035 3087 in
1044 3064 1123 3088 Char-

159 3092 254 3118 miada.
274 3101 307 3118 ex
318 3102 371 3128 quo
381 3092 497 3129 fingebat
507 3095 669 3123 Gulielmius
680 3106 689 3127 3
711 3100 798 3130 ingenii
817 3108 861 3123 non
871 3107 950 3123 mmm
959 3101 984 3124 in
995 3100 1125 3132 stazone,-

159 3130 185 3152 in
195 3129 483 3191 {maeotidis-eloquendas
493 3140 554 3160 iiam
563 3132 596 3160 de
607 3132 746 3162 Carneade
764 3143 818 3163 non
830 3133 950 3170 loquitur
962 3153 970 3168 ,
991 3133 1035 3163 sed
1044 3133 1122 3163 disci-

158 3172 194 3199 pu
207 3174 222 3192 o
234 3173 289 3200 ejus
299 3174 314 3192 a
326 3174 399 3200 iquo.

1209 2566 1236 2583 ix
1248 2561 1317 2593 -Qc
1326 2566 1412 2583 verum
1420 2559 1471 2591 esst,
1490 2561 1564 2584 ullam
1574 2562 1687 2585 rationem
1696 2559 1772 2593 disp]
1784 2558 1827 2584 Sic
1838 2558 1922 2585 editio
1935 2558 1999 2585 Aldi
2011 2559 2133 2593 senioris,

1168 2592 1203 2619 fic
1213 2593 1340 2620 vietor-ii.
1360 2603 1409 2620 nec
1418 2594 1496 2621 aliter
1507 2595 1620 2631 Gryphi'i
1634 2593 1680 2621 ms.
1692 2603 1738 2621 aut
1749 2594 1833 2621 Palat.
1853 2603 1894 2630 pr.
1907 2604 1966 2622 nam
1977 2596 2066 2623 iecun.
2087 2607 2134 2622 vc-

1167 2639 1230 2655 ram.
1250 2630 1281 2656 P.
1294 2630 1432 2656 Manutius
1452 2630 1553 2658 secutus
1573 2640 1654 2657 uuum
1666 2630 1763 2657 Maffxi
1785 2629 1882 2657 librum
1905 2630 2008 2665 edidit5
2026 2642 2067 2658 ner
2076 2641 2132 2659 *nei-0

1164 2666 1216 2700 effe.
1238 2665 1385 2692 Lambinus
1397 2669 1410 2692 e
1422 2665 1524 2694 duobus
1536 2667 1669 2693 codicibus
1680 2686 1688 2698 ‚
1704 2665 1764 2701 (sed
1774 2666 1841 2703 apud
1853 2676 1918 2702 quos
1930 2666 1997 2694 visos
2009 2687 2017 2699 ,
2029 2676 2076 2695 aut
2086 2669 2129 2695 ubi

1166 2701 1356 2738 repperiundos
1368 2701 1491 2737 subticet)
1504 2704 1619 2740 reposuit
1631 2723 1640 2736 ,
1652 2712 1785 2729 moveram
1795 2704 1836 2737 effe
1846 2703 1906 2737 disp.
1926 2703 2019 2738 ejekiis
2031 2724 2040 2737 ‚
2058 2707 2130 2731 ullam

1166 2742 1288 2764 rationem.
1316 2738 1443 2765 Mascule.

1205 2783 1214 2800 i
1221 2783 1247 2801 2.
1264 2775 1317 2808 Ipsa
1327 2776 1448 2801 widi-ntia
1458 2778 1558 2808 reperiri
1562 2775 1646 2810 possin]
1657 2776 1742 2802 Voces
1752 2774 1811 2802 dua:
1821 2775 1958 2811 postremae
1969 2775 2021 2804 fine
2031 2775 2129 2804 damno

1163 2809 1300 2837 sententia:
1310 2811 1372 2836 tolli
1382 2818 1516 2847 poterant.

1204 2855 1245 2882 ¹3-
1265 2850 1374 2872 Homines
1383 2849 1519 2881 qzeibiqfcmii
1539 2847 1691 2881 diffirarmu]
1716 2847 1774 2875 Pal.
1784 2857 1825 2884 pr.
1837 2848 1960 2883 differant.
1971 2856 2129 2886 poteratque

1163 2881 1284 2914 admitti,
1295 2883 1341 2909 nisi
1352 2883 1437 2909 statim
1450 2885 1603 2919 sequeretur
1612 2890 1713 2916 putarit.

1202 2927 1244 2952 14.
1263 2919 1476 2954 Α’κωτᾰιληνὲον]
1498 2919 1638 2946 Turnebus
1651 2919 1757 2947 lib.v11.
1768 2920 1883 2948 Advers.
1897 2930 1983 2959 capa.
1995 2931 2126 2957 reponeri-

1162 2954 1225 2981 dum
1238 2963 1314 2991 putat
1324 2955 1480 2988 κωτιὶλητὶῐον.
1497 2954 1540 2982 scd
1550 2956 1642 2983 invitis
1654 2956 1712 2984 mss.
1723 2956 1816 2984 nostris
1830 2956 1926 2985 tribus.
1946 2957 2087 2986 videantur
2097 2960 2124 2986 Sc

1162 2999 1232 3018 notae
1249 2992 1385 3019 Lambini.
2114 2995 2117 2998 '

1201 3037 1210 3053 i
1218 3036 1244 3061 5.
1255 3029 1328 3062 ⁷³⁰ff⁶²
1338 3037 1367 3054 ex
1375 3038 1397 3054 eo
1406 3028 1466 3053 unde
1475 3037 1520 3054 non
1529 3028 1606 3063 effen]
1619 3029 1664 3055 Sic
1679 3029 1747 3056 Pau.
1755 3029 1858 3062 duo-,sic
1868 3029 1999 3056 editiones
2010 3029 2125 3057 Vit‘torii

1162 3063 1190 3089 δε
1201 3063 1288 3091 Paulli
1301 3065 1427 3091 Manuti‘i.
1448 3073 1506 3091 nam
1518 3065 1599 3100 pati-is
1610 3065 1665 3099 ejus
1676 3066 1801 3102 amplius,
1810 3067 1890 3100 posset,
1899 3073 1925 3092 ut
1934 3076 1963 3092 ex
1972 3077 1994 3092 eo
2002 3067 2039 3097 clf.
2053 3066 2126 3102 quod

1163 3100 1295 3126 sturmius
1314 3099 1413 3136 aliique
1432 3100 1459 3127 in
1479 3101 1549 3127 hunc
1566 3101 1647 3137 usque
1664 3102 1737 3129 dieni
1759 3104 1927 3129 retinuerunt
1941 3123 1948 3134 ,
1970 3102 2011 3129 sed
2031 3110 2127 3138 praetci·

1162 3134 1222 3198 pass.
1234 3135 1380 3165 Lambinus
1391 3136 1436 3165 suo
1447 3146 1522 3164 more
1533 3157 1542 3170 ,
1562 3138 1647 3166 multi
1657 3138 1760 3168 addidit
1773 3159 1782 3174 ,
1802 3139 1888 3168 multa
1899 3139 2006 3168 abstulit
2018 3157 2026 3171 ‚
2045 3138 2126 3164 nimis

1173 3178 1286 3201 menter,

1488 3209 1688 3239 Hhhhhhz
2048 3210 2129 3242 ι.ζὲἕὶ
