2360 3400
608 119 864 166 Eam-r.
927 134 1014 166 An
1084 111 1502 176 Ara-teuta,
1562 116 1708 162 Lrn.
1757 113 1867 163 XV.

2100 130 2192 178 923

250 207 263 227 ¹
286 201 427 235 infirmet
436 200 524 235 silio.
543 200 684 231 Inaudivi
695 203 731 231 L.
742 201 882 232 Pisonem
891 201 970 231 velle
980 201 1061 231 exire
1073 200 1204 241 legatum
1243 197 1380 227 excusare
1397 195 1565 228 tarditatem
1577 196 1743 226 litterarum
1758 204 1903 226 mearum.
1916 196 1943 223 ¹3
1955 192 2135 225 Mundusis.
2145 197 2196 225 Tu

193 276 199 283 .
247 240 490 290 ψόῦδέᾳζρᾳόφῳ
500 250 573 280 S.C.
584 249 676 279 velim
688 250 759 280 scire
771 270 779 283 ,
791 249 864 290 quid
877 249 922 280 sit.
945 249 1131 280 Tabellarius
1140 249 1202 282 ille,

224 289 228 294 “
246 303 344 334 ςυειη
360 293 415 322 tibi
431 292 571 322 ‘dixeram
582 290 598 321 a
612 301 661 322 me
675 291 709 322 ad
723 293 845 321 Brutum
857 290 914 321 effe
923 289 1049 321 miffum
1059 292 1091 320 in
1103 293 1202 330 Anag-

247 337 356 366 ninum
372 355 381 368 ‚
390 333 426 364 ad
437 343 487 363 me
500 334 585 363 venit
594 343 626 363 ea
636 332 736 366 norite,
746 343 811 374 quae
824 335 964 372 proxima
973 340 1040 362 ante
1052 331 1119 361 Kal.
1129 330 1200 365 fuit;

246 376 416 416 litterasque
437 375 472 405 ad
483 384 533 405 me
542 375 658 405 attulit:
676 377 709 405 in
720 375 828 416 quibus
838 384 934 404 unum
945 374 1079 404 alienum
1091 376 1106 392 2
1116 373 1200 403 sum-

246 427 299 448 ma
317 417 365 447 sua
385 416 540 456 prudentia
553 435 562 450 ,
587 419 599 443 3
620 416 703 447 idem
717 416 794 447 illud
807 436 816 450 ,
843 425 876 446 ut
886 415 1014 455 speRem
1025 414 1112 445 ludos
1121 414 1199 444 suos.

244 457 374 498 rescripsi
383 459 493 489 scilicet
501 478 510 492 ,
520 457 656 499 primum
666 468 715 489 me
724 459 788 499 jam
798 456 967 498 profefifflm
983 477 992 490 ‚
1005 465 1111 487 utnon
1121 458 1200 485 inte-

244 516 333 550 grum
346 505 379 538 fic
393 518 399 536 :
413 507 484 538 dein
494 528 503 540 ,
524 501 732 533 oe'mem‘rvv
741 506 800 538 effe
809 527 818 541 ‚
841 517 891 537 me
900 526 910 539 ‚
923 508 975 547 qui
986 508 1120 536 Romam
1129 514 1200 534 om-

248 551 325 580 nino
345 548 412 588 post
421 551 484 580 haec
493 558 572 579 arma
582 558 646 579 non
654 547 822 579 access'erim
834 568 842 582 ,
860 547 994 588 nequeid
1004 556 1065 578 tam
1075 547 1200 587 periculi

248 592 311 621 mei
321 592 404 621 causa
410 590 546 624 fecerim,
560 590 651 631 quam
660 590 818 631 dignitatis,
829 590 928 620 subito
938 589 973 619 ad
983 589 1071 619 ludos
1082 590 1196 620 venire.
1210 612 1213 614 .

247 633 298 663 tali
326 635 410 663 enim
438 641 573 672 tempore
606 632 694 662 ludos
713 630 1038 662 facereillihonestum
1048 630 1108 665 est,
1125 631 1199 660 4cui

246 673 345 711 neceffe
362 674 414 704 est.
433 673 560 714 speetare
579 675 657 703 mihi
667 682 700 704 ut
710 683 772 704 non
782 673 824 704 est
834 671 963 706 neceffe,
984 676 996 700 5
1009 671 1047 703 fic
1055 682 1093 702 ne
1104 673 1199 702 hone-

245 714 325 746 stum
344 715 469 756 quidem
488 715 540 746 est.
557 715 698 755 equidem
718 716 788 745 illos
796 714 935 745 celebrari
947 734 956 748 ,
975 715 1008 745 δε
1025 713 1082 744 effe
1107 723 1196 754 quam

246 757 431 802 graviffimos
446 756 622 788 mirabiliter
631 758 722 796 cupio
734 767 740 785 t
758 757 849 796 idque
860 758 899 786 ita
907 754 1043 786 futurum
1054 754 1111 785 esse
1122 764 1198 785 con-

246 799 327 829 hdo:
352 800 385 830 δε
404 808 501 829 tecum
519 808 594 838 age,
615 807 647 827 ut
663 799 727 836 jam
746 797 782 827 ab
800 796 1081 837 ipsacommiffione
1091 796 1126 827 ad
1135 807 1196 830 me,

243 840 504 880 quemadmodum
522 841 703 878 accipiantur
717 850 726 872 3
743 838 854 868 deinde
865 840 996 868 omnino
1010 839 1197 878 reliquorum

243 882 310 913 dies
334 881 462 922 singulos
480 881 658 920 persequare.
681 879 730 909 sed
751 879 789 909 de
805 879 882 909 ludis
899 878 1051 909 haetenus.
1070 881 1202 920 Reliqua

245 933 312 963 pars
336 922 352 943 ⁶
369 922 500 963 epistolae
521 921 564 951 est
580 921 631 950 illa
648 921 771 961 quidem
791 922 823 950 in
837 930 994 961 utramque
1002 930 1131 961 partem:
1148 922 1199 952 sed

245 973 346 995 tamen
368 963 534 994 nonnullos
552 961 703 992 interdum
721 962 793 1001 jacit
810 962 945 1002 igniculbs
970 964 1092 993 viriles:
1113 963 1196 1003 quod

1242 239 1288 267 M.
1298 240 1416 269 Ennius
1425 238 1498 279 quid
1511 239 1604 278 egerit
1613 238 1649 268 de
1664 237 1842 268 testamento
1861 237 2015 275 (curiosus
2029 236 2135 277 enim)
2153 235 2198 269 fa-

1240 281 1300 310 cias
1315 289 1365 310 me
1383 280 1477 311 velim
1493 281 1663 311 certiorem.
1685 282 1733 311 Ex
1744 280 1945 319 Arpinatbvr-
1959 287 2036 310 nou.

1468 348 1657 377 CICERO
1687 348 1900 380 ATTICO,
1935 348 1964 377 S.

1327 403 1446 431 Atmzo
1457 400 1490 433 id
1500 410 1527 431 te
1539 402 1616 431 mihi
1627 400 1756 434 suadere,
1767 400 1848 441 quod
1861 411 1916 441 ego
1926 410 1993 432 mea
1997 400 2093 441 sponse
2103 398 2197 441 pridie

1327 441 1467 472 feceram.
1487 452 1558 473 nam
1578 442 1649 472 cum
1669 442 1704 472 ad
1725 451 1754 472 te
1772 452 1822 472 vx.
1836 444 1942 473 Nonas
1951 442 2052 473 darem
2065 463 2074 477 ‚
2096 441 2196 472 eidem

1236 489 1388 521 tabellario
1397 491 1465 522 dedi
1474 494 1564 522 etiam
1576 492 1611 522 ad
1620 491 1882 532 Sestium,scriptas
1895 485 1979 518 πάνυ
1995 483 2202 529 φ.’λοςέρ7ω9.

1239 531 1295 560 Ille
1319 542 1419 562 autem
1432 553 1441 567 ,
1459 532 1542 574 quod
1562 534 1700 564 Puteolos
1712 535 1920 574 prosequitur,
1943 534 2093 566 humane,
2112 532 2196 573 quod

1237 574 1369 612 queritur
1385 594 1394 607 ,
1415 574 1537 614 injuste.
1564 585 1628 605 non
1646 577 1731 605 enim
1751 585 1807 616 ego
1827 584 1888 605 tam
1905 575 1996 605 illum
2016 574 2194 614 exspefihre,

1237 623 1308 644 cum
1319 615 1356 644 de
1366 616 1482 646 Cosano
1495 615 1602 646 rediret
1613 637 1620 649 ‚
1644 617 1732 646 debui
1746 636 1753 650 ‚
1765 616 1856 657 quam
1865 617 1917 646 ille
1927 626 1976 646 aut
1990 626 2053 646 non
2064 618 2105 646 ire
2115 626 2194 648 ante,

1236 656 1328 696 quam
1339 666 1388 686 me
1406 655 1527 687 vidiffet
1541 678 1548 690 ‚
1574 667 1622 687 aut
1633 658 1722 688 citius
1732 668 1847 689 reverti.
1872 658 1980 689 sciebat
1990 660 2074 688 enim
2086 667 2135 688 me
2145 669 2194 688 ce-

1235 696 1337 726 leriter
1347 698 1428 727 velle
1442 697 1589 739 proficisci
1603 718 1611 731 ‚
1633 700 1750 740 seseque
1759 700 1793 729 ad
1805 710 1854 729 me
1865 710 1896 730 in
1907 699 2113 731 Tusculanum
2125 700 2197 730 scri-

1235 738 1330 778 pserat
1348 738 1406 769 effe
1415 748 1588 770 venturum.
1613 743 1659 770 Te
1673 760 1681 773 ,
1702 741 1757 770 uta
1769 751 1817 771 me
1828 740 2010 775 discesseris,
2029 741 2193 778 lacrimaffe,

1239 780 1366 810 moleste
1386 780 1528 811 ferebam.
1572 781 1630 811 uod
1651 780 1671 810 si
1682 792 1730 811 me
1742 783 1882 821 praesente
1894 781 2021 817 fecisses,
2033 780 2195 813 confilium

1237 823 1330 852 totius
1341 824 1457 852 itineris
1470 822 1546 853 forta
1570 822 1588 853 'e
1599 821 1769 853 mutass‘em.
1790 824 1839 853 sed
1849 824 1923 854 illud
1935 823 2070 864 praeclare
2081 844 2090 858 ‚
2110 823 2196 864 quod

1238 872 1267 893 te
1281 865 1430 894 consolata
1440 864 1482 895 est
1492 866 1554 905 spes
1565 865 1648 895 brevi
1656 874 1790 904 tempore
1800 866 2013 905 congrediendi
2025 877 2030 895 :
2050 876 2116 906 quae
2125 868 2195 906 quiu

1236 904 1306 935 dem
1326 906 1508 946 exspe6katio
1526 916 1577 936 me
1596 908 1732 936 maxime
1752 905 1899 936 sustentat.
1924 917 1998 937 meae
2021 907 2076 937 tibi
2088 908 2193 937 littera:

1238 957 1302 977 non
1313 947 1446 978 deerunt.
1469 951 1518 978 De
1528 950 1631 981 Bruto,
1643 948 1767 979 scribam
1779 948 1813 978 ad
1826 958 1851 979 te
1864 951 1979 978 omnia.
2000 949 2125 979 Librum
2137 949 2195 979 tibi

245 1007 332 1047 quale
343 1005 398 1035 tibi
409 1005 567 1037 videretur,
580 1013 612 1034 ut
621 1002 718 1044 posses
728 1005 922 1043 interpretari,
935 1003 1002 1034 misi
1011 1004 1046 1035 ad
1055 1015 1082 1035 te
1092 1015 1179 1035 exem
1187 1023 1200 1029 -
1234 997 1526 1043 celeriter-umnam
1537 998 1676 1045 deglorie-
1696 997 1843 1028 excudam
1852 997 1966 1038 aliquid
1976 986 2199 1044 ”ff'fffl‘f’ifi’h

245 1047 331 1087 plum
342 1045 482 1086 epissoiae.
501 1055 683 1086 quamquam
694 1047 771 1075 mihi
782 1046 949 1076 tabellarius
960 1045 1060 1076 noster
1072 1047 1197 1080 dixerat,
1237 1038 1319 1079 quod
1338 1040 1466 1070 lateatin
1481 1040 1624 1070 thesauris
1635 1048 1702 1070 tuis.
1725 1042 1773 1070 De
1783 1040 1912 1074 Planco,
1937 1048 2075 1069 memini.
2100 1042 2196 1069 Attica

242 1087 299 1118 tibi
321 1098 441 1129 quoque
457 1088 486 1117 se
506 1086 634 1117 attuliss’e
653 1087 763 1117 litteras
779 1087 794 1117 a
813 1090 904 1118 Bruto
915 1108 924 1122 ‚
943 1093 959 1115 7
977 1088 1080 1129 easque
1091 1088 1127 1119 ad
1139 1097 1167 1119 te
1180 1088 1196 1118 ὲ

243 1129 418 1160 Tusculano
437 1128 495 1159 effe
515 1129 632 1159 delatas.
656 1131 838 1167 Egoitiuera
849 1127 1144 1169 ficcomposueram,
1166 1139 1198 1160 ut
1215 1131 1218 1172 1

244 1171 349 1201 Nonis
367 1173 473 1212 Qint-
497 1171 631 1201 Puteolis
650 1168 751 1200 ess'em¹
780 1170 866 1200 valde
885 1173 969 1201 enim
988 1170 1099 1202 festino
1119 1184 1127 1206 ς
1157 1173 1197 1202 ita

245 1222 347 1243 tamen
359 1233 367 1246 ,
396 1222 429 1243 ut
440 1233 448 1246 ,
469 1222 612 1253 quantum
623 1214 718 1242 homo
727 1211 812 1252 possit
825 1222 930 1253 ‚quam
941 1211 1104 1243 cautissime
1115 1215 1199 1244 navia

218 1254 227 1256 ἡ
244 1264 323 1296 gem.
345 1257 390 1284 M.
411 1255 526 1284 AElium
546 1264 614 1284 cura
633 1253 788 1283 liberabis:
810 1249 857 1284 8is
867 1264 916 1284 me
927 1265 1036 1294 paucos
1048 1255 1152 1294 specus
1166 1257 1198 1285 in

245 1305 386 1326 extremo
405 1296 522 1329 fundo,
544 1296 576 1325 &
599 1306 648 1325 eos
668 1296 793 1336 quidem
807 1296 1032 1330 subterraneos,
1047 1297 1199 1336 servitutis

247 1342 264 1365 9
285 1338 301 1367 ὲ
319 1338 432 1378 puteali
447 1338 520 1378 quid
540 1337 714 1367 habituros:
736 1338 766 1366 id
777 1339 964 1376 mejamjam
975 1339 1077 1373 nolle,
1101 1348 1198 1379 neque

246 1380 326 1410 mihi
346 1376 509 1420 quidquam
530 1378 587 1408 esse
609 1379 700 1411 tanti,
722 1377 772 1408 sed
786 1398 794 1412 ,
813 1388 845 1409 ut
863 1379 1088 1413 mihidicebas,
1107 1390 1196 1420 quarn

244 1419 413 1454 leniffime3
434 1419 535 1460 potius
548 1429 581 1450 ut
592 1430 660 1450 cura
671 1420 821 1454 liberetur,
832 1421 923 1460 quarn
935 1430 966 1451 ut
973 1431 1024 1451 rne
1032 1422 1200 1452 succensere

244 1462 358 1503 aliquid
386 1463 558 1502 suspicetur.
580 1461 704 1491 1dem¹0
717 1461 752 1491 de
762 1462 817 1491 illo
838 1463 984 1492 Tulliano
1002 1465 1095 1502 capite
1106 1462 1199 1492 libere

244 1514 315 1535 curn
325 1504 459 1534 Cascelio
469 1504 599 1543 loquare.
625 1513 711 1543 parva
722 1512 767 1532 res
776 1502 818 1533 est
833 1514 838 1532 τ
851 1503 899 1533 sed
908 1513 939 1533 tu
950 1504 1026 1534 bene
1037 1503 1197 1534 attendisti:

244 1546 340 1576 nimis
358 1545 465 1576 callide
484 1544 631 1584 agebatur.
659 1554 716 1585 ego
733 1553 831 1574 autern
843 1564 852 1578 ,
874 1543 894 1574 fi
912 1547 992 1575 mihi
1010 1544 1199 1585 imposuisset

241 1586 357 1627 aliquid
368 1607 377 1620 ‚
393 1586 474 1627 quod
482 1596 567 1626 paene
576 1585 666 1619 fecit,
682 1584 736 1616 nisi
750 1594 798 1616 tua
812 1587 927 1617 malitia
936 1585 1063 1618 affuiflet
1074 1608 1082 1621 ,
1093 1588 1198 1617 animo

242 1631 350 1669 iniquo
368 1627 510 1658 tuliffem.
531 1630 685 1668 itaque;¹¹
706 1635 738 1658 ut
748 1630 865 1662 uterit',
878 1638 942 1658 rem
953 1629 1096 1669 impediri
1106 1629 1197 1659 malo.

245 1682 272 1699 ¹²
285 1677 428 1708 o&avam
449 1686 561 1717 partem
572 1677 627 1707 tuli
636 1678 832 1707 luminarium
843 1679 875 1707 in
884 1677 994 1708 aedium
1007 1668 1128 1716 ἆθυρφ.
1151 1680 1200 1709 Ne

242 1721 420 1750 memineris
444 1720 492 1748 cui
512 1719 655 1749 Caerellia.
678 1719 797 1748 Videris
819 1721 973 1759 mancipio
993 1720 1062 1750 dare
1077 1719 1113 1750 ad
1132 1730 1198 1750 eam

243 1762 394 1791 summam
406 1780 415 1793 ,
436 1770 503 1800 quae
521 1760 574 1790 sub
583 1769 718 1799 praecone
736 1759 794 1790 fuit
807 1762 960 1791 maxima:
979 1761 1010 1791 id
1023 1763 1132 1800 opinor
1141 1761 1198 1791 effe

244 1812 310 1832 ccc
334 1811 438 1832 Lxxx.
463 1803 547 1830 Novi
558 1801 579 1830 fi
589 1801 661 1841 quid
676 1803 731 1831 erit
744 1821 753 1834 ‚
773 1810 859 1841 atque
869 1804 958 1832 etiam
970 1801 990 1831 si
1000 1802 1073 1842 quid
1082 1803 1198 1842 prospi—

241 1846 302 1874 cies
313 1863 321 1875 ,
342 1843 425 1883 quod
443 1841 578 1872 futurum
600 1852 702 1882 putes,
722 1842 829 1872 scribas
838 1843 873 1873 ad
883 1853 932 1872 me
942 1853 1032 1883 quam
1043 1842 1198 1883 saepiffime

241 1885 346 1916 velim.
369 1885 506 1918 Varroni,
520 1883 779 1924 quemadmodum
791 1883 847 1914 tibi
857 1885 1008 1918 mandavi,
1020 1886 1197 1914 memineris

273 2007 287 2025 Σ
295 2019 300 2024 .
319 2001 424 2032 Infirmet
431 1999 494 2023 Silio.
503 1997 619 2023 [naudi-vi
636 1999 667 2023 L.
677 1997 780 2030 Pisz‘rnem
795 2000 853 2023 velle
862 2000 925 2024 exire
933 1999 1033 2031 legatum
1042 1998 1152 2033 ψευδεΓγρ
1157 2001 1186 2024 :2-

237 2035 302 2068 4-2u.]
325 2035 365 2060 Ex
377 2034 514 2069 inquinata
523 2031 666 2059 Crusellini
677 2032 804 2067 scriptura
821 2033 963 2061 lectionem
978 2033 1043 2059 hanc
1053 2035 1122 2060 eruit
1134 2036 1188 2060 Bo-

237 2067 298 2101 lius,
310 2070 335 2096 in
346 2070 394 2095 illo
405 2070 475 2096 enim
487 2068 624 2104 legebatur
635 2087 643 2098 ‚
652 2069 907 2103 inaudibiliPrfincm5
929 2069 999 2096 unde
1009 2070 1135 2104 conjecit,
1149 2073 1189 2096 in-

232 2107 320 2131 audivi
328 2108 359 2131 L.
369 2107 486 2139 Pisonem:
505 2104 562 2131 mss.
572 2111 659 2131 autem
671 2113 728 2130 cum
740 2106 839 2132 excusis
850 2104 1036 2136 conveniebat,
1047 2106 1093 2141 qui
1104 2105 1136 2132 fic
1147 2115 1190 2132 re-

234 2141 337 2173 ferunt,
347 2144 448 2176 infirmet
455 2143 520 2166 silio.
538 2140 669 2167 Mandibilz
685 2142 717 2166 L.
726 2141 830 2174 Ptfimem
846 2143 927 2167 vellem
936 2144 999 2167 exire
1023 2143 1121 2174 legatum
1131 2142 1190 2175 ψευ-

232 2179 357 2212 ὀεγΐςίιφῳ
366 2182 391 2203 S.
401 2180 429 2203 C.
439 2178 489 2207 (ἑπι-
510 2175 645 2202 Corradus
656 2185 689 2202 ex
701 2175 748 2202 ms.
761 2176 788 2203 in
799 2187 852 2213 quo
862 2179 984 2212 e1·at,filto
994 2178 1134 2210 inaudibili,
1146 2177 1189 2204 le-

232 2213 350 2248 gendum
361 2213 468 2249 putabat
472 2214 524 2246 filio
532 2213 640 2238 amabili.
659 2211 772 2246 alii,filio
780 2215 916 2240 inamabili.

270 2258 298 2275 2.
316 2250 463 2282 summaliter
471 2248 624 2281 prudentia]
643 2252 692 2275 Sua
706 2257 771 2284 ‚pro
783 2267 792 2280 ‚
810 2256 854 2275 tua
864 2269 873 2281 ,
900 2248 971 2285 quod
990 2249 1064 2285 prius
1075 2248 1183 2284 legeba-

236 2292 281 2311 tur
290 2294 324 2312 ex
335 2293 402 2311 vett.
415 2284 472 2310 mff.
482 2283 634 2311 emendavit
645 2283 791 2311 ViEtorius.

271 2329 299 2356 3.
319 2321 380 2347 Idem
389 2321 456 2351 illud,
467 2322 608 2353 urspeHem,
617 2320 685 2353 εἶχε]
705 2320 766 2345 Idem
775 2321 844 2353 illud,
854 2319 924 2348 deest
934 2321 960 2347 in
972 2320 1099 2356 vulgatis.

271 2364 299 2389 4.
318 2359 364 2382 Cui
371 2358 453 2389 neceffi
461 2359 505 2382 efl.
523 2358 631 2388 spec‘lare
647 2357 705 2381 mihi
720 2363 748 2381 ut
757 2357 828 2391 nom]
848 2356 929 2392 Vulg.
948 2360 986 2382 cui
1003 2367 1047 2382 mm
1055 2357 1138 2390 neceffe
1152 2359 1188 2383 ef}

232 2393 351 2425 {baffi-ire.-
368 2395 460 2418 mihiut
467 2401 511 2417 non
521 2394 562 2419 eff.
584 2392 679 2418 Petrus
690 2392 774 2418 Faber
783 2391 830 2418 lib.
843 2402 851 2418 i
859 2401 878 2419 t.
890 2393 1059 2419 §emeth-ium
1070 2402 1126 2429 cap.
1137 2401 1185 2427 25.

234 2426 370 2459 emendat,
381 2429 458 2453 Ludos
463 2429 570 2461 speHare
579 2430 599 2453 ei
608 2429 720 2460 honestum
729 2430 772 2459 eff,
783 2431 822 2454 cui
830 2430 912 2461 necesse
921 2431 956 2455 ef}
956 2430 1050 2461 facere.

273 2472 298 2495 5.
307 2466 345 2489 Sic
353 2473 380 2489 ne
388 2465 502 2495 honestum
510 2464 602 2496 quidem
611 2463 672 2497 ess]
688 2463 730 2489 Sic
739 2463 869 2490 edendnm
881 2465 985 2491 curavit
995 2464 1138 2492 Lambinus
1149 2473 1183 2492 ex

231 2499 287 2525 mss'.
298 2508 359 2525 cnm
372 2499 471 2536 vulgati
481 2508 572 2525 omues
583 2499 741 2534 habeant‚fic
750 2509 792 2526 nec
799 2502 911 2530 honestum
921 2503 965 2527 εξῖ.

268 2535 296 2561 6.
316 2537 417 2568 Epistolae
434 2536 465 2566 est
472 2537 513 2561 illa
521 2536 613 2569 qui-iem
629 2538 656 2561 in
673 2542 798 2570 utramque
814 2537 931 2571 partem]
953 2536 1007 2563 Hic
1023 2537 1184 2573 integriores

230 2570 290 2598 sunt
302 2590 310 2602 ,
330 2571 513 2597 Tornaesianus
523 2572 551 2597 &
563 2570 726 2598 Cruselliuus
745 2581 810 2607 quos
822 2572 946 2608 sequutus
954 2573 991 2600 est
1001 2573 1089 2600 Bofius
1101 2576 1182 2609 quani

229 2607 318 2633 excusi
330 2616 337 2637 3
357 2608 394 2634 ita
403 2607 474 2633 euim
485 2606 538 2632 haec
548 2607 667 2639 referunt
678 2627 686 2638 ‚
699 2610 856 2642 reliqunpeirs
866 2610 957 2641 eptstolae
965 2612 1000 2634 eff
1007 2611 1049 2635 illa
1058 2611 1149 2643 quiriem
1156 2613 1183 2636 in

229 2651 354 2677 utramque
363 2651 462 2675 partem.
475 2643 520 2676 sed
527 2650 605 2668 tamen
614 2645 731 2669 nonnullos
742 2662 750 2674 ,
768 2644 818 2674 &a
841 2644 942 2679 vulgati
952 2644 985 2671 sic
996 2663 1004 2677 ‚
1023 2647 1116 2679 reliqua
1120 2653 1183 2678 pars

228 2681 330 2712 epistole,
340 2681 380 2705 illa
389 2688 489 2713 namque
497 2682 522 2704 in
532 2686 664 2712 atramque.
677 2679 721 2711 fid
727 2685 817 2709 tamen,
826 2679 889 2715 &ecq

266 2723 282 2748 7
289 2735 294 2741 .
315 2718 407 2749 Easque
417 2716 450 2740 ad
458 2723 479 2740 te
488 2716 498 2740 e*
507 2714 588 2748 wasia]
610 2716 628 2739 V
636 2714 691 2749 ulg.
702 2715 783 2748 easque
792 2715 809 2740 A
817 2717 883 2748 Tufi-

264 2750 292 2777 8.
312 2754 337 2776 Is
347 2760 380 2776 me
386 2759 473 2783 paucos
488 2750 597 2784 specm.]
618 2750 698 2785 Vulg.
717 2759 776 2775 cura
793 2752 878 2776 libera.
898 2754 919 2776 ei
922 2752 971 2784 sme
978 2758 1065 2783 paucos
1074 2754 1158 2786 specui·
1172 2765 1181 2786 ,-

228 2794 284 2820 quae
295 2787 331 2814 est
341 2786 455 2813 ViStorii
466 2786 627 2817 emendatio,
637 2787 698 2812 cuni
711 2786 782 2821 prius
793 2786 927 2822 legeretur
939 2806 946 2818 ‚
957 2791 997 2814 Μ.
1007 2790 1113 2815 aAElium
1123 2798 1181 2815 cura

224 2824 302 2847 libera
309 2823 348 2848 vis
357 2832 390 2848 me
397 2831 476 2855 pauca
484 2825 520 2855 spe
532 2841 539 2853 ‚
550 2824 600 2853 ὅγε.
621 2821 670 2848 Sed
682 2821 770 2848 Bonus
784 2831 869 2858 veram
880 2822 1022 2849 lethonem
1042 2823 1178 2859 sequutus,

227 2866 304 2892 quain
314 2861 329 2884 e
340 2857 624 2894 Crusellino-expreffit
637 2877 644 2889 ‚
654 2857 748 2884 edebat
761 2877 768 2889 ,
785 2862 824 2884 M.
835 2860 941 2886 &filium
949 2868 1008 2884 cura
1015 2860 1126 2885 liberabis
1135 2871 1142 2885 .·
1160 2861 1179 2885 is

221 2902 262 2917 -me
275 2901 361 2925 paucos
373 2896 458 2928 specus·
468 2913 477 2927 ,
495 2895 546 2925 &a
565 2893 635 2929 quod
655 2901 742 2921 tamen
761 2894 800 2930 pri
805 2903 833 2921 ns
855 2894 975 2921 viderant
994 2895 1129 2922 Corradus
1149 2896 1177 2922 δε

230 2927 388 2956 Lambinus.
498 2958 514 2963 ,

264 2972 294 2998 9.
312 2968 337 2990 A
340 2968 430 2998 puteali
438 2967 496 3000 quid
503 2967 651 3000 habituros]
673 2967 703 2992 ln
714 2966 881 2992 Tornaeflano
898 2974 954 2993 erat
968 2986 975 2997 ,
995 2967 1060 3000 apud
1067 2969 1114 2993 mle
1125 2979 1132 2993 :
1150 2967 1175 2994 iu

227 2999 379 3027 Crusellino
391 3019 399 3032 ,
407 3003 550 3033 apudtalis:
569 3003 615 3028 scri
638 3002 668 3029 sit
678 3001 767 3029 Bosius
777 3001 793 3028 ἃ
801 3005 908 3035 γυμνή,Δ
930 3002 1002 3038 vulg.
1013 3003 1076 3034 apud
1082 3004 1174 3029 Talm-e.

269 3043 309 3061 ιο.
329 3039 361 3061 De
368 3037 405 3062 illo
412 3038 540 3072 Tulliano]
553 3012 717 3064 Cruiiffliuus
728 3037 826 3070 codex,
835 3038 895 3064 idem
904 3039 930 3064 de
940 3040 975 3064 illo
983 3041 1086 3064 Tulliano
1095 3040 1175 3071 cupide

224 3071 295 3098 libere
304 3080 354 3096 cum
363 3072 471 3104 Cascellio
479 3075 572 3106 loquare
581 3085 590 3105 ‚·
611 3073 789 3109 reponendum
800 3074 904 3110 putavit
914 3074 1003 3101 Bonus
1015 3093 1023 3106 ,
1033 3076 1094 3100 Idem
1104 3075 1129 3099 de
1138 3077 1174 3101 illo

223 3107 339 3176 vellign}
337 3109 411 3168 ‘12:1¹'st
419 3109 489 3151 {ibere
497 3117 549 3136 cum
560 3109 665 3143 Cascellio
673 3112 781 3146 loquare,
791 3110 866 3147 vulg.
880 3111 994 3145 Tulliana,
1003 3112 1082 3144 cupide
1092 3112 1171 3138 libero.

218 3150 277 3168 am
305 3151 320 3167 a
332 3151 354 3168 ce
378 3152 400 3175 0,
409 3152 460 3173 &⁶-
1179 3149 1186 3153 “

1235 1082 1301 1120 jure
1317 1082 1460 1121 queritur.
1485 1080 1576 1123 Qod
1596 1090 1645 1111 me
1659 1081 1693 1111 de
1705 1082 1831 1115 Bacchi,
1854 1081 1891 1112 de
1902 1080 2061 1111 statuarum
2072 1082 2195 1111 coronis

1236 1124 1397 1153 certiorem
1418 1122 1533 1157 fecisti,
1549 1123 1635 1153 valde
1655 1132 1788 1164 gratum:
1809 1133 1865 1153 nec
1883 1122 2048 1163 quidquam
2066 1120 2134 1162 post
2142 1123 2196 1152 hac

1238 1174 1302 1194 non
1320 1164 1415 1195 modo
1440 1173 1557 1195 tantum
1569 1184 1577 1198 ,
1601 1164 1649 1195 sed
1663 1175 1700 1194 ne
1708 1165 1857 1195 tantulum
1869 1164 1992 1204 quidem
2003 1165 2190 1203 praeterieris.

1238 1208 1275 1235 Et
1285 1205 1322 1236 de
1333 1206 1455 1236 Herode
1466 1207 1498 1236 δε
1511 1210 1538 1233 ¹5
1551 1208 1659 1236 Mettio
1669 1208 1849 1239 meminero,
1867 1207 1900 1236 &
1909 1206 1946 1236 de
1959 1205 2117 1237 omnibus,
2129 1215 2195 1245 quae

1236 1256 1263 1278 te
1277 1248 1354 1278 velle
1367 1246 1395 1270 ¹⁶
1412 1248 1579 1288 suspicabor
1591 1248 1686 1279 modo
1697 1251 1723 1276 ξ7
1736 1247 1754 1278 ὃ
1767 1255 1883 1288 turpem
1894 1248 2003 1278 sororis
2013 1256 2070 1277 tuae
2080 1245 2191 1279 filium,

1236 1296 1308 1327 cum
1326 1298 1389 1328 haec
1399 1297 1567 1330 scriberem.
1585 1297 1760 1329 adventabat
1771 1306 1871 1328 autem
1882 1290 2013 1333 βελύστί
2020 1295 2194 1327 cenantibus

1241 1339 1341 1369 nobis.
2133 1344 2135 1346 ·

1458 1383 1665 1412 CICERO
1696 1382 1905 1414 ATTICO,
1942 1382 1971 1410 S.

1315 1425 1363 1452 Go
1380 1441 1387 1455 ‚
1408 1431 1440 1453 ut
1450 1423 1485 1452 ad
1501 1432 1532 1453 te
1548 1423 1644 1462 pridie
1660 1423 1843 1462 scripseram,
1859 1423 1962 1452 Nonis
1980 1420 2194 1452 constitueram

1315 1466 1418 1494 venire
1431 1466 1463 1494 in
1474 1464 1692 1494 Tusculanum.
1713 1464 1756 1493 ibi
1767 1466 1856 1504 igitur
1864 1463 1999 1504 quotidie
2013 1471 2075 1492 tuas
2086 1463 2197 1492 litteras

1235 1504 1414 1544 exspeecabo
1426 1525 1434 1538 ,
1454 1505 1488 1535 Sc
1498 1506 1633 1535 maxime
1644 1505 1681 1535 de
1692 1505 1789 1538 ludis;
1807 1505 1844 1535 de
1853 1504 1964 1545 quibus
1972 1506 2062 1533 etiam
2077 1503 2112 1533 ad
2121 1505 2194 1533 Bru-

1237 1554 1302 1576 tum
1315 1547 1370 1576 tibi
1379 1546 1572 1576 scribendum
1583 1546 1634 1576 est.
1654 1548 1738 1585 cujus
1748 1545 1894 1585 epistolae,
1906 1555 1996 1586 quam
2007 1546 2195 1583 interpretari

1241 1587 1303 1626 ipse
1314 1589 1366 1618 vix
1376 1596 1511 1626 poteram
1522 1608 1531 1621 ‚
1551 1589 1729 1627 exemplum
1740 1587 1836 1626 pridie
1847 1587 1903 1616 tibi
1914 1586 2064 1616 miseram.
2087 1588 2193 1615 Atticae

1238 1638 1314 1659 meae
1323 1630 1416 1659 velini
1427 1639 1477 1658 me
1486 1631 1526 1659 ita
1535 1630 1656 1660 excuses
1674 1648 1684 1662 ‚
1703 1637 1736 1658 ut
1745 1638 1871 1658 omnem
1883 1628 2002 1667 culpam
2015 1629 2047 1656 in
2057 1635 2086 1656 te
2097 1635 2193 1668 tratis-

1235 1669 1325 1704 feras,
1336 1671 1368 1701 &
1377 1673 1406 1700 ei
1429 1680 1518 1701 amen
1528 1669 1690 1702 confirmes
1698 1690 1709 1705 ,
1723 1664 1751 1690 ¹⁸
1763 1680 1813 1700 me
1824 1669 1959 1700 minime
1968 1676 2061 1698 totum
2070 1678 2192 1698 amorem

1236 1722 1274 1743 eo
1285 1721 1372 1744 mecu
1433 1711 1554 1744 ttuliffe.

1453 1755 1659 1784 QLCERO
1682 1754 1906 1785 ATT1C0‚
1929 1754 1956 1782 S.

1308 1797 1399 1826 Ruri
1410 1795 1446 1826 ad
1456 1805 1484 1826 te
1493 1796 1652 1836 epistolam
1663 1794 1739 1824 misi.
1762 1795 1806 1824 dii
1815 1795 1890 1824 boni
1903 1814 1911 1827 ,
1923 1801 2032 1834 quanta
2051 1793 2194 1840 άμημ-

1309 1839 1361 1871 Μ’σε
1374 1846 1379 1872 !
1399 1846 1571 1885 cognosces,
1581 1844 1653 1875 cum
1663 1844 1775 1884 legeris.
1802 1846 1850 1873 De
1859 1843 2058 1873 celebratione
2070 1842 2190 1872 ¹9ludo-

1234 1887 1398 1916 rum-Bruti
1409 1905 1418 1920 ,
1428 1887 1485 1916 tibi
1494 1883 1646 1916 affentior.
1669 1885 1715 1915 Ad
1726 1887 1771 1914 M.
1783 1885 1901 1915 AElium
1912 1885 2013 1914 nullus
2022 1893 2062 1956 tu1
2066 1883 2191 1924 quidem

2065 1935 2177 1955 omum

1267 2007 1277 2024 1
1286 2007 1309 2024 1.
1329 2000 1358 2023 Ut
1367 2005 1395 2023 ut
1404 1998 1475 2032 erin]
1496 1997 1577 2034 Vulg.
1587 2005 1614 2023 ut
1625 2001 1680 2024 erit.

1269 2042 1313 2059 η.
1332 2035 1572 2068 Oc'lavamparrem.]
1595 2034 1756 2070 Exemplum
1770 2033 1819 2060 hoc
1829 2033 1865 2060 est
1875 2032 2009 2068 scripturae
2019 2032 2189 2066 Cruseuinae,

1229 2071 1344 2095 offla-eam
1349 2077 1443 2103 partem
1451 2072 1497 2095 ruli
1505 2072 1659 2096 luminarium
1667 2073 1693 2096 in
1702 2071 1783 2096 adium
1792 2071 1877 2102 astera:
1887 2078 1977 2095 vocem
1989 2071 2064 2102 astira
2074 2068 2187 2095 meudo-

1229 2104 1281 2131 ihm
1293 2106 1396 2141 putarit
1406 2105 1496 2131 Bofius
1514 2106 1542 2130 ὃς
1555 2105 1705 2132 mutandam
1720 2107 1747 2132 in
1759 2107 1834 2141 ἔῶυςκ
1845 2125 1854 2137 ,
1874 2113 1962 2132 cetera
1973 2104 2057 2131 recte.
2077 2105 2188 2132 Fulvius

1229 2141 1256 2168 in
1268 2141 1336 2167 libro
1350 2142 1398 2168 viri
1416 2140 1557 2168 doffiffimi
1570 2140 1636 2168 vidit
1656 2141 1724 2168 huuc
1736 2142 1824 2168 locum
1837 2142 1874 2168 ita
1884 2141 1910 2167 in
1931 2141 2052 2176 margine
2062 2140 2188 2167 emenda-

1231 2185 1300 2208 tum,
1310 2179 1424 2203 offmam
1430 2183 1523 2210 partem
1533 2179 1698 2203 Tullianarum
1706 2178 1787 2203 adium
1797 2178 1930 2210 abstrahere
1939 2177 2079 2202 memineris.
2089 2176 2185 2203 Lamb.

1228 2215 1346 2239 OHavam
1353 2220 1445 2245 partem
1461 2214 1622 2239 Tullianarum
1640 2214 1720 2239 aedium
1733 2214 1767 2238 ad
1782 2217 1868 2238 strena
1879 2231 1887 2244 ‚
1904 2212 1955 2243 &a
1976 2211 2111 2248 refertque
2121 2212 2189 2239 hanc

1228 2248 1344 2276 Cori-adi
1354 2248 1510 2280 lectionem,
1519 2251 1635 2275 OcYavam
1642 2255 1735 2281 partem
1745 2251 1793 2274 tolli
1802 2250 1958 2274 lumt'narium
1968 2249 2048 2274 redium
2060 2248 2093 2274 ad
2099 2252 2187 2274 Serene

1227 2286 1366 2316 memineris,
1377 2285 1428 2316 &c.
1443 2285 1544 2319 Junius
1555 2294 1588 2310 ex
1601 2284 1656 2311 mss.
1669 2284 1753 2311 Palat.
1765 2285 1796 2311 fic
1805 2292 1928 2319 oportere
1940 2284 1992 2319 legi
2004 2283 2102 2315 asserit,
2112 2286 2187 2309 offa-

1226 2329 1284 2346 ·vam
1289 2328 1383 2354 partem
1392 2323 1439 2346 tolli
1446 2323 1600 2347 luminarium
1608 2324 1634 2346 in
1643 2321 1724 2346 aedium
1733 2321 1860 2351 adstranea
1870 2330 1876 2344 .-
1887 2320 1961 2354 vulg.
1971 2322 2086 2345 osiam-am
2094 2326 2188 2352 partem

1225 2358 1293 2382 ‘lirllii
1301 2358 1455 2383 luminarium
1464 2359 1489 2382 in
1499 2357 1579 2383 adium
1589 2356 1700 2389 adstrant
1709 2360 1845 2382 meminens.
1867 2358 2011 2387 Calceus-'a
2021 2356 2121 2386 videris,
2132 2356 2184 2385 dre.

1227 2393 1319 2419 Varias
1339 2400 1466 2428 praeterea
1484 2392 1682 2419 emendationes
1703 2391 1778 2424 hujus
1798 2392 1848 2418 loci
1860 2392 1918 2418 vide
1938 2390 2006 2426 apud
2017 2391 2183 2424 Criticorum

1227 2429 1347 2455 omnium
1358 2428 1488 2456 fautorem
1499 2429 1629 2455 eximium
1648 2427 1737 2455 Andr.
1748 2429 1869 2455 Scottum
1883 2447 1891 2459 ,
1901 2426 1933 2454 ad
1944 2426 1991 2453 lib.
2004 2435 2029 2453 ν.
2040 2426 2183 2455 Tusculau.

1248 2465 1319 2492 uaest.
1944 2467 1951 2477 '

1228 2474 1244 2499 q
1266 2509 1308 2536 ¹3·
1329 2501 1438 2528 Mundus
1447 2500 1493 2535 is]
1515 2501 1650 2536 Corrupte
1660 2507 1720 2527 ante
1731 2499 1799 2526 Bosii
1820 2499 1965 2525 editionem
1977 2497 2181 2533 hiclegebatur,

1225 2538 1334 2564 Mundus
1341 2539 1419 2569 istum.
1439 2541 1479 2564 Μ.
1490 2540 1584 2563 Ennius·
1592 2538 1651 2571 quid
1658 2539 1726 2569 egerit
1735 2536 1760 2560 de
1768 2537 1905 2566 ‘Tiestamento
1916 2553 1924 2566 ,
1942 2535 2051 2568 curiosius
2059 2536 2138 2565 sisciae
2146 2544 2182 2560 me

1225 2575 1298 2599 velim
1307 2577 1434 2599 certiorem.
1454 2572 1496 2599 sed
1507 2573 1616 2599 auctore
1627 2571 1780 2599 Crusclliiio
1791 2571 1823 2598 fic
1834 2570 1986 2597 emendavit
1999 2579 2007 2599 ;
2029 2572 2139 2597 Mundae
2148 2571 2180 2599 it,

1223 2609 1268 2641 T'u,
1278 2614 1318 2636 M.
1329 2612 1424 2635 Ennius
1432 2610 1490 2643 qm'd
1497 2613 1565 2641 egerit
1574 2609 1600 2633 de
1610 2610 1746 2641 Testamento
1766 2608 1879 2639 (cm-iosus·
1888 2610 1959 2632 enJ'm»
1976 2608 2057 2639 saci-u·
2065 2615 2099 2631 me
2107 2608 2181 2632 velim

1224 2649 1351 2671 certiorem.
1364 2645 1464 2681 Junius
1475 2654 1507 2670 ex
1518 2643 1619 2670 duobus
1634 2643 1692 2670 mss.
1704 2643 1789 2670 palat.
1800 2643 1867 2677 legit
1878 2662 1886 2674 ‚
1905 2642 2046 2668 tarditatem
2054 2644 2180 2668 literarum

1224 2690 1328 2706 mearum
1337 2682 1367 2711 ὼ·
1375 2681 1464 2706 modum
1472 2682 1551 2713 istum.
1571 2684 1610 2707 M.
1620 2683 1727 2712 Ennius,
1735 2679 1786 2710 ,τὲ-ε.
1806 2687 1916 2714 eamque
1926 2677 2071 2705 lectionem
2090 2677 2180 2706 omni-

1225 2715 1271 2744 bus
1281 2716 1429 2751 anteponit.

1263 2760 1305 2785 14.
1325 2755 1442 2780 dilutam
1451 2751 1581 2785 degloria]
1603 2751 1683 2787 Vulg.
1694 2754 1797 2777 mittam.
1810 2753 1842 2777 De
1848 2752 1932 2784 gloria.

1263 2797 1306 2820 ¹5·
1326 2789 1454 2821 witzam]
1471 2788 1551 2822 Vulg.
1564 2790 1647 2814 Μανία.

1263 2824 1304 2849 16.
1320 2823 1482 2858 suspicabor]
1504 2823 1596 2850 Edidit
1614 2823 1703 2851 Bonus
1721 2831 1755 2850 ex
1775 2822 1944 2850 Tornaefiano
1961 2822 1990 2849 δε
2010 2820 2177 2856 Cruselliuo,

1215 2861 1363 2893 fitspicabor.

1262 2904 1302 2929 ¹7·
1324 2900 1340 2920 ο
1349 2902 1438 2928 tur-pem
1446 2895 1468 2928 .]
1490 2894 1605 2922 Addidit
1616 2895 1704 2921 Bonus
1723 2894 1886 2922 exclamandi
1896 2893 2051 2932 particulam
2064 2913 2073 2927 ‚
2091 2896 2103 2920 ὁ
2114 2913 2124 2927 ,
2142 2903 2177 2921 ex

1221 2932 1336 2967 antiquis
1348 2931 1410 2962 suis,
1423 2931 1495 2967 vulg.
1507 2932 1569 2957 morsa
1578 2938 1677 2964 turpem.

1260 2967 1302 2994 18.
1323 2972 1364 2994 file
1373 2968 1465 2993 minime
1481 2974 1552 2992 torum
1561 2976 1661 2993 amorem
1670 2967 1692 2993 εδ
1702 2976 1787 2993 meeum
1805 2966 1933 3001 attulilse]
1955 2966 2036 3002 Vulg.
2046 2966 2160 2999 abstulrffi
2171 2977 2176 2992 :

1218 3002 1269 3029 Sed
1279 3003 1358 3029 aliter
1367 3002 1470 3038 prorsus
1481 3002 1650 3039 legitJuniiis
1662 3022 1670 3035 ,
1682 3003 1778 3040 partim
1788 3001 1951 3036 conjeci-ura,
1961 3003 2059 3043 partim
2069 3011 2104 3028 ex
2114 3001 2173 3028 mss‘.

1217 3048 1251 3065 me
1259 3042 1339 3065 intimo
1348 3045 1420 3065 rotam
1429 3047 1506 3066 amore
1523 3048 1662 3066 meo-mecum
1671 3040 1802 3073 abstulgffe3
1820 3039 1939 3075 hancque
1948 3046 1986 3066 ait
2003 3037 2053 3066 esse
2064 3046 2172 3074 germa-

1219 3083 1277 3101 nam
1295 3074 1448 3101 lethonem.

1254 3118 1298 3146 ¹9·
1317 3111 1436 3138 Ludorum
1446 3110 1544 3146 Bruti]
1563 3111 1694 3139 Restituit
1706 3120 1740 3140 ex
1750 3110 1871 3141 Tornoes.
1881 3111 1909 3138 St
1919 3110 2072 3138 Crusellino
2082 3108 2172 3136 Bonus

1217 3155 1319 3181 vocem,
1330 3150 1413 3182 Bruti,
1425 3156 1481 3184 quae
1492 3147 1553 3175 hinc
1564 3156 1609 3184 per
1620 3146 1748 3176 stimmam
1759 3148 1793 3184 inj
1799 3148 1883 3177 uriam
1894 3147 1967 3184 pulla
1977 3147 2074 3174 fuerat.

1535 3183 1679 3213 Aenaria
1697 3193 1713 3211 ²
2011 3181 2177 3209 1.M.Ax1'a-

2217 371 2237 396 2

2213 1377 2229 1399 2

2214 1750 2227 1763 ff

2213 1766 2232 1773 a

2242 371 2262 407 7

2238 1369 2253 1401 3

2237 1750 2258 1782 9
