2297 3389
69 1281 116 1332 '23
135 1293 205 1323 a'ut,
225 1298 254 1319 te
266 1299 305 1318 ne
319 1292 444 1330 gratuita
457 1289 582 1329 quidem
597 1299 702 1319 eorum
716 1286 850 1328 stiffi-agia
864 1283 972 1316 tulisse.
1016 1282 1096 1313 Illud

554 164 864 209 ORATro
933 177 1070 208 PRO

140 240 240 272 deret!
258 242 311 283 qui
330 251 359 274 te
379 243 531 273 incautum
548 238 667 271 fortass‘e
680 251 762 271 nunc
781 249 833 271 tuo
855 241 923 270 loco
941 239 1105 269 demovere

140 292 305 323 potuerunt
314 305 322 318 ,
335 284 546 325 providentem
558 291 625 313 ante
641 303 649 315 ‚
662 283 924 323 &praecaventem
934 290 1100 321 numquam

139 326 217 355 certe
229 327 406 356 movebunt.
429 328 477 355 An
491 333 519 355 te
530 325 582 354 illa
590 334 764 366 argumenta
774 325 950 355 duxerunt?
971 324 1103 352 Dubita—

140 367 231 401 bitis,
252 369 369 408 inquit,
388 369 463 408 quin
481 368 575 397 coitio
593 366 670 397 fabia
684 366 734 401 fit,
755 366 825 398 cum
837 366 932 397 tribus
948 364 1102 404 plerasque

140 419 212 439 cum
226 409 325 439 Plotio
343 409 445 438 tulerit
462 409 597 439 Plancius
612 411 622 438 ?
646 412 695 439 An
714 409 773 439 una
791 408 856 439 fieri
875 414 1058 448 potuerunt,
1079 404 1099 434 fi

141 451 201 481 una
214 450 306 481 tribus
320 460 383 480 non
398 449 554 493 tulissentae.>
575 454 614 480 At
624 452 786 481 nonnullas
795 450 918 491 punElzis
928 447 1015 489 paene
1026 448 1101 477 toti-

140 493 222 523 dem·
245 493 363 532 QiPPC
379 491 450 522 curn
465 493 528 532 jam
542 491 614 523 faffi
629 494 722 534 prope
737 491 940 533 superioribus
954 490 1099 522 comitiis,

139 535 334 574 declaratique
343 533 501 564 venissent.
523 536 708 576 quamquam
722 545 760 565 ne
776 535 805 565 id
821 533 944 575 quidem
954 531 1099 576 suspicio-

139 587 213 609 nem
234 577 378 606 coitionis
400 577 546 607 habuerit.
579 587 677 619 neque
695 580 779 608 enim
801 585 948 616 umquam
970 581 1100 612 majores

139 618 233 650 nostri
248 618 426 658 fii-titionem
443 618 665 651 constituiss'ent
681 619 838 650 aedilitiam
857 639 865 651 ,
891 614 946 646 nisi
963 615 1100 645 viderent

139 661 271 692 accidere
280 658 379 700 posse,
400 670 432 690 ut
445 663 658 702 competitores
671 672 753 703 pares
770 659 915 700 suffragiis
934 656 1036 703 essent.
1060 658 1099 704 Et

140 705 183 734 ais
193 723 202 737 ‚
221 702 370 743 prioribus
380 705 514 733 comitiis
525 705 689 734 Aniensem
702 704 717 734 a
727 704 827 734 Plotio
838 721 847 734 ‚
869 703 1067 729 Terentinam
1083 707 1098 726 a

140 745 264 777 Plancio
278 744 332 774 tibi
347 743 404 774 esse
416 744 603 776 concess'am:
623 756 704 776 nunc
718 745 754 774 ab
767 751 895 782 utroque
909 749 956 769 eas
973 738 1096 771 avulsas,

139 796 180 818 ne
198 789 231 817 in
249 785 408 827 angustum
424 789 570 817 venirent.
595 790 693 828 Qam
707 786 852 816 convenit
865 802 874 815 ‚
892 781 1033 827 nondum
1046 790 1100 810 co-

139 831 223 872 gnita
240 829 347 869 populi
367 829 540 861 voluntate,
561 830 636 861 hos,
657 837 732 868 quos
748 827 812 866 jam
831 833 897 855 tum
917 821 1098 869 conjunctos

138 870 228 902 ruiss'e
239 871 315 900 dicis
327 890 335 904 ‚
348 869 495 909 ja&111·am
505 870 626 900 suarum
638 870 772 899 tribuum
784 888 792 901 ‚
806 876 868 909 quo
878 875 934 896 vos
943 865 1099 904 adjuvare·
1116 879 1118 899 3

140 915 238 947 mini,
254 911 371 942 feciss'e:
391 911 529 944 eosdem,
544 910 687 951 cumjam
697 909 919 949 efl‘entexpeiti
931 927 940 941 ‚
961 906 1034 947 quid
1046 915 1098 935 va-

138 956 236 986 lerent
246 975 254 989 ‚
274 953 422 984 restrictos
432 973 441 987 ‚
462 953 495 982 δε
505 955 633 983 tenaceis
642 950 728 982 fuisse
739 955 750 982 ?
773 953 895 982 Etenim
906 949 1095 980 verebantur,

139 997 229 1028 credo
240 1017 249 1030 ‚
261 994 416 1037 angustias.
439 993 520 1035 quasi
529 997 618 1025 resin
627 995 859 1025 contentionem
869 1013 877 1026 ‚
889 1000 938 1022 aut
948 992 981 1020 in
993 990 1096 1020 discri-

138 1049 212 1070 men
220 1037 341 1078 aliquod
354 1035 450 1077 posset
463 1038 575 1066 venire.
598 1037 655 1068 Sed
669 1045 771 1067 tamen
784 1038 816 1065 tu
830 1045 867 1065 an
877 1034 1011 1064 Plotium
1021 1051 1030 1065 ,
1048 1033 1095 1061 vi-

138 1088 205 1111 rum
223 1077 442 1109 ornatissimum
457 1099 465 1112 ‚
488 1080 521 1108 in
540 1079 621 1111 idem
641 1081 757 1109 crimen
775 1076 948 1107 vocandum
967 1074 1097 1115 judicas?

136 1132 175 1153 an
192 1121 266 1152 dicis
282 1130 353 1150 eum
372 1131 402 1151 re
419 1119 570 1161 arripuifl'e
582 1141 590 1155 ‚
612 1121 627 1152 εὶ
640 1131 702 1162 quo
718 1130 783 1150 non
801 1118 836 1149 sis
852 1119 990 1160 rogatus?
1012 1118 1095 1146 Nam
1115 1141 1117 1160 Ι

137 1162 220 1205 quod
230 1162 349 1204 questus
361 1173 403 1196 es,
415 1163 527 1202 plureis
537 1171 565 1192 te
574 1163 672 1193 testeis
681 1163 788 1193 habere
798 1161 834 1192 de
845 1161 993 1191 Voltinia,
1003 1158 1096 1198 quam
1115 1172 1117 1185 l

134 1210 209 1246 quot
225 1207 257 1235 in
274 1215 306 1235 ea
321 1205 400 1235 tribu
415 1204 525 1245 punista
540 1205 661 1234 tuleris:
682 1204 796 1234 indicas
808 1224 817 1237 ‚
837 1211 887 1233 aut
897 1211 948 1231 eos
960 1200 1057 1230 testeis
1068 1208 1095 1228 te

135 1247 280 1278 adducere
291 1268 300 1280 ‚
315 1248 386 1287 qui,
405 1249 473 1288 quia
483 1257 630 1277 nummos
640 1248 806 1287 acceperint
817 1265 826 1279 ‚
844 1254 871 1274 te
882 1244 1078 1284 praeterierint
1090 1251 1095 1269 :

135 1330 210 1371 verb
219 1333 335 1361 crimen
345 1330 383 1360 de
393 1333 531 1361 nummis
541 1351 550 1363 ‚
570 1341 646 1371 quos
658 1333 690 1360 in
701 1332 780 1360 circo
791 1329 944 1359 Flaminio
953 1325 1098 1366 deprehen-

133 1374 178 1414 βε
190 1371 246 1403 efl'e
257 1371 360 1402 dixisti
371 1392 380 1406 ‚
390 1373 519 1402 caluitre
530 1375 657 1402 recenti:
669 1382 750 1401 nunc
762 1373 794 1401 in
805 1370 888 1401 causa
898 1367 1026 1398 refrixit.
1042 1376 1095 1396 ne-

139 1425 198 1456 que
209 1416 290 1444 enirn
304 1434 313 1447 ‚
327 1416 379 1454 qui
390 1414 435 1443 illi
445 1414 568 1444 nummi
579 1412 709 1447 fuerint,
726 1423 782 1443 nec
792 1433 799 1446 ,
818 1422 883 1453 qua:
894 1410 988 1441 tribus
998 1429 1006 1443 ,
1028 1418 1095 1442 nec,

137 1456 312 1497 quidivisor
321 1476 329 1488 ,
342 1455 518 1485 ostenderis.
544 1459 553 1475 ¹
565 1458 663 1497 Atque
672 1457 698 1485 is
707 1455 831 1496 quidem
843 1451 969 1483 edusius
977 1451 1012 1480 ad
1021 1460 1098 1480 con·
1117 1475 1119 1482 .

138 1498 215 1530 sules
226 1518 235 1532 ‚
254 1500 379 1538 quitum
389 1499 422 1527 in
433 1500 549 1527 crimen
558 1498 718 1528 vocabatur
729 1517 738 1531 ,
754 1497 782 1527 se
795 1496 899 1536 inique
910 1494 925 1524 ὲ
935 1495 994 1523 tuis
1002 1491 1095 1532 jacta-

137 1549 204 1571 tum
221 1541 348 1581 graviter
366 1539 552 1580 querebatur.
575 1541 628 1581 qui
647 1538 668 1569 fi
687 1548 746 1569 erat
765 1538 878 1568 divisor
897 1556 906 1570 ,
936 1535 1099 1575 praeserti'm

137 1584 203 1622 ejus
213 1601 223 1614 ‚
243 1591 336 1622 quem
348 1590 378 1612 tu
396 1581 522 1611 habebas
541 1591 626 1611 reum
640 1601 650 1615 ,
668 1591 720 1611 cur
735 1581 785 1611 abs
805 1590 831 1610 te
846 1588 912 1609 reus
924 1587 988 1608 non
1002 1575 1045 1606 est
1057 1575 1102 1606 fa-

139 1624 227 1654 eius?
246 1633 299 1653 cur
311 1633 376 1653 non
391 1624 456 1663 ejus
475 1623 670 1653 damnatione
688 1622 801 1663 aliquid
819 1621 854 1652 ad
874 1622 933 1650 hoc
946 1618 1100 1659 judicium

137 1665 305 1706 praejudicii
314 1663 491 1705 comparasti
503 1668 513 1694 ?
534 1665 589 1696 Sed
602 1675 699 1706 neque
710 1675 741 1695 tu
751 1665 839 1694 habes
850 1664 912 1693 haec
923 1682 932 1696 ‚
948 1671 1044 1701 neque
1056 1662 1099 1689 eis

138 1705 281 1738 confidis.
304 1707 360 1738 alia
379 1715 407 1737 te
426 1709 502 1737 ratio
513 1727 522 1741 ,
541 1707 597 1737 alia
606 1709 747 1749 cogitatio
758 1706 793 1737 ad
803 1707 885 1746 spem
896 1704 986 1743 hujus
996 1704 1098 1742 oppri—

141 1748 248 1791 mendi
261 1750 413 1780 excitavit.
437 1759 552 1791 magnae
565 1750 634 1780 sunt
645 1759 679 1779 in
692 1758 720 1779 te
734 1758 805 1789 opes
818 1758 823 1776 :
843 1747 900 1777 late
911 1753 990 1786 patet
997 1746 1099 1784 gratia:

139 1790 232 1820 multi
241 1792 351 1824 amici,
372 1791 464 1821 multi
481 1791 583 1831 cupidi
601 1793 644 1821 tui
656 1812 664 1825 ,
684 1791 776 1821 multi
784 1789 913 1820 fautores
923 1786 1018 1817 laudis
1029 1795 1097 1816 tuae:

140 1832 232 1863 multi
242 1833 312 1862 huic
321 1832 459 1863 invident
471 1843 476 1861 :
498 1833 604 1863 multis
613 1835 703 1863 etiam
715 1841 796 1872 pater
806 1852 815 1865 ‚
830 1832 963 1871 optimus
972 1830 1019 1858 vir
1029 1849 1037 1861 ‚
1051 1829 1099 1857 ni-

140 1872 243 1904 mium
253 1875 386 1904 retinens
396 1873 539 1915 equestris
553 1875 629 1914 juris
645 1875 678 1905 ὃς
695 1873 832 1904 libertatis
849 1873 985 1903 videtur:
1005 1870 1097 1899 multi

138 1917 230 1945 etiam
241 1925 421 1945 communes
432 1918 551 1946 inimici
561 1926 681 1947 reorum
691 1918 836 1946 omniurn
850 1925 855 1943 t
870 1915 923 1954 qui
933 1916 973 1943 ita
983 1912 1097 1950 semper

139 1956 352 1988 testimonium
370 1957 407 1986 de
425 1957 541 1987 ambitu
561 1958 683 1991 dicunt,
704 1956 807 1998 ²quasi
820 1965 869 1986 aut
881 1962 1025 1985 moveant
1034 1954 1100 1983 ani-

141 1998 355 2039 mosjudicum
367 1999 426 2029 suis
436 1997 619 2028 testimoniis
627 2019 636 2033 ‚
647 2007 820 2040 autgratum
831 1997 944 2037 populo
952 1998 1097 2025 Romano

142 2039 177 2070 fit
188 2060 196 2074 ,
219 2050 270 2070 aut
282 2040 319 2070 ab
331 2050 368 2070 eo
382 2039 501 2070 facilius
514 2041 555 2070 ob
565 2050 631 2070 eam
642 2042 758 2071 causam
769 2059 779 2074 ‚
795 2039 967 2079 dignitatem
977 2056 985 2070 ,
1004 2045 1095 2076 quam

140 2082 266 2116 volunt,
285 2082 514 2123 consequantur,
538 2082 725 2122 Qibuscum
737 2092 786 2112 rne
797 2080 930 2120 ‚judices
941 2099 949 2112 ,
959 2087 1096 2119 pugnan-

139 2132 202 2154 tem
214 2133 285 2153 meo
296 2133 381 2154 more
390 2123 517 2164 pristino
528 2134 592 2154 non
600 2124 743 2154 videbitis
756 2134 761 2152 ;
781 2126 793 2150 3
805 2132 868 2152 non
882 2119 943 2162 quo
959 2121 1037 2150 mihi
1052 2117 1095 2149 fas

139 2163 174 2196 sit
191 2165 357 2206 quidquam
376 2165 534 2206 defugere,
555 2165 637 2206 quod
656 2166 730 2196 salus
747 2165 860 2195 Plancii
878 2162 1026 2204 postulet:
1046 2160 1094 2191 sed

138 2205 210 2248 quia
224 2216 323 2248 neque
340 2206 455 2237 necess‘e
474 2206 516 2237 est
528 2228 536 2241 ,
558 2217 607 2237 me
626 2207 658 2237 id
676 2207 812 2248 periitqui
830 2216 923 2239 voce,
945 2203 1026 2245 quod
1039 2213 1094 2233 vos

137 2257 242 2280 mente
253 2249 388 2282 videatis,
400 2248 433 2278 ὃς
442 2248 524 2289 quod
535 2251 575 2279 ita
585 2249 621 2278 de
632 2259 681 2279 me
693 2250 792 2278 meriti
804 2247 872 2278 sunt
882 2248 927 2277 illi
937 2245 989 2286 ipsi
997 2266 1005 2280 ,
1019 2255 1097 2285 quos

137 2300 195 2331 ego
215 2290 312 2320 testeis
331 2290 422 2320 video
442 2299 575 2330 paratos,
595 2299 629 2320 ut
645 2300 752 2321 eorum
771 2288 1031 2329 reprehensionem
1043 2296 1097 2317 vos

135 2331 240 2363 vestrae
257 2331 424 2373 prudentiae
441 2330 606 2365 ass'umere,
627 2342 704 2361 meae
715 2330 868 2361 modestiae
882 2332 1032 2360 remittere
1047 2329 1099 2359 de·

138 2373 242 2404 beatis.
265 2373 344 2404 Illud
360 2383 458 2403 unum
477 2383 534 2404 vos
552 2383 732 2415 magnopere
750 2383 805 2403 oro
820 2393 829 2406 ,
852 2382 938 2413 atque
957 2372 1093 2403 obsecro,

132 2415 252 2456 judices
261 2435 270 2450 ,
289 2415 362 2447 cum
379 2417 469 2456 hujus
480 2436 488 2448 ‚
508 2426 599 2456 quem
611 2415 743 2445 defendo
754 2435 762 2449 ,
783 2424 849 2445 tum
859 2415 1035 2444 communis
1046 2423 1098 2453 pe-

135 2457 225 2488 riculi
246 2458 347 2491 causa,
368 2467 407 2487 ne
423 2456 500 2496 fistis
520 2456 735 2491 auditionibus,
757 2467 795 2487 ne
813 2455 1026 2490 disseminato,
1049 2456 1097 2485 di-

135 2499 294 2540 spersoque
319 2499 453 2530 sermoni
471 2520 481 2534 ‚
508 2499 644 2530 fortunas
663 2500 878 2530 innocentium
898 2498 1096 2538 subjiciendas

133 2543 255 2582 putetis.
278 2542 371 2571 Multi
389 2543 478 2571 amici
496 2542 668 2572 accusatoris
687 2561 696 2574 ‚
725 2541 870 2571 nonnulli
887 2542 979 2570 etiarn
1000 2539 1094 2570 nostri

134 2584 254 2623 iniqui,
275 2583 365 2612 multi
384 2593 566 2614 communes
585 2582 797 2613 obtrectatores
813 2602 821 2616 ‚
844 2591 932 2623 atque
950 2583 1093 2612 omnium

131 2624 232 2655 invidi
249 2624 345 2654 multa
364 2622 527 2656 finxerunt.
551 2629 664 2656 Nimi,
683 2634 740 2654 itsr
759 2633 860 2654 autem
881 2633 940 2654 tam
961 2624 1094 2658 volucre,

133 2665 225 2707 quam
244 2665 460 2696 malediffilmm:
483 2668 562 2697 nihil
581 2667 699 2698 facilius
721 2667 888 2698 emittitur,
907 2666 986 2695 nihil
1004 2667 1095 2695 citius

131 2709 302 2748 excipitur,
323 2708 402 2738 nihil
420 2707 508 2739 latius
527 2708 688 2750 dissipatur.
712 2711 819 2749 Neque
839 2717 911 2748 ego,
936 2705 958 2736 fi
976 2706 1095 2738 fontem

132 2749 289 2781 maledieti
307 2752 459 2791 reperietis
474 2762 480 2780 :
503 2761 536 2782 ut
554 2762 603 2783 aut
619 2751 776 2792 negligatis
788 2769 797 2784 ,
817 2759 867 2780 aut
888 2747 1093 2785 dissimuletis,
1111 2737 1115 2797 Ι

169 2885 193 2903 1.
211 2882 303 2912 ‘Atque
311 2878 432 2912 iii-quidem
447 2878 543 2905 eduam
553 2880 586 2905 ad
594 2879 738 2913 Consulem]
761 2879 825 2904 Haec
836 2877 871 2904 est
882 2887 991 2904 concors
1011 2876 1096 2905 libro-

130 2914 190 2938 rum
201 2914 319 2940 omnium
331 2914 424 2941 leftio.
445 2915 534 2951 itaque
545 2915 628 2950 abjeci
641 2916 760 2941 adduam
771 2923 853 2950 nuper
864 2922 967 2940 natum.

166 2955 195 2974 2.
213 2950 285 2983 Εἶρα-[ἱ
291 2958 334 2976 aut
348 2959 456 2977 morcant
466 2952 679 2986 animosjudstnm,
691 2952 757 2985 fija]
779 2950 1009 2985 Verbumjuch'cuus
1021 2970 1029 2983 ‚
1039 2950 1096 2986 jam

129 2983 211 3009 modu
221 2986 334 3020 primum
346 2986 447 3013 accedit
457 2988 550 3014 Tullio
560 2997 595 3014 ex
606 2988 760 3022 Turingicis
775 2986 884 3013 schedis.

168 3027 181 3053 3
189 3039 195 3045 .
214 3024 265 3046 Non
275 3031 318 3056 quo
328 3025 467 3058 mihifiufit
479 3024 608 3058 quidquam
617 3024 749 3058 defugere]
773 3023 880 3049 Ultima
891 3032 943 3050 vox
955 3023 991 3049 est
1002 3024 1018 3049 a
1028 3022 1096 3049 dua-

130 3052 179 3094 bus
188 3055 246 3081 mss.
256 3057 390 3084 Lambini.
410 3068 497 3086 cetera
507 3059 531 3085 se
547 3067 655 3086 tuentur
666 3059 719 3086 ilde
729 3059 927 3086 Palatinorum.
947 3059 1013 3086 editi
1025 3059 1096 3092 fere,

127 3099 173 3115 mn
182 3091 322 3126 quodfer-fit
331 3094 462 3128 quidquam
472 3096 577 3128 effligere.

164 3133 191 3158 4.
211 3130 289 3166 HJij·
298 3130 338 3154 illa
353 3139 403 3155 vox
423 3133 531 3164 vrdgaris
545 3132 637 3158 Aridi-ri
648 3151 656 3163 ‚
675 3132 743 3167 dra]

246 3164 249 3166 ,
314 3164 318 3168 4
765 3132 919 3169 Amplexus
940 3131 993 3158 sum
1007 3132 1094 3158 Eri-ici

128 3161 441 3204 Memmiihconjesffturam
452 3167 558 3194 <Audi-vi
568 3187 576 3198 ‚
596 3168 668 3203 quod
679 3177 735 3194 eam
747 3169 812 3194 item
827 3167 1049 3204 deprehenderim
1067 3169 1094 3196 in

125 3197 185 3226 Pal.
196 3205 278 3227 tertio
288 3206 370 3228 ceteri
379 3200 587 3232 adhaerescebaut
598 3203 719 3239 vulgato,
732 3205 833 3238 audem,
843 3204 925 3233 verbo
936 3204 1024 3232 nihili.
1114 3167 1119 3243 l

1143 164 1685 213 CN.PLAN010.
2013 163 2114 227 487

1147 253 1293 285 umquam
1312 244 1480 285 postulabo.
1505 244 1573 279 sed,
1594 243 1697 286 siquid
1708 243 1769 275 fine
1777 244 1873 284 capite
1883 241 2037 276 manabit,
2060 251 2112 274 aut

1148 284 1168 314 fi
1187 287 1261 326 quid
1280 289 1336 316 erit
1354 287 1524 326 ejusmodi,
1545 296 1652 318 utnon
1663 287 1758 318 exstet
1767 286 1873 317 au&or
1884 306 1894 321 ,
1911 286 1964 327 qui
1973 284 2110 315 audierit:

1144 336 1194 356 aut
1211 329 1251 358 ita
1269 329 1424 370 negligens
1442 329 1532 359 vobis
1545 328 1604 359 esse
1617 329 1789 363 videbitur,
1809 337 1842 359 ut
1853 348 1862 362 ,
1882 326 1963 358 unde
1971 326 2107 360 audierit,

1144 368 1255 399 oblitus
1267 368 1317 400 sit:
1338 380 1389 401 aut
1406 373 1447 401 ita
1464 371 1564 401 levem
1582 371 1704 402 habebit
1720 370 1874 401 au&orem
1886 390 1894 404 ,
1915 378 1948 399 ut
1956 369 2107 399 memoria

1142 409 1269 450 dignum
1289 421 1354 441 non
1373 415 1498 452 putarit:
1521 414 1635 453 4hujus
1655 414 1707 443 illa
1723 423 1787 443 vox
1806 413 1937 453 vulgaris
1959 414 2104 443 Aumvr,

1143 452 1262 496 nequid
1276 462 1326 482 reo
1339 455 1496 484 innocenti
1506 464 1629 488 noceat,
1656 464 1787 485 ominus.

1144 491 1310 522 L.Cassium
1323 513 1332 526 ‚
1353 493 1532 525 familiarem
1551 506 1674 530 meum,
1692 498 1778 536 cujus
1798 506 1836 526 ex
1854 497 1992 526 oratione
2011 503 2049 523 ne
2065 493 2107 523 il—

1142 534 1209 564 lum
1227 535 1353 574 quidem
1371 536 1550 575 juventium
1572 547 1671 568 tecum
1688 538 1876 578 expostulavi
1896 548 1902 566 :
1933 545 2027 577 quem
2051 535 2105 565 ille

1143 578 1230 606 omni
1242 576 1393 606 &virtute
1405 597 1413 609 ‚
1436 577 1469 607 &
1489 579 1672 610 humanitate
1690 589 1811 610 ornatus
1830 579 2002 610 adolescens
2014 598 2022 611 ‚
2042 579 2105 617 pri·

1143 628 1230 648 mum
1242 617 1279 647 de
1291 618 1377 657 plebe
1387 618 1507 649 aedilern
1518 620 1652 650 curulem
1663 620 1777 651 facium
1790 619 1846 651 esse
1858 622 1948 651 dixit.
1963 623 2007 649 >In
2027 628 2101 659 quo·

1143 657 1218 689 Cassi
1228 679 1236 693 ‚
1255 657 1275 688 fi
1288 663 1328 690 ita
1341 659 1397 690 tibi
1411 660 1606 700 respondeam
1621 682 1629 695 ‚
1650 662 1773 693 nescisse
1785 664 1815 693 id
1825 663 1974 703 populum
1985 664 2102 692 Roma-

1143 711 1217 731 num
1230 721 1238 735 ,
1249 711 1346 742 neque
1354 700 1443 731 fuisse
1452 704 1504 743 qui
1516 702 1546 732 id
1558 703 1648 733 nobis
1657 714 1793 738 narraret,
1805 706 1966 745 praesertim
1979 711 2103 733 mortuo

1142 745 1287 784 Longino
1300 755 1305 772 z
1323 753 1386 784 non
1398 763 1406 776 ‚
1426 753 1458 774 ut
1472 746 1581 783 opinor
1592 764 1601 778 ‚
1623 745 1767 775 admirere
1779 767 1787 779 ,
1807 746 1878 776 cum
1894 756 1949 788 ego
1963 745 2022 786 ipse
2037 753 2101 774 non

1140 785 1305 815 abhorrens
1319 785 1335 816 a
1348 785 1448 816 studio
1457 787 1642 827 antiquitatis
1653 806 1662 819 ‚
1685 797 1734 816 me
1752 786 1799 816 hic
1818 788 1846 817 id
1868 798 1904 817 ex
1921 798 1948 817 te
1965 785 2102 827 primum

1143 825 1255 856 audisse
1265 826 1418 857 confitear.
1442 830 1480 858 Et
1489 847 1497 861 ,
1512 830 1658 868 quoniam
1669 836 1718 857 tua
1728 827 1785 858 fuit
1795 830 1964 869 perelegans
1975 849 1982 863 ,
1993 839 2026 858 ac
2035 838 2102 868 per·

1142 868 1259 899 subtilis
1269 870 1366 899 oratio
1378 889 1386 903 ,
1408 869 1497 900 diona
1507 871 1614 910 equitis
1623 872 1758 900 Romani
1768 869 1910 905 velfludzo
1923 891 1930 902 ,
1945 871 1995 900 vel
2006 870 2103 909 pudo-

1141 920 1189 940 re:
1207 912 1413 952 quoniamque
1444 922 1470 941 ic
1490 911 1526 942 ab
1544 912 1591 941 his
1609 922 1640 942 es
1660 911 1779 942 auditus
1791 932 1799 945 ,
1819 920 1989 952 utmagnus
2001 913 2101 942 honos

1142 952 1309 993 &ingenio
1319 973 1328 986 ‚
1345 954 1377 983 ὃ(
1387 954 1566 984 humanitati
1576 962 1636 984 tuae
1652 954 1830 984 tribueretur
1843 963 1848 982 z
1866 954 2053 992 respondebo
2063 955 2100 984 ad

1141 1004 1192 1028 ea,
1214 1005 1279 1036 quae
1291 994 1413 1029 dixisti,
1434 1006 1500 1036 quae
1518 996 1676 1037 5pleraque
1698 995 1734 1025 de
1753 996 1817 1036 ipso
1834 993 1894 1024 fine
1911 994 2047 1025 fuerunt:
2066 998 2100 1026 in

1116 1037 1117 1041 ’
1140 1036 1250 1076 quibus
1270 1036 1323 1077 ipfi
1342 1037 1457 1071 aculei,
1479 1036 1498 1067 fi
1513 1047 1591 1078 quos
1602 1037 1731 1068 habuisti
1740 1039 1773 1067 iii
1783 1047 1832 1067 me
1842 1036 2101 1076 reprehendendo,

1140 1087 1240 1108 tamen
1251 1080 1329 1108 mihi
1340 1089 1403 1109 non
1415 1081 1522 1119 ingrati
1532 1079 1713 1110 acciderunt.
1739 1078 1875 1121 Qaesisti
1886 1098 1894 1112 ‚
1911 1086 2012 1108 utrum
2024 1080 2102 1108 mihi

1138 1129 1273 1160 putarem
1285 1141 1292 1154 ‚
1313 1123 1423 1162 equitis
1439 1121 1668 1155 Romanifilio,
1687 1121 1857 1152 faciliorem
1877 1118 1965 1150 fuisse
1982 1120 2020 1150 ad
2038 1121 2103 1150 adi-

1138 1162 1296 1202 piscendos
1306 1163 1437 1193 honores
1448 1165 1530 1194 viam
1543 1184 1552 1196 ‚
1572 1174 1609 1193 an
1628 1163 1759 1194 futuram
1780 1161 1836 1193 ess'e
1856 1161 1920 1192 filio
1939 1172 2010 1192 meo
2022 1181 2030 1195 ,
2049 1165 2103 1203 qui

1140 1202 1209 1234 efl’et
1225 1203 1343 1235 familia
1361 1205 1521 1235 consulari.
1548 1208 1612 1247 Ego
1631 1204 1703 1236 vero
1715 1225 1723 1239 ,
1742 1213 1924 1246 quamquam
1943 1203 1990 1233 illi
2007 1205 2102 1234 omnia

1140 1245 1233 1279 malo,
1255 1246 1345 1288 qunm
1365 1248 1442 1276 mihi
1455 1268 1463 1281 ,
1486 1256 1588 1278 tamen
1602 1247 1649 1277 illi
1659 1248 1814 1277 honorum
1824 1247 1921 1276 aditus
1931 1255 2101 1286 numquam

1140 1287 1288 1318 faciliores
1298 1291 1419 1328 optavi,
1430 1288 1520 1330 qul-,m
1534 1291 1612 1319 mihi
1624 1288 1758 1319 suerunt.
1774 1290 1942 1329 quinetiam
1954 1308 1962 1321 ‚
1974 1297 2013 1317 ne
2020 1287 2100 1317 sorte

1139 1330 1190 1359 ille
1209 1328 1262 1359 fibi
1284 1341 1334 1360 me
1351 1334 1453 1370 potius
1468 1330 1611 1371 peperisse
1622 1331 1685 1371 jam
1699 1332 1849 1364 honores,
1870 1329 1963 1370 quam
1979 1331 2034 1359 iter
2047 1328 2101 1358 de-

1141 1371 1315 1402 monstrasse
1334 1373 1599 1413 adipiscendorum
1614 1381 1698 1413 putet
1718 1384 1724 1401 τ
1752 1374 1816 1402 haec
1834 1371 1881 1400 illi
1899 1372 1979 1402 soleo
1995 1373 2101 1411 praec'i-

1140 1423 1207 1453 pere
1217 1415 1411 1455 (quamquam
1422 1415 1456 1445 :id
1467 1425 1559 1455 praece
1583 1424 1608 1445 ta
1618 1424 1687 1445 aetas
1696 1424 1761 1445 non
1776 1413 1818 1444 est
1827 1414 1923 1454 gnati)
1939 1423 2005 1454 quae
2018 1412 2069 1442 ille
2079 1412 2096 1444 ὲ

1137 1457 1214 1497 Jove
1225 1465 1308 1486 ortus
1317 1476 1324 1489 ,
1337 1457 1395 1486 suis
1405 1459 1538 1497 praecipit
1573 1458 1621 1486 liis
1637 1467 1643 1486 2
2008 1467 2010 1470 ·

1182 1498 1368 1537 Vigilantiam
1385 1497 1420 1534 est
1432 1499 1559 1540 semper:
1577 1498 1671 1528 multis
1687 1498 1787 1541 infidia
1799 1498 1869 1539 fimi*
1886 1495 1967 1527 bonis.

1141 1538 1236 1569 nostis
1247 1549 1342 1570 cetera
1354 1550 1360 1569 z

1225 1584 1291 1610 Non
1309 1590 1336 1611 re
1353 1581 1384 1610 id
1400 1582 1477 1623 quod
1490 1582 1577 1612 multi
1596 1582 1764 1616 invideant,

1140 1633 1206 1664 quae
1220 1622 1431 1665 scripsitgi·avis
1442 1625 1513 1659 ille,
1535 1624 1864 1666 &ingeniosuspo'e'taz
1885 1621 2013 1662 scripsit,
2036 1631 2099 1652 non

1141 1674 1174 1695 ut
1185 1666 1255 1695 illos
1265 1668 1363 1706 regios
1372 1676 1480 1705 pueros
1491 1687 1499 1700 ,
1520 1668 1641 1707 qnijam
1655 1666 1893 1706 nusquamrerant
1904 1684 1912 1698 ‚
1929 1664 1976 1694 sed
1989 1673 2021 1693 ut
2031 1674 2100 1697 nos,

1143 1707 1175 1737 &
1185 1707 1304 1737 nostros
1316 1707 1425 1738 liberos
1435 1708 1470 1738 ad
1482 1708 1616 1738 laborem
1629 1728 1637 1741 ,
1651 1708 1683 1737 &
1698 1707 1817 1737 laudern
1829 1707 1987 1735 excitaret?
2010 1709 2101 1744 Qua:-

1142 1751 1180 1778 ris
1192 1769 1199 1782 ,
1218 1749 1290 1790 quid
1304 1752 1437 1790 potuerit
1447 1751 1576 1790 amplius
1586 1749 1696 1791 assequi
1708 1750 1844 1780 Plancius
1856 1769 1864 1782 ‚
1887 1747 1906 1777 si
1917 1751 1974 1777 Cn.
1983 1749 2101 1787 Scipio-

1141 1794 1188 1821 nis
1198 1789 1297 1822 fuifl'et
1308 1791 1398 1821 filius.
1421 1794 1518 1833 Magis
1529 1792 1624 1822 aedilis
1633 1791 1698 1822 fieri
1709 1801 1773 1821 non
1783 1788 1924 1831 potuisset
1937 1788 1968 1818 :⁶
1978 1790 2027 1819 sed
2040 1790 2102 1819 hoc

1139 1832 1272 1873 praestare
1283 1853 1291 1867 ,
1311 1832 1393 1874 quod
1411 1836 1439 1863 ei
1453 1834 1558 1864 minus
1573 1833 1766 1864 invideretur.
1791 1834 1914 1862 Etenim
1928 1840 2099 1861 Homonoia

1138 1874 1244 1916 gradus
1256 1875 1384 1905 summis
1399 1876 1578 1905 hominibus
1589 1895 1597 1909 ,
1617 1874 1777 1905 &infimis
1788 1874 1855 1904 sunt
1864 1882 1962 1913 pares:
1982 1873 2097 1911 gIoriae,

1139 1917 1275 1956 dispares.
1298 1920 1373 1957 Qis
1384 1916 1523 1947 nostrum
1535 1918 1562 1947 se
1574 1917 1647 1947 dicit
1657 1918 1797 1945 M.Curro
1808 1935 1816 1949 ,
1831 1918 1899 1955 quis
1911 1916 2095 1948 GFabricio,
2117 1927 2162 1959 25

1136 1961 1205 1999 quis
1214 1961 1244 1988 P.
1255 1960 1381 1988 Duellio
1394 1968 1494 1998 parem
1507 1962 1518 1987 ?
1537 1963 1604 1999 quis
1615 1958 1711 1988 Atilio
1722 1958 1879 1987 Calatino?
1898 1958 1965 1997 quis
1977 1959 2008 1986 C.
2022 1956 2055 1986 δε
2064 1959 2096 1986 Ρ.

1137 2000 1350 2039 Scipionibus?
1361 2003 1428 2040 quis
1439 1999 1580 2030 Africano
1591 2020 1599 2033 ,
1615 1999 1761 2029 Marcello
1771 2019 1779 2032 ,
1793 2000 1955 2028 Maximo?
1970 2003 1984 2026 7
1994 2007 2096 2028 tamen

1136 2041 1258 2071 eosdem
1277 2041 1380 2071 sumus
1396 2042 1551 2071 honorum
1568 2040 1673 2082 gradus
1686 2061 1694 2074 ,
1711 2050 1787 2081 quos
1798 2041 1842 2070 illi
1854 2060 1862 2074 ,
1881 2038 2010 2070 assecuti.
2042 2039 2096 2070 Est

1136 2085 1219 2112 enirn
1231 2084 1263 2112 in
1274 2084 1380 2112 virtute
1394 2083 1497 2112 multis
1506 2083 1661 2112 adscensus
1673 2093 1678 2111 :
1698 2092 1731 2112 ut
1749 2084 1774 2112 is
1787 2083 1880 2124 gloria
1896 2080 2032 2111 maxime
2042 2091 2098 2111 ex·
2108 2111 2115 2123 l

1133 2124 1220 2155 cellat
1229 2143 1237 2157 ‚
1257 2125 1309 2164 qui
1322 2125 1433 2153 virture
1445 2123 1615 2164 plurimum
1625 2123 1748 2164 praestet.
1774 2125 1927 2153 honorum
1939 2123 2044 2163 populi
2056 2122 2093 2152 fi-

1134 2168 1182 2196 nis
1193 2165 1236 2196 est
1246 2186 1254 2199 ‚
1266 2166 1450 2196 consulatus:
1467 2176 1559 2207 quem
1570 2165 1772 2206 magistratum
1781 2166 1843 2205 jam
1854 2164 2020 2207 oEfingenti
2031 2163 2094 2195 fere.

1133 2207 1285 2238 consecuti
1305 2207 1380 2237 sunt.
1404 2209 1513 2237 horum
1525 2227 1533 2241 ,
1557 2206 1578 2236 si
1591 2207 1873 2248 diligenterrquaeras
1885 2227 1893 2241 ,
1914 2202 1929 2226 8
1939 2209 1993 2237 vix
2013 2206 2094 2236 deci-

1135 2259 1217 2279 mam
1227 2259 1339 2289 partem
1350 2252 1459 2290 reperis
1468 2250 1562 2291 gloria
1571 2249 1703 2290 dignam.
1728 2250 1777 2279 sed
1791 2259 1883 2279 nemo
1899 2258 2045 2289 umquam
2056 2247 2095 2278 sic

1135 2293 1195 2333 egit
1205 2312 1213 2325 ,
1236 2301 1267 2321 ut
1286 2300 1316 2321 tu
1331 2302 1336 2320 τ
1361 2294 1420 2322 Cur
1439 2291 1493 2322 iste
1515 2290 1548 2321 fit
1564 2291 1689 2321 consul?
1709 2291 1781 2331 quid
1792 2294 1892 2331 potuit
1905 2291 2034 2330 amplius
2045 2310 2052 2322 2
2074 2289 2096 2319 fi

1136 2335 1281 2363 L.Brutus
1292 2331 1372 2367 esset,
1384 2335 1436 2374 qui
1448 2335 1600 2364 civitatem
1611 2332 1770 2363 dominatu
1781 2335 1864 2374 regio
1874 2333 2029 2363 liberavit?
2041 2334 2098 2362 ho-

1136 2385 1210 2404 nore
1221 2376 1298 2404 nihil
1310 2377 1442 2415 amplius
1452 2396 1460 2409 ‚
1483 2376 1568 2405 laude
1580 2376 1723 2404 multum.
1745 2376 1793 2405 Sic
1804 2377 1893 2416 igitur
1901 2375 2037 2405 Plancius
2050 2377 2095 2404 ni·

1135 2417 1306 2446 hilominus
1344 2417 1452 2447 uaestoi·
1463 2416 1504 2447 est
1515 2416 1610 2446 faCtus
1620 2437 1628 2450 ,
1651 2417 1684 2447 &
1696 2415 1834 2447 tribunus
1845 2416 1942 2456 plebis
1952 2436 1960 2449 ‚
1981 2415 2012 2445 &
2024 2416 2098 2445 :edi-

1136 2459 1172 2488 lis
1184 2478 1193 2492 ,
1212 2458 1305 2499 quarn
1337 2470 1346 2488 i
1365 2458 1435 2489 esset
1448 2460 1569 2489 summo
1581 2460 1648 2488 loco
1658 2468 1761 2488 natus:
1780 2458 1830 2489 sed
1847 2460 1908 2487 haec
1920 2478 1927 2490 ‚
1949 2459 2010 2497 pari
2028 2458 2097 2487 loco

1135 2502 1213 2534 orti,
1226 2501 1292 2531 sunt
1301 2501 1538 2531 innumerabiles
1548 2501 1599 2530 alii
1614 2501 1774 2530 consecuti.
1798 2499 1915 2530 Profers
1925 2501 2098 2539 triumphos

1135 2544 1186 2572 Ti.
1198 2544 1322 2573 Gracchi
1335 2563 1342 2576 ‚
1355 2544 1387 2573 &
1399 2544 1524 2573 CMarii
1535 2553 1540 2571 1
1552 2543 1585 2571 &
1594 2544 1700 2582 quaeris
1709 2562 1717 2575 ,
1728 2541 1802 2582 quid
1813 2540 1909 2570 simile
1919 2542 1951 2570 in
1963 2541 2095 2571 Plancio.

1136 2583 1225 2626 Qasi
1235 2584 1308 2615 vero
1319 2585 1366 2615 isti
1378 2605 1386 2618 ,
1405 2594 1479 2625 quos
1490 2593 1713 2613 commemoras
1723 2604 1731 2617 ,
1744 2592 1896 2622 propterea
1905 2584 1998 2623 magis
2008 2582 2097 2613 laude

1135 2625 1249 2656 suerint
1258 2626 1340 2668 digni
1353 2647 1361 2660 ,
1381 2625 1462 2667 quod
1474 2626 1686 2666 triumpharunt
1697 2645 1705 2657 ‚
1724 2625 1756 2654 &
1766 2635 1829 2654 non
1839 2644 1847 2657 ‚
1866 2623 2095 2665 quiacommiffi

1137 2668 1205 2698 sunt
1215 2671 1252 2698 iis
1262 2668 1447 2709 magistratus
1458 2688 1466 2701 ‚
1486 2670 1518 2696 in
1528 2667 1637 2707 quibus
1648 2676 1678 2696 re
1688 2667 1764 2696 bene
1774 2665 1852 2708 gesta
1862 2667 2094 2706 triumpharent.

1137 2712 1236 2752 Rogas
1246 2730 1254 2743 ,
1266 2721 1331 2751 quae
1339 2709 1429 2740 castra
1437 2708 1562 2739 viderit:
1581 2712 1597 2735 9
1605 2708 1698 2749 qui&
1708 2709 1797 2737 miles
1807 2710 1839 2738 in
1849 2710 1932 2738 Creta
1942 2728 1951 2740 ,
1966 2709 2094 2738 Metello

1138 2753 1196 2782 hoc
1205 2754 1381 2793 imperatore
1392 2771 1400 2786 2
1420 2750 1600 2782 &tribunus
1616 2760 1648 2780 in
1657 2750 1834 2781 Macedonia
1845 2750 1981 2779 militum
1993 2749 2022 2779 su
2028 2752 2094 2784 erit,

1968 2792 2001 2821 &
2011 2802 2095 2832 qua:-

1174 2889 1199 2914 5.
1222 2880 1338 2914 Pleraque}
1350 2880 1375 2904 de
1383 2877 1612 2913 iffifincfiwrmn]
1634 2877 1779 2904 Lambinus
1789 2877 1903 2908 coniecit
1913 2877 1939 2901 u'e
1949 2878 1992 2910 {³2⁷⁰
2002 2877 2098 2910 mefite—

1137 2924 1195 2941 runt
1210 2928 1215 2941 :
1235 2916 1277 2942 sed
1289 2918 1312 2941 ei
1324 2915 1384 2941 libri
1397 2925 1447 2941 non
1460 2914 1560 2940 iuvent.

1172 2953 1200 2978 6.
1221 2954 1313 2978 Sedlmc
1322 2954 1430 2984 praestare
1440 2951 1499 2984 quod
1515 2953 1535 2975 «ἱ
1545 2952 1623 2976 minus
1631 2950 1806 2984 inridentur]
1829 2948 1990 2975 Gulielmius
2010 2948 2097 2979 conii-

1135 2988 1233 3022 cit,serl
1242 2990 1280 3013 hoc
1288 2989 1425 3020 sraestm'rt5
1444 2990 1463 3011 ei
1474 2990 1552 3011 mmm
1561 2989 1615 3012 inv.

1170 3032 1198 3059 7.
1216 3024 1393 3055 Tamencijdcm
1407 3023 1516 3055 suman]
1540 3021 1792 3054 Vocabulumfizmni·
1809 3020 1943 3048 addidici(
1956 3019 2098 3047 Erfurdia-

1135 3069 1187 3090 no;
1213 3061 1241 3086 ὃ(
1252 3059 1366 3086 multum
1379 3059 1442 3084 iacit
1453 3058 1484 3084 ad
1495 3058 1619 3084 decorum
1633 3058 1777 3084 sententizc.
1904 3076 1907 3079 -

1172 3096 1198 3122 8.
1219 3099 1265 3122 l'tx
1274 3096 1488 3127 decimampasnm
1498 3095 1584 3128 reperis·
1595 3114 1603 3128 ,
1621 3095 1689 3129 eun]
1710 3095 1752 3121 lto.
1762 3101 1817 3120 erat
1827 3093 1853 3120 in
1865 3092 1980 3120 exoletis
1998 3091 2059 3118 edil.
2069 3092 2098 3118 Sc

1136 3132 1203 3202 pag:
1216 3132 1354 3199 lggiixijrilcs
1365 3170 1390 3192 in
1400 3170 1472 3193 Crem
1482 3168 1573 3193 Metella
1592 3170 1630 3192 hoc
1649 3166 1813 3200 imperatore]
1837 3166 1899 3191 vox
1918 3166 2010 3190 Men-Uo
2021 3182 2028 3194 ‚
2049 3172 2102 3189 non

1135 3203 1227 3231 visitur
1239 3204 1266 3232 in
1279 3202 1340 3231 cdd.
1354 3211 1420 3233 iett.
1431 3211 1462 3233 ut
1471 3213 1519 3234 nee
1530 3204 1557 3232 in
1570 3203 1695 3232 Palluuut
1706 3205 1734 3231 5,
1746 3204 1760 3231 lv
1771 3202 1819 3230 iet.
1830 3209 1876 3234 qut
1885 3201 2106 3259 ⁰³¹⁸‘⁸'¹'²³¹¹‘⁰3..„

1999 3244 2026 3270 ⁴3.
2047 3245 2057 3259 i
2079 3244 2104 3269 ψ

1831 454 1886 485 Sed
1897 452 2060 492 veniojam
2069 450 2104 482 ad
2125 460 2170 491 24
