2337 3400
132 135 260 192 '748
572 123 1075 174 M.TULL11

165 216 291 260 possem.
314 216 410 252 Quare
425 216 593 251 pergratum
612 205 691 236 mihi
704 203 829 237 feceris,
849 200 869 231 si
884 211 955 233 eum
970 203 1000 231 in
1014 200 1119 231 amici-

165 263 238 290 tiam
250 265 330 286 tuam
342 253 494 293 receperis:
505 259 590 290 atque
599 257 683 281 eum,
693 245 774 288 quod
785 244 843 275 fine
857 242 995 274 molestia
1002 251 1052 273 tua
1061 241 1120 275 fiat,

167 301 186 330 si
203 309 257 339 qua
275 299 350 328 inre
361 304 436 334 opus
446 292 592 323 eifuerit,
603 291 731 330 juveris.
753 287 787 317 Id
800 287 831 317 δε
841 287 919 316 mihi
929 286 1124 315 vehementer

167 348 284 380 gratum
307 338 381 369 erit,
403 336 436 365 δε
455 335 510 365 tibi
529 332 628 373 postea
643 329 823 372 jucundum.
848 329 1018 358 Hominem
1036 328 1120 358 enim

168 384 287 413 summa
297 378 452 420 preliitate,
465 375 661 406 humanitate,
671 372 914 411 observantiaque
922 367 1094 410 cognosces.

382 449 384 451 ’
408 437 603 468 CICERO
629 433 824 464 SERVIO
859 433 886 462 S.

107 454 122 466 .‚

134 454 153 485 4
258 500 317 527 UM
327 494 411 526 antea
419 493 572 534 capiebam
582 501 620 522 ex
636 488 738 520 officio
749 498 819 519 meo
828 487 1030 528 voluptatem,
1041 483 1123 532 quod

173 495 454 574 Cmeminerim
467 556 474 568 ‚
491 535 581 576 quani
593 533 649 563 tibi
659 532 819 573 diligenter
828 530 980 569 Lysonem
993 549 1002 561 ,
1022 527 1123 575 hospis

167 589 249 614 tem,
271 580 494 610 &ruminarem
517 585 639 608 meum,
659 571 938 605 commendassem,
967 580 1031 600 tum
1053 578 1124 598 vero
1145 583 1147 593 ι

167 621 268 661 postea
278 631 368 661 quam
379 630 416 650 ex
429 620 536 649 litteris
548 618 611 651 eius
621 617 772 657 cognovi,
794 613 849 644 tibi
861 623 930 643 eum
942 610 1124 657 falsolsuspc-

168 664 191 693 ci
202 674 251 694 um
263 662 360 696 suiss'e,
370 658 635 692 vehementiflime
644 659 756 688 laetatus
767 657 829 687 sum
841 676 848 689 ‚
867 665 917 683 rne-
927 663 987 684 tam
997 653 1123 693 diligen-

168 715 231 735 1-·m
244 706 275 734 in
286 715 322 734 eo
336 702 580 734 commendando
596 698 694 730 fuisse.
717 702 760 728 Ita
779 699 861 727 enim
883 693 990 734 scripsit
1007 694 1043 724 ad
1062 703 1122 740 me,

169 747 223 776 libi
242 756 338 776 meam
360 743 658 776 commendationem
679 742 816 770 maximo
835 738 1012 776 adjumento
1027 733 1124 767 fuisse,

169 789 251 828 quod
271 788 348 818 ad‘te
359 788 493 817 delatum
512 786 620 815 diceret
632 804 639 816 2
660 783 718 813 sese
732 790 833 811 contra
852 780 1028 820 dignitatem
1044 785 1123 824 tuam

171 833 281 860 Romae
293 829 329 860 de
339 839 366 859 te
376 830 459 869 loq-ii
470 828 591 857 solitum
604 824 671 855 offo.
695 826 741 853 De
751 832 824 862 quo,
840 820 890 850 etsi
903 829 957 859 pro
969 829 1019 848 tua
1029 817 1125 848 facili-

171 881 230 902 tate
244 892 253 906 ‚
276 871 308 902 &
320 872 500 900 humanitate
520 876 674 908 purgatum
688 865 714 894 se
734 865 789 893 tibi
805 862 906 894 scribit
923 860 998 891 esse:
1024 870 1125 891 tamen

171 916 304 954 primum
318 933 326 946 ‚
346 913 502 943 utdcbeo,
526 910 578 939 tibi
589 910 692 948 gratias
705 916 760 947 ago
772 926 780 939 ,
799 904 870 934 curn
886 912 1003 934 tantum
1023 903 1126 932 litterae

171 966 248 986 mea:
259 963 430 995 potuerunt..
444 962 474 982 ut
484 972 492 985 2
505 953 549 981 {riis
560 949 645 979 leCi-is
657 969 664 982 ,
685 957 812 977 ornnem
825 943 1022 976 offensionem
1035 945 1064 974 su
1071 944 1126 983 spi-

172 999 281 1030 cionm,
294 1007 381 1037 quarn
395 996 533 1025 habueras
544 992 579 1022 de
590 992 709 1031 Lysone
721 1009 729 1022 ,
742 989 921 1028 deponeres:
946 986 1056 1016 deinde
1065 995 1125 1015 cre-

173 1040 223 1068 das
235 1040 312 1068 1111111
325 1036 485 1067 affirmanti
499 1034 610 1065 velim,
626 1042 674 1061 me
686 1032 743 1061 hoc
755 1040 816 1060 non
827 1039 880 1069 pro
890 1029 1009 1068 Lysone
1020 1029 1126 1068 magis,

172 1080 261 1120 quum
273 1090 326 1119 pro
337 1078 480 1108 omnibus
494 1075 628 1107 scribere,
643 1075 804 1103 hominem
817 1070 872 1100 effe
883 1072 1040 1100 neminem
1053 1090 1062 1102 ,
1075 1070 1126 1109 qui

174 1131 317 1162 umquam
330 1121 519 1149 mentionem
533 1116 592 1146 sine
604 1126 650 1146 tua
660 1115 777 1145 summa
788 1113 873 1143 laude
883 1133 891 1146 ‚
910 1111 1023 1142 fecerit.
1049 1111 1127 1150 Lyso

172 1163 244 1193 vero
261 1161 332 1192 cum
352 1171 473 1191 mecum
493 1169 583 1199 prope
601 1157 736 1198 quotidie
755 1154 843 1187 esset,
861 1164 978 1194 unaque
996 1155 1126 1182 viveret:

173 1214 238 1235 non
249 1204 347 1234 solum
368 1204 438 1244 quia
451 1212 499 1232 me
522 1201 647 1231 libenter
658 1199 757 1229 audire
770 1196 961 1227 arbitrabatur
971 1215 979 1228 ,
999 1194 1046 1224 sed
1060 1195 1129 1233 quia
1146 1203 1148 1222 i

171 1244 316 1277 libentius
326 1245 388 1285 ipse
400 1243 584 1284 loquebatur,
597 1242 702 1271 omnia
712 1239 789 1269 milii
799 1248 846 1268 tua
857 1238 889 1268 δε
900 1236 973 1266 fac'ka
983 1257 991 1270 ,
1008 1236 1040 1266 &
1051 1233 1129 1265 diCta

171 1287 318 1318 laudabat.
341 1289 530 1326 Quapropter
541 1282 591 1314 etsi
601 1280 617 1313 a
627 1292 654 1313 te
670 1284 706 1311 ita
722 1280 859 1311 ti·a&:atur
870 1299 878 1313 ‚
891 1288 922 1308 ut
933 1279 993 1313 iam
1003 1287 1066 1308 non
1078 1276 1130 1324 de-

172 1327 278 1360 fideret
287 1327 589 1359 commendationem
605 1334 702 1354 meam
714 1342 721 1355 2
743 1322 869 1363 unisque
880 1321 909 1351 se
927 1320 1032 1350 litteris
1053 1328 1129 1348 meis

172 1373 280 1402 omnia
300 1370 495 1400 consecutum
516 1376 599 1408 putet
612 1377 616 1395 :
642 1374 743 1396 tamen
765 1363 781 1394 ἶ).
800 1373 827 1394 te
847 1372 916 1403 peto
934 1363 968 1392 in
982 1362 1131 1408 majorem

178 1411 307 1443 modum
318 1432 326 1444 ‚
345 1421 455 1442 uteum
468 1411 557 1440 etiarn
570 1418 654 1449 atque
674 1409 763 1436 etiam
774 1407 832 1435 tuis
851 1402 960 1434 officiis
972 1424 980 1436 ,
1001 1402 1132 1432 liberali·

173 1463 232 1484 tate
240 1453 452 1493 compledhire.
475 1451 640 1482 Scriberem
650 1448 685 1479 ad
697 1457 734 1481 te,
749 1447 845 1488 qualis
855 1449 901 1476 vir
911 1444 992 1478 esset,
1004 1454 1037 1475 ut
1046 1444 1131 1490 supe-

172 1495 304 1530 rioribus
314 1496 422 1525 litteris
432 1493 571 1527 feceram,
582 1490 637 1523 nisi
646 1489 789 1529 eumjam
799 1498 851 1530 per
860 1487 986 1528 seipsum
997 1486 1052 1516 tibi
1062 1486 1131 1516 satis

177 1535 235 1569 esse
247 1545 358 1567 notum
372 1536 533 1567 arbitrarer.

402 1597 599 1628 CICERO
636 1595 829 1626 SERVIO
871 1594 899 1622 S.

273 1660 496 1687 Acamas-rus
514 1652 668 1685 Lariss‘aeus
679 1673 687 1687 ‚
707 1653 822 1693 magnis
833 1650 910 1680 meis
919 1645 1132 1678 beneficiisor-

272 1707 359 1728 natus
369 1700 401 1728 in
410 1697 565 1727 consulatu
576 1706 658 1729 meo,
670 1703 803 1727 memor,
820 1692 851 1722 δε
862 1700 958 1732 gratus
969 1689 1043 1719 fuit:
1069 1696 1133 1716 nie-

171 1750 230 1781 que
241 1740 341 1780 postea
350 1736 577 1779 diligentiffime
586 1738 689 1767 coluit.
698 1739 777 1766 Eum
788 1734 844 1765 tibi
855 1740 1035 1773 magnopere
1046 1738 1133 1758 com-

172 1781 307 1815 mendo,
326 1780 560 1819 ut&hospitem
577 1787 681 1808 meum
694 1779 726 1807 &
744 1776 943 1806 familiarem:
968 1774 999 1802 δεῖ
1017 1779 1131 1811 gratum

175 1826 339 1853 hominem
353 1843 361 1856 ,
375 1822 518 1851 &virum
530 1820 647 1850 bonum
660 1840 669 1853 ‚
691 1820 724 1849 δε
736 1819 905 1858 principem
917 1816 1043 1844 civitatis
1056 1813 1131 1856 suae:

175 1863 208 1898 ὅτ.
227 1874 276 1894 tua
290 1861 507 1894 necessitudine
522 1859 743 1903 digniffimum.
766 1862 935 1898 Pergratum
956 1856 1032 1884 milii
1051 1857 1132 1883 tece-

172 1907 213 1936 ris
224 1926 232 1939 ,
256 1904 278 1935 si'
287 1906 401 1936 dederis
414 1914 533 1944 operam
545 1923 553 1937 ,
575 1912 606 1932 ut
623 1904 647 1932 is
659 1901 807 1941 intelligat
817 1920 825 1933 ,
852 1900 927 1928 hanc
938 1906 1036 1943 meam
1047 1904 1133 1925 com-

173 1948 401 1978 mendationem
413 1955 558 1987 magnum
570 1944 646 1986 apud
658 1953 685 1974 te
698 1942 816 1984 pondus
828 1938 971 1971 habuisie.

413 2005 605 2034 CICERO
634 2003 831 2032 SERVIO
873 2001 901 2029 S.

280 2060 446 2090 Mescinius
467 2069 498 2089 ea
509 2068 630 2088 mecum
651 2055 864 2087 necessitudine
881 2052 1064 2095 conjunE’ms
1082 2052 1135 2082 estae

267 2101 363 2142 'quod
378 2101 458 2131 mihi
469 2099 600 2140 quaestor
610 2098 736 2130 fuit-Sed
750 2100 825 2128 hinc
834 2097 1054 2136 causarii,quam
1067 2105 1134 2135 ego,

176 2183 210 2213 &
226 2185 408 2214 humanitate
418 2184 466 2214 sua
478 2183 649 2223 justiorem.
674 2185 775 2223 Itaque
789 2191 826 2211 co
838 2179 874 2210 sic
886 2190 953 2210 utor
964 2199 972 2213 ,
986 2187 1018 2209 ut
1028 2188 1084 2208 nec
1093 2177 1136 2207 fa-

152 2248 154 2250 .
176 2225 325 2255 miliarius
337 2226 411 2259 ullo,
425 2235 480 2255 nec
491 2225 644 2254 libentius.
656 2226 684 2254 Is
695 2232 877 2264 quamquam
889 2220 1042 2251 confidere
1051 2219 1136 2249 vide-

175 2267 270 2301 'Wtffl‘s
283 2267 315 2296 &
326 2268 373 2297 sua
385 2267 481 2300 causa»
492 2276 557 2313 qpae
570 2265 694 2296 honest&
704 2263 801 2305 posses
815 2285 824 2297 ,
836 2264 963 2293 libenter
974 2261 1031 2292 6Πὲ
1039 2261 1137 2291 Ὲᾶὂῖῖϋ-
1157 2263 1159 2299 Ϊ
1181 2264 1224 2296 est
1235 2275 1357 2295 mecum
1368 2265 1485 2295 locutus
1497 2285 1507 2298 ,
1517 2274 1544 2295 te
1555 2285 1564 2298 ‚
1575 2274 1606 2295 ut
1617 2274 1698 2294 meas
1709 2265 1820 2294 litteras
1830 2266 1944 2304 legeris,
1957 2262 2054 2293 statim
2065 2272 2138 2301 pro-

176 2318 244 2337 rum
256 2329 266 2342 ,
289 2313 297 2327 ¹
310 2318 453 2349 magnum
473 2309 531 2337 elie
541 2317 641 2338 tamen
653 2308 780 2347 speravit
797 2305 874 2346 apud
888 2313 1005 2335 remeas
1018 2313 1136 2344 quoque
1158 2317 1159 2322 ¹

177 2350 298 2380 Titteras.
323 2350 356 2379 Id
367 2348 438 2379 cum
453 2349 514 2389 ipse
524 2349 721 2388 itajudicabzt
733 2367 741 2380 ,
755 2357 820 2377 turn
835 2356 889 2386 pro
906 2345 1050 2375 familiari
1062 2354 1136 2373 con-

177 2391 332 2422 suetudine
342 2392 415 2431 saepe
427 2400 465 2420 ex
477 2401 527 2420 nie
538 2390 677 2423 audierat,
691 2390 781 2430 quam
794 2389 888 2418 suavis
898 2385 968 2416 estet
978 2389 1055 2415 inter
1066 2394 1136 2417 nos,

176 2434 209 2462 δε
220 2442 329 2474 quanta
348 2431 539 2471 conjunlstio.
563 2434 635 2462 Peto
647 2433 736 2472 igitur
754 2429 826 2462 ¹lite,
846 2437 929 2458 tanto
950 2428 1060 2457 scilicet
1077 2425 1137 2456 stu-

176 2475 246 2507 dio,
267 2483 379 2516 quanto
392 2473 539 2513 intelligis
550 2473 657 2503 debere
675 2482 724 2502 me
743 2480 842 2511 petere
861 2480 915 2510 pio
932 2470 1060 2498 homine
1077 2476 1136 2498 tam

176 2517 254 2545 mihi
266 2514 427 2546 necess'ario
438 2535 446 2548 ‚
468 2515 571 2545 &tam
588 2514 729 2544 familiari
745 2523 751 2542 ;
773 2521 806 2543 ut
822 2514 885 2550 ejus
907 2512 1028 2551 negotia
1039 2528 1047 2543 ‚
1071 2519 1137 2550 quae

178 2559 249 2588 sunt
267 2560 300 2587 in
320 2558 431 2588 Achaia
443 2576 450 2589 ‚
473 2566 511 2586 ex
520 2566 556 2586 eo
568 2576 576 2590 ,
597 2554 677 2596 quod
689 2557 773 2585 heres
783 2553 824 2584 cst
838 2556 884 2583 M.
894 2552 1017 2582 Mindio
1028 2571 1037 2585 ‚
1057 2549 1138 2581 fratri

176 2599 243 2633 saio,
255 2601 305 2640 qui
323 2600 370 2629 Eli
381 2600 550 2639 negotiatus
559 2597 612 2632 est,
624 2597 756 2637 explices
770 2616 781 2629 ,
792 2595 824 2625 δε
835 2594 974 2635 expedias
983 2594 1136 2632 cumjure,

178 2640 212 2670 ὅ(
221 2640 374 2682 potestate,
387 2650 476 2681 quarn
488 2640 577 2670 habes
589 2660 598 2673 ,
611 2649 674 2669 tum
689 2640 779 2669 etiam
790 2636 963 2667 aue‘toritate
974 2655 983 2669 ,
997 2635 1029 2665 &
1043 2632 1138 2665 consi—

181 2682 222 2712 iio
233 2692 295 2712 tuo.
309 2686 357 2713 Sic
367 2684 450 2712 enim
461 2681 689 2722 praeseripsimus
699 2682 747 2713 iis,
760 2679 869 2720 quibus
879 2688 912 2708 ea
923 2679 1041 2718 negotia
1053 2686 1138 2706 man-

182 2724 327 2757 davimus,
345 2733 378 2754 ut
390 2724 537 2753 omnibus
551 2725 584 2752 in
595 2722 693 2755 rebus,
707 2723 813 2762 quaein
823 2721 953 2760 aliquam
965 2727 1141 2749 controver-

181 2764 250 2794 siam
261 2774 454 2799 vocarentur,
480 2774 506 2794 te
517 2764 627 2794 arbitro
640 2784 648 2796 ,
670 2764 702 2793 Sc
712 2783 719 2797 ,
739 2762 820 2802 quod
830 2760 996 2792 commodo
1014 2769 1066 2790 tuo
1077 2758 1140 2789 fieri

182 2805 297 2845 posset,
319 2816 346 2837 te
357 2807 551 2846 disceptatore
562 2813 728 2836 uterentur.
747 2804 783 2834 Id
797 2813 829 2834 ut
838 2804 964 2833 honoris
984 2803 1045 2831 mei
1058 2801 1142 2831 causa

184 2847 318 2886 [nemias
329 2868 337 2881 ‚
358 2849 554 2880 vehementer
568 2857 594 2878 te
613 2848 704 2880 etiam
728 2855 814 2886 atque
835 2847 926 2874 etiam
943 2853 1027 2889 rogo.
1060 2841 1139 2872 Illud

180 2898 330 2928 [σεῖ’-τρε,
347 2887 366 2917 fi
377 2899 440 2919 non
448 2890 583 2920 alienum
597 2897 645 2919 tua
655 2888 798 2929 dignitate
809 2885 926 2927 putabis
940 2884 1000 2915 efle
1010 2905 1019 2919 ‚
1037 2883 1143 2917 feceris

221 3014 243 3031 1.
264 3009 380 3041 muggam
390 3005 429 3038 esc
440 3008 634 3039 :amcnsperavit
646 3005 712 3038 apud
719 3012 740 3029 tc
751 3013 813 3029 nitas
823 3013 909 3039 quoque
918 3005 1040 3038 litteram]
1062 3005 1095 3030 Su
1101 3013 1142 3029 111-

189 3041 224 3066 ·.¹'0
234 3049 291 3066 curn
300 3039 403 3074 judicio
414 3040 482 3066 hunc
493 3041 581 3066 locum
601 3042 702 3076 primus
713 3041 744 3065 P.
755 3039 893 3066 vifrorius
913 3040 1029 3066 restituit
1041 3059 1049 3072 ,
1069 3040 1143 3073 cnjus

180 3085 265 3102 :amen
276 3082 359 3111 genus
369 3075 475 3102 dicendi
489 3077 614 3102 Manutio
626 3086 676 3102 non
692 3075 817 3102 satisfacit
829 3085 838 3106 ς
859 3085 911 3102 non
923 3085 1021 3102 novum
1036 3095 1044 3106 ‚
1063 3085 1143 3111 quem

180 3115 204 3138 ἓ(
217 3111 366 3138 cei-tissimis
375 3112 543 3146 argumentis
564 3112 642 3137 nimis
654 3113 768 3138 strabum
779 3111 855 3138 fuisse
865 3111 999 3138 industriae
1011 3112 1039 3137 &
1049 3112 1144 3146 gloria:

184 3150 199 3172 ·=‚'
216 3147 340 3176 &minuat
350 3147 451 3183 possum
472 3147 651 3179 convincere,
673 3148 701 3173 δε
715 3155 844 3182 praeterea
861 3156 913 3174 non
933 3147 1034 3182 semper
1046 3155 1142 3174 teretes

1153 1716 1155 1721 ,
1176 1695 1335 1734 promitto,
1347 1702 1433 1733 atque
1443 1691 1603 1723 confirmo.

1144 117 1692 170 C1cER0N13

1160 201 1237 232 mihi
1250 210 1416 242 pergratum
1430 212 1435 231 :
1451 201 1471 232 sl
1482 202 1727 244 quidifficiliores
1741 211 1836 239 erunt,
1848 212 1952 235 utrem
1963 202 2021 235 sine
2035 213 2125 240 com,

1161 242 1300 275 troversia
1308 241 1418 273 confici
1429 244 1527 274 nolint
1537 264 1545 278 ,
1557 243 1576 274 si
1587 255 1639 275 eos
1650 266 1658 280 ,
1670 256 1766 287 quum
1776 256 1848 276 cum
1864 247 1993 277 senatore
2007 256 2053 276 res
2063 246 2117 280 est,

1163 289 1296 316 Romam
1313 285 1460 325 rejeceris.
1485 285 1573 324 Qod
1590 296 1651 326 quo
1668 290 1789 318 minore
1813 288 2001 318 dubitatione
2023 287 2120 318 facere

1163 325 1379 368 postis,litteras
1389 325 1423 356 ad
1437 336 1464 356 te
1478 326 1667 366 aMLepido
1679 330 1878 363 consule,non
1890 341 1954 370 quae
1965 339 1992 359 te
2005 328 2119 370 aliquid

1160 369 1319 408 juberent,
1342 368 1452 409 (neque
1469 370 1551 398 enim
1566 369 1594 398 id
1615 378 1670 399 tuae
1680 370 1832 411 dignitatis
1852 371 1908 401 effi·
1931 366 2122 410 arbitramur)

1165 411 1212 442 sed
1224 410 1355 451 quodam
1367 409 1462 439 modo
1479 408 1556 450 quasi
1575 412 1834 442 commendatitias
1849 412 2018 443 sumsimus.
2044 414 2123 443 Scri·

1166 453 1285 486 berem,
1308 452 1399 492 quam
1418 451 1447 481 id
1459 451 1642 481 beneficium
1662 452 1737 481 bene
1750 454 1825 492 apud
1842 456 2023 484 Mescinium
2045 452 2123 494 posi-

1166 503 1248 524 turus
1258 492 1331 523 effes
1344 513 1352 526 ‚
1374 492 1427 522 nisi
1439 493 1471 522 δε
1483 503 1510 522 te
1528 494 1598 524 scire
1616 493 1799 523 confiderem
1812 514 1820 527 ‚
1841 496 1873 525 ὃς
1891 498 1968 526 milii
1979 505 2122 535 peterem.

1165 538 1211 566 Sic
1233 538 1315 565 enim
1327 535 1420 565 velim
1431 534 1605 568 existimes,
1626 545 1690 565 non
1709 537 1811 565 minus
1827 547 1874 566 me
1886 538 1922 567 de
1940 539 2022 567 illius
2033 548 2062 567 re
2081 538 2124 568 'ea-

1169 578 1269 607 borare
1282 598 1289 610 2
1309 586 1398 617 quam
1419 577 1517 616 ipsum
1527 576 1563 606 de
1575 577 1632 606 sua.
1657 577 1712 607 Sed
1731 587 1800 607 cum
1812 578 1902 607 illum
1918 577 2022 609 studeo
2032 589 2123 619 quam

1166 618 1313 649 facillime
1331 618 1366 648 ad
1385 619 1471 648 suum
1493 621 1664 658 pervenire:
1688 629 1754 649 tum
1773 619 1850 649 illud
1868 619 1989 653 labor'o,
2009 630 2040 650 ut
2059 630 2124 650 non

1170 662 1338 690 minimum
1349 662 1402 691 hac
1421 670 1489 690 mea
1498 660 1766 691 commendatione
1785 661 1813 690 se
1833 661 2028 692 consecutum
2045 662 2126 692 arbi-

1172 712 1271 733 tretur.

1405 763 1597 792 CICERO
1625 764 1821 801 SERVIO·
1860 764 1889 792 S.

1257 821 1336 849 Iem-
1354 818 1462 850 eodem
1475 820 1618 860 exemplo
1629 820 1732 859 saepius
1744 819 1797 850 tibi
1809 820 1898 857 hujus
1917 821 2034 860 generis
2045 819 2126 850 litte-

1257 871 1300 890 ras
1312 863 1430 892 mittam
1442 882 1450 895 ‚
1461 872 1530 891 cum
1542 864 1646 902 gratias
1657 872 1740 903 agam
1752 884 1760 895 ,
1772 861 1854 903 quod
1870 872 1952 892 meas
1964 871 2127 891 commen-

1169 902 1304 932 dationes
1314 912 1374 932 tam
1386 903 1544 944 diligenter
1557 903 1713 933 observes:
1733 903 1815 944 quod
1830 902 1886 933 feci
1897 906 1928 933 in
1939 904 2004 933 aliis
2015 924 2023 937 ‚
2037 903 2070 933 Sc
2079 901 2123 932 fa-

1169 946 1258 977 ciam,
1275 954 1307 974 ut
1318 946 1407 974 video
1419 964 1427 978 ,
1442 946 1561 984 saepius:
1587 945 1634 975 sed
1647 954 1746 975 tamen
1759 955 1821 975 non
1835 955 1950 984 parcam
1963 955 2058 985 operae
2069 964 2076 977 ‚
2092 944 2126 974 &

1171 995 1202 1015 ut
1212 996 1266 1015 vos
1281 987 1381 1016 soletis
1393 985 1575 1016 informulis
1585 1006 1593 1020 ,
1619 985 1656 1016 sic
1665 997 1719 1029 ego
1733 988 1765 1016 in
1786 986 1917 1026 epistolis
1935 986 1970 1016 de
1981 986 2082 1016 eidem
2096 995 2126 1015 re

1168 1028 1228 1057 alio
1246 1027 1352 1057 modo.
1377 1030 1409 1057 C.
1422 1030 1567 1058 Avianius
1589 1030 1676 1069 igitur
1696 1031 1902 1058 Himmonius
1923 1028 2127 1058 incredibileis

1174 1069 1249 1098 milii
1260 1071 1364 1108 gratias
1376 1079 1427 1108 per
1443 1069 1551 1099 litteras
1561 1068 1621 1110 egit
1633 1089 1642 1102 ,
1661 1070 1694 1099 &
1708 1070 1759 1099 suo
1770 1089 1778 1103 ‚
1800 1070 1832 1099 ὃς
1843 1071 1962 1099 AEmilii
1975 1090 1986 1103 L
2004 1070 2124 1101 Aviani,

1170 1112 1284 1149 patroni
1298 1110 1340 1139 sui
1352 1130 1360 1142 ‚
1383 1112 1531 1143 nomine,
1551 1111 1783 1144 necliberalius‚
1802 1121 1857 1140 nec
1877 1110 2128 1141 honorificentius

1172 1149 1298 1190 potuiss'e
1311 1150 1425 1181 uastari
1445 1172 1453 1183 ,
1472 1162 1528 1181 nec
1539 1152 1565 1181 se
1576 1152 1748 1191 praesentern
1760 1173 1768 1185 ‚
1790 1162 1844 1181 nec
1865 1162 1929 1182 rem
1947 1152 2129 1182 familiarem

1173 1193 1301 1222 absentis
1319 1194 1437 1232 patroni
1458 1193 1510 1222 sui.
1534 1193 1568 1222 Id
1591 1194 1668 1222 mihi
1685 1203 1755 1222 curn
1776 1194 1940 1228 iucundum
1959 1193 2000 1223 est
2022 1201 2129 1223 eorum

1172 1235 1272 1267 causa,
1283 1244 1359 1274 quos
1369 1234 1424 1264 tibi
1435 1244 1489 1275 ego
1498 1234 1616 1265 summa
1626 1233 1838 1264 necessitudine
1850 1255 1857 1267 ‚
1883 1235 1915 1264 δε
1928 1236 2045 1265 summa
2054 1244 2130 1264 con-

1171 1275 1332 1316 junffione
1342 1275 1488 1306 addixeras
1506 1276 1789 1307 commendaveram
1802 1296 1810 1310 ‚
1827 1275 1912 1316 quod
1928 1279 1972 1306 M.
1985 1276 2131 1306 AEmilius

1176 1328 1252 1348 unus
1262 1316 1305 1348 est
1315 1328 1353 1347 ex
1365 1320 1442 1347 meis
1458 1316 1695 1348 familiarissimis
1706 1339 1714 1352 ‚
1733 1328 1819 1359 atque
1837 1321 1956 1348 intimis
1967 1338 1975 1352 ,
1995 1319 2132 1347 maxime

1176 1358 1350 1389 necessarius
1366 1360 1474 1393 homo,
1488 1360 1520 1389 &
1529 1362 1646 1400 magnis
1658 1362 1734 1389 meis
1746 1358 1899 1390 beneficiis
1910 1358 2067 1390 devinetus
2078 1379 2087 1392 ,
2098 1359 2134 1388 &2

1175 1411 1267 1441 prope
1278 1402 1420 1431 omnium
1432 1421 1439 1434 ‚
1462 1404 1513 1442 qui
1525 1403 1603 1431 mihi
1614 1401 1720 1431 debere
1731 1400 1844 1441 aliquid
1852 1401 1995 1431 videntur
2004 1421 2012 1435 ,
2029 1401 2132 1442 gratis-

1176 1442 1266 1472 simus
1278 1453 1282 1471 :
1299 1451 1364 1472 tum
1375 1443 1473 1473 multo
1488 1443 1651 1482 jucundius
1662 1463 1671 1476 ,
1692 1452 1719 1473 te
1729 1441 1787 1472 effe
1798 1445 1830 1472 in
1842 1452 1890 1472 me
1904 1444 1952 1472 tali
1963 1443 2134 1475 voluntate,

1176 1493 1209 1515 ut
1224 1484 1291 1524 plus
1311 1484 1403 1524 prosis
1421 1486 1525 1515 amicis
1544 1487 1621 1514 meis
1635 1505 1644 1518 ,
1675 1484 1767 1525 quam
1788 1495 1843 1523 ego
1870 1484 1994 1524 praesens
2012 1482 2132 1514 fortasse

2142 779 2185 812 27

1177 1523 1358 1567 prodeffem:
1383 1526 1472 1556 credo
1484 1546 1491 1560 ‚
1503 1526 1585 1567 quod
1596 1528 1690 1566 magis
1701 1537 1755 1567 ego
1766 1526 1933 1556 dubitarem
1945 1545 1954 1559 ‚
1972 1525 2044 1566 quid
2060 1525 2174 1563 illo-X

1179 1578 1247 1599 rum
1258 1568 1341 1598 causa
1350 1567 1478 1598 facerem
1490 1589 1499 1602 ‚
1512 1568 1602 1609 quam
1613 1578 1643 1598 tu
1654 1588 1662 1601 ,
1674 1567 1745 1608 quid
1758 1577 1836 1598 mea.
1859 1567 1915 1598 Sed
1927 1568 1984 1598 hoc
1998 1577 2062 1597 non
2075 1566 2133 1596 du-

1177 1611 1241 1641 bito
1253 1630 1262 1642 ,
1281 1611 1354 1651 quin
1366 1609 1520 1640 existimes
1539 1611 1616 1639 mihi
1627 1608 1683 1639 effe
1705 1618 1832 1650 gratum.
1862 1609 1939 1639 Illud
1953 1619 1979 1639 te
1989 1619 2061 1649 rogo
2072 1627 2080 1642 ‚
2101 1617 2134 1638 ut

1177 1652 1247 1682 illos
1257 1662 1377 1693 quoque
1395 1662 1491 1693 gratos
1503 1652 1643 1681 homines
1654 1649 1710 1681 effe
1728 1660 1814 1691 putes
1827 1662 1832 1680 :
1854 1651 1935 1692 quod
1955 1653 1994 1681 ita
2004 1650 2062 1680 ess'e
2076 1649 2133 1680 tibi

1627 1695 1724 1732 Qiare
1735 1693 1828 1722 velim
1840 1712 1848 1726 ‚
1866 1692 2012 1733 quidquid
2024 1691 2134 1722 habent

1177 1736 1301 1777 negotii,
1315 1734 1365 1764 des
1374 1745 1494 1774 operam
1507 1754 1516 1768 ,
1530 1734 1613 1775 quod
1622 1734 1788 1765 commodo
1801 1743 1855 1764 tuo
1867 1734 1934 1767 fiat,
1946 1743 1996 1767 ut,
2011 1742 2039 1763 te
2052 1733 2135 1763 ohti-

1177 1785 1266 1807 nente
1278 1777 1433 1808 Achaiam,
1443 1775 1616 1806 conficiant.
1641 1779 1703 1816 Ego
1712 1784 1845 1806 cumtuo
1860 1777 1965 1805 Servio
1977 1772 2135 1814 jCicundis-

1178 1817 1249 1848 fime
1260 1837 1268 1850 ,
1289 1816 1531 1855 coniunffiffime
1544 1820 1634 1847 vivo:
1658 1827 1857 1857 magnamque
1868 1827 1938 1847 cum
1950 1826 1995 1846 ex.
2007 1817 2133 1857 ingenio

1177 1861 1251 1899 ejus,
1264 1857 1458 1900 singularique
1477 1859 1575 1890 studio
1587 1880 1596 1892 ,
1609 1868 1674 1889 tum
1685 1868 1724 1889 ex
1733 1861 1842 1890 virtute
1853 1879 1862 1893 ,
1878 1859 1910 1889 ὃ(
1920 1858 2066 1900 probitate
2076 1867 2133 1888 vo-

1180 1902 1323 1942 luPtatem
1335 1911 1429 1941 capio.
1798 1931 1800 1934 .
2008 1913 2025 1918 ..

1413 1960 1608 1989 CICERO
1633 1961 1824 1990 SERVIO
1867 1961 1897 1990 S'-

1256 2018 1317 2045 Ts1
1340 2014 1466 2045 hibenter
1476 2024 1572 2055 petere
1582 2014 1597 2044 a
1618 2024 1646 2044 te
1656 2015 1738 2045 soleo
1749 2035 1756 2047 ‚
1776 2014 1796 2044 s1
1809 2015 1882 2055 quid
1899 2024 1974 2055 opus
1993 2012 2035 2045 est
2049 2022 2136 2043 meo·

1256 2068 1323 2086 rum
1335 2058 1465 2097 cuipiam
1479 2068 1483 2086 :
1508 2066 1608 2087 tamen
1621 2057 1718 2086 multo
1729 2056 1875 2087 libentius
1885 2058 1988 2097 gratias
1999 2057 2054 2086 tibi
2068 2065 2133 2095 ago,

1156 2126 1158 2133 ⁴
1179 2109 1248 2128 cum
1266 2098 1362 2129 fecisti
1381 2098 1494 2139 aliquid
1519 2098 1790 2128 commendatione
1810 2108 1891 2128 mea:
1917 2098 1998 2140 quod
2021 2098 2137 2136 semper

173 2144 229 2172 itta
242 2143 405 2182 majoribus
419 2144 532 2182 accepi,
550 2142 665 2181 semper
674 2150 794 2181 gravem
805 2139 881 2169 duxi
898 2159 905 2170 ,
934 2137 1005 2168 fecit
1015 2139 1134 2169 virtute,
1157 2147 1158 2160 ³
1180 2139 1260 2170 facis.
1285 2140 1466 2170 Incredibile
1477 2139 1519 2170 est
1529 2141 1625 2173 enim,
1637 2150 1708 2180 quas
1720 2141 1795 2169 mihi
1805 2142 1910 2181 gratias
1921 2149 2028 2170 omnes
2037 2147 2133 2178 agant,

1180 2183 1270 2212 etiam
1294 2182 1486 2212 mediocriter
1509 2182 1524 2211 a
1553 2192 1602 2211 me
1626 2183 1680 2211 tibi
1707 2181 1915 2211 commendati
1939 2191 1944 2210 z
1976 2190 2040 2219 quae
2056 2176 2136 2208 mihi

1181 2225 1287 2253 omnia
1304 2233 1397 2265 grata:
1420 2223 1469 2253 sed
1490 2223 1526 2253 de
1544 2225 1577 2253 L·
1593 2223 1742 2253 Mescinio
1759 2221 1966 2262 gratiffirnum.
1990 2223 2037 2251 Sic
2048 2222 2134 2250 enim

1179 2307 1365 2337 curatoribus
1380 2307 1438 2337 suis
1447 2307 1620 2346 pollicitum
1632 2304 1690 2335 effe
1699 2308 1817 2335 omnia:
1840 2304 1939 2334 multo
1955 2314 2025 2334 vero
2041 2305 2138 2344 plura,

1184 2348 1216 2377 &
1230 2349 1343 2384 majora
1352 2346 1463 2378 fecisse.
1488 2347 1521 2377 Id
1534 2348 1622 2387 igitur
1635 2346 1720 2385 (puto
1730 2349 1813 2376 enim
1834 2348 1923 2376 etiarn
1942 2355 2032 2386 atque
2046 2347 2139 2375 etiam

1180 2390 1258 2418 mihi
1268 2388 1432 2418 dicendum
1448 2387 1517 2426 ess'e)
1529 2389 1620 2417 velim
1633 2387 1787 2418 existimes
1798 2407 1806 2422 ,
1825 2388 1902 2417 mihi
1922 2397 1949 2418 te
1958 2385 2058 2417 fecisse
2075 2396 2142 2427 gra-

1181 2431 1214 2459 ti}
1227 2439 1338 2459 imum.
1369 2429 1459 2470 Qod
1478 2428 1602 2470 quidem
1625 2430 1684 2459 hoc
1700 2427 1912 2459 vehementius
1932 2430 2033 2461 laetor‚
2056 2427 2140 2468 quod

1180 2480 1218 2500 ex
1232 2471 1296 2510 ipso
1308 2471 1457 2500 Mescmio
1468 2479 1495 2500 te
1509 2470 1599 2500 video
1611 2480 1749 2511 magnam
1771 2480 1925 2511 capturum
1940 2471 2139 2510 voluptatem.

1183 2511 1233 2543 Est
1243 2513 1370 2542 enimin
1384 2522 1420 2542 eo
1430 2522 1499 2542 cum
1514 2513 1609 2542 virtus
1622 2532 1632 2545 ‚
1653 2514 1685 2542 δε
1696 2512 1826 2553 probitas
1838 2533 1846 2545 ,
1864 2512 1896 2542 &
1906 2513 2060 2542 summum
2071 2509 2140 2541 offi-

1181 2555 1275 2587 cium,
1289 2554 1462 2594 summaque
1473 2553 1674 2584 observantia:
1699 2563 1763 2584 turn
1778 2553 1872 2584 studia
1883 2554 1934 2584 illa
1943 2552 2040 2584 nostra
2051 2572 2060 2586 ,
2071 2553 2139 2592 qui-

1182 2595 1237 2625 bus
1247 2595 1332 2626 antea
1344 2595 1566 2625 delectabamur
1577 2615 1586 2629 ‚
1607 2606 1689 2625 nnnc
1699 2597 1788 2626 etiam
1800 2598 1949 2625 vivimus.
1973 2594 2060 2635 Qod
2072 2593 2143 2623 reli-

1182 2647 1277 2677 quum
1288 2636 1341 2671 est,
1352 2637 1447 2667 veliin
1459 2647 1562 2677 augeas
1573 2646 1621 2668 tua
1638 2639 1670 2667 in
1689 2647 1759 2667 eum
1779 2636 1922 2668 beneficia
1936 2635 2081 2667 omnibus
2096 2644 2144 2664 re·

1182 2679 1247 2713 bus,
1258 2689 1324 2720 quae
1337 2688 1364 2709 te
1379 2688 1464 2709 erunt
1480 2679 1588 2709 diona-i.
1610 2679 1667 2709 Sed
1679 2679 1741 2709 duo
1750 2699 1758 2713 ,
1777 2690 1843 2720 quae
1856 2689 1885 2709 te
1895 2678 2078 2708 nominatim
2090 2685 2143 2705 ro-

1181 2731 1237 2761 go:
1261 2723 1396 2751 Primum
1410 2741 1417 2754 ,
1432 2729 1482 2754 ut,
1501 2703 1608 2761 liquid
1618 2720 1819 2751 satisdandum
1829 2722 1884 2750 erit
1897 2739 1906 2753 ,
1933 2727 2085 2748 AMPLlus
2103 2726 2144 2746 Eo

1184 2772 1319 2792 1<0M1NE
1334 2772 1399 2792 xor<
1413 2772 1487 2791 ezri
1500 2781 1507 2795 ,
1519 2772 1604 2792 cures
1614 2782 1622 2795 ‚
1638 2771 1670 2792 ut
1680 2760 1898 2792 satisdeturfide
1910 2769 1984 2789 mea.
2007 2758 2141 2793 Deinde,

1183 2802 1255 2834 cum
1276 2803 1337 2833 fere
1349 2801 1484 2834 consistat
1497 2803 1644 2833 hereditas
1657 2805 1690 2833 in
1701 2806 1740 2833 iis
1750 2803 1836 2832 rebus
1848 2821 1856 2835 ‚
1878 2811 1951 2842 quas
1966 2802 2070 2831 avertit
2082 2800 2154 2840 Op—‘

1185 2848 1246 2886 pia,
1259 2856 1325 2886 quae
1343 2855 1422 2875 uxor
1436 2843 1551 2874 Mindii
1568 2843 1643 2874 fuit:
1665 2844 1805 2882 adjuves,
1823 2843 1962 2884 ineasque
1979 2843 2142 2876 rationem,

1186 2886 1446 2928 quemadmodum
1458 2895 1490 2916 ea
1499 2885 1609 2915 mulier
1618 2888 1752 2916 Romam
1763 2884 1947 2925 perducatur.
1967 2883 2050 2925 quod
2060 2881 2081 2913 fi
2089 2893 2147 2929 pu-

2078 2933 2146 2955 tant

1187 3014 1262 3032 aures
1273 3003 1412 3031 attendisse
1427 3002 1465 3027 iel
1477 3002 1600 3028 habuisse.
1624 3003 1688 3028 Eam
1702 3021 1710 3034 ,
1721 3011 1753 3028 ue
1763 3002 1821 3037 quis
1832 3001 1865 3028 cle
1876 3011 1905 3028 es
1918 3000 2035 3034 dubitet,
2049 3001 2145 3028 leistio·

1189 3050 1248 3067 nem
1261 3040 1346 3075 reperi
1357 3039 1382 3066 in
1396 3037 1463 3064 Pau.
1473 3037 1575 3064 duobus
1587 3038 1706 3073 optiiiiiS,
1719 3038 1839 3064 Vaticani
1850 3038 1995 3074 excerptis,
2005 3037 2145 3072 deletaque

1187 3084 1244 3102 erat
1254 3075 1353 3101 dudum
1365 3083 1398 3101 ex
1409 3072 1538 3100 Medicaeo
1546 3093 1552 3104 ,
1563 3074 1587 3100 in
1599 3083 1689 3109 prema
1699 3073 1817 3102 editione
1829 3093 1836 3107 ,
1847 3073 1878 3101 :ib
1890 3074 2017 3109 Egnatio,
2026 3073 2074 3101 illa
2083 3082 2145 3102 cau-

1186 3111 1220 3139 da
1236 3111 1347 3138 duarum
1362 3109 1565 3143 vocuimpondm
1573 3111 1710 3136 habituras.

2049 3180 2150 3215 r.Qod

2102 1967 2195 2001 ⁷28
