2297 3389
600 143 1683 198 ORAawo‘PaolaldumAEkAs

515 293 611 356 M.
687 296 1191 359 TULLIUS
1287 297 1706 358 CICERO

984 401 1241 457 PR.0

356 504 459 592 L.

436 657 794 707 ORATIO

391 787 409 807 ς,
430 770 463 798 U
472 777 503 797 Ε
525 768 696 807 deprecatus
709 765 774 796 sum
796 764 811 796 a
830 764 889 796 diis
911 764 1094 794 immortali-

431 809 487 839 bus
496 829 505 842 ,
513 810 629 851 judices
640 828 649 842 ‚
661 818 746 837 more
757 827 765 841 ,
780 806 981 847 institutoque
993 807 1051 846 maj
1056 817 1091 836 o-

431 861 499 881 rum
510 871 519 885 ‚
542 851 598 880 illo
608 850 656 880 die
669 869 678 883 ,
700 859 761 890 quo
772 846 920 889 auspicato
931 868 940 882 ,
953 850 1090 878 comitiis

429 893 621 926 centuriatis,
642 894 677 921 L.
689 893 858 921 Muraenam
867 890 1024 920 consulem
1043 900 1090 920 re-

427 935 565 964 nuntiavi
579 944 583 963 z
602 942 635 963 ut
645 937 659 953 ²
669 943 701 963 ea
709 942 754 963 res
765 933 843 962 mihi
855 952 864 966 ‚
890 931 1089 973 magistratui-

405 992 408 995 ,
426 986 485 1017 que
497 985 570 1005 meo
581 996 590 1010 ,
610 975 725 1016 populo
738 995 746 1009 ‚
770 974 912 1015 plebique
928 976 1087 1008 Romanae,

145 1054 147 1056 Ι
294 1032 297 1035 <
430 1014 495 1047 bene
504 1026 592 1058 atque
599 1017 726 1056 filiciter
735 1017 869 1047 eveniret
881 1026 887 1044 :
909 1015 1013 1045 cadem
1023 1025 1091 1056 pre—

122 1071 176 1092 cor
185 1062 221 1091 ab
232 1061 340 1092 iisdem
351 1061 410 1092 diis
419 1060 645 1090 immortalibus
660 1059 700 1089 ob
713 1060 737 1099 ej
744 1058 849 1088 iisdem
860 1059 997 1088 hominis
1008 1067 1085 1088 con-

123 1104 251 1134 sulatum
265 1103 324 1134 una
332 1114 405 1134 cum
413 1102 504 1133 salute
514 1100 719 1132 obtinendum
732 1121 740 1134 ‚
754 1100 787 1131 &
797 1109 830 1130 ut
839 1099 941 1130 vestrae
950 1108 1079 1133 mentes,

122 1154 211 1186 atque
219 1146 373 1176 sententiae
384 1149 395 1173 3
408 1154 476 1175 cum
487 1143 592 1184 populi
605 1145 700 1174 Rom.
714 1141 1084 1183 voluntate,suffragiisque

121 1187 312 1218 consentiant
324 1207 332 1221 ,
356 1197 447 1228 eaque
467 1197 512 1216 res
529 1185 618 1216 vobis
631 1205 639 1219 ‚
663 1185 836 1225 populoque
855 1186 949 1214 Rom.
967 1193 1084 1223 pacem,

121 1230 369 1270 tranquillitatem
380 1249 389 1264 ,
413 1230 512 1259 otium
523 1248 531 1262 ,
550 1227 804 1268 concordiamque
815 1224 923 1256 afferat.
958 1224 1050 1265 Qod
1062 1224 1083 1255 fi

121 1271 174 1301 illa
193 1271 352 1301 sollemnis
368 1271 567 1301 comitiorum
586 1271 717 1310 precatio
732 1267 938 1299 consularibus
947 1268 1086 1307 auspiciis

123 1313 291 1343 consecrata
302 1333 310 1346 ‚
323 1322 438 1344 tantam
448 1312 536 1342 habet
545 1313 580 1341 in
590 1311 619 1341 se
628 1313 694 1340 vim
705 1330 714 1344 ,
727 1311 759 1341 δε
768 1311 950 1351 religionem
961 1329 970 1343 ‚
989 1319 1084 1350 quan-

125 1355 187 1384 tam
199 1357 272 1395 reip.
286 1355 414 1395 dignitas
421 1353 548 1394 postulat
561 1364 566 1382 :
588 1352 672 1382 idem
683 1362 738 1392 ego
749 1353 814 1382 sum
829 1360 962 1391 precatus
973 1371 981 1385 ‚
997 1359 1030 1381 ut
1040 1352 1083 1380 eis

123 1406 245 1438 quoque
255 1396 445 1429 hominibus,
456 1395 566 1436 quibus
574 1396 624 1424 hic
632 1394 816 1427 consulatur„
827 1403 877 1422 me
886 1401 1019 1434 rogante,
1031 1392 1082 1422 da-

124 1447 172 1468 tus
183 1436 264 1471 effet,
277 1448 310 1468 ea
319 1447 364 1467 res
374 1436 480 1471 fauste,
491 1436 629 1469 feliciter,
640 1436 835 1476 prospereque
847 1439 990 1465 eveniret.
1037 1445 1081 1464 uae

124 1479 198 1510 cum
209 1481 247 1510 ita
257 1477 330 1513 sint,
340 1479 454 1520 judices
463 1499 472 1513 ‚
484 1479 516 1509 ὃς
527 1479 599 1509 cum
610 1480 712 1508 omnis
721 1478 849 1508 deorum
860 1476 1084 1507 immortalium

122 1520 252 1562 potestas
262 1541 271 1555 ,
284 1531 333 1552 aut
343 1521 477 1552 transsata
485 1519 518 1551 fit
527 1520 563 1560 ad
573 1531 628 1551 vos
638 1540 646 1554 ‚
662 1529 711 1551 aut
722 1519 798 1550 certe
809 1520 1018 1549 communicata
1028 1528 1084 1548 vo-

123 1563 241 1603 biscum
253 1574 259 1593 :
269 1563 352 1595 idem
360 1563 466 1594 consul
476 1573 547 1593 eum
558 1561 662 1593 Vestl'ae
673 1561 742 1592 fidei
750 1571 820 1593 com
827 1561 956 1595 mendar,
968 1561 1020 1602 qui
1030 1570 1084 1591 an-

115 1604 172 1635 *tea
180 1604 239 1635 diis
250 1605 475 1636 immortalibus
485 1605 714 1636 commendavit
727 1614 732 1633 :
756 1612 790 1634 ut
802 1603 937 1644 ejusdem
946 1604 1084 1633 hominis

120 1656 198 1685 voce
206 1647 240 1677 δε
248 1647 409 1678 declaratus
418 1648 525 1679 consul
534 1667 543 1681 ‚
563 1647 596 1677 δε
606 1646 746 1676 defensus
755 1665 764 1680 ‚
785 1644 968 1676 beneficium
977 1644 1085 1685 populi

123 1690 219 1729 Rom.
237 1699 309 1720 cum
324 1689 419 1722 vestra
431 1710 439 1723 ,
457 1698 545 1730 atque
558 1690 703 1719 omnium
724 1689 840 1718 civium
852 1687 944 1718 salute
955 1695 1080 1717 tueatur.

122 1732 163 1762 Et
171 1750 180 1764 ,
201 1733 347 1772 quoniam
358 1733 393 1762 in
403 1733 461 1762 hoc
472 1730 576 1762 officio
586 1730 719 1761 studium
732 1740 807 1760 mcae
818 1727 1002 1760 defensionis
1017 1749 1026 1763 ‚
1048 1729 1085 1759 ab

122 1773 342 1810 accusatoribus
352 1793 361 1807 ‚
384 1783 470 1815 atque
484 1775 574 1804 etiam
584 1773 645 1814 ipsa
654 1773 798 1812 susceptio
807 1771 899 1802 causae
907 1771 1084 1811 reprehensa

123 1813 185 1844 e'st:
207 1814 365 1856 antequam
376 1825 431 1856 pro
440 1817 478 1846 L.
490 1818 625 1846 Muraena
637 1815 735 1846 dicere
743 1813 882 1847 instituo,
894 1823 949 1854 pro
959 1812 1082 1853 meipso

121 1864 215 1896 pauca
233 1855 349 1887 dicam:
373 1867 438 1888 non
450 1856 511 1899 quo
534 1859 612 1887 mihi
621 1858 739 1898 potior,
757 1857 816 1887 hoc
824 1856 949 1897 quidem
959 1857 994 1885 in
1003 1863 1081 1886 tem·

120 1907 214 1938 -pore,
226 1896 260 1927 fit
268 1897 363 1929 officii
372 1901 448 1933 mei,
458 1898 549 1940 quam
559 1899 681 1939 hujusce
691 1899 791 1929 salutis
800 1896 951 1928 defensio:
974 1897 1024 1927 sed
1035 1904 1078 1930 ut,

123 1941 197 1970 ineo
211 1938 293 1970 facto
309 1941 398 1971 vobis
407 1942 532 1981 probato
541 1961 551 1975 ‚
574 1941 689 1981 majore
697 1938 869 1969 austoritare
877 1939 914 1969 ab
924 1939 1014 1979 hujus
1022 1939 1080 1968 ho-

123 1982 199 2011 nore
208 2001 217 2014 ‚
235 1980 314 2012 fama
323 2002 332 2016 ‚
353 1981 545 2023 fortunisque
553 1982 699 2012 omnibus
709 2002 718 2016 ‚
739 1983 939 2012 inimicorum
949 1982 1081 2020 impetus

82 2033 107 2058 2
122 2022 293 2064 simpulsare
300 2022 421 2064 possim.
441 2027 479 2054 Et
487 2023 622 2064 primum
633 2025 678 2053 M.
690 2024 808 2056 Catoni,
820 2024 913 2053 vitam
922 2022 958 2053 ad
968 2030 1079 2052 certam

117 2066 246 2096 vtationis
261 2075 403 2097 normam
424 2065 586 2107 dirigenti,
604 2065 637 2095 &
650 2063 876 2105 diligentissime
883 2063 1082 2104 perpendenti

97 2134 101 2136 .
121 2115 281 2138 momenta
289 2106 464 2138 officiorum
472 2110 627 2141 omnium,
638 2107 675 2137 de
685 2105 788 2137 officio
800 2116 872 2136 meo
881 2105 1079 2145 respondebo.

121 2150 221 2190 Negat
230 2147 315 2179 fuisse
325 2148 443 2179 rectum
455 2152 527 2180 Cato
539 2170 547 2183 ‚
563 2159 614 2179 me
625 2148 822 2180 &consulem
833 2168 842 2182 ,
855 2148 971 2189 &legis
981 2147 1080 2177 ambi-

120 2199 168 2231 tus
179 2192 303 2221 latorem
315 2211 324 2225 ,
335 2191 368 2222 &
379 2200 439 2222 tam
450 2191 550 2223 severe
560 2190 643 2233 gesto
652 2191 821 2224 consulatu,
831 2190 949 2222 causam
959 2191 994 2220 L.
1007 2190 1080 2219 Mu-

119 2242 208 2263 raenae
229 2234 379 2275 attingere.
401 2234 450 2274 cuj
455 2243 489 2264 us
497 2232 686 2273 reprehensio
697 2243 748 2263 me
756 2234 952 2263 vehementer
962 2240 1076 2264 movet,

119 2284 187 2312 non
198 2274 298 2305 solum
309 2284 342 2305 ut
351 2274 441 2306 vobis
451 2295 460 2309 ‚
469 2275 586 2315 judices
596 2295 605 2309 ,
617 2275 728 2316 quibus
737 2274 874 2304 maxime
886 2273 982 2304 debeo
993 2293 1002 2307 ‚
1026 2283 1079 2303 ve-

118 2314 190 2354 rum
209 2318 299 2347 etiam
319 2325 351 2348 ut
367 2316 419 2357 ipsi
430 2319 559 2351 Catoni,
576 2314 766 2358 gravissimo,
781 2325 868 2357 atque
879 2316 1078 2356 integerrimo

117 2359 197 2392 viro,
207 2360 354 2389 iatronem
363 2358 436 2389 fasti
446 2360 508 2389 mei
517 2360 654 2399 probem.
677 2362 704 2389 A
712 2368 772 2400 quo
781 2357 902 2388 tandem
912 2377 921 2391 ‚
933 2359 976 2387 M.
991 2359 1074 2391 Cato,

117 2399 161 2431 est
171 2402 285 2441 aequius
293 2400 452 2431 consulem
465 2400 599 2434 defendi,
610 2400 702 2442 quam
712 2400 728 2430 a
737 2400 882 2430 consule?
904 2401 980 2442 Qis
996 2400 1074 2430 mihi

115 2443 151 2472 in
162 2442 264 2481 repub.
272 2441 370 2482 potest
378 2462 386 2476 ‚
398 2451 448 2473 aut
456 2442 546 2473 debet
554 2440 600 2472 ess‘
598 2453 612 2472 e
622 2443 692 2482 conj
697 2440 818 2472 unfihor
829 2461 837 2476 ,
852 2441 944 2482 quam
957 2443 982 2471 is
992 2460 1001 2475 ,
1025 2442 1074 2471 cui

118 2483 234 2523 respub·
247 2487 266 2510 4
274 2485 290 2514 a
301 2494 350 2514 me
362 2483 422 2515 una
431 2484 554 2515 traditur
563 2483 735 2515 sustinenda
742 2503 753 2518 ,
778 2486 894 2525 magnis
903 2485 980 2514 meis
990 2483 1074 2513 labo-

117 2525 212 2558 ribus,
229 2524 408 2566 &periculis
421 2525 579 2557 sustentata
591 2529 602 2556 ?
617 2525 709 2568 Qod
719 2524 739 2555 fi
748 2528 781 2556 in
791 2527 830 2556 iis
841 2525 927 2556 rebus
937 2533 1074 2565 repeten-

116 2566 175 2600 dis,
189 2571 202 2595 θ’
210 2577 276 2608 quae
285 2569 416 2608 mancipi
425 2568 505 2602 sunt,
521 2570 548 2598 is
551 2569 711 2609 periculum
715 2567 823 2608 judicii
831 2567 964 2607 praestare
973 2567 1073 2601 debet,

117 2610 172 2650 qui
191 2609 220 2639 se
239 2619 322 2640 nexu
339 2609 484 2652 obligavit
496 2621 501 2640 z
522 2609 660 2650 profecit>
680 2612 770 2640 etiam
789 2609 900 2639 refflus
913 2611 946 2639 in
956 2608 1073 2649 judicio

115 2650 249 2681 consulis
259 2650 410 2692 defignad,
420 2653 445 2681 is
452 2651 642 2693 potiffimum
654 2652 776 2685 consul,
788 2653 842 2691 qui
851 2651 1007 2681 consulem
1019 2651 1073 2682 de-

112 2692 245 2728 claravit,
257 2692 362 2724 aii-53:01·
370 2693 511 2725 beneficii
518 2695 624 2736 populi
632 2696 725 2725 Rom.
737 2692 936 2735 defensorque
944 2693 1072 2734 periculi

114 2825 138 2843 z.
203 2820 237 2844 Uae
245 2819 440 2853 depreratmfitm
449 2818 464 2845 ei
475 2817 801 2853 Diis,&c.]Rev0candum
814 2817 903 2854 putavi
916 2818 1011 2854 prioris
1023 2818 1069 2845 {Le-
1090 2821 1094 2861 J

126 2853 137 2857 ”
204 2854 255 2881 culi
265 2854 430 2891 scripturam.
441 2855 562 2882 hodierni
571 2855 642 2882 enini
648 2862 764 2889 precatu>-
774 2862 876 2882 tautum
888 2853 939 2880 scri
948 2863 1069 2887 ant‚con—
1090 2870 1091 2875 =

114 2896 156 2915 tra
165 2890 228 2916 oiim
239 2889 310 2917 cusos
323 2892 350 2918 &
362 2892 420 2919 mss.
431 2892 499 2918 Pau.
510 2899 624 2927 quatuor
635 2912 643 2924 ,
654 2892 719 2918 item
730 2890 790 2917 cod.
802 2893 828 2917 S.
839 2890 970 2918 ViStoris.

152 2932 179 2950 2.
198 2928 236 2952 Ea
246 2936 282 2952 res
292 2929 350 2954 mihi
358 2930 550 2963 magistratuique
560 2928 630 2962 mem]
653 2929 680 2953 S.
690 2927 763 2954 Vifi.
775 2927 831 2953 Pal.
844 2926 892 2953 l'cc.
903 2934 968 2954 tert.
987 2937 1015 2953 ea
1035 2937 1071 2953 res

714 506 1861 601 MURAENA.

906 658 1766 708 VICESIMATERTIA.

1129 764 1188 796 effe
1199 764 1332 796 debebit.
1365 769 1409 797 Ac
1419 787 1427 800 ,
1440 765 1460 797 fi
1471 787 1480 801 ‚
1492 774 1525 797 ut
1535 767 1694 798 nonnullis
1707 770 1737 798 in
1747 769 1919 801 civitatibus
1930 769 1993 801 fieri
2004 771 2092 805 soler,

1129 816 1272 847 patronus
1294 808 1364 838 huic
1381 810 1473 839 causae
1489 809 1609 849 publice
1632 809 1861 841 constitueretur
1874 823 1879 840 :
1900 816 1924 842 is
1938 812 2088 852 potiffime

1130 850 1247 880 honore
1255 847 1363 879 astitero
1373 850 1514 881 defensor
1522 850 1640 881 daretur
1651 872 1659 886 ‚
1674 854 1727 892 qui
1739 852 1848 882 eodem
1857 855 1972 884 honore
1982 855 2091 893 praedi-

1129 900 1176 921 tus
1187 901 1252 921 non
1260 893 1366 921 minus
1374 891 1490 923 afferret
1499 892 1534 922 ad
1545 893 1710 924 dicendum
1719 893 1899 925 aucloritatis
1909 915 1917 928 ‚
1936 895 2026 935 quam
2046 896 2089 926 fa-

1129 933 1255 963 cultatis.
1279 932 1370 974 Qod
1385 933 1405 964 si
1426 944 1446 964 E
1466 944 1575 965 PORTU
1595 945 1822 966 sormam-mus
1832 957 1840 970 ‚
1866 938 1905 970 ii,
1921 938 1972 976 qui
1982 939 2043 975 jam
2056 940 2090 967 itt

1128 984 1252 1015 portum
1262 984 1302 1005 ex.
1310 976 1370 1005 alto
1378 977 1564 1007 invehuntur
1574 997 1582 1011 ‚
1600 975 1617 996 ⁶
1625 979 1784 1018 praecipere
1797 979 1920 1008 summo
1931 977 2030 1008 studio
2043 980 2089 1008 sev

1128 1018 1192 1047 lent
1205 1016 1458 1057 &tempestatum
1470 1020 1631 1053 rationem,
1647 1019 1680 1049 δε
1691 1019 1882 1059 praedonum,
1896 1019 1928 1049 δε
1937 1019 2072 1049 locorum
2078 1033 2089 1053 ς,

1127 1058 1210 1100 quod
1229 1067 1333 1090 natura
1350 1058 1436 1090 affert
1447 1080 1455 1093 ,
1478 1069 1511 1090 ut
1521 1062 1564 1091 eis
1573 1060 1729 1091 faveamus
1740 1082 1748 1095 ,
1769 1064 1822 1102 qui
1832 1061 1937 1092 eadem
1946 1061 2086 1101 pericula.

1126 1101 1239 1142 quibus
1258 1111 1315 1131 nos
1334 1100 1486 1141 perfunffl
1502 1102 1605 1132 sumus
1619 1123 1628 1137 ‚
1651 1104 1873 1145 ingrediantur:
1892 1113 1953 1144 quo
1964 1104 2088 1133 tandem

1127 1153 1177 1173 me
1188 1143 1294 1173 animo
1304 1142 1360 1173 esle
1371 1152 1490 1184 oportet
1499 1164 1507 1178 ‚
1519 1150 1611 1185 prope
1618 1146 1680 1185 jam
1693 1155 1730 1175 ex
1742 1155 1849 1187 magna
1857 1145 2019 1185 jactatione
2029 1154 2088 1175 ter—

1125 1194 1190 1215 ram
1199 1185 1356 1215 videntem
1369 1206 1378 1219 ,
1400 1188 1433 1216 in
1443 1187 1524 1216 hunc
1533 1206 1542 1220 ‚
1562 1188 1611 1216 cui
1624 1186 1716 1217 video
1725 1190 1873 1217 maximas
1883 1189 1955 1228 reip.
1971 1195 2087 1227 tempev

1127 1225 1212 1257 states
1221 1225 1280 1257 effe
1289 1227 1476 1260 subeundas?
1498 1230 1595 1269 Qare
1605 1227 1625 1258 si
1637 1228 1679 1259 est
1689 1227 1753 1258 bom·
1761 1229 1873 1269 consulis
1882 1249 1889 1262 ‚
1906 1239 1971 1259 non
1981 1228 2080 1259 solum

1123 1268 1226 1298 videre
1236 1289 1245 1302 ,
1255 1268 1328 1310 quid
1336 1278 1435 1310 agatur
1445 1291 1454 1303 ,
1464 1270 1572 1300 verum
1583 1272 1673 1301 etiam
1685 1272 1851 1311 providere,
1862 1271 1935 1312 quid
1945 1270 2084 1301 futurum

1124 1309 1175 1340 sit:
1199 1310 1355 1341 ostendam
1365 1312 1425 1344 alio
1435 1312 1516 1345 loco,
1528 1320 1676 1353 quantum
1688 1313 1788 1343 salutis
1797 1314 1975 1343 communis
1989 1315 2094 1347 inter-1

1125 1351 1167 1386 fit,
1179 1352 1256 1383 duos
1265 1354 1404 1383 consules
1414 1356 1446 1384 in
1456 1363 1517 1394 rep.
1529 1354 1674 1385 Kalendis
1681 1356 1747 1396 Jan.
1761 1353 1828 1385 esse.
1843 1355 1935 1397 Qod
1945 1353 1966 1384 si
1976 1357 2016 1384 ita
2025 1354 2079 1387 est,

1125 1404 1190 1424 non
1207 1403 1268 1425 tam
1287 1405 1337 1424 me
1354 1393 1493 1426 officium
1514 1396 1620 1426 debuit
1635 1396 1670 1427 ad
1690 1398 1826 1427 hominis
1837 1398 1928 1427 amici
1938 1395 2089 1431 fortunis,

1123 1436 1217 1476 quarn
1235 1436 1352 1477 respub.
1373 1438 1532 1467 consulem
1551 1438 1588 1468 ad
1605 1448 1807 1469 communem
1831 1439 1957 1469 salutem
1980 1437 2087 1468 defen—

1123 1478 1255 1509 dendam
1271 1488 1387 1509 vocare.
1437 1482 1518 1510 Nam
1535 1479 1617 1520 quod
1628 1480 1726 1521 legem
1736 1482 1772 1511 de
1782 1480 1897 1511 ambitu
1908 1481 1985 1513 tuli,
2005 1484 2085 1510 certi:
2112 1486 2122 1502 ³·

1122 1521 1163 1550 ita
1175 1521 1232 1550 tuli
1242 1540 1252 1555 ,
1268 1529 1301 1550 ut
1311 1530 1377 1550 eam
1389 1541 1397 1554 ‚
1411 1531 1502 1561 quam
1515 1521 1712 1561 mihimetipsi
1720 1522 1904 1562 jampridem
1916 1522 2037 1552 tulerim
2048 1522 2085 1551 de

1121 1564 1237 1592 civium
1247 1562 1561 1603 periculudqfendendoe,
1574 1574 1638 1594 non
1651 1565 1834 1605 abrogarem.
1859 1567 1984 1595 Etenim
1995 1562 2014 1593 fi
2028 1564 2085 1593 iar<-

1122 1605 1271 1645 gitionem
1290 1603 1402 1635 fafitam
1421 1603 1479 1635 effe
1495 1604 1674 1640 confiterer,
1705 1607 1796 1647 idque
1811 1605 1890 1636 recte
1901 1605 2015 1636 fastum
2026 1605 2085 1635 effe

1123 1645 1334 1676 defenderem:
1359 1645 1489 1678 facerem
1500 1647 1640 1687 improbe
1654 1668 1661 1681 ,
1674 1650 1764 1678 etiam
1775 1647 1795 1677 si
1805 1648 1881 1678 alius
1892 1649 1988 1689 legem
1999 1647 2082 1677 tulis-

1122 1688 1174 1718 set.
1196 1688 1271 1718 cum
1285 1687 1358 1718 vero
1377 1690 1456 1719 nihil
1479 1688 1678 1720 commissum
1686 1686 1896 1730 contralegcm
1910 1688 1969 1720 effe
1979 1689 2085 1719 defen-

1121 1729 1191 1760 dam
1200 1750 1210 1764 ,
1231 1730 1304 1771 quid
1315 1729 1359 1760 est
1370 1751 1379 1764 ‚
1399 1731 1481 1772 quod
1491 1741 1591 1762 meam
1601 1730 1808 1762 defensionem
1821 1733 1893 1763 latio
1903 1732 1978 1773 legis
1987 1733 2067 1771 impe
2077 1748 2086 1753 Δ

1121 1771 1202 1802 diat?
1222 1777 1237 1801 7
1246 1774 1344 1814 Negat
1353 1771 1411 1803 effe
1422 1773 1558 1813 ejusdem
1568 1774 1729 1804 severitatis
1740 1793 1748 1807 ‚
1765 1774 1938 1807 Catilinam,
1950 1775 2081 1804 exitium

1121 1815 1193 1854 reip.
1202 1815 1280 1844 intra
1289 1817 1404 1845 moenia
1411 1816 1594 1846 molientem
1605 1835 1614 1849 ,
1624 1815 1737 1848 verbis,
1752 1815 1785 1846 &c
1797 1815 1882 1856 paene
1893 1818 2023 1856 imperio
2034 1825 2083 1845 ur*

1122 1856 1159 1886 be
1167 1854 1331 1896 expulifl‘e:
1350 1857 1384 1887 δε
1403 1867 1484 1888 nunc
1501 1867 1556 1897 pro
1573 1859 1609 1888 L.
1620 1859 1759 1888 Muraena
1772 1857 1881 1888 dicere.
1905 1860 1969 1899 Ego
1980 1866 2083 1888 antem

1121 1899 1173 1928 has
1182 1899 1290 1938 parteis
1300 1898 1432 1929 lenitatis
1442 1919 1453 1932 ‚
1474 1899 1508 1930 &
1517 1899 1731 1930 misericordia:
1742 1919 1751 1933 ,
1762 1903 1843 1940 'quas
1851 1909 1902 1930 me
1910 1908 2015 1930 natura
2024 1901 2085 1938 ipse

1120 1939 1225 1970 docuit
1234 1959 1243 1974 ‚
1257 1940 1372 1980 semper
1381 1942 1428 1981 egi
1439 1941 1583 1972 libenter:
1607 1940 1692 1971 illam
1703 1940 1777 1971 vero
1787 1943 1940 1982 gravitatis
1950 1960 1959 1974 ‚
1972 1942 2083 1971 severi-

1122 1982 1247 2022 tatisque
1256 1982 1415 2020 personam
1425 1992 1489 2012 non
1499 1983 1629 2022 appetivi
1642 1993 1648 2012 :
1671 1982 1721 2013 sed
1732 1983 1767 2013 ab
1778 1983 1878 2023 repub,
1893 1984 1972 2012 mihi
1990 1983 2081 2020 impe*

1114 2022 1331 2063 fitamfustinui
1341 2043 1352 2057 ‚
1371 2021 1444 2053 sicut
1451 2023 1541 2062 hujus
1556 2025 1676 2063 imperii
1685 2023 1815 2065 dignitas
1826 2026 1859 2055 in
1870 2025 1888 2055 s
1884 2033 1992 2054 ummo
2002 2025 2083 2063 peri-

1121 2065 1192 2095 culo
1202 2066 1320 2095 civium
1333 2064 1510 2104 postulabat.
1528 2064 1620 2107 Qod
1629 2064 1650 2094 si
1660 2074 1737 2099 tum,
1747 2066 1820 2096 cum
1829 2066 1945 2106 respub.
1958 2067 2033 2099 vim,
2045 2066 2081 2096 δε

1121 2106 1307 2137 severitatem
1325 2105 1503 2138 desiderabat
1515 2126 1524 2141 ‚
1540 2109 1602 2138 vici
1619 2115 1753 2139 naturam
1766 2128 1776 2142 ,
1798 2108 1903 2139 &tam
1913 2108 2081 2142 vehemens

1119 2147 1165 2178 fui
1177 2168 1184 2183 ,
1199 2147 1290 2189 quam
1300 2148 1426 2189 cogebar
1434 2168 1443 2183 ‚
1456 2158 1520 2179 non
1529 2148 1621 2190 quam
1630 2149 1772 2180 volebam
1783 2161 1789 2178 z
1809 2160 1892 2181 nunc
1901 2170 1909 2184 x
1925 2149 1999 2181 cum
2009 2159 2080 2180 om-

1120 2199 1174 2221 nes
1185 2200 1236 2221 me
1251 2191 1344 2221 causae
1363 2190 1399 2221 ad
1414 2191 1653 2222 misericordiam
1664 2211 1671 2224 2
1695 2201 1784 2233 atque
1802 2192 1839 2223 ad
1857 2193 2081 2223 humanitatem

1118 2241 1228 2263 vocent
1237 2252 1246 2266 ‚
1255 2241 1368 2273 quanto
1378 2232 1500 2263 tandem
1512 2232 1610 2263 studio
1620 2232 1716 2264 debeo
1726 2243 1838 2266 natura:
1849 2244 1924 2265 meae
1934 2255 1943 2269 ,
1951 2234 2083 2264 consue-

1120 2274 1278 2315 tudinique
1297 2274 1428 2305 servire?
1451 2279 1495 2306 Ac
1513 2274 1549 2305 de
1569 2274 1673 2306 officio
1691 2274 1873 2307 defcnfionis
1883 2286 1958 2307 meae
1968 2296 1977 2310 ,
2001 2285 2033 2306 ac
2043 2275 2081 2306 de
2110 2301 2120 2309 .,

1118 2317 1235 2346 ratione
1243 2316 1440 2347 accusationis
1449 2324 1517 2351 tuae,
1531 2315 1649 2348 fortasse
1659 2319 1749 2348 etiam
1762 2319 1819 2349 alia
1827 2321 1861 2349 in
1873 2327 1953 2359 parte
1967 2319 2081 2348 oratio·
2116 2326 2122 2328 ’

1119 2359 1167 2388 nis
1177 2357 1343 2388 dicendum
1355 2358 1444 2388 nobis
1454 2360 1522 2390 erit.
1544 2359 1601 2390 Sed
1611 2369 1673 2393 me,
1687 2360 1801 2397 judices
1811 2381 1819 2394 ,
1831 2371 1896 2391 non
1907 2362 2010 2390 minus
2021 2360 2084 2390 how*

1120 2401 1214 2430 minis
1224 2398 1428 2440 sapientissimi
1438 2420 1447 2435 ,
1458 2409 1545 2442 atque
1557 2400 1756 2435 ornatissimi,
1769 2405 1829 2433 Ser.
1840 2402 1984 2442 Sulpicii,
2003 2411 2079 2431 con-

1118 2441 1235 2483 questio
1245 2462 1253 2476 ‚
1270 2437 1284 2461 3
1295 2442 1387 2483 quam
1401 2445 1524 2473 Catonis
1541 2444 1688 2474 accusatio
1697 2444 1930 2474 commovebat:
1950 2444 2077 2484 quigra-

1116 2482 1246 2518 viffime,
1258 2484 1291 2515 ὃς
1300 2483 1484 2515 acerbiffime
1493 2483 1568 2515 ferre
1578 2485 1667 2519 dixit,
1680 2495 1728 2515 me
1739 2485 1960 2518 familiaritatis,
1971 2486 2078 2515 neces-

1118 2524 1313 2567 situdinisque
1329 2526 1449 2557 oblitum
1459 2546 1467 2560 ,
1486 2528 1603 2557 causam
1614 2529 1650 2558 L.
1662 2530 1804 2558 Muraenae
1814 2536 1918 2558 contra
1930 2527 1959 2557 se
1969 2525 2077 2557 defen-

1116 2568 1196 2598 dere.
1222 2571 1304 2599 Huic
1313 2579 1379 2610 ego,
1387 2569 1516 2609 judices,
1526 2568 1690 2600 satisfacere
1700 2570 1801 2609 cupio,
1812 2570 1926 2610 vosque
1935 2568 2077 2599 adhibere

1116 2610 1250 2640 arbitros.
1281 2613 1362 2641 Nam
1381 2610 1452 2641 cum
1471 2619 1588 2640 GRAVE
1602 2620 1658 2641 EST
1671 2611 1741 2641 vere
1751 2611 1876 2641 accusari
1887 2613 1920 2641 in
1927 2611 2073 2643 amicitia.

1116 2660 1181 2682 tum
1192 2672 1200 2687 ‚
1212 2654 1301 2683 etiam
1313 2652 1334 2682 si
1343 2651 1417 2682 falso
1426 2653 1569 2683 accuseris
1579 2673 1587 2685 ,
1606 2662 1670 2682 non
1683 2652 1726 2683 est
1737 2652 1962 2694 negligendum.
1997 2655 2073 2693 Ego,

1114 2697 1197 2726 Servi
1208 2695 1338 2735 Sulpici,
1350 2704 1399 2725 me
1409 2696 1442 2724 in
1450 2696 1597 2735 petitione
1606 2703 1656 2726 tua
1668 2695 1724 2725 tibi
1733 2697 1839 2726 omnia
1847 2694 1943 2727 studia
1952 2715 1961 2730 ‚
1981 2703 2071 2734 atque

1974 2736 2075 2767 officia

1109 2819 1197 2855 potius
1209 2829 1260 2845 non
1273 2820 1361 2846 recidit
1372 2821 1472 2846 ratione
1484 2829 1499 2845 n
1512 2818 1676 2854 cu1·vulg.1ta
1688 2818 1752 2846 ferri
1764 2829 1815 2846 non
1826 2817 1942 2846 debeat?

1148 2865 1174 2889 5.
1193 2856 1248 2888 §ge
1266 2859 1370 2889 mancipi
1381 2857 1465 2890 siem]
1486 2856 1625 2882 Neorerici
1638 2863 1729 2883 conti-a
1742 2863 1807 2882 vett.
1827 2854 1908 2881 libros
1920 2875 1929 2888 ,
1948 2857 2080 2888 mancipii...

1110 2891 1246 2927 quon-,odo
1257 2902 1341 2919 nenne
1352 2893 1378 2919 in
1390 2890 1543 2918 melioribus
1553 2891 1726 2918 editionibus.

1146 2929 1174 2955 6.
1193 2922 1318 2962 Pracipeie
1329 2928 1515 2962 lunrnmstzzdm.]
1537 2927 1694 2962 Conjiciunt
1703 2927 1749 2955 alii
1762 2947 1770 2960 ,
1779 2927 1902 2961 predicere
1912 2948 1920 2961 ,
1934 2926 1977 2955 sed
1988 2926 2076 2954 male..

1322 2954 1331 2962 a

116 2960 237 3001 '‘lfbffiffss
247 2965 334 2996 magist.
353 2964 409 2992 ost.
428 2974 457 2992 ea
474 2974 512 2990 res
521 2966 628 2999 mihiſsbi
636 2966 726 2998 magist.
737 2964 794 2991 Pil.
805 2972 892 2991 tamen
903 2972 945 3000 pr.
956 2971 1003 2990 aut
1014 2963 1072 2990 edi·
1088 2959 1091 2988 l
1111 2965 1125 2990 ἓ.
1137 2964 1314 3000 praecipiendo
1325 2966 1393 2991 enim
1402 2971 1561 2997 precessores.

118 3003 157 3021 :io
167 2996 251 3032 prima
260 2998 384 3035 resffiiunt
394 3010 484 3027 vocem
495 3000 584 3027 aliam.

152 3040 165 3065 3
175 3052 180 3057 .
198 3034 337 3067 Cnmpopuli
343 3039 407 3062 Rom.
416 3036 609 3071 voluntatibus]

631 3035 747 3063 Coa-Eius
767 3035 822 3063 sum
842 3035 984 3063 admittere
1003 3037 1070 3063 lianc
1087 3004 1090 3080 Ξ

1145 3009 1171 3034 7.
1192 3005 1273 3035 ἳζςςαι
1288 3002 1326 3032 effe
1336 3002 1381 3034 eij
1390 3001 1432 3026 lim
1442 3001 1582 3033 severitatis
1594 3019 1603 3032 ‚
1619 3000 1776 3034 Calamina]
1800 3000 2076 3027 Hotonia11us511ter...

1108 3038 1184 3073 ponit
1196 3057 1203 3068 .,
1213 3040 1282 3069 Cato,
1292 3039 1433 3063 Catilinam.
1453 3035 1496 3064 scd
1507 3038 1522 3063 a
1532 3036 1695 3072 conjectura.
1717 3036 1836 3063 videatur
1847 3037 1896 3064 lib,
1910 3046 1919 3063 ι
1927 3045 1936 3063 x
1944 3056 1950 3062 .
1966 3035 2067 3063 Obser-

115 3066 258 3094 leffioucm
276 3069 310 3095 ob
326 3071 491 3100 concordiam
502 3080 615 3109 quatuor
625 3073 711 3100 Palat.
722 3074 748 3099 S.
758 3072 876 3099 ViCtoi-is
888 3073 913 3099 S<
926 3073 1069 3099 Memmia-
1108 3081 1161 3099 vat.
1174 3082 1229 3109 cap.
1244 3083 1253 3100 1
1262 3083 1285 3099 1.

117 3104 143 3128 ni
156 3122 164 3134 ‚
184 3103 247 3142 item
266 3104 389 3134 editionis
407 3117 618 3136 CCCCLXXVUI.
637 3118 699 3136 uam
709 3109 972 3145 antiquiorqninquc
982 3109 1069 3141 annia,

115 3138 192 3165 iubet
203 3139 268 3165 illud
282 3141 414 3176 vulgatum
427 3162 436 3175 ,
453 3146 587 3170 voluntate.

1145 3109 1171 3135 8.
1191 3111 1268 3141 §gam
1277 3109 1372 3135 Catonis
1380 3109 1497 3142 accufictio
1507 3109 1684 3144 commovebat]
1696 3109 1760 3136 Non
1771 3108 1804 3135 dc
1815 3108 1900 3136 nihilo
1910 3108 1957 3139 est,
1968 3107 1993 3134 in
2007 3107 2062 3145 Pal.

1108 3145 1158 3172 sec.
1176 3154 1249 3179 quam
1266 3146 1359 3171 Catonis
1378 3149 1468 3179 captio:
1487 3155 1572 3186 neque
1592 3146 1705 3173 multum
1717 3146 1770 3172 abit
1780 3145 1812 3172 ab
1822 3146 1868 3171 hm:
1881 3154 1944 3172 voce
1955 3146 1981 3170 S.
1992 3145 2075 3170 Vici..

108 3198 111 3200 .
126 3177 133 3183 '⁴
150 3183 178 3210 ς».
197 3179 276 3204 <Am
285 3185 334 3203 una
345 3179 452 3206 traditur
462 3198 470 3213 ‚
480 3181 548 3216 ὡκ]
567 3180 686 3218 Conjieit
695 3181 842 3210 Lambinus
852 3190 907 3210 imo.
934 3180 977 3210 scd
988 3190 1070 3219 quare
1107 3181 1135 3209 in
1146 3189 1199 3217 quo
1208 3189 1288 3210 cumo.
1310 3182 1337 3208 ἃ
1349 3185 1420 3210 certe
1430 3185 1504 3216 caprio
1515 3182 1572 3207 heic
1582 3182 1651 3210 belle
1662 3191 1723 3210 coni
1731 3183 1803 3210 euire
1816 3181 1931 3209 videtur.

1519 3220 1540 3247 F
1550 3217 1586 3244 ff
1599 3227 1617 3246 2
1941 3224 1965 3243 i,
1976 3214 2066 3241 Cus're
