2337 3400
113 642 158 676 26

122 2008 174 2043 Ξῖ·

131 2604 173 2639 28

571 125 641 173 M.
721 120 1084 170 Τυιιιι

158 147 185 191 7
194 150 261 194 24

168 214 219 246 ista
240 223 278 244 ex
298 208 441 242 sententia
459 203 598 237 confeffl
614 202 718 234 ess'ent.
742 202 882 232 Omnino
892 199 975 239 plura
989 206 1038 227 me
1054 195 1122 226 scri-

165 257 235 286 bere
246 275 254 288 ,
265 252 335 284 cum
345 261 433 282 tuum
443 258 561 280 tantum
573 245 731 277 confilium
743 264 751 278 ‚
761 242 974 282 judiciumque
983 238 1015 269 sit
1026 258 1033 272 ‚
1045 237 1121 268 arbi-

169 296 264 326 trabar
282 303 344 324 non
363 294 403 322 ita
420 288 551 321 necesse:
573 287 621 319 sed
635 296 736 318 tamen
754 286 931 316 sententiam
949 290 1050 311 meam
1060 278 1120 327 *tibi

168 341 301 378 ignotam
313 333 370 365 ess'e
383 332 533 363 nolebam.
557 330 647 370 Qijus
657 328 700 359 est
710 329 772 358 haec
784 327 901 357 summa
910 345 919 358 ‚
938 332 970 353 ut
980 331 1084 352 omnia
1097 330 1124 351 te

171 379 271 408 metiri
290 377 433 418 dignitate
451 374 575 406 malim,
595 371 687 413 quam
707 369 893 400 ambitione:
918 362 1124 404 majoremque
1144 353 1147 416 l

169 419 305 450 fruehim
316 427 428 458 ponere
438 419 470 446 in
481 422 672 457 perpetuitate
683 411 777 442 laudis
789 430 796 444 ‚
817 409 909 450 quain
929 409 963 437 in
979 406 1127 451 celeritate

170 471 314 502 praeturae.
339 462 411 490 Haec
428 458 531 488 cadem
551 456 670 486 locutus
687 454 754 484 sum
771 452 857 483 domi
876 459 969 482 meae,
993 446 1128 493 adhibito

173 502 309 542 eratrc
323 511 393 531 meo
404 521 411 534 ‚
432 500 466 530 δι’.
475 502 591 530 Caecina
602 517 610 531 ‚
628 497 662 527 &
673 494 801 527 Calvisio
812 514 820 528 ‚
842 488 1059 524 studiofiffimis
1072 498 1126 520 rui,

172 545 244 576 cum
257 543 413 574 Dardanus
423 563 431 576 ,
444 542 567 572 libertus
577 549 646 570 tuus

174 586 329 618 videbatur
339 587 434 615 oratio
445 593 522 613 nica.
544 581 594 612 sed
604 591 634 612 tu
645 577 927 621 optimejudicabis.

328 643 372 670 M.
392 638 584 670 CICERO
604 638 632 666 S.
648 637 690 664 D.
714 635 745 663 C
765 631 978 663 FURNIO.

266 691 368 719 Ecris
386 687 445 716 tuis
459 684 585 716 litteris,
603 681 714 723 quibus
728 678 910 710 declarabas,
930 684 980 705 aur
989 674 1133 704 omitten—

270 730 325 760 dos
336 726 581 759 Narbonenseis,
600 732 649 754 aut
667 732 737 753 cum
755 720 890 762 periculo
909 715 1133 747 dimicandum,

176 772 254 802 illud
269 773 361 812 magis
376 771 483 800 timui:
502 766 584 809 quod
595 768 720 796 vitatum
733 772 796 793 nori
807 758 933 791 moleste
944 758 1017 788 fero.
1043 756 1133 797 Qod
1153 776 1154 780 ,

177 814 215 844 dc
225 814 325 844 Planci
344 813 376 843 ὃς
388 814 470 841 Bruti
485 807 647 840 concordia
667 805 769 836 scribis
780 823 788 836 ,
812 806 843 832 in
857 812 894 832 co
904 801 953 830 vel
966 802 1135 830 maximam

179 857 260 886 soem
270 865 353 896 pono
363 853 509 884 vidioriae.
533 853 581 881 De
592 849 749 879 Gallorum
762 844 861 875 studio
874 864 882 877 ,
904 852 960 872 nos
973 839 1135 881 aliquando

178 888 407 939 cognoscemus,
420 903 451 924 ut
462 893 564 924 scribis
574 912 581 924 ,
592 891 677 929 cujus
687 889 717 918 id
727 897 814 928 opera
824 885 958 915 maxime
971 891 1134 913 excitatum

179 939 222 970 fit*
246 939 302 970 Sed
321 941 381 974 iarn
399 937 488 976 (mihi
499 933 597 973 crede)
611 931 825 972 cognovimus.
847 930 947 968 Itaque
957 921 1133 967 jucundissi-

180 984 239 1012 mis
251 975 422 1012 tuislitteris
434 976 633 1007 stomachatus
645 974 711 1003 sum
723 974 753 1001 in
765 968 1026 1001 extremo.Scribis
1037 968 1133 998 enini²

180 1024 202 1054 si
211 1027 245 1054 in
254 1023 398 1054 Sextilem
409 1019 531 1050 coniitia
541 1037 549 1050 ,
561 1015 622 1047 cito
634 1024 659 1045 te
670 1025 676 1044 ι
687 1013 729 1043 sm
738 1014 799 1053 jam
810 1009 947 1042 confec'ia
957 1030 967 1043 ,
978 1007 1068 1040 citius
1077 1027 1085 1041 ,
1097 1017 1135 1036 nc

181 1056 294 1096 diutius
304 1073 374 1095 cum
384 1060 518 1103 periculo
528 1058 627 1089 fatuus
638 1055 684 1086 sis.
708 1058 734 1085 0
746 1057 789 1085 mi
798 1055 892 1084 Furni
904 1073 912 1086 ,
928 1051 1018 1093 quam
1029 1060 1059 1080 tu
1068 1059 1137 1079 cau-

178 1109 240 1139 sam
251 1116 333 1137 tuam
343 1114 407 1134 non
417 1101 496 1133 nosti
506 1121 514 1135 ,
524 1100 697 1142 qnialienas
706 1106 766 1128 tam
776 1095 861 1127 facile
874 1095 966 1125 discas
977 1096 982 1122 ¹.
995 1096 1044 1123 Tu
1055 1100 1137 1121 nunc

179 1148 371 1180 candidatum
383 1156 410 1176 te
419 1153 515 1185 putas,
528 1142 600 1173 &id
609 1142 720 1181 cogitas
730 1159 739 1173 ‚
751 1148 783 1169 nt
792 1147 841 1169 aut
851 1137 886 1168 ad
896 1137 1020 1167 comitia
1032 1142 1138 1179 curias:

178 1200 228 1222 aut
238 1189 329 1230 sijam
338 1185 476 1219 confodiar
487 1205 495 1219 ,
517 1189 526 1204 ¹
538 1184 624 1214 domi
634 1192 690 1213 tuae
701 1179 735 1211 sis
749 1201 756 1215 ‚
777 1190 816 1210 ne
827 1189 898 1210 cum
910 1179 1046 1222 maximo
1058 1184 1137 1219 peri-

178 1233 248 1264 culo
258 1252 266 1266 ‚
279 1240 310 1261 ut
321 1230 435 1262 scribis²
444 1225 631 1258 stultissimus
641 1223 686 1254 sis.
709 1226 782 1254 Non
793 1221 918 1252 arbitror
929 1229 955 1250 te
967 1221 1006 1248 ita
1016 1223 1135 1248 ientirea

178 1276 301 1305 omneis
314 1274 399 1303 enim
417 1279 484 1300 tuos
501 1269 538 1299 ad
552 1266 672 1298 laudem
686 1266 819 1305 impetus
832 1264 915 1293 novi.
934 1260 1030 1307 *de
1045 1257 1065 1288 si
1077 1278 1085 1291 ‚
1105 1267 1138 1287 ut

179 1317 282 1348 scribis
294 1335 302 1349 ‚
324 1317 364 1345 ita
374 1314 465 1344 sentis
477 1331 486 1346 >
501 1321 565 1341 non
575 1310 670 1349 magis
682 1317 710 1338 te
720 1328 728 1341 ‚
743 1306 833 1347 quam
846 1305 882 1335 de
894 1313 922 1334 te
933 1303 1081 1348 iudicium
1091 1310 1138 1329 re-

176 1356 333 1400 prehendo
345 1365 462 1386 meum.
488 1356 534 1384 Te
544 1349 726 1391 adipiscendi
737 1347 920 1389 magistratus
929 1342 1074 1375 leviflimi
1085 1362 1094 1376 ,
1106 1341 1139 1372 &

179 1397 424 1440 divulgatiffimi,
444 1394 465 1425 fi
482 1397 523 1425 ita
536 1393 712 1434 adipiscare,
737 1399 769 1422 ut
778 1390 913 1431 plerique
926 1407 935 1421 ,
953 1393 1139 1433 praepropera

178 1441 335 1472 festinatio
351 1439 478 1470 abducet
495 1437 513 1467 a
529 1438 621 1467 tantist
634 1433 793 1466 laudibus²
813 1432 924 1472 quibus
936 1438 964 1460 te
974 1436 1095 1459 omneis
1105 1435 1138 1455 in

178 1483 290 1515 caelum
298 1483 362 1522 jure
373 1502 385 1515 ‚
404 1481 437 1511 δε
447 1478 516 1510 vere
527 1477 628 1508 ferunt
641 1479 652 1506 ?
672 1475 791 1507 Scilicet
800 1474 831 1504 id
841 1474 937 1514 agitur
946 1491 954 1504 ‚
972 1478 1075 1500 utrum
1085 1469 1138 1498 hac

180 1526 327 1568 petitione
335 1543 345 1558 ,
356 1533 393 1554 an
402 1523 540 1563 proxima
549 1527 657 1560 praetor
667 1517 717 1548 fias
728 1537 737 1550 ,
748 1526 812 1547 non
822 1524 854 1545 ut
862 1518 902 1545 ita
910 1514 947 1544 d‘e
957 1511 1060 1552 repub.
1072 1520 1139 1541 me·-

180 1577 260 1599 reare
271 1586 280 1601 ‚
301 1566 390 1596 omni
406 1566 522 1594 honore
536 1570 568 1592 ut
580 1558 772 1601 dignissimus
786 1557 937 1599 J'udicere?
959 1557 1074 1584 Utrum·
1086 1562 1141 1583 ne-

181 1610 239 1641 scis
252 1629 260 1642 ‚
281 1606 372 1649 quam
382 1606 442 1636 alte
450 1603 637 1635 ascenderis?
654 1611 691 1631 an
702 1610 756 1640 pro
766 1599 865 1629 nihilo
874 1597 905 1628 id
915 1604 998 1637 putas
1010 1598 1021 1624 ?
1042 1596 1073 1625 Si
1088 1604 1143 1624 ne—

180 1652 236 1683 scis
247 1671 255 1685 ‚
267 1651 323 1680 tibi
333 1648 474 1690 ignosco:
493 1647 591 1676 nosin
601 1644 687 1684 culpa
697 1643 810 1673 sumus.
833 1638 1060 1679 Sinintelligis:
1081 1636 1142 1666 ulla

180 1694 237 1724 tibi
248 1691 290 1722 est
298 1699 440 1731 praetura,
451 1688 499 1718 vel
511 1686 614 1717 officio
624 1706 633 1720 ,
649 1684 729 1725 quod
740 1684 827 1724 pauci
837 1702 846 1716 ,
860 1681 910 1711 vel
920 1681 1033 1722 gloria,
1048 1688 1140 1719 quam

181 1744 291 1765 omnes
302 1733 463 1773 sequuntur
475 1750 483 1763 ‚
495 1729 632 1759 dulcior?
651 1729 714 1757 Hac
725 1726 762 1756 de
772 1734 802 1754 re
813 1725 845 1754 δε
856 1733 911 1763 ego
923 1742 931 1757 ‚
945 1722 978 1752 &
987 1719 1142 1754 Calvisius,

181 1778 279 1807 homo
289 1772 506 1815 magnijudicii
517 1791 526 1804 ,
546 1772 651 1810 tuique
665 1764 887 1798 amantissimus
898 1784 906 1797 ‚
926 1773 954 1794 te
971 1763 1144 1794 accusamus

181 1817 329 1859 quotidie.
357 1815 488 1846 Comitia
498 1821 601 1842 tamen
614 1831 622 1842 ,
637 1819 733 1850 quum
745 1818 781 1838 ex
792 1809 838 1836 liis
847 1805 959 1846 pendes
969 1825 978 1839 ,
995 1813 1142 1845 quantum

181 1865 277 1890 tacere
287 1856 443 1898 possumus
454 1875 462 1889 ‚
479 1853 563 1895 quod
573 1853 679 1882 multis
688 1850 723 1880 dc
740 1847 830 1879 causis
841 1847 956 1886 reipub.
967 1847 1146 1876 arbitramur

181 1901 348 1933 conducere
359 1920 368 1931 .
390 1902 404 1918 2
416 1899 446 1928 in
455 1898 575 1939 januar.
590 1893 726 1924 mensem
741 1889 956 1933 protrudimus.
981 1889 1078 1922 Vince
1089 1888 1145 1930 igi—

187 1953 234 1975 tur
244 1962 253 1977 ‚
268 1942 302 1973 &
311 1941 388 1976 vale,

379 1999 575 2029 crcERo
600 1996 819 2027 LEPIDO,
850 1992 953 2024 SAL.

278 2049 352 2077 Uon
370 2046 449 2075 mihi
460 2065 467 2078 ,
486 2053 541 2084 pro
551 2044 667 2073 summa
676 2051 742 2087 erga
750 2051 778 2070 te
790 2038 997 2069 benivolentia
1008 2058 1017 2072 ,
1032 2045 1149 2078 magnae

279 2098 357 2118 cura:
367 2087 410 2118 est
421 2107 429 2120 ,
448 2095 482 2117 ut
492 2088 582 2127 quam
593 2083 776 2124 ampliflima
787 2082 931 2122 dignitate
941 2078 976 2109 sis
988 2099 997 2112 ‚
1019 2078 1147 2109 moleste

185 2130 242 2161 tuli
255 2149 264 2163 ‚
283 2139 312 2160 te
326 2129 438 2159 senatui
449 2129 553 2169 gratias
568 2136 633 2156 non
642 2123 731 2167 egisse
742 2145 751 2157 ,
768 2125 840 2154 σι’-1111
855 2122 928 2152 effes
941 2122 976 2151 ab
990 2132 1027 2151 eo
1041 2120 1147 2151 ordine

184 2179 309 2203 ornatus
323 2171 451 2201 summis
466 2169 645 2199 honoribus.
669 2168 751 2197 Pacis
762 2169 839 2196 'inter
847 2166 942 2195 civeis
950 2162 1149 2193 concilianda:

183 2222 214 2244 te
224 2213 368 2253 cupidum
380 2210 436 2242 esse
448 2212 539 2241 laetor.
563 2220 629 2240 earn
640 2208 660 2239 fi
671 2208 687 2239 a
697 2209 837 2239 servitute
848 2208 993 2247 sejungi&
1010 2204 1149 2235 consules

186 2255 222 2286 &
231 2254 347 2294 reipub.
360 2253 392 2283 δε
402 2253 540 2295 dignitati
551 2260 619 2282 tuae.
633 2253 686 2281 Sin
698 2249 750 2280 ista
759 2259 814 2290 pax
825 2248 977 2288 perditum
989 2248 1149 2277 hominem

186 2297 221 2327 in
235 2294 449 2337 possessionem
463 2291 710 2334 impotentisiimi
724 2291 899 2321 dominatus
914 2288 1083 2319 restitutura
1096 2287 1149 2321 est,

187 2340 249 2369 hoc
261 2339 367 2368 animo
384 2338 458 2368 scito
474 2337 597 2365 omneis
610 2334 695 2364 sanos
706 2352 714 2365 a
736 2341 768 2362 ut
780 2341 912 2361 mortem
925 2331 1152 2360 servitutiante-

187 2387 313 2421 ponant.
341 2382 445 2418 Itaque
456 2375 618 2417 sapientius
630 2395 639 2408 ‚
658 2383 729 2404 mco
740 2374 864 2414 quidem
871 2373 882 2411 j
888 2372 989 2402 udicio
999 2371 1090 2401 facies
1102 2391 1110 2404 ,
1130 2370 1150 2400 fi

187 2432 219 2452 te
232 2423 264 2451 in
278 2420 364 2452 istam
378 2418 616 2461 pacificationem
629 2427 691 2446 non
708 2417 880 2455 interpones
892 2434 900 2447 ‚
921 2423 987 2453 quae
998 2422 1095 2453 neque
1106 2412 1151 2442 se-

189 2465 274 2494 natui
284 2484 293 2497 ‚
313 2472 411 2503 neque
423 2461 538 2502 populo
550 2479 558 2493 ‚
583 2469 636 2489 nec
654 2460 797 2497 cuiquam
816 2456 900 2485 bono
920 2455 1072 2495 probatur.
1095 2453 1152 2484 Sed

192 2506 255 2536 haec
264 2504 366 2535 audies
375 2514 414 2534 ex
423 2503 490 2533 aliis
499 2523 508 2536 ‚
520 2510 571 2532 aut
579 2502 688 2531 certior
698 2499 751 2529 fies
760 2499 877 2528 litteris.
899 2499 948 2529 Tu
960 2506 1014 2537 pro
1024 2505 1073 2526 tua
1081 2505 1152 2537 pru-

190 2547 292 2578 dentia
302 2566 310 2581 a
323 2545 395 2588 quid
407 2547 561 2585 optimum
570 2542 651 2573 sacru
661 2541 695 2572 sit
704 2562 713 2575 2
725 2540 852 2570 videbis.

354 2596 548 2626 CICERO
568 2593 866 2624 TREBONIO,
889 2591 992 2620 SAL.

199 2642 337 2732 QUA
347 2652 372 2671 11
392 2642 503 2672 vellem
521 2640 556 2669 :iti
574 2640 641 2670 illas
657 2639 872 2679 pulcherrimas
882 2637 983 2675 epulas
995 2645 1044 2666 me
1053 2634 1154 2666 idibus

195 2736 277 2758 nunc
285 2736 356 2756 cum

289 2685 407 2714 Martiis
419 2681 571 2713 invitasses
585 2683 600 2711 !'
611 2681 806 2721 reliquiarum
817 2679 895 2709 nihil
905 2679 1093 2708 haberemus.
1116 2681 1156 2708 At

368 2726 397 2755 lii
406 2735 415 2755 s
425 2733 542 2755 tantum
553 2724 667 2763 negotii
677 2722 730 2756 est,
744 2733 773 2752 ur
783 2720 915 2752 vestrum
926 2720 1001 2750 illud
1013 2719 1155 2750 divinum

195 2769 230 2798 in
238 2768 373 2809 rempub.
387 2765 572 2799 beneficium
581 2765 766 2796 nonnullam
776 2763 881 2794 habeat
889 2763 1053 2804 querelam,
1065 2761 1156 2801 Qod

1166 114 1705 163 CicEnonrs

1165 203 1300 240 νει-011111
1312 213 1319 225 ‚
1334 194 1401 223 viro
1411 195 1530 233 optimo
1541 216 1549 228 ‚
1566 195 1701 226 sedu6his
1712 192 1754 226 est
1764 215 1772 229 ‚
1786 201 1896 236 tuoque
1906 193 2055 226 beneficio
2064 193 2123 227 a&

1164 237 1221 266 huc
1232 238 1310 266 vivit
1321 236 1382 265 haec
1391 234 1482 275 pestis
1493 255 1502 269 ,
1515 237 1664 268 interdum
1677 257 1685 271 ‚
1696 237 1778 278 quod
1790 239 1865 268 mihi
1878 239 1929 267 vix
1939 236 1981 267 fas
1991 237 2033 268 est
2042 257 2049 271 ‚
2060 237 2117 267 tibi

1164 277 1323 308 subirascor
1357 278 1437 306 Mihi
1454 279 1539 307 enim
1553 281 1666 319 negotii
1679 281 1746 319 plus
1772 278 1917 320 reliquisti
1932 281 2004 313 uni,
2023 279 2117 320 quain

1163 328 1266 364 praeter
1277 328 1325 348 me
1336 338 1344 352 ‚
1363 318 1519 364 omnibus.
1543 322 1585 350 Ut
1598 322 1683 350 enim
1695 320 1830 360 primum
1844 320 1910 360 post
1920 323 2047 351 Antonii
2058 321 2117 350 soe-

1164 361 1321 391 dissimum
1335 358 1495 390 dilcessum
1507 360 1833 399 senatusliaberilibere
1841 365 1940 403 potuit
1952 383 1960 397 ‚
1980 362 2015 393 ad
2026 362 2118 392 illum
2150 382 2153 383 ν

1163 405 1302 433 animum
1313 411 1416 432 meum
1429 403 1537 432 reverti
1547 401 1707 442 pristinum
1721 423 1730 436 ,
1750 414 1842 444 quem
1856 414 1887 435 tu
1904 414 1973 435 cum
1992 405 2052 435 civi
2071 413 2119 433 ac—

1165 447 1304 477 cerrimo,
1315 452 1395 483 patre
1405 452 1468 476 tuo,
1479 445 1511 473 in
1522 454 1572 474 ore
1583 464 1592 476 ‚
1606 444 1638 474 &
1648 454 1749 474 amore
1759 446 1874 485 semper
1884 445 2021 476 habuisti.
2037 448 2119 476 Nam

1166 486 1237 517 cum
1252 486 1385 516 senatum
1395 486 1430 516 ad
1442 487 1527 515 XIII.
1539 485 1845 527 KalendasJanuarias
1853 487 2052 527 tribunipleb.
2064 497 2122 517 vc-

657 558 665 572 ,
678 535 838 568 interess‘et.
854 531 1126 571 omnibusprobari
1149 522 1152 563 Ι
1166 526 1310 559 cavissent
1320 547 1328 561 ,
1346 527 1441 568 deque
1453 527 1510 558 alia
1523 537 1552 557 re
1566 526 1709 557 referrent
1722 538 1728 556 z
1745 536 1839 558 totam
1853 539 1946 569 remp.
1959 530 2024 559 sum
2033 538 2122 559 com-

1168 570 1274 610 plexus
1284 589 1292 603 ‚
1305 571 1410 610 egique
1419 568 1563 599 acerrime
1575 569 1789 610 ,senatumque
1799 571 1859 607 jam
1873 571 2075 610 languentem,
2088 572 2122 601 δε

1169 610 1315 642 defessum
1327 631 1335 645 ‚
1357 611 1391 641 ad
1404 609 1562 651 pristinam
1576 613 1718 641 virtutem
1729 630 1740 644 ‚
1755 612 2064 653 consuetudinemque
2077 622 2123 642 re⁴

1167 655 1297 686 vocavi,
1318 655 1413 693 magis
1429 654 1549 686 animi,
1568 652 1660 693 quam
1679 654 1795 694 ingenii
1813 653 1936 684 viribus.
1968 656 2028 684 Hic
2047 654 2123 686 dier„

1172 705 1297 737 meaque
1305 696 1463 725 contentio
1474 715 1483 728 ‚
1505 704 1592 735 atque
1607 693 1687 724 astio
1698 714 1706 728 ‚
1727 694 1807 734 spem
1819 694 1953 734 primum
1963 696 2076 735 populo
2085 698 2125 725 R.

1171 738 1271 768 attulit
1280 737 1423 767 libertatis
1432 736 1646 776 recuperandae.
1671 739 1738 767 Nec
1746 736 1819 767 vero
1831 737 1889 776 ipse
1899 736 1998 776 postea
2007 746 2128 777 tempus

1173 780 1271 810 ullum
1282 777 1426 809 intermisi
1438 778 1474 809 de
1484 778 1588 818 repub.
1599 788 1665 808 non
1673 779 1824 819 cogitandi
1835 778 1933 808 solum
1946 799 1954 811 ‚
1975 777 2026 809 sed
2035 781 2126 808 etiam

1172 821 1288 861 agendi.
1312 820 1403 860 Qiod
1415 818 1469 850 nisi
1481 830 1525 850 res
1535 820 1660 850 urbanas
1670 822 1811 861 2aolzaque
1821 822 1925 850 omnia
1934 820 1969 851 ad
1980 830 2007 850 te
2017 819 2128 860 perfer-

1173 874 1197 893 ri
1208 863 1362 896 arbitrarer
1371 882 1379 896 ,
1392 862 1452 902 ipse
1462 861 1672 902 perscriberem
1685 872 1690 890 1
1702 871 1881 903 quamquam
1893 872 1973 892 eram
1985 864 2130 892 maximis

1175 904 1423 945 occupationibus
1439 904 1613 944 impeditus.
1636 903 1692 934 Sed
1711 904 1762 934 illa
1778 905 1940 945 cognosces
1958 914 1996 934 ex
2012 904 2093 934 aliis:
2112 904 2129 933 a

1176 957 1225 977 me
1245 956 1351 986 pauca:
1372 946 1404 977 &
1422 956 1455 976 ca
1473 947 1658 981 summatim.
1683 945 1837 975 Habemus
1851 945 1960 976 fortem
1975 946 2127 976 senatum:

1173 989 1355 1018 consulareis
1364 989 1472 1027 partim
1481 987 1606 1018 timidos
1618 1007 1628 1021 ‚
1649 989 1757 1027 partim
1770 986 1848 1017 male
1860 987 2041 1018 sentienteis.
2064 990 2131 1017 Ma-

1174 1040 1268 1070 gnum
1280 1030 1428 1059 damnum
1438 1028 1551 1059 facium
1562 1028 1604 1059 est
1612 1032 1645 1059 in
1654 1031 1769 1059 Servio.
1792 1029 1927 1059 L-Caesar
1936 1029 2053 1069 optime
2065 1030 2131 1059 sen-

1176 1081 1212 1102 tit
1225 1083 1230 1100 ·.
1250 1071 1300 1101 sed
1311 1090 1319 1104 ‚
1341 1070 1424 1110 quod
1433 1071 1598 1101 avunculus
1609 1070 1650 1100 est
1661 1090 1670 1104 ,
1690 1081 1754 1100 non
1763 1073 1919 1101 acerrimas
1928 1072 2002 1101 dicit
2012 1071 2131 1101 senten-

1175 1116 1242 1143 tias.
1265 1112 1412 1142 Consules
1421 1113 1548 1152 egregii:
1562 1112 1715 1151 praeclarus
1729 1115 1770 1141 D.
1782 1114 1904 1142 Brutus:
1919 1123 1991 1152 puer
1999 1115 2134 1154 egregius

1178 1154 1289 1187 Caesar,
1309 1153 1346 1183 de
1363 1163 1425 1193 quo
1444 1153 1529 1192 spero
1549 1153 1690 1193 equidem
1708 1154 1830 1194 reliqua-
1855 1156 1923 1184 Hoc
1938 1153 2009 1184 vero
2018 1164 2135 1184 certum

1179 1196 1288 1226 habeto
1296 1216 1306 1228 ,
1318 1194 1373 1224 nisi
1384 1195 1435 1224 ille
1444 1203 1599 1224 veteranos
1609 1195 1744 1224 celeriter
1751 1194 1961 1235 conscripfiss‘et
1971 1207 1976 1224 ;
1987 1195 2137 1236 legiones-

1155 1257 1157 1262 ·
1176 1248 1235 1279 que
1249 1237 1315 1267 duae
1329 1237 1365 1267 de
1378 1238 1510 1266 exercitu
1526 1237 1654 1266 Antonii
1667 1236 1703 1266 ad
1716 1237 1780 1276 ejus
1794 1237 1821 1267 se
1834 1236 2040 1267 auctoritatem
2060 1246 2136 1267 con-

1177 1278 1311 1310 tuliss'ent
1319 1288 1426 1320 ²‚atque
1437 1280 1462 1308 is
1473 1278 1624 1319 oppositus
1635 1277 1707 1308 estet
1717 1287 1810 1309 terror
1818 1281 1955 1309 Antonio
1967 1289 1971 1307 :
1983 1278 2062 1308 nibil
2072 1281 2145 1308 An·-

1169 1323 1298 1357 eonium
1317 1322 1435 1352 sceleris
1453 1340 1467 1355 ,
1495 1322 1573 1350 1111111
1594 1320 1776 1351 crudelitatis
1797 1322 2016 1362 praeteriturum
2036 1318 2141 1350 fuiffe-

1179 1366 1253 1394 Haec
1267 1363 1339 1397 tibi,
1358 1361 1409 1393 etsi
1424 1362 1523 1393 audita
1539 1361 1596 1393 effe
1610 1362 1788 1397 arbitrabar,
1808 1363 1894 1394 volui
1905 1372 2008 1394 tamen
2017 1363 2142 1393 notiora

1179 1404 1251 1436 efl'e.
1271 1405 1358 1437 Plura
1368 1405 1497 1436 scribam
1509 1425 1518 1438 ,
1534 1403 1554 1434 fi
1564 1405 1631 1445 plus
1643 1406 1699 1435 otii
1709 1405 1851 1436 habuero.

1473 1452 1674 1482 CICERO*
1694 1453 1854 1482 APPIO.

1185 1497 1299 1575 DE
1317 1508 1387 1528 meo
1399 1496 1498 1528 studio
1508 1498 1707 1569 essgasalutem
1717 1517 1729 1531 5
1743 1498 1776 1528 &
1786 1498 2031 1529 incolui-nitatem
2044 1505 2137 1532 tuam,

1275 1540 1364 1571 credo
1378 1549 1405 1571 te
1418 1549 1517 1584 cogno
1531 1549 1559 1569 ie
1573 1549 1612 1570 ex
1626 1540 1731 1569 litteris
1745 1549 1868 1570 tuorum
1880 1551 1886 1569 :
1907 1541 2016 1581 quibus
2026 1550 2076 1569 me
2086 1549 2141 1570 cu—

1182 1581 1373 1612 mulatiffime
1385 1579 1557 1612 satisfecisse
1566 1579 1648 1611 certo
1659 1581 1719 1611 scio
1730 1591 1735 1611 :
1746 1591 1802 1612 nec
1811 1583 1857 1612 his
1867 1581 2002 1612 concedo
2012 1601 2020 1615 ‚
2032 1590 2142 1622 quam-

1181 1634 1271 1666 quam
1283 1624 1351 1655 sunt
1361 1622 1497 1665 singulari
1507 1624 1539 1653 in
1550 1631 1578 1653 te
1588 1623 1804 1657 benivolentia,
1814 1632 1848 1654 ut
1858 1632 1885 1654 te
1895 1623 2009 1654 salvum
2020 1623 2141 1656 malint,

1185 1666 1277 1708 quam
1289 1676 1353 1708 ego.
1377 1666 1427 1696 Illi
1444 1666 1522 1695 mihi
1541 1663 1655 1696 necesse
1672 1664 1715 1695 est
1731 1665 1916 1698 concedant,
1938 1674 1970 1694 ut
1988 1665 2044 1695 tibi
2062 1664 2140 1704 ρΙυε,

1182 1718 1273 1750 quam
1286 1707 1349 1748 ipsi,
1362 1708 1418 1739 hoc
1427 1716 1562 1748 tempore
1572 1705 1707 1747 prodesse
1715 1706 1822 1746 poffizn
1834 1717 1840 1735 ;
1859 1706 1941 1747 quod
1951 1705 2075 1747 quidem
2086 1715 2144 1735 nec

1185 1750 1283 1781 destiti
1295 1750 1388 1780 facere
1400 1769 1410 1784 ,
1429 1760 1485 1780 nec
1497 1748 1632 1780 desistam
1644 1760 1650 1778 t
1671 1749 1774 1788 &jam
1785 1749 1818 1778 in
1829 1750 1963 1778 maxima
1973 1747 2090 1780 refeci,
2110 1746 2146 1779 Sc

1185 1791 1383 1822 fundamenta
1396 1792 1455 1832 jeci
1466 1791 1565 1821 salutis
1575 1800 1642 1821 tuae.
1666 1793 1716 1820 Tu
1725 1789 1770 1820 fac
1780 1790 1863 1820 bono
1873 1791 1979 1819 animo
1992 1810 2000 1822 ‚
2017 1798 2146 1830 magno-

1185 1844 1243 1875 que
1255 1832 1290 1863 fis
1303 1843 1433 1874 ,meque
1446 1833 1502 1863 tibi
1515 1833 1599 1864 nulla
1610 1843 1640 1863 re
1655 1831 1831 1862 defuturum
1844 1830 1904 1862 esse
1914 1830 2058 1863 confidas.
2081 1831 2147 1861 Pri-

1188 1876 1236 1908 die
1247 1884 1343 1906 nonas
1352 1874 1549 1916 Qinffileis.

1363 1924 1375 1948 3
1389 1922 1558 1952 GALBA
1587 1922 1843 1952 CICERO-N'I
1873 1921 1973 1951 SAL.

1282 1966 1396 1995 Ecimo
1406 1970 1552 1994 SEPTIMO
1567 1963 1696 1994 Kalend.
1710 1964 1782 2003 Maji
1796 1984 1804 1997 ‚
1823 1973 1884 2004 quo
1893 1962 1941 1993 die
1953 1961 2041 1993 Pansa
2055 1963 2086 1991 in
2099 1970 2148 1992 ca-

1283 2005 1349 2036 stris
1360 2007 1457 2036 Hirtii·
1466 2014 1525 2036 erat
1535 2004 1652 2036 futurus
1663 2026 1672 2039 ,
1692 2015 1769 2035 cumv
1779 2015 1840 2046 quo
1858 2015 1913 2047 ego
1927 2014 2006 2034 cram
2022 2003 2103 2043 (nam
2118 2005 2148 2033 ei

1187 2049 1315 2080 obviam
1330 2046 1524 2090 process'eram
1538 2048 1636 2078 millia
1651 2045 1747 2088 pasliis
1761 2056 1886 2077 centum
1897 2067 1905 2081 ‚
1924 2056 1986 2087 quo
1999 2044 2147 2075 maturius

1190 2092 1320 2132 veniret)
1328 2092 1482 2121 Antonius
1492 2091 1627 2131 legiones
1638 2089 1744 2120 eduxit
1751 2089 1834 2122 duas,
1845 2087 2152 2127 secundam,&quin-

1190 2132 1434 2174 tamtrigefimam
1446 2153 1455 2167 2
1479 2132 1511 2162 δε
1521 2133 1672 2162 cohorteis
1681 2130 1911 2172 praetorias-duas
1921 2150 1929 2163 ‚
1951 2138 2041 2160 unam
2052 2129 2149 2162 suam,

1190 2178 1310 2207 alteram
1322 2176 1415 2205 Silani
1427 2195 1435 2208 ‚
1456 2183 1648 2204 evocatorum
1663 2182 1788 2213 partem.
1812 2175 1856 2203 I‘ta
1866 2172 1987 2202 obviam
1997 2172 2081 2200 venit
2090 2180 2151 2200 no-

1190 2219 1236 2248 bis
1247 2237 1256 2251 ,
1275 2216 1358 2258 quod
1369 2227 1426 2247 nos
1439 2225 1579 2258 quattuor
1589 2216 1722 2256 legiones
1732 2217 1867 2245 tironum
1879 2213 1984 2244 hahere
1994 2210 2093 2242 solum
2104 2221 2151 2241 ar-

1191 2260 1364 2290 bitrabatur.
1387 2258 1443 2289 Sed
1457 2257 1551 2288 11οᾶ11
1562 2278 1571 2291 ,
1590 2267 1651 2299 quo
1670 2255 1767 2287 tutius
1781 2257 1883 2286 venire
1899 2257 1931 2284 in
1949 2252 2038 2284 castra
2053 2250 2153 2293 pofl'e-

1193 2311 1262 2332 mus
1272 2321 1281 2336 ‚
1295 2302 1447 2343 legionem
1459 2301 1597 2330 Martiam
1609 2319 1617 2333 ‚
1629 2301 1678 2329 cui
1688 2308 1743 2339 ego
1753 2296 1869 2338 praeefl'e
1880 2295 2024 2329 solebam,
2037 2295 2069 2325 ὃ(
2079 2295 2153 2325 duas

1193 2345 1343 2373 cohorteis
1360 2343 1511 2382 praetorias
1529 2341 1650 2371 miserat
1669 2342 1787 2370 Hirtius
1804 2338 1906 2369 nobis.
1939 2337 2017 2368 Cum
2037 2337 2154 2378 equites

1194 2386 1321 2414 Antonii
1332 2381 1528 2425 apparuissent
1537 2402 1545 2417 ‚
1559 2383 1709 2413 contineri
1719 2390 1817 2422 neque
1826 2381 1905 2421 legio
1916 2381 2023 2410 Martia
2032 2399 2041 2414 ‚
2053 2388 2151 2420 neque

1192 2426 1330 2456 cohortes
1348 2427 1492 2464 praetoriae
1507 2433 1688 2464 potuerunt:
1708 2433 1782 2464 quas
1791 2423 1874 2463 sequi
1883 2423 2033 2462 coepimus
2043 2420 2152 2455 coaffl,

1193 2477 1288 2508 quum
1307 2477 1354 2497 eas
1372 2468 1498 2496 retinere
1519 2476 1583 2496 non
1601 2474 1781 2506 poteramus.
1814 2466 1966 2494 Antonius
1984 2463 2020 2494 ad
2040 2465 2153 2493 Forum

1195 2509 1354 2541 Gallorum
1370 2509 1433 2539 suas
1448 2509 1549 2548 copias
1566 2507 1758 2538 continebat:
1779 2516 1877 2547 neque
1886 2507 1953 2536 sciri
1963 2504 2100 2537 volebat,
2122 2504 2153 2534 se

1195 2551 1328 2591 legiones
1337 2550 1445 2580 habere
1457 2560 1462 2579 z
1484 2548 1601 2580 tantum
1613 2551 1779 2590 equitatum
1790 2567 1800 2582 ‚
1820 2548 1964 2578 &levem
1974 2555 2158 2578 armaturam,

1195 2591 1379 2623 ostendebat.
1412 2590 1604 2632 Posteaquam
1623 2591 1723 2625 vidit,
1745 2591 1775 2621 se
1794 2591 1892 2620 invito
1906 2609 1915 2624 ‚
1938 2589 2091 2629 legionem
2109 2589 2156 2617 ire

1196 2635 1297 2668 Pansa,
1311 2635 1393 2675 sequi
1405 2634 1433 2664 se
1447 2633 1521 2664 duas
1534 2631 1762 2674 legionesjuffit
1776 2634 1922 2662 tironum.
1935 2628 2049 2662 Postea,
2061 2627 2154 2669 quam

1197 2675 1344 2718 angustias
1354 2675 1481 2716 paludis,
1495 2676 1527 2706 &
1537 2673 1674 2706 silvarum
1684 2672 1875 2705 transivimus
1885 2693 1893 2707 ‚
1905 2673 1981 2703 acies
1991 2669 2034 2701 est
2044 2669 2156 2700 instru-

1199 2718 1245 2749 &ca
1261 2719 1277 2749 a
1294 2719 1384 2748 nobis
1403 2718 1566 2748 duodecim
1584 2718 1768 2748 cohortium.
1792 2714 1942 2746 Nondum
1956 2720 2098 2743 venerant
2111 2712 2156 2742 le-

1196 2762 1302 2803 giones
1312 2761 1396 2796 duae5
1410 2758 1532 2800 repente
1543 2760 1695 2790 Antonius
1705 2760 1740 2789 in
1747 2758 1843 2789 aciem
1855 2756 1918 2787 suas
1928 2755 2027 2795 copias
2038 2753 2075 2783 de
2086 2755 2155 2784 vico

1427 2811 1438 2821 ΧΑ
2083 2804 2154 2836 pro-

235 2894 260 2912 1.
279 2890 344 2912 Domi
353 2895 395 2914 iim
405 2890 441 2922 fis
454 2908 462 2921 ‚
478 2898 506 2914 m
515 2897 566 2914 cum
576 2886 810 2921 maximoperimlm]
830 2887 873 2912 lta
883 2884 951 2911 hunc
960 2884 1048 2911 locum
1059 2882 1158 2910 Vicio-
1196 2892 1241 2910 nio
1254 2902 1262 2915 ,
1281 2884 1349 2910 Stew
1359 2881 1466 2908 echiauo
1477 2899 1486 2912 ,
1504 2878 1765 2915 Vaticani-excerptis
1778 2896 1787 2908 ‚
1805 2876 1916 2904 editioni
1927 2875 2087 2903 Vifiorianae
2098 2888 2105 2905 :
2127 2879 2157 2905 ὃς

196 2921 251 2963 rius
263 2921 347 2948 edidit
359 2942 367 2954 ,
385 2924 528 2951 exturbato
548 2923 678 2950 vocabulo
689 2924 782 2957 scillcet
804 2921 875 2957 quod
886 2921 941 2957 post
953 2922 988 2954 fis
1006 2921 1034 2946 &
1048 2927 1109 2946 ante
1127 2929 1156 2946 ne

196 2957 326 2992 mJeCium
338 2958 452 2986 haeserar.
474 2961 512 2986 At
522 2960 655 2986 stewech.
667 2958 842 2985 &Palatinus
861 2958 961 2989 primus
974 2956 1008 2983 'm‘
1020 2958 1057 2990 fis
1070 2957 1154 2991 jugu-

197 2993 266 3021 lant.
285 2994 354 3020 Mihi
367 3013 375 3025 ,
387 3003 416 3020 u:
428 2995 489 3021 facit
501 2995 634 3021 Palatinus
645 2994 732 3021 sextus
745 3013 753 3026 ‚
768 2993 821 3020 haec
834 2993 911 3019 verbu
921 2992 1011 3019 omnia
1023 3002 1090 3018 unco
1100 3000 1155 3019 tra-

198 3028 284 3057 henda
295 3029 419 3056 videntur
430 3041 436 3056 :
453 3032 541 3063 sellim
551 3041 579 3056 m
589 3041 638 3056 cum
649 3034 749 3057 inaximo
754 3031 858 3062 periculo
868 3048 877 3061 ,
895 3029 1013 3062 inscribis·
1025 3047 1033 3060 ‚
1046 3030 1154 3061 stultifi-

198 3075 255 3092 mm-
268 3075 298 3091 ts.
319 3075 378 3092 iiam
389 3075 422 3093 ex
433 3065 611 3102 superioribus
621 3066 654 3093 ab
663 3068 755 3103 aliquo
766 3065 847 3092 sciolo
857 3064 982 3092 confecta
992 3084 1001 3097 ,
1011 3065 1039 3091 8<
1050 3064 1102 3091 hnc
1112 3064 1155 3091 in-

199 3101 275 3128 11εᾶ11
287 3101 355 3128 sunt.

233 3146 260 3163 2.
280 3141 309 3163 In
317 3140 469 3171 Januarium
478 3137 574 3170 menfim
592 3137 778 3171 protrudimm]
800 3136 917 3164 Coac‘ms
928 3136 982 3163 sum
994 3136 1088 3163 cedere
1099 3145 1155 3162 ma-

189 3174 246 3211 iori
257 3173 398 3202 coiil'mii'ui
408 3173 434 3201 in
445 3171 618 3202 haclestione
627 3171 791 3201 admittenda
802 3192 812 3207 ,
833 3173 961 3207 videlieet!
967 3172 1090 3202 Palatino
1099 3172 1155 3208 pri-

1196 2928 1286 2946 revera
1299 2919 1384 2956 aptius
1402 2917 1438 2944 cst
1448 2917 1529 2952 quam
1540 2915 1708 2951 vulgatarum
1728 2913 1875 2940 editionum
1889 2914 2052 2946 protendimus
2062 2932 2071 2945 ,
2090 2915 2158 2941 regi-

1196 2964 1276 2982 nente
1288 2963 1374 2982 tamen
1386 2952 1454 2979 illud
1466 2951 1586 2978 Palatino
1597 2950 1672 2977 sexto
1684 2969 1692 2982 ‚
1703 2950 1730 2976 δε
1743 2949 1919 2985 Hittorpiano
1929 2949 2073 2984 profitente
2083 2969 2090 2982 ‚
2099 2956 2173 2983 pro:

1194 2992 1310 3018 dui-imm.
1329 2992 1360 3016 lii
1372 2988 1535 3026 praecedente
1555 2987 1662 3023 epistola
1673 2985 1807 3012 Palatinus
1827 2985 1916 3012 sextus
1926 2986 1954 3011 &
1968 2985 2157 3021 Hittorpiaiius

1195 3028 1234 3054 itai
1244 3027 1360 3053 scribunt
1371 3025 1448 3051 ’11111111
1460 3024 1546 3050 locum
1559 3034 1565 3050 ι
1581 3025 1621 3056 fin
1631 3030 1708 3048 autem
1717 3023 1784 3054 officio
1793 3021 2010 3055 7⁴eip.siitisfafficm
2017 3029 2100 3054 putas.

1233 3071 1260 3098 3.
1285 3064 1392 3089 GALBA
1404 3062 1565 3086 CICERONI
1578 3059 1663 3093 San]
1688 3059 1765 3085 Hanc
1783 3056 1980 3093 inscriptionem
2000 3056 2034 3083 fic
2052 3057 2158 3085 invenl-

1197 3108 1254 3125 mus
1266 3098 1291 3124 in
1303 3097 1410 3134 optimis
1429 3094 1562 3122 codicibus
1574 3095 1667 3121 nostris
1679 3113 1688 3126 ,
1707 3103 1793 3130 neque
1811 3093 1891 3120 aliter
1909 3092 1993 3119 edidit
2004 3093 2098 3120 Petrus
2109 3094 2158 3120 Vi-

1197 3134 1310 3162 storius.
1331 3133 1388 3159 Alii
1397 3135 1492 3164 sergius
1501 3132 1578 3159 Galba
1588 3130 1714 3159 scribunt,
1726 3129 1870 3159 Lambinus
1882 3130 1954 3161 Satn.
1965 3130 2029 3155 GAt.
2037 3137 2086 3156 na.
2097 3130 2157 3157 Nos

1197 3169 1264 3198 nihil
1277 3178 1362 3205 neque
1373 3170 1389 3196 ii
1400 3167 1475 3196 libris
1487 3177 1571 3205 neque
1583 3168 1598 3196 ἐι
1608 3166 1730 3195 νίίὶοιὰο
1740 3165 1871 3195 decedere
1878 3165 2021 3197 voluimus.

2052 3208 2076 3227 11.
2095 3202 2159 3227 Cfl'·

2167 1927 2222 1961 ζα
