2295 3400
139 380 179 413 17

159 1876 197 1909 18

199 108 294 188 38².
591 118 1139 171 *NLTULLrl

199 207 281 238 idem
301 217 338 237 ex
357 205 404 237 sua
415 205 477 246 lege
486 202 817 234 vendetAlexandriam
829 223 837 237 ,
859 202 970 233 vendet
981 205 1163 244 AEgyptum:

200 250 281 280 urbis
300 246 503 289 copssosislima:
515 266 524 279 ‚
545 246 878 285 pulcherrimorumque
897 255 1035 285 agrorum
1058 244 1160 285 judex,

199 291 324 324 arbiter,
340 290 482 319 dominus
495 308 502 320 .
515 297 567 317 rex
579 287 710 327 denique
721 285 938 326 opulentiffimi
948 288 1029 328 regni
1040 289 1167 327 reperie-

200 341 256 362 tur.
284 335 356 361 Non
369 331 464 360 sumet
478 328 531 358 sibi
541 337 656 359 tantum
670 349 678 362 ,
693 338 757 358 non
766 337 900 369 appetet:
915 328 1083 368 judicabit,
1095 329 1166 359 Ale-

201 374 356 404 xandriam
368 373 442 413 regis
451 369 508 401 esl'e
522 381 526 399 :
547 370 561 400 a
573 371 686 410 populo
697 373 790 400 Rom.
803 370 993 409 abiudicabit.
1026 369 1164 401 Primum

202 416 306 456 populi
317 416 410 444 Rom.
421 412 616 443 hereditatem
629 412 792 442 decemviri
803 412 950 451 judicent,
962 411 1033 442 cum
1046 422 1100 443 vos
1110 422 1165 442 vo-

203 458 319 487 lueritis
329 455 364 485 de
372 456 494 497 privatis
504 452 704 483 heredztaribus
713 457 921 484 centumviros
929 454 1167 494 judicare-Mein—

203 499 240 528 de
251 500 317 538 quis
327 507 390 539 aget
400 497 514 527 causam
526 496 796 536 popiiliRom.?ubi
808 506 852 526 res
862 495 914 526 ista
923 498 1091 538 agetu1·?qui
1100 496 1167 526 sunt

200 539 250 570 isti
260 539 434 572 decemviri,
451 548 524 579 quos
534 538 745 578 perspiciamus
758 548 882 582 regnum
895 537 1085 567 Alexandria:
1097 541 1168 568 Pto-

204 582 312 611 lemaeo
321 582 408 621 gratis
420 579 663 620 adjudicaturos?
677 579 768 620 Qud
781 581 800 608 h
811 579 991 610 Alexandria
1001 579 1169 620 petebatur:

204 633 256 654 cur
274 632 338 652 non
359 621 480 652 eosdem
503 622 604 651 cursus
624 622 681 651 hoc
703 631 838 661 tempore
852 642 860 655 ‚
885 631 960 662 quos
971 641 979 655 ‚
1010 623 1046 651 L.
1064 624 1149 652 Cotta
1161 642 1168 654 .

204 666 239 695 L.
253 668 408 705 Torquato
417 666 504 694 Coss.
515 672 707 693 cucurrerunt
720 666 730 692 ?
748 673 799 693 cur
810 673 873 693 non
882 664 979 703 aperte
991 683 999 696 ‚
1021 672 1054 693 ut
1064 672 1147 693 antea
1160 666 1170 691 ?

204 716 257 736 cui·
267 716 330 735 non
342 708 426 738 item,
443 715 475 735 ut
484 715 555 735 cum
566 704 694 738 decreto,
707 705 738 735 &
748 705 845 745 palam
857 708 1010 747 regionem
1023 705 1107 735 illam
1119 715 1171 745 pe-

205 749 336 778 tierunt?
351 751 359 766 ¹
378 757 414 777 an
426 749 534 788 quietis
545 748 595 780 iis,
607 748 658 787 qui
670 757 720 787 per
734 747 851 776 cursum
864 746 980 776 retTtum
992 757 1117 787 regnum
1130 756 1172 776 te-

205 799 276 819 nere
293 799 358 819 non
376 797 664 829 potuei·unt‚,nunc
683 790 772 818 taetris
791 788 939 822 tenebris,
963 788 994 818 &
1007 789 1171 828 caliginesc

205 831 419 861 Alexandriam
429 839 623 871 perventuros
635 830 760 860 arbitrati
772 830 858 861 sunt?
887 833 983 870 Atque
1000 830 1075 860 illud
1089 833 1103 848 2
1114 831 1171 860 cir-
1192 848 1195 868 2

204 873 382 913 cumspicite
399 871 503 902 vestris
524 872 678 902 mentibus
689 892 696 905 ,
721 881 839 912 unaque
862 870 877 885 *¹
902 872 1008 913 legatos
1034 870 1151 901 nostros
1162 891 1170 905 ‚

211 915 354 944 homines
364 913 537 944 austoritate
552 915 635 943 tenui
649 934 657 946 ‚
680 915 729 954 qui
741 914 1022 954 rerumprivasarum
1034 913 1117 952 ιαμβι
1130 914 1172 942 le-

207 958 340 997 gationes
359 955 464 986 liberas
490 955 623 989 obeunt,
644 964 745 985 tamen
759 964 866 984 exrcrae
884 957 1020 985 nationes
1031 954 1106 985 ferre
1120 956 1173 984 vix

209 996 463 1039 possunt-GRAVE
477 1007 533 1026 fisi·
543 999 626 1027 enim
638 1007 753 1026 nomen
763 998 984 1037 imperii‚atque
995 996 1025 1026 id
1036 998 1126 1026 etiam
1138 998 1169 1026 in

214 1041 273 1069 levi
285 1039 409 1080 persona
417 1039 654 1078 pertimescitur,
666 1047 815 1078 propterea
824 1038 904 1078 quod
914 1037 1012 1068 vestro
1027 1059 1035 1071 ,
1046 1048 1109 1068 non
1119 1038 1173 1068 suo

211 1084 341 1112 nomine
351 1100 359 1114 ,
370 1079 441 1110 cum
454 1081 524 1110 hinc
534 1078 632 1121 egrcffi
644 1080 711 1110 sunt
721 1099 729 1113 ‚
750 1078 919 1109 abuttmtur.
944 1080 1024 1120 Qid
1037 1081 1172 1113 censetis,

211 1122 342 1153 cumisti
355 1122 518 1151 decemviri
530 1131 599 1151 cum
611 1123 742 1162 imperio
754 1143 761 1154 ‚
781 1132 851 1151 cum
866 1121 1011 1155 fascibus,
1033 1131 1102 1152 cum
1122 1121 1173 1151 illa

212 1164 326 1194 delc&a
337 1162 660 1202 finitorumjuventute
669 1173 721 1203 per
734 1163 839 1193 orbem
860 1172 1001 1193 terrarum
1021 1163 1172 1204 vagabun-

212 1215 260 1236 tur
274 1208 285 1234 ?
306 1215 366 1246 quo
377 1204 495 1234 tandem
506 1207 611 1235 animo
624 1225 633 1239 ,
651 1215 713 1246 quo
723 1214 804 1234 metu
815 1225 822 1238 ‚
836 1215 898 1245 quo
907 1204 1042 1244 periculo
1053 1205 1173 1234 miseras

215 1250 354 1277 nationes
372 1246 507 1279 futuras?
526 1246 568 1276 est
586 1248 619 1277 in
638 1248 767 1287 imperio
782 1254 886 1275 terror:
902 1248 1060 1285 patientur.
1085 1245 1173 1276 estin

213 1288 482 1328 adventufiaemms:
491 1287 598 1318 ferent.
619 1288 933 1329 imperabituraliquid
944 1290 1079 1318 muneris
1093 1299 1098 1316 ;
1110 1297 1174 1317 non

213 1330 398 1361 recusabunt.
429 1330 507 1360 Illud
518 1328 589 1360 vero
598 1340 742 1371 quantum
753 1329 795 1359 est
803 1349 811 1362 ‚
835 1331 966 1371 Qirites
976 1349 984 1363 ,
1006 1329 1078 1360 cum
1090 1331 1114 1359 is
1123 1329 1175 1359 dc-

215 1374 332 1402 cemvir
342 1391 351 1406 ‚
371 1373 423 1413 qui
433 1373 562 1412 aliquam
574 1374 605 1401 in
616 1372 721 1401 urbem
733 1381 782 1402 aut
791 1370 974 1412 exspec'tatus
985 1391 994 1405 ,
1015 1381 1047 1401 ut
1058 1372 1174 1411 hospes,

213 1423 266 1444 aut
275 1416 407 1453 repente,
420 1423 451 1443 ut
462 1414 616 1447 dominus,
629 1415 754 1447 venerit,
766 1414 854 1443 illum
865 1414 963 1453 ipsum
975 1414 1077 1443 locum
1089 1434 1097 1446 ,
1113 1412 1174 1454 quo

214 1458 341 1489 venerit,
354 1456 438 1485 illam
450 1456 542 1495 ipsam
553 1455 652 1485 sedem
665 1456 854 1495 hospitalem,
871 1458 903 1485 in
915 1465 1005 1495 quam
1016 1457 1071 1485 erit
1081 1455 1175 1485 dedu-

216 1496 301 1531 ξὶυε,
321 1496 470 1537 publicam
489 1498 592 1537 populi
613 1499 706 1527 Rom.
725 1496 782 1526 ess'e
793 1497 890 1526 dicet?
907 1507 1014 1537 quanta
1025 1498 1176 1527 calamitas

216 1539 344 1580 populi,
357 1537 377 1568 si
387 1539 519 1568 dixerit?
538 1548 666 1580 quantus
676 1537 727 1579 ipsi
737 1538 864 1580 quaestus
875 1559 882 1572 ‚
894 1537 913 1568 si
924 1541 1034 1579 negarit
1045 1542 1055 1568 ?
1078 1541 1176 1579 Atque

216 1581 313 1611 iidem
323 1599 332 1614 ,
347 1582 399 1621 qui
411 1581 472 1610 haec
481 1590 640 1620 appetunt,
659 1582 743 1621 queri
754 1590 986 1621 nonnumquam
1002 1581 1099 1610 solent
1109 1600 1118 1613 ‚
1141 1590 1176 1610 0-

216 1624 316 1653 mneis
327 1631 414 1652 terras
426 1625 482 1652 Cn.
495 1624 642 1662 Pompejo
651 1642 659 1656 ‚
672 1632 757 1663 atque
768 1625 873 1652 omnia
884 1625 976 1652 maria
985 1621 1042 1652 esse
1051 1622 1177 1662 permis-

215 1665 256 1695 sa.
286 1665 393 1694 Simile
405 1674 475 1694 vero
485 1663 527 1693 est
537 1684 544 1698 ‚
567 1665 660 1694 muita
672 1665 833 1698 committi,
858 1664 890 1694 ὃς
904 1665 1048 1693 condonari
1061 1664 1177 1693 omnia?

217 1706 325 1740 labori,
338 1706 371 1736 δε
381 1708 504 1746 negotio
514 1709 658 1746 praeponi,
670 1716 706 1736 an
717 1706 832 1746 praedae,
844 1706 876 1736 δε
885 1705 1030 1746 quaestui?
1053 1707 1134 1735 mitti
1143 1705 1177 1735 ad

218 1748 316 1778 socios
327 1747 496 1778 liberandos
512 1751 521 1776 ?
535 1758 571 1777 an
582 1748 617 1777 ad
626 1748 841 1788 opprimendos
853 1750 863 1777 ?
874 1748 1014 1788 denique,
1029 1747 1049 1776 si
1059 1750 1125 1788 quis
1136 1746 1178 1776 est

221 1791 320 1819 honos
339 1787 489 1830 singularis
501 1810 509 1822 ,
533 1790 651 1819 nihilne
670 1789 790 1819 interest
801 1810 808 1823 ‚
834 1798 933 1819 utrum
944 1790 1072 1829 populus
1080 1791 1177 1819 Rom.

223 1841 306 1864 eum,
318 1833 366 1861 cui
377 1831 459 1863 velit,
472 1830 582 1860 deferat
597 1842 601 1859 :
616 1841 653 1860 an
665 1833 689 1860 is
699 1831 890 1871 impudenter
899 1832 1012 1871 populo
1023 1833 1114 1861 Rom.
1127 1840 1179 1871 pcr

221 1873 294 1915 legis
304 1872 436 1902 fraudem
449 1873 639 1912 surripiatur?
668 1872 873 1906 Intellexistis‚
885 1883 957 1913 quot
971 1883 1028 1906 res,
1041 1873 1073 1902 &
1083 1882 1180 1913 quan-

219 1925 261 1945 tas
271 1915 446 1947 decemviri,
458 1914 530 1954 legis
541 1912 683 1954 permissh
696 1935 703 1947 ,
716 1916 867 1944 vendituri
877 1914 941 1944 sint.
967 1917 1039 1944 Non
1050 1914 1091 1944 est
1102 1915 1178 1944 satis.

220 1956 291 1986 cum
304 1956 360 1986 sese
371 1956 534 1988 sociorum,
548 1956 619 1985 cum
631 1965 799 1987 exterarum
810 1958 981 1989 nationum,
993 1956 1065 1986 cum
1076 1966 1179 1997 regum

222 1999 366 2039 sanguine
376 1997 549 2037 implerint:
569 1997 703 2028 incidant
713 2007 808 2026 nervos
816 1998 912 2039 populi
923 2001 1002 2026 Rom.
1018 1998 1180 2028 adhibeant

224 2050 332 2069 manus
344 2038 539 2080 veE'tigalibus
548 2039 652 2069 vestris
662 2059 671 2072 ,
692 2041 860 2079 irrumpant
869 2042 899 2069 in
910 2042 1058 2069 aerarium.
1084 2040 1181 2080 sequi-

222 2090 271 2112 tur
281 2083 365 2111 enim
377 2090 463 2121 caput
474 2101 482 2113 ‚
503 2091 564 2122 quo
574 2083 666 2122 capite
678 2091 742 2110 non
754 2083 901 2121 permittit
910 2081 1033 2122 quidem
1045 2102 1052 2115 ,
1073 2080 1092 2110 fi
1103 2081 1179 2111 forte

222 2121 294 2153 desit
304 2125 428 2162 pecunia
439 2143 446 2155 ‚
459 2133 524 2163 quae
535 2132 612 2152 tanta
626 2127 637 2149 3
650 2132 687 2152 ex
699 2123 899 2162 superioribus
915 2125 1005 2162 recipi
1017 2122 1114 2163 potest
1125 2143 1133 2157 ‚
1151 2132 1182 2153 ut

222 2163 318 2195 dccss'c
328 2174 391 2194 non
400 2163 519 2194 debeat:
537 2164 584 2194 sed
594 2164 695 2204 plane,
712 2163 790 2204 quasi
800 2174 832 2194 ea
841 2174 884 2193 res
895 2165 981 2194 vobis
991 2165 1074 2195 saluti
1087 2164 1184 2194 futura

226 2205 259 2235 sit
270 2225 277 2239 ‚
291 2208 330 2235 ita
340 2208 435 2247 cogit,
450 2215 537 2246 atque
547 2208 670 2246 imperat
680 2226 687 2238 ‚
710 2215 743 2235 ut
753 2206 916 2235 decemviri
926 2205 1185 2248 vestraveffigalia

224 2247 357 2277 vendant
367 2249 561 2277 nominatim.
593 2251 692 2287 Quam
706 2256 735 2276 tu
748 2248 825 2277 mihi
837 2257 874 2276 ex
885 2247 989 2277 ordine
1001 2250 1087 2278 recita
1096 2250 1131 2277 de
1143 2248 1184 2277 le-

223 2292 268 2331 gis
280 2290 386 2328 scripto
395 2290 498 2329 populi
515 2292 610 2319 Rom.
625 2288 797 2319 auftioncm
812 2299 817 2317 2
836 2298 925 2329 quam
948 2289 1116 2319 mehercule
1131 2299 1185 2329 ego

224 2333 354 2371 praeconi
371 2331 440 2360 huic
454 2329 504 2370 ipsi
522 2330 685 2360 trietuofiim
697 2350 705 2363 ‚
727 2330 926 2360 &4acerbam
939 2330 1183 2370 praedicationem

224 2372 355 2403 futuram
367 2381 448 2412 puto.
469 2381 604 2402 Aucrio.
645 2374 687 2401 Ut
698 2374 730 2401 in
742 2373 798 2401 suis
810 2372 895 2401 rebus
908 2392 915 2405 ,
932 2374 970 2401 ita
983 2374 1015 2401 in
1025 2382 1083 2411 rep.
1097 2372 1185 2401 luxu-

226 2414 323 2444 riosus
332 2414 374 2443 est
385 2423 490 2454 nepos,
502 2415 552 2454 qui
564 2412 645 2453 prius
657 2412 739 2443 silvas
750 2413 858 2443 vendat
868 2434 875 2446 ‚
888 2413 978 2454 quam
990 2415 1100 2443 vineas.
1124 2415 1185 2442 Ita-

228 2456 302 2485 liam
314 2455 504 2495 percensuisti
518 2465 619 2496 :perge
631 2457 663 2484 in
674 2456 819 2485 Siciliam.
838 2464 1019 2484 AUCTIONIS
1035 2464 1114 2485 PARS
1130 2463 1184 2486 EA,

227 2507 305 2535 QiAE
327 2506 371 2526 Ao
391 2507 558 2526 siciniAM
578 2506 756 2526 PERTINET.
781 2497 859 2526 nihil
878 2495 920 2526 est
943 2498 974 2526 in
994 2497 1046 2526 hac
1063 2498 1187 2535 provin·

227 2549 293 2571 cia,
315 2539 394 2578 quod
416 2548 464 2568 aut
481 2540 513 2568 in
531 2539 667 2578 oppidis,
689 2541 780 2568 autin
792 2541 865 2579 agris
877 2539 1004 2576 majores
1014 2538 1106 2568 nostri
1117 2547 1187 2577 pro-

228 2589 326 2619 prium
339 2581 425 2610 nobis
438 2581 613 2621 reliquerint
623 2601 631 2614 ,
652 2582 726 2620 quin
738 2580 768 2610 id
780 2580 1001 2620 vcnirejubeat.
1024 2580 1112 2621 Qud
1123 2589 1186 2619 par-

229 2631 295 2650 rum
308 2625 417 2651 recenti
428 2622 552 2651 vifioria
564 2623 690 2661 majores
702 2622 789 2652 vobis
800 2624 831 2652 in
843 2622 993 2652 sociorum
1004 2622 1137 2654 urbibus,
1155 2631 1187 2651 ac

234 2661 343 2692 finibus
356 2683 362 2696 ‚
377 2664 408 2692 δε
420 2663 645 2705 vinculumpacis
657 2684 664 2697 ,
682 2664 713 2694 &
725 2672 964 2693 monumentum
976 2663 1049 2693 belli
1059 2664 1187 2703 relique-

234 2713 314 2737 runt,
328 2704 356 2734 id
369 2715 421 2734 vos
431 2705 466 2734 ab
478 2706 536 2734 illis
548 2715 711 2745 acceptum,
724 2707 782 2736 hoc
792 2705 912 2737 au&ore
922 2725 930 2739 ‚
948 2705 1106 2735 vendetis?
1130 2703 1188 2734 Hic

228 2747 306 2775 mihi
319 2755 475 2786 parumper
485 2749 611 2776 menteis
624 2747 730 2777 vestras
741 2768 749 2782 ,
766 2750 897 2789 Qirites
910 2767 917 2780 ‚
935 2756 1131 2777 commovere
1141 2748 1186 2776 vi-

230 2787 303 2816 deor
317 2808 324 2820 .
338 2787 410 2817 <lum
422 2787 563 2827 patefacio
573 2790 660 2819 vobis
670 2810 678 2822 ,
692 2800 762 2830 quas
774 2790 820 2820 isti
832 2791 950 2829 penitus
963 2788 1104 2819 abstrusas
1115 2786 1186 2818 insi-

231 2829 294 2858 dias
303 2829 330 2859 s:
341 2829 470 2869 posuiil'e
481 2831 657 2861 arbitrentur
669 2841 771 2862 contra
784 2835 837 2862 Cn.
850 2832 988 2872 Pompeji
997 2831 1183 2872 dignitatem.

272 2939 278 2955 ι
289 2951 296 2970 '.
313 2933 352 2956 An
363 2932 445 2965 qumis
454 2933 482 2957 lis
492 2951 500 2963 ,
512 2935 601 2965 quipcr
610 2935 699 2967 melion
710 2936 875 2969 r2c7um‚&c.]
892 2934 1003 2961 lllustris
1014 2934 1048 2960 est
1061 2934 1117 2960 heic
1126 2943 1186 2959 cor-

232 2965 318 2992 rdCtio
327 2967 466 3006 ⁴Gulielaiii
477 2987 484 2998 ‚
497 2977 529 2993 an
539 2972 579 3002 ιμἰ·
589 2972 679 3004 Ensis,
692 2975 781 3005 quiper-
791 2973 852 3005 (ηαξ
863 2970 895 2997 de
906 2971 999 3007 quibus
1009 2970 1061 3006 ipse
1071 2970 1114 3006 plu
1120 2980 1145 2996 ra
1158 2971 1182 2996 iu

233 3002 428 3038 Qaellionibus
442 3003 579 3030 Plautinis.

268 3046 296 3064 2.
315 3039 488 3071 Czreumspicire
496 3040 579 3071 *ve-(Iris
587 3043 704 3067 mentihur
715 3061 722 3073 ,
732 3043 852 3077 umqum]
869 3043 911 3069 Sic
921 3042 1027 3079 quidem
1039 3041 1096 3068 Pal.
1106 3042 1185 3078 prim.
1205 3049 1207 3063 Ι

230 3072 273 3100 scd
285 3073 461 3108 semperstu'cite
469 3076 552 3108 vestris
561 3079 677 3103 memthm
689 3097 695 3108 ‚
706 3086 785 3112 atque.

269 3117 294 3144 3.
316 3112 517 3143 Exsupcriorihur
525 3114 675 3147 recisi,({*‘t.]
690 3114 834 3141 Lambinus
845 3118 927 3149 refici,
938 3114 980 3141 sed
991 3123 1042 3141 non
1054 3123 1086 3141 ex
1098 3113 1185 3145 libris,

231 3144 302 3184 quod
315 3146 371 3173 heic
381 3146 441 3172 dico
452 3165 461 3179 ,
471 3147 541 3174 idem
554 3149 696 3185 repetitum
709 3150 786 3176 velini
797 3160 853 3187 cap.
863 3160 909 3187 23.
920 3151 1027 3188 aliisque
1040 3170 1048 3184 ,
1059 3150 1103 3178 ubi
1114 3150 1184 3177 idem

1203 119 1749 165 C1cnrtou1s

1207 202 1240 234 &
1250 204 1328 233 mihi
1339 224 1348 238 ,
1359 203 1460 244 quaeso
1471 223 1479 237 ,
1492 202 1634 244 ignoscite
1647 224 1655 236 ‚
1676 202 1696 233 si
1705 201 1824 244 appello
1834 202 1924 234 talem
1935 202 2036 235 Virum
2049 202 2166 246 saepius.

1208 255 1263 275 vos
1274 246 1350 275 mihi
1361 246 1479 286 praetori
1490 245 1616 275 biennio
1626 244 1706 279 ante,
1718 247 1861 286 Qirites,
1873 247 1930 276 hoc
1939 246 2049 277 eodem
2060 248 2093 277 in
2101 248 2171 278 loco

1210 287 1368 328 personam
1379 286 1665 327 hancimposuistis,
1682 295 1714 317 ut
1728 308 1737 321 ,
1759 287 1998 329 quibuscumque
2008 288 2174 329 rebuspos-

1214 330 1274 359 scm
1286 349 1307 370 ,θ
1317 329 1402 359 illius
1412 328 1541 359 absentis
1552 328 1728 369 dignitatem
1738 329 1894 360 vobiscum
1907 330 1966 360 una
1983 338 2090 360 tuerer.
2113 329 2174 360 feci

1212 371 1307 401 adhuc
1319 391 1327 404 ,
1347 381 1410 412 quae
1421 372 1518 411 potui,
1530 380 1627 411 neque
1637 369 1835 401 familiaritate
1845 370 2092 406 illiusaddqus,
2108 380 2166 402 nec

1214 413 1260 453 spe
1272 414 1413 446 honoris,
1431 421 1519 453 atque
1526 410 1714 451 ampliffitnae
1725 411 1876 454 dignitatis
1888 424 1893 442 z
1914 423 2003 455 quam
2022 423 2097 454 ege,
2121 410 2173 443 etfi

1215 455 1328 484 libente
1336 454 1392 484 illo
1403 474 1411 488 ‚
1432 463 1531 483 tamen
1549 454 1668 484 absente
1686 454 1740 483 illo
1758 464 1809 494 pei·
1828 464 1884 484 vos
1900 456 2076 485 consecutus
2090 455 2170 486 sum.

1215 495 1422 535 Qiumobrem
1431 505 1501 525 cum
1516 495 1684 535 intelligam
1695 515 1703 528 ‚
1723 496 1800 525 hanc
1808 504 1903 526 totam
1913 495 1975 526 fere
1985 497 2081 537 legem
2091 496 2127 527 ad
2137 495 2178 526 il-

1215 539 1273 567 lius
1285 547 1354 577 opes
1365 536 1547 570 evertendas,
1558 545 1698 577 tanquam
1709 538 1879 571 machinam,
1895 540 2058 578 comparari
2070 549 2075 568 :
2085 538 2119 568 &
2129 547 2177 568 re-

1217 578 1312 609 sistam
1322 577 1455 609 consiliis
1465 579 1641 612 hominum,
1654 579 1686 608 &
1696 578 1848 619 perficiam
1858 578 1995 620 profeEto
2006 600 2014 613 ‚
2027 580 2108 620 quod
2118 588 2175 621 ego

1218 621 1309 651 video
1319 621 1493 661 comparari,
1506 629 1537 649 ut
1548 620 1577 650 id
1588 630 1643 650 vos
1653 619 1783 650 universi
1794 631 1858 651 non
1868 620 1970 652 solum
1984 621 2086 651 videre
2095 642 2104 655 ‚
2122 631 2176 651 ve-

1218 673 1285 693 rum
1296 665 1386 693 etiam
1398 672 1496 692 tenere
1505 661 1631 702 poffitis.
1664 662 1755 704 Jubet
1763 664 1877 696 venire,
1889 673 1955 704 quae
1964 662 2174 697 Attalenfium‚
2200 678 2211 702 χ
2216 678 2242 711 9

1219 715 1285 746 qua:
1295 705 1474 735 Phaselitum
1490 723 1498 737 ,
1518 714 1583 744 qua:
1601 704 1844 744 Olympenorum
1861 704 1993 739 fuerint,
2013 715 2177 746 agrumque

1219 747 1411 788 Agerenscm‚
1426 746 1458 775 δε
1469 745 1659 779 Orindicum‚
1675 746 1706 776 &
1718 745 1921 777 Gedusanum.
1945 748 2008 777 haze
2018 750 2048 788 Pi
2059 747 2179 778 Servilii

1219 790 1347 828 imperio
1358 788 1390 818 ὃς
1402 799 1413 818 κ
1423 787 1528 817 istoria
1540 808 1548 820 ,
1568 785 1718 817 clarissimi
1728 789 1803 822 viri,
1823 787 1917 818 vestra
1926 788 2001 819 faSha
2010 789 2089 819 sunt.
2113 788 2177 819 Ad-

1215 830 1318 871 jungit
1331 840 1415 870 agros
1427 830 1573 868 Bithyniae
1585 829 1805 871 regios,quibus
1817 840 1899 860 nunc
1908 830 2061 870 publicani
2069 829 2178 861 fruun-

1221 881 1268 901 tur
1280 883 1284 901 :
1307 871 1416 901 deinde
1425 872 1568 901 Attalicos
1579 881 1663 912 agros
1674 873 1707 901 in
1723 872 1906 901 Cherroneso
1918 883 1922 901 :
1943 873 1975 901 in
1988 872 2177 906 Macedonia,

1219 915 1270 953 qui
1281 914 1356 954 regis
1367 913 1497 952 Philippi
1509 933 1517 946 ‚
1540 911 1598 943 five
1609 914 1699 943 Persae
1711 913 1832 943 fuerunt
1844 924 1849 942 ε
1873 915 1924 954 qui
1934 915 2007 944 itt-m
2018 912 2034 944 a
2045 914 2178 946 censori-

1219 955 1275 985 bus
1294 955 1383 985 locati
1402 955 1469 984 sunt
1481 974 1489 987 ‚
1512 955 1546 984 &
1565 954 1759 985 certiffimum
1776 954 1912 997 veffigal.
1936 955 2178 989 Adscribitidem

1217 996 1350 1026 auzffioni
1362 997 1536 1026 Corinthios
1545 1006 1638 1037 agros,
1651 999 1781 1037 opimos,
1794 996 1970 1031 &fertileis,
1983 998 2015 1027 δε
2025 1000 2179 1037 Cyrenen-

1218 1039 1273 1068 seis
1283 1058 1291 1072 ‚
1312 1040 1365 1079 qui
1386 1038 1534 1078 Appionis
1552 1041 1674 1068 fuerunt
1686 1050 1691 1068 2
1714 1039 1746 1068 &
1768 1048 1851 1081 agros
1862 1040 1893 1068 in
1906 1039 2049 1079 Hispania
2059 1049 2179 1080 propter

1219 1080 1432 1120 Karthaginem
1453 1090 1566 1110 novam
1579 1091 1584 1109 τ
1607 1081 1639 1110 &
1652 1082 1684 1110 in
1695 1079 1793 1110 Africa
1804 1081 1894 1120 ipsam
1904 1090 2037 1111 veterem
2051 1083 2178 1113 Kartha-

1216 1123 1321 1162 ginem
1340 1121 1462 1151 vendit:
1481 1132 1570 1162 quam
1593 1122 1734 1152 videlicet
1753 1125 1783 1152 P.
1796 1121 1952 1152 Africanus
1976 1132 2040 1152 non
2059 1132 2180 1164 propter

1219 1163 1398 1204 religionem
1414 1162 1530 1193 sedium
1540 1163 1659 1193 illarum
1672 1184 1680 1197 ,
1701 1173 1732 1193 ac
1744 1162 1895 1193 vetustatis
1906 1183 1914 1197 ‚
1936 1163 1972 1193 de
1983 1163 2100 1195 consilii
2110 1166 2178 1196 sen-

1218 1207 1321 1237 tentia,
1334 1205 1535 1238 consecravit,
1547 1205 1595 1234 sed
1608 1214 1639 1234 ut
1649 1206 1711 1245 ipse
1721 1205 1802 1235 locus
1812 1225 1820 1238 ,
1842 1215 1946 1234 eorum
1960 1225 1968 1239 ,
1981 1207 2110 1246 quicum
2124 1208 2178 1239 hac

1218 1246 1289 1276 urbe
1299 1246 1335 1276 de
1345 1247 1474 1286 imperio
1483 1255 1649 1280 certarunt,
1667 1244 1786 1287 vestigia
1808 1246 1980 1276 calamitatis
1998 1246 2176 1279 ostenderet.

1218 1288 1274 1318 Sed
1294 1298 1359 1318 non
1377 1287 1436 1317 fuit
1453 1297 1511 1318 tam
1528 1287 1673 1328 diligens,
1693 1298 1785 1328 quam
1796 1287 1838 1318 est
1849 1288 1959 1318 Rullus
1977 1299 1982 1317 :
2000 1298 2050 1319 aut
2059 1289 2178 1321 fortass'e

1217 1339 1366 1360 emtorem
1383 1331 1410 1359 ei
1431 1329 1501 1359 loco
1519 1332 1644 1370 reperire
1662 1340 1725 1359 non
1743 1331 1849 1370 potuit.
1891 1329 2007 1360 vei-tim
2025 1332 2103 1362 inter
2120 1333 2177 1363 hos

1216 1382 1300 1412 agros
1310 1373 1404 1413 regios
1415 1391 1423 1404 ,
1445 1379 1545 1411 captos
1563 1372 1714 1402 veteribus
1730 1371 1836 1405 bellis,
1857 1373 1967 1407 virtute
1985 1372 2178 1405 summorum

1218 1416 1451 1454 imperatorum,
1473 1413 1609 1454 adjungit
1625 1415 1723 1455 regios
1740 1423 1823 1454 agros
1840 1413 2023 1444 Mithridatis
2035 1435 2043 1449 ‚
2070 1417 2124 1456 qui
2143 1417 2178 1446 in

1218 1456 1416 1495 Paphlagonia
1426 1475 1435 1488 ‚
1445 1455 1497 1495 qui
1507 1457 1540 1484 in
1551 1458 1648 1485 Ponto
1661 1476 1670 1489 ‚
1687 1456 1740 1496 qui
1750 1457 1782 1484 in
1792 1454 1973 1495 Cappadocia
1981 1454 2104 1487 fuerunt
2114 1477 2123 1491 ‚
2144 1465 2180 1488 ut

1219 1507 1271 1528 eos
1281 1497 1444 1527 decemviri
1453 1496 1596 1527 vendant.
1621 1500 1702 1527 Itane
1711 1495 1783 1526 verb
1798 1499 1809 1526 ?
1819 1506 1885 1526 non
1896 1497 2011 1538 legibus
2021 1498 2180 1531 datis,non

1218 1538 1327 1569 auditis
1337 1537 1436 1568 verbis
1453 1539 1640 1578 imperatoris
1650 1558 1660 1573 ‚
1681 1538 1822 1568 nondum
1840 1538 1970 1579 denique
1981 1538 2063 1570 bello
2072 1540 2180 1571 confe-

1220 1580 1269 1612 Eto
1280 1601 1289 1615 ,
1299 1579 1371 1621 cum
1383 1589 1436 1610 tex
1448 1579 1637 1610 Mithridates
1655 1600 1663 1614 ,
1681 1578 1788 1610 amisso
1798 1581 1930 1610 exercitu
1940 1599 1949 1614 ‚
1970 1590 2061 1622 regno
2071 1582 2181 1622 expul-

1219 1623 1266 1653 sus
1275 1643 1284 1657 ‚
1306 1631 1409 1653 tamen
1429 1623 1462 1651 in
1483 1622 1599 1652 ultimis
1614 1624 1697 1653 terris
1708 1621 1820 1663 aliquid
1830 1623 1920 1652 etiam
1933 1631 2014 1652 nunc
2026 1623 2180 1658 moliatur,

1217 1673 1304 1705 atque
1315 1663 1350 1694 ab
1360 1663 1473 1693 invi&a
1482 1666 1537 1694 Cn.
1548 1665 1686 1704 Pompeii
1699 1673 1791 1693 manu
1804 1683 1812 1697 ,
1832 1663 1979 1693 Maeotide
1991 1683 2000 1697 ‚
2017 1664 2050 1694 &
2061 1665 2121 1695 illis
2129 1675 2182 1706 pa-

1219 1706 1340 1736 ludibus
1350 1725 1359 1738 ,
1381 1705 1568 1735 &itinerum
1578 1704 1720 1746 angustiis
1731 1725 1740 1739 ‚
1758 1714 1845 1746 atque
1855 1704 2010 1735 altitudine
2022 1708 2181 1738 montium

1219 1746 1413 1778 defendatur:
1434 1745 1504 1776 cum
1517 1748 1680 1787 imperator
1689 1749 1722 1776 in
1733 1747 1814 1777 bello
1822 1747 1954 1776 versetur
1969 1758 1974 1776 z
1995 1748 2028 1777 in
2038 1748 2114 1778 locis
2127 1757 2183 1778 au-

1219 1798 1281 1819 tem
1298 1789 1359 1818 illis
1380 1790 1470 1818 etiam
1494 1798 1575 1819 nunc
1589 1789 1661 1818 belli
1677 1798 1793 1818 nomen
1803 1788 1956 1829 reliquum
1968 1787 2019 1819 sit:
2038 1799 2090 1819 eos
2098 1798 2184 1831 agros

1219 1841 1351 1872 quorum
1370 1830 1466 1860 adhuc
1481 1840 1573 1870 penes
1595 1833 1653 1860 Cn.
1666 1830 1847 1870 Pompejum
1865 1840 1958 1860 omne
1972 1830 2126 1870 judicium
2147 1831 2182 1862 &

1220 1871 1346 1913 potestas
1362 1892 1371 1904 ,
1394 1882 1467 1901 more
1480 1873 1618 1911 majorum
1628 1892 1636 1906 ,
1658 1872 1745 1902 debet
1755 1871 1813 1901 effe
1825 1892 1833 1905 ‚
1854 1872 2019 1902 decemviri
2028 1873 2184 1904 vendent?

1225 1918 1261 1944 Et
1272 1935 1280 1947 ,
1297 1914 1384 1944 credo
1395 1934 1402 1947 ,
1424 1916 1454 1943 P.
1464 1915 1590 1943 Rullus:
1611 1915 1648 1953 (is
1658 1915 1743 1944 enim
1755 1912 1794 1944 fic
1805 1914 1831 1944 se
1841 1914 1934 1955 gerit,
1953 1923 1987 1945 ut
1996 1913 2119 1955 fibijam
2130 1914 2184 1945 de-

1221 1954 1511 1997 cemvirdesignatus
1525 1954 1582 1986 effe
1590 1955 1736 1996 videatur)
1751 1955 1787 1985 ad
1801 1965 1868 1985 eam
1886 1954 2059 1986 auEtionem
2068 1955 2184 1997 potiffi-

1223 2008 1310 2027 mum
1330 1996 1539 2037 proficiscetur.

1225 2049 1289 2069 tum
1301 2059 1309 2073 ,
1331 2040 1441 2069 litteras
1460 2038 1493 2069 ad
1513 2041 1566 2069 Cn.
1578 2040 1758 2079 Pompeium
1772 2040 1888 2069 mittet:
1908 2049 2034 2080 quarum
2051 2050 2106 2081 ego
2116 2041 2182 2081 jam

1226 2081 1402 2120 exemplum
1425 2081 1461 2110 ab
1483 2080 1546 2110 istis
1563 2079 1761 2121 compositum
1781 2079 1840 2110 effe
1867 2081 1993 2112 arbitror
2006 2092 2012 2111 z
2043 2085 2076 2113 P.
2107 2092 2183 2112 εει».-

1228 2133 1348 2152 νιωυε
1379 2132 1509 2152 RuLLUs
1519 2142 1527 2156 ‚
1557 2132 1730 2153 rumonus
1761 2132 1853 2152 PLEB.
1877 2132 2057 2154 nncnmvm
2070 2144 2078 2157 .
2103 2134 2126 2154 s.
2149 2134 2182 2154 n.

1228 2174 1281 2194 CN.
1298 2173 1442 2202 Pompa-10
1458 2184 1466 2196 ,
1490 2173 1542 2193 cN.
1563 2174 1593 2193 F.
1618 2167 1692 2194 Non
1702 2163 1790 2194 credo
1799 2164 2010 2204 adscripturum
2022 2164 2079 2195 effe
2090 2185 2099 2198 ‚
2109 2174 2184 2200 MA-

1227 2216 1303 2236 GNO.
1326 2215 1390 2235 non
1403 2208 1485 2235 enim
1497 2205 1615 2236 videtur
1628 2205 1669 2239 id,
1685 2205 1766 2246 quod
1778 2207 1962 2235 imminuere
1973 2207 2036 2247 lege
2046 2216 2182 2241 conatur,

1226 2246 1418 2277 conccffurus
1428 2247 1533 2277 verbo.
1555 2257 1597 2276 τε
1611 2257 1698 2276 vom
1715 2255 1872 2279 CURARE,
1897 2257 1942 2276 υτ
1961 2257 2046 2277 Mim
2065 2257 2184 2278 sinon

1228 2298 1363 2318 PRAESTO
1389 2298 1434 2317 sis
1445 2308 1454 2322 ‚
1480 2297 1736 2328 Auxnmith:
1762 2297 1916 2317 AnnucAs
1929 2308 1937 2322 ‚
1960 2299 2036 2319 DUM
2064 2299 2119 2319 Eos
2144 2299 2184 2319 A-

1229 2340 1310 2359 nnos
1321 2349 1329 2363 ,
1361 2338 1441 2367 Qios
1465 2339 1532 2359 Tuo
1563 2338 1696 2358 LAEORE
1723 2338 1852 2359 CEPISTI
1872 2349 1880 2363 ‚
1913 2334 1987 2360 Eoo
1998 2340 2071 2360 MEA
2096 2341 2185 2361 LEGE

1231 2380 1383 2401 VENDAM.
1407 2374 1455 2400 An
1465 2373 1645 2410 Pompejum
1659 2380 1722 2400 non
1731 2370 1885 2401 adhibebit
1895 2374 1906 2400 ?
1916 2373 1948 2401 in
1957 2373 2021 2412 ejus
2030 2375 2186 2412 provincia

1231 2413 1341 2442 vendet
1359 2412 1514 2442 manubias
1533 2413 1741 2452 imperatoris?
1766 2414 1870 2452 ponite
1886 2422 1955 2443 ante
1971 2416 2075 2444 oculos
2095 2415 2185 2445 vobis

1231 2455 1360 2484 Rullum
1371 2456 1402 2484 in
1414 2457 1522 2486 Ponto,
1536 2456 1613 2484 inter
1623 2453 1726 2487 vestra,
1740 2463 1826 2495 atque
1838 2454 1971 2485 hostium
1985 2455 2091 2490 castra,
2105 2455 2185 2487 hasta

1229 2494 1318 2535 posita
1329 2517 1336 2529 ‚
1348 2506 1417 2525 cum
1428 2496 1486 2525 suis
1500 2494 1657 2525 5f0rmosis
1668 2494 1840 2526 finitoribus
1853 2496 2094 2528 auitionantem.
2117 2500 2184 2529 Ne-

1229 2540 1328 2577 quein
1339 2539 1395 2567 hoc
1405 2537 1503 2567 solum
1518 2537 1594 2567 inest
1604 2537 1781 2571 contumelia,
1789 2548 1856 2578 quae
1865 2540 2101 2570 vehementer&
2112 2538 2184 2570 infi-

1230 2582 1296 2619 gnis
1308 2579 1348 2609 est
1359 2600 1367 2612 ,
1388 2580 1420 2608 &
1431 2589 1509 2609 nova
1521 2599 1529 2613 ,
1557 2589 1588 2609 ut
1597 2580 1656 2609 tilla
1665 2589 1709 2609 res
1719 2589 1798 2619 parta
1809 2580 1889 2610 bello
1898 2601 1906 2614 ‚
1920 2581 2058 2612 nondum
2068 2580 2185 2623 legibus

1231 2622 1305 2650 datis
1316 2641 1323 2654 ,
1343 2623 1434 2650 etiam
1455 2630 1518 2650 tum
1537 2623 1713 2661 imperatore
1726 2622 1840 2651 bellum
1851 2622 2078 2653 administrante
2089 2644 2098 2657 ,
2118 2632 2184 2654 non

1232 2662 1325 2692 modo
1335 2664 1481 2696 venierit,
1503 2673 1611 2693 verum
1622 2665 1712 2692 etiam
1727 2663 1820 2693 locata
1831 2662 1876 2694 fit.
1910 2665 1978 2695 Plus
1989 2664 2117 2705 speciant
2127 2666 2186 2695 ho-

1232 2705 1330 2734 mines
1339 2704 1416 2734 certe
1426 2725 1434 2737 ,
1454 2704 1544 2745 quam
1553 2704 1772 2734 contumeliam
1785 2715 1790 2734 z
1803 2705 1928 2745 sperant,
1940 2704 1959 2736 si
1969 2705 2140 2738 concessum
2149 2704 2184 2736 sit

1231 2747 1365 2776 inimicis
1376 2749 1430 2776 Cn.
1439 2748 1588 2786 Pompeii,
1597 2757 1667 2776 cum
1678 2747 1819 2786 imperio,
1834 2757 1903 2777 cum
1915 2747 2030 2787 judicio
2041 2749 2185 2778 omnium

1231 2798 1329 2817 rerum
1341 2808 1348 2822 ,
1359 2798 1428 2818 cum
1441 2788 1557 2817 infinita
1565 2787 1706 2827 potestate
1717 2808 1724 2822 ‚
1738 2799 1809 2818 cum
1821 2790 2035 2819 innumerabili
2045 2789 2182 2829 pecunia,

1233 2840 1295 2859 non
1306 2829 1406 2860 solum
1415 2830 1481 2860 aliis
1493 2831 1526 2859 in
1537 2830 1611 2859 locis
1620 2831 1728 2871 vagari,
1739 2829 1846 2860 verum
1856 2832 1946 2860 etiam
1954 2830 1988 2860 ad
1999 2829 2087 2870 ipsius
2097 2840 2185 2860 exer·

2085 2880 2184 2902 citum

1230 2934 1336 2960 cuculus
1348 2934 1446 2970 semper
1457 2933 1571 2960 inculcat
1581 2933 1653 2959 stium
1665 2936 1767 2966 reficere.

1265 2977 1292 3001 4.
1312 2969 1656 3003 eAserbampra-dicatianem]
1705 2968 1790 2994 uidam
1804 2967 1881 2994 codd.
1892 2971 2049 2994 reciraiioncm
2058 2980 2067 3001 ‚-
2085 2976 2114 2996 ut
2124 2978 2184 2995 mo-

1230 3013 1274 3031 uet
1286 3005 1540 3042 Lauredaniis,qtiod
1550 3013 1636 3031 tamen
1649 3006 1714 3030 Lam
1735 3005 1792 3030 inus
1803 3004 1943 3040 improbat.
1955 3005 2021 3031 male
2034 3014 2041 3035 3
2054 3014 2114 3032 cum
2126 3014 2185 3032 ver·

1228 3041 1253 3067 su
1265 3041 1399 3077 superiori:
1409 3042 1509 3068 dixerit
1521 3061 1529 3073 ,
1543 3044 1627 3067 recita.
1648 3048 1758 3076 utraque
1771 3040 1851 3067 letffio
1862 3039 1943 3067 reffla.
1961 3045 2095 3067 Puteanus.

1269 3087 1293 3111 5.
1314 3081 1421 3112 fbrmofis
1433 3078 1597 3112 finiioribm.]
1618 3077 1680 3103 Non
1697 3076 1770 3103 τεξὶὲ
1783 3078 1897 3103 Fae'riius
1909 3095 1917 3107 ,
1929 3078 2035 3111 famosis.
2056 3081 2091 3104 ita
2109 3076 2183 3114 supr}

1228 3112 1272 3139 dix
1279 3114 1298 3139 it
1309 3123 1398 3149 cup.i7
1405 3135 1410 3140 .
1421 3124 1471 3140 cum
1480 3116 1519 3139 ill:
1530 3115 1882 3146 dele-vafinitornmjnvcmute.
1892 3122 1945 3148 quo
1954 3111 2095 3146 alludat,&
2105 3121 2181 3149 quam

1231 3150 1359 3177 maculam
1370 3150 1455 3177 Rullo
1465 3149 1611 3187 adspergat,
1621 3148 1707 3185 palam
1718 3149 1763 3176 est.
1783 3150 1930 3175 Guliclmim.
2136 3184 2168 3209 m

2095 3193 2118 3211 1.
2170 3188 2181 3208 G

1588 2000 1615 2027 Is
1625 1997 1768 2027 videlicet
1776 1996 1934 2038 antequam
1945 2000 2046 2029 veniat
2058 2000 2092 2029 in
2101 2001 2182 2029 Pon-
2202 2009 2250 2036 20

2274 3041 2286 3053 ae
