2295 3400
154 966 197 990 10

204 127 308 185 -406
610 121 1117 173 Μ.Τυιι,ιι

208 209 398 242 domiciliis.
420 206 601 249 aiqueteffis
612 227 621 243 ,
641 208 688 239 sed
707 209 797 239 ctiam
816 207 927 239 deorum
937 207 1058 249 templis,
1077 214 1164 247 atque

213 251 345 282 delubris
365 252 432 281 sunt
447 249 583 280 funestos
607 259 638 280 ac
660 249 790 281 nefarios
805 252 900 291 igneis
920 248 1028 279 inferi-e
1045 250 1158 279 conati:

234 293 319 323 uibus
331 302 385 332 ego
406 290 425 320 fi
440 301 489 321 me
500 290 633 322 restitisse
652 292 749 322 dicam
761 311 768 325 ,
788 289 923 322 nimium
937 291 1013 320 mihi
1025 290 1140 321 sumam
1153 309 1162 323 ‚

210 304 246 365 2:
259 344 321 364 non
330 333 383 363 sim
394 332 545 363 ferendus.
570 333 620 363 ille
632 354 639 366 ,
651 334 702 363 ille
710 335 825 375 Jupiter
834 332 957 363 restitit:
980 332 1031 362 ille
1042 334 1164 372 Capito-

210 377 287 405 lium
303 395 311 408 .
332 376 382 404 ille
394 376 457 404 haec
472 374 601 415 templa,
623 376 674 405 ille
684 376 759 406 hanc
771 375 874 405 urbem
886 395 894 408 ,
920 375 971 404 ille
992 384 1047 404 vos
1064 374 1161 403 omneis

205 417 300 457 [ἔκυσε
309 416 357 453 esse
367 416 471 445 voluit.
487 416 544 446 diis
556 427 612 457 ego
622 417 844 447 immortalibus
856 416 981 447 ducibus
992 417 1066 446 hanc
1076 426 1163 445 men-

210 468 272 489 tem
284 478 292 491 ,
313 460 443 499 Qritcs
456 478 463 490 .
485 458 732 499 voluntatemque
742 459 851 499 suscepi
865 479 873 491 ,
887 468 971 499 atque
982 457 1016 487 ad
1027 459 1089 488 liaec
1100 467 1164 487 tan-

213 500 362 530 taindicia
374 502 510 540 perveni.
531 501 598 541 Jam
610 499 742 530 verbifla
753 501 877 531 Allobro
900 511 953 530 uni
972 500 1144 530 sollicitatio
1156 519 1163 531 ,

212 540 275 571 sica
295 542 428 571 Lentulo
439 561 447 575 ,
465 543 625 583 ceterisque
639 542 813 573 domesticis
831 511 966 573 hollibus
978 561 986 575 ,
1006 551 1083 571 tanta
1103 550 1146 571 res
1160 559 1168 573 ‚

213 591 273 612 tam
284 583 422 613 dementer
432 583 537 612 credita
550 585 581 614 δε
593 586 703 625 ignotis
715 604 723 618 ‚
737 584 903 614 &barbaris
915 604 923 616 .
942 581 1168 622 comniiss'aeque

212 624 319 655 littcrae
337 635 505 665 numquam
528 625 621 656 ess'ent
641 625 777 666 profecto
790 646 798 660 ,
819 624 873 655 nisi
894 626 909 656 22
933 625 990 655 diis
1009 627 1169 655 immorta-

212 666 293 695 libus
313 667 383 696 huic
402 676 488 697 tanta:
507 667 632 697 audaci-‚e
645 666 805 698 confilium
828 666 900 697 css'et
918 676 1064 707 ereptum.
1088 664 1168 706 Qid

213 706 285 737 vero
298 711 307 737 ?
330 718 361 738 ut
370 709 512 738 homines
524 710 603 740 Galli
614 719 652 740 ex
661 712 780 739 civitate
797 709 874 739 male
885 718 981 749 pacata
993 729 1001 741 ‚
1023 718 1087 749 quae
1097 716 1168 748 gens

214 759 273 779 una
284 749 384 784 restat,
403 760 468 791 quae
479 752 593 791 populo
603 753 641 782 R.
653 751 768 781 bellum
782 750 874 781 facere
892 749 1014 790 &poss'e
1026 770 1033 782 ‚
1056 750 1088 779 ὃε
1108 758 1171 778 non

214 791 298 821 nolle
319 792 474 826 videatur,
494 793 575 832 spem
591 795 731 833 imperii,
757 793 789 822 δε
807 802 907 822 rerum
926 790 1171 832 ampliffimarum

214 832 296 863 ultro
308 832 362 863 sibi
381 833 535 874 {patriciis
554 835 734 865 hominibus
752 835 881 865 oblatam
898 834 1098 875 negligerent,
1120 842 1172 861 ve-

215 873 365 916 stramque
373 876 496 906 salutem
508 876 567 906 suis
577 877 684 916 opibus
699 885 915 916 anteponerent
928 886 932 904 :
944 875 974 905 id
985 874 1173 905 nonne-divi-

217 916 414 956 munufactum
424 916 482 948 esse
491 920 600 958 putatis
614 918 793 958 2praesertim
802 920 853 958 qui
862 927 918 947 nos
928 927 991 947 non
1000 915 1171 957 pugnando,

215 958 265 989 sed
276 959 400 989 tacendo
410 960 542 999 superare
550 959 1175 1031 potuerunt?Quamobrem,&finemquo-

215 998 301 1030 niam
311 1000 345 1030 ad
355 1003 458 1031 omnia
468 1002 634 1040 pulvinaria
643 1001 820 1041 supplicatio
828 1001 942 1031 decreta
951 1011 966 1030 e
995 999 1170 1034 ,celebrato-

216 1042 324 1072 teillos
334 1042 397 1072 dies
413 1053 483 1073 cum
495 1043 674 1083 conjugibus
692 1053 723 1074 ac
732 1043 835 1073 liberis
845 1042 959 1072 vestris,
994 1044 1075 1072 Nam
1085 1041 1175 1070 multi

216 1083 292 1123 saepe
302 1085 433 1114 honores
441 1084 499 1113 diis
510 1084 811 1125 immortalibusjusti
822 1084 913 1114 habiri
926 1084 992 1114 sunt
1004 1104 1011 1116 ,
1025 1093 1056 1113 ac
1068 1083 1173 1116 debiti,

216 1125 266 1156 sed
277 1124 413 1165 profetica
421 1124 559 1164 justiores
576 1135 752 1167 numquam.
772 1128 862 1166 erepti
873 1128 956 1155 enim
967 1136 1004 1155 ex
1012 1122 1174 1155 crudelissi-

216 1176 271 1196 mo
280 1186 288 1200 ‚
300 1176 332 1196 ac
342 1167 513 1197 miserrimo
525 1169 658 1202 interitu,
676 1169 709 1198 &
719 1168 867 1210 ereprifine
877 1170 950 1200 etde,
962 1166 1022 1197 sinc
1032 1167 1174 1208 sanguine

216 1207 278 1238 sine
285 1210 428 1241 exercitu,
439 1206 499 1238 sine
508 1208 716 1244 dimicatione,
726 1213 828 1250 togati,
840 1219 887 1238 me
899 1219 962 1239 uno
974 1217 1074 1249 togato
1084 1208 1170 1241 duce,

216 1249 251 1280 &
264 1251 441 1290 imperatore
450 1270 458 1284 ,
471 1250 598 1281 vicistis.
628 1254 750 1282 Etenim
760 1250 970 1284 recordamini,
982 1252 1125 1291 Qirites,
1137 1259 1173 1279 o-

216 1292 317 1321 mneis
326 1292 444 1322 civileis
455 1291 647 1323 distensiones
659 1313 666 1327 ,
679 1303 775 1334 neque
786 1291 885 1323 solum
897 1302 1030 1332 eas,quas
1039 1290 1174 1325 audistis,

215 1333 264 1363 sed
276 1333 310 1363 δε
322 1334 456 1374 haS,quas
468 1333 637 1374 vosmetipsi
650 1334 844 1367 meministis,
856 1334 888 1363 &
898 1334 1013 1364 vidistis
1025 1344 1031 1363 z
1046 1335 1082 1363 L.
1093 1333 1175 1363 Sulla

214 1375 416 1414 P-Sulpicium
427 1374 579 1416 oppreffit:
597 1386 635 1406 ex
646 1377 717 1407 urbe
728 1378 813 1416 ejecit
825 1378 849 1405 C
857 1374 1174 1409 .Marium,custodem

216 1417 307 1456 hujus
317 1416 399 1446 urbis
412 1427 416 1445 :
437 1418 608 1458 multosque
616 1417 719 1448 forteis
737 1419 817 1448 viros
826 1419 934 1457 partim
953 1418 1042 1451 eiecit
1049 1427 1088 1447 ex
1098 1419 1175 1447 civi-

217 1466 275 1488 tate
285 1477 294 1492 ,
306 1460 414 1498 partim
426 1461 588 1490 interemit.
620 1462 676 1490 Cn.
688 1459 828 1490 Offtavius
840 1479 848 1493 ,
870 1461 937 1489 Cos.
951 1461 1043 1489 armis
1054 1468 1092 1488 cx
1103 1459 1174 1488 urbe

218 1499 364 1542 collegam
375 1500 462 1530 suum
472 1501 597 1541 expulit.
616 1504 718 1532 omnis
730 1503 777 1532 hic
786 1502 870 1531 locus
879 1501 989 1530 acervis
998 1510 1172 1540 corporum,

217 1541 252 1571 δε
261 1543 376 1571 civium
389 1542 530 1583 sanguine
540 1542 887 1583 redundavitsiipei-avit
895 1541 1094 1581 posteaCinna
1102 1551 1173 1572 cum

220 1584 412 1619 Mariojtum
425 1582 673 1617 vero2clziriffimis
683 1587 755 1614 viris
764 1583 1053 1618 interfefflsAumina
1066 1583 1173 1613 civita-

218 1626 252 1654 tis
269 1623 416 1654 exstruet-a
433 1625 509 1656 sunt.
542 1627 631 1656 Ultus
648 1625 690 1656 est
707 1627 796 1665 hujus
816 1625 951 1656 vietoriae
967 1625 1173 1657 crudelitatem

219 1665 321 1707 postea
332 1667 422 1696 Sulla.
446 1676 484 1696 ne
494 1667 553 1697 dici
564 1667 687 1708 quidem
699 1677 778 1708 opus
787 1667 952 1709 est,quanta
961 1667 1173 1697 deminutione

217 1709 333 1738 civium
345 1728 354 1740 ‚
374 1707 407 1737 δε
420 1717 526 1748 quanta
536 1711 700 1740 calamitate
711 1710 838 1749 reipubl.
862 1707 1016 1739 Disssenfit
1025 1711 1072 1738 M.
1083 1710 1174 1748 Lepi-

218 1749 275 1780 dus
287 1748 471 1780 iiclariffimo
482 1770 490 1783 ‚
508 1751 541 1780 δε
552 1749 711 1781 fortiffimo
722 1754 788 1782 viro
805 1752 971 1791 Qssatulo.
1003 1751 1101 1781 attulit
1110 1759 1175 1780 non

219 1800 281 1821 tam
299 1790 387 1831 ipsius
399 1793 536 1821 interitus
545 1794 619 1832 reip.
632 1792 747 1823 luEtum
759 1812 767 1826 ,
778 1794 870 1833 quam
882 1802 1062 1823 ceterorum.
1096 1796 1106 1811 ¹
1118 1795 1172 1822 At·

220 1843 280 1874 que
292 1833 352 1862 illae
363 1831 555 1863 dissensiones
566 1843 647 1864 erant
656 1834 831 1874 hujusmodi
843 1854 851 1868 ,
872 1836 1003 1873 Qirites
1013 1854 1021 1867 ‚
1034 1843 1099 1874 quae
1108 1843 1174 1863 non

220 1874 256 1904 ad
271 1873 428 1904 delendam
440 1893 449 1906 ‚
465 1875 513 1904 sed
526 1874 562 1904 ad
573 1876 820 1907 commutandam
830 1876 968 1916 rempub.
979 1883 1171 1915 pertinerent.

219 1926 284 1946 non
303 1916 350 1944 illi
361 1916 466 1945 nullam
476 1916 523 1954 cffi’
531 1925 613 1958 remp.
628 1917 719 1948 sedin
730 1928 763 1948 ea
775 1938 784 1951 ,
805 1928 870 1958 quae
880 1915 948 1947 esl‘et
958 1938 967 1950 ,
987 1917 1014 1947 se
1025 1915 1081 1946 effe
1091 1918 1174 1957 prin-

218 1959 301 1997 cipes
315 1968 319 1986 :
343 1967 440 1998 neque
460 1959 537 1988 hanc
553 1960 659 1989 urbem
676 1958 853 2000 conflagrare
865 1979 873 1993 ‚
898 1959 947 1989 sed
958 1959 986 1989 se
998 1960 1030 1988 in
1039 1960 1093 1988 hac
1103 1958 1175 1989 urbe

220 1998 327 2029 florere
338 2001 510 2030 voluerunt.
532 2003 631 2042 Atque
641 2001 701 2031 illae
723 2009 823 2032 tamen
839 2010 947 2031 omnes
967 1998 1171 2033 dissensiones,

222 2049 351 2081 quarum
367 2041 450 2073 nulla
464 2043 594 2072 exitium
612 2043 741 2083 reipubl.
765 2041 899 2083 quaesivit
914 2062 922 2075 ‚
944 2041 1094 2081 ejusmodi
1107 2041 1176 2071 fue·

218 2091 289 2113 runt
299 2101 308 2115 .
328 2091 361 2112 ut
380 2092 444 2113 non
453 2084 699 2115 reconciliatione
707 2084 875 2115 concordiae
888 2104 897 2117 .
912 2084 961 2114 sed
971 2085 1174 2114 internicione

217 2125 335 2154 civium
348 2123 514 2163 dijudicatae
526 2124 591 2156 sint.
623 2129 660 2156 In
669 2127 727 2156 hoc
740 2135 840 2156 autem
851 2136 913 2155 uno
927 2124 993 2165 post
1006 2126 1171 2155 hominum

218 2166 402 2195 memoriam
422 2169 557 2201 maximo
568 2187 576 2200 ,
603 2166 868 2207 crudelissimoque
882 2167 963 2197 bello
974 2187 982 2201 ,
1003 2167 1089 2207 quale
1110 2167 1174 2197 bel·

217 2206 285 2236 lum
301 2207 383 2236 nulla
401 2217 544 2248 umquam
556 2207 686 2238 barbaria
702 2218 772 2239 cum
788 2209 836 2238 sua
850 2217 937 2249 gente
947 2207 1028 2248 geffit
1040 2219 1049 2237 τ
1066 2218 1127 2249 quo
1141 2210 1174 2239 in

218 2248 300 2278 bello
314 2249 365 2278 lex
375 2249 437 2279 liaec
453 2250 676 2281 luitaLentulo
689 2270 699 2283 ‚
721 2249 866 2283 Catilina,
883 2248 975 2279 Caffio
992 2270 1000 2284 ,
1025 2251 1175 2290 Cethego,

219 2288 398 2323 constituta,
417 2299 565 2322 titomnes
579 2311 588 2326 ,
606 2292 745 2333 quisalva
755 2291 828 2321 urbe
840 2291 911 2321 salvi
922 2290 978 2320 ess'e
986 2290 1120 2331 possent,
1140 2294 1173 2322 in

220 2330 356 2361 hostium
373 2341 502 2361 numero
518 2333 711 2364 ducerentur:
733 2335 774 2363 ita
795 2342 845 2362 me
863 2331 932 2374 gess'i
942 2352 950 2366 ,
972 2334 1102 2373 Qrites
1112 2352 1120 2365 ‚
1142 2341 1175 2363 ut

218 2382 328 2402 omnes
338 2373 409 2404 salvi
421 2375 674 2404 conservaremini
685 2385 691 2404 2
702 2375 755 2415 &3
767 2373 838 2404 curn
849 2373 948 2404 hostes
961 2375 1050 2404 vestii
1061 2382 1175 2404 tantum

215 2416 333 2446 civium
342 2415 562 2456 superfuturum
571 2415 718 2457 putaffent
730 2436 739 2451 ,
751 2424 896 2457 quantum
906 2414 1033 2446 infinitae
1045 2414 1119 2446 caedi
1130 2425 1177 2445 re-

233 2599 235 2602 .
259 2591 282 2608 i.
301 2587 390 2617 tAtqm
399 2586 439 2610 illc
449 2586 589 2618 diff-nfiones
599 2594 668 2612 erant
679 2587 816 2620 higjusmodi,
827 2586 894 2621 dna]
915 2584 1007 2612 Editio
1019 2591 1105 2616 vetus,
1115 2589 1177 2613 ςΛι-

1198 123 1743 171 Cicznonis

1212 204 1343 239 stitisset:
1366 214 1482 239 tantum
1499 215 1600 239 autem
1612 205 1694 238 urbis
1705 226 1713 242 ,
1725 211 1870 249 quantum
1881 200 2003 236 flamma
2012 201 2096 236 obli-e
2107 213 2172 237 non

1214 247 1359 291 potuisset
1372 259 1378 279 z
1393 248 1426 278 &
1435 248 1539 280 urbem
1548 269 1556 285 ‚
1571 249 1603 280 δε
1613 250 1705 279 civeis
1714 251 1857 290 integros,
1869 246 2105 288 incolumeisque
2116 247 2175 277 ser-

1215 292 1294 321 vavi.
1337 290 1454 330 Qiibus
1471 300 1526 331 pro
1546 292 1631 321 tantis
1650 290 1738 321 rebus
1751 310 1759 325 ,
1779 291 1930 331 Qiirites,
1949 288 2070 319 nullum
2084 297 2140 328 ego
2158 287 2175 318 *a

1218 332 1306 362 vobis
1317 334 1476 372 praemium
1492 332 1747 366 virtutis,nullum
1758 331 1871 371 insigne
1882 331 2018 363 honoris,
2030 333 2044 350 ²
2055 331 2175 359 nullum

1216 383 1454 404 monumentum
1465 374 1561 405 laudis
1569 373 1700 414 postulo,
1710 382 1903 414 praeterquam
1916 372 1998 410 hujus
2007 371 2062 401 αἰεί
2072 381 2176 400 memo·

1215 416 1289 445 riam
1307 416 1530 455 sempiternam.
1554 418 1587 445 in
1606 417 1717 444 animis
1728 425 1783 456 ego
1804 413 1909 444 vestris
1925 411 2058 444 omneis'
2067 415 2175 442 trium-

1214 458 1290 498 phos
1300 466 1385 487 meos
1398 476 1407 490 ,
1430 459 1536 487 omnia
1558 465 1735 487 ornamenta
1745 457 1869 485 honoris
1881 475 1889 489 ,
1901 463 2102 485 monumenta
2110 454 2177 496 glo—

1218 501 1268 529 riae
1280 519 1287 532 ‚
1310 497 1406 528 laudis
1426 497 1552 540 insignia
1564 519 1572 532 ‚
1584 497 1694 531 condi,
1719 498 1753 528 &
1768 497 1910 527 collocari
1921 497 2006 526 volo.
2029 497 2107 525 nihil
2126 505 2177 525 me

1219 550 1340 571 mutum
1350 539 1446 579 potest
1456 539 1602 570 delectare
1613 559 1621 573 ‚
1647 540 1726 569 nihil
1737 540 1859 570 tacitum
1871 558 1878 572 ,
1892 539 1970 567 nihil
1981 536 2178 578 denique'hu-

1215 581 1350 622 jusmodi
1363 601 1371 614 ‚
1382 581 1463 622 quod
1474 583 1563 612 etiam
1575 580 1681 611 minus
1691 581 1776 622 digni
1786 579 1898 621 assequi
1906 577 2027 619 poffmt·
2053 580 2177 609 Memo-

1217 625 1259 654 ria
1275 622 1369 654 vestra
1381 643 1389 656 ‚
1405 624 1538 663 Qirites
1551 644 1559 656 ,
1574 621 1683 653 nostrae
1701 632 1746 652 res
1764 623 1898 654 alentur.
1919 620 2108 651 sermonibus
2117 630 2179 651 cre·-

1220 665 1300 696 scent
1314 685 1322 698 ,
1344 664 1509 695 litterarum
1519 666 1732 695 monumentis
1750 663 1971 703 inveterascent,
1989 663 2021 693 &
2032 662 2175 693 corrobo-

1221 706 1363 736 rabuntur
1375 717 1380 735 :
1404 710 1416 734 3
1427 707 1613 749 eandemque
1628 705 1711 736 diem
1722 706 1860 746 intelligo
1873 725 1881 739 ‚
1894 713 1984 745 quam
1998 705 2082 744 spero
2092 712 2177 734 aeter-

1223 758 1294 779 nam
1304 748 1368 778 fore
1379 767 1389 782 ,
1408 748 1440 778 δε
1449 748 1484 778 ad
1495 749 1620 779 salutem
1636 748 1718 778 urbis
1729 767 1738 781 ,
1755 747 1789 778 &
1797 749 1833 778 ad
1845 748 2026 776 memoriam
2041 746 2179 776 consula-

1223 799 1270 820 tus
1279 791 1359 824 mei,
1376 799 1565 832 propagatam
1578 801 1584 820 z
1608 800 1729 831 unoque
1739 799 1873 829 tempore
1882 790 1914 818 in
1925 788 1976 818 hac
1986 787 2090 828 repub.
2102 787 2179 817 duos

1222 833 1318 862 civeis
1329 830 1489 866 exstitisse,
1507 842 1640 873 quorum
1657 833 1728 863 alter
1746 829 1834 860 fineis
1853 829 1943 860 vestri
1953 830 2093 870 imperii,
2113 839 2178 859 non

1223 882 1324 907 terrae,
1344 873 1393 903 sed
1404 874 1468 904 caeli
1479 874 1652 915 regionibus
1663 875 1848 903 terminaret:
1871 872 1943 902 alter
1961 871 2097 911 ejusdem
2118 872 2178 900 im·-

1222 917 1298 955 perii
1308 914 1521 949 domicilium,
1541 916 1701 956 sedemque
1709 915 1842 946 servaret.
1865 913 1941 947 Sed,
1965 914 2111 954 quoniam
2130 923 2177 943 ea-

1224 966 1293 986 rum
1302 966 1402 986 rerum
1415 976 1424 991 ,
1445 967 1515 998 quas
1535 968 1590 999 ego
1606 956 1677 999 gessi
1688 976 1697 990 ,
1724 955 1840 987 nonest
1853 955 1957 986 eadem
1974 960 2111 989 tortum,
2135 962 2178 985 at-

1223 1008 1282 1039 que
1298 998 1435 1029 conditio
1446 1019 1455 1033 ,
1475 1009 1541 1040 quae
1560 1000 1702 1033 illorum,
1725 1000 1778 1040 qui
1787 1006 1908 1028 eXterna
1923 996 1999 1026 bella
2007 994 2174 1038 gesserunt:

1222 1038 1305 1081 quod
1318 1041 1396 1070 mihi
1406 1040 1562 1070 vivendum
1572 1040 1606 1072 sit
1616 1051 1688 1071 cum
1707 1041 1770 1070 illis
1782 1060 1791 1073 ,
1813 1048 1890 1081 quos
1907 1039 1987 1072 vici,
2005 1048 2038 1069 ac
2058 1038 2176 1080 subegi:

1223 1081 1272 1112 isti
1285 1081 1397 1112 hosteis
1405 1091 1454 1113 aut
1468 1082 1642 1114 inrerfeEffis
1657 1103 1666 1117 ‚
1684 1091 1733 1113 aut
1744 1079 1894 1121 oppressos
1904 1081 2105 1121 reliquerunt:
2125 1090 2179 1110 ve-

1225 1123 1319 1154 strum
1330 1123 1372 1154 est
1383 1144 1392 1158 ,
1413 1126 1545 1164 Qirites
1555 1144 1564 1159 ,
1585 1124 1606 1154 fi
1621 1127 1724 1155 ceteris
1735 1123 1815 1154 resta
1825 1124 1874 1154 sua
1882 1120 1959 1152 faeta
1966 1122 2108 1162 prosunt,
2118 1123 2180 1151 mi-

1224 1166 1256 1195 hi
1276 1175 1344 1196 mea
1360 1166 1502 1207 nequando
1518 1165 1624 1207 obsint,
1646 1165 1815 1206 providere.
1839 1172 1957 1194 mentes
1974 1165 2057 1193 enim
2075 1164 2179 1193 homi-

1224 1217 1301 1237 num
1309 1205 1575 1238 audacissimorum
1584 1208 1728 1238 sceleratae
1738 1227 1746 1240 .
1765 1217 1799 1237 ac
1807 1206 1926 1236 nefariae
1935 1214 1974 1234 nc
1986 1203 2076 1234 vobis
2085 1214 2183 1235 noce·

1223 1259 1254 1279 re
1273 1247 1409 1290 possent,
1431 1259 1486 1289 ego
1504 1249 1641 1290 providi:
1659 1259 1698 1278 ne
1716 1248 1795 1278 mihi
1814 1255 1963 1279 noceant,
1984 1245 2117 1277 vestrum
2137 1245 2180 1278 est

1222 1291 1394 1332 providere.
1420 1301 1621 1332 quamquam,
1641 1292 1794 1332 Qirites,
1814 1290 1892 1319 milii
1902 1287 2026 1329 quidem
2038 1287 2090 1328 ipfi
2100 1289 2179 1318 nihil

1221 1334 1284 1373 jam
1303 1333 1339 1363 ab
1356 1332 1419 1363 istis
1440 1335 1542 1363 noceri
1559 1331 1665 1373 potest.
1687 1337 1861 1373 4magnum
1882 1332 1966 1360 enim
1983 1329 2026 1359 est
2047 1329 2180 1360 inbonis

1224 1373 1392 1415 praesidium
1403 1394 1411 1408 ,
1439 1374 1523 1415 quod
1544 1376 1624 1404 milii
1645 1376 1679 1404 in
1695 1382 1876 1414 perpetuum
1893 1380 2098 1412 comparatum
2116 1371 2178 1402 est:

1225 1427 1331 1457 magna
1340 1417 1373 1446 in
1381 1416 1482 1456 repub.
1494 1416 1621 1456 dignitas
1632 1435 1641 1450 ,
1661 1426 1729 1457 quae
1751 1425 1801 1444 me
1810 1415 1927 1454 semper
1936 1415 2022 1443 tacita
2030 1412 2181 1444 defendet:

1225 1468 1331 1500 magna
1340 1459 1387 1487 vis
1397 1457 1439 1488 est
1457 1459 1641 1498 conscienxia,
1660 1467 1749 1498 quam
1767 1458 1819 1498 qui
1838 1457 2009 1496 negligent,
2036 1454 2108 1485 cum
2127 1464 2179 1486 me

1220 1502 1336 1532 ,violare
1347 1500 1452 1529 volent
1460 1519 1469 1533 ‚
1482 1500 1510 1530 se
1518 1498 1763 1540 ipsiindicabunt.
1775 1497 1826 1529 Est
1835 1500 1925 1528 etiam
1936 1506 1969 1526 in
1978 1496 2069 1526 nobis
2078 1498 2103 1526 is
2113 1498 2180 1528 ani-

1225 1551 1293 1572 mus
1305 1562 1313 1576 ,
1338 1542 1489 1580 Quirites,
1514 1550 1620 1571 utnon
1630 1540 1726 1570 modo
1750 1540 1864 1570 nullius
1874 1538 2002 1569 audaciae
2020 1538 2159 1569 cedamus
2170 1557 2181 1572 .

1225 1583 1274 1614 sed
1286 1592 1375 1614 etiam
1387 1584 1507 1613 omneis
1516 1583 1673 1623 improbos
1684 1581 1764 1612 ultro
1777 1582 1893 1621 semper
1902 1578 2180 1622 lacessamus.de

1224 1623 1245 1655 fi
1258 1634 1367 1655 omnes
1376 1625 1496 1665 impetus
1510 1624 1746 1655 domesticorum
1756 1622 1890 1653 hostium
1911 1621 2025 1660 depulsi
2034 1621 2050 1652 a
2071 1625 2159 1652 vobis
2169 1641 2181 1656 .

1223 1667 1254 1697 se
1270 1668 1303 1697 in
1320 1676 1369 1696 me
1389 1676 1486 1696 unum
1505 1668 1727 1696 converterint:
1756 1664 1844 1694 vobis
1864 1665 1918 1693 erit
1934 1663 2157 1702 providendum
2170 1684 2181 1698 ‚

1225 1710 1376 1751 Qirites,
1400 1717 1458 1748 qua
1474 1707 1651 1738 conditione
1668 1705 1791 1747 posthac
1808 1714 1859 1736 eos
1877 1703 1936 1734 effe
1946 1704 2066 1738 velitis,
2083 1706 2137 1745 qui
2154 1705 2185 1735 se

1218 1749 1369 1792 profizlute
1379 1747 1469 1784 vestra
1479 1748 1644 1779 obtulerint
1656 1747 1779 1778 invidiae
1792 1768 1800 1782 ‚
1818 1746 2016 1787 periculisque
2026 1745 2184 1776 omnibus.

1223 1793 1304 1822 Mihi
1315 1790 1439 1832 quidem
1453 1788 1505 1830 ipfi
1515 1790 1588 1831 quid
1597 1789 1638 1820 est
1650 1809 1659 1824 ,
1686 1790 1768 1831 quod
1777 1790 1839 1829 jam
1849 1788 1885 1819 ad
1904 1786 2104 1824 vitaefrustum
2115 1788 2186 1828 pos-

1225 1832 1260 1864 sit
1270 1833 1381 1874 acquiri
1394 1851 1402 1866 ,
1420 1832 1581 1871 praesertim
1591 1830 1663 1862 cum
1675 1842 1772 1873 neque
1783 1833 1816 1861 in
1828 1832 1944 1861 honore
1954 1828 2053 1860 vestro
2065 1850 2074 1863 ,
2085 1840 2186 1871 neque

1224 1877 1257 1906 in
1267 1875 1361 1917 gloria
1370 1875 1488 1904 virtutis
1502 1893 1510 1907 ,
1533 1873 1698 1915 quidquam
1716 1873 1834 1904 videam
1847 1873 1935 1902 altius
1945 1891 1954 1905 ,
1972 1870 2034 1912 quo
2055 1872 2183 1913 quidem

1223 1918 1302 1948 mihi
1316 1917 1406 1946 libeat
1415 1916 1614 1946 adscendere?
1632 1914 1711 1945 Illud
1724 1913 1877 1955 perficiam
1890 1911 2029 1954 profecto
2041 1933 2050 1947 ‚
2079 1915 2183 1956 Qiri-

1223 1968 1265 1989 tes
1276 1978 1284 1993 ‚
1305 1967 1337 1988 ut
1346 1968 1397 1992 ea,
1419 1967 1485 1998 quae
1495 1955 1565 1998 geffi
1580 1959 1613 1987 in
1630 1958 1783 1987 consulatu
1794 1977 1803 1990 ,
1823 1958 1954 1997 privatus
1977 1963 2077 1990 tuear,
2097 1965 2185 1997 atque

1221 2009 1346 2031 ornem:
1368 2008 1420 2034 ut,
1442 1998 1528 2040 siqua
1539 1997 1581 2029 est
1599 1999 1716 2029 invidia
1734 2000 1767 2029 in
1785 1997 1986 2029 conseivanda
2001 2006 2060 2037 rep.
2088 1997 2183 2028 susce-

1223 2051 1272 2083 pta
1285 2062 1294 2075 ,
1319 2041 1534 2072 laedatinvidos
1545 2060 1554 2075 ,
1574 2041 1653 2071 milii
1669 2041 1765 2071 valeat
1781 2040 1817 2071 ad
1834 2040 1972 2082 gloriam.
1995 2038 2126 2080 denique
2143 2041 2185 2070 ita

1225 2094 1275 2114 me
1293 2086 1327 2114 in
1345 2093 1406 2124 rep.
1427 2082 1555 2113 traCtabo
1579 2103 1587 2117 ,
1607 2091 1641 2113 ut
1657 2084 1853 2112 meminerim
1873 2081 1990 2121 semper
2003 2090 2068 2121 quae
2089 2079 2185 2121 gesse-

1228 2128 1288 2156 rim
1298 2145 1307 2159 ‚
1327 2135 1490 2165 curemque
1501 2134 1533 2155 ut
1540 2134 1571 2154 ea
1581 2144 1590 2159 ,
1609 2125 1721 2154 virture
1730 2144 1739 2158 ‚
1750 2134 1801 2154 non
1809 2125 1874 2164 cafh
1884 2143 1892 2157 ‚
1902 2121 1980 2164 gesta
1990 2121 2049 2152 effe
2059 2122 2186 2153 videan-

1228 2176 1284 2198 tur.
1329 2170 1393 2198 Vos
1405 2187 1413 2200 ,
1437 2168 1587 2208 Qirites,
1605 2168 1750 2207 quoniam
1768 2167 1833 2205 jam
1850 2175 1914 2196 nox
1933 2163 1994 2197 est,
2013 2166 2184 2194 venerami-

1226 2211 1259 2239 ni
1271 2208 1362 2239 illum
1377 2209 1488 2250 Jovem
1499 2228 1507 2241 ‚
1529 2207 1684 2238 custodem
1695 2208 1785 2247 hujus
1802 2207 1883 2237 urbis
1895 2226 1904 2239 ,
1924 2216 1956 2237 ac
1968 2204 2099 2236 vestrum
2112 2225 2121 2239 ,
2140 2215 2186 2237 at-

1224 2260 1283 2292 que
1303 2252 1336 2280 in
1349 2249 1444 2280 vestra
1460 2249 1536 2280 tedia
1551 2249 1713 2279 discedite:
1737 2248 1770 2278 &
1786 2258 1838 2281 ea,
1856 2256 2038 2289 quamquam
2050 2248 2114 2287 jam
2132 2257 2184 2288 pe-

1223 2292 1355 2322 riculum
1378 2289 1420 2322 est
1442 2291 1620 2330 depulsum,
1643 2298 1743 2320 tamen
1760 2293 1775 2316 5
1790 2294 1892 2330 aeque,
1912 2299 1944 2319 ac
1961 2290 2053 2329 priori
2072 2290 2181 2325 nocte,

1223 2332 1367 2362 custodiis
1382 2352 1390 2365 ‚
1416 2332 1584 2373 vigiliisque
1603 2330 1764 2361 defendite.
1794 2332 1826 2361 id
1845 2341 1883 2361 ne
1900 2330 1988 2360 vobis
2011 2329 2123 2362 diutius
2139 2331 2183 2362 fa-

1224 2374 1369 2404 ciendum
1380 2372 1412 2404 sit
1422 2392 1431 2407 ‚
1453 2382 1539 2413 atque
1551 2381 1583 2403 ut
1591 2374 1624 2402 in
1634 2382 1773 2413 perpetua
1788 2382 1858 2413 pace
1867 2371 1924 2404 effe
1933 2371 2050 2413 posticis
2061 2392 2069 2407 ‚
2087 2371 2103 2393 ⁶
2112 2383 2183 2415 pro·

1228 2414 1350 2446 videbo.

1905 2475 1976 2523 M.
2014 2475 2064 2522 T
2082 2491 2114 2521 U
2130 2492 2182 2522 t.-

1218 2585 1264 2612 situ
1278 2606 1285 2617 ,
1307 2586 1334 2612 &
1354 2585 1437 2613 forfiui
1449 2585 1561 2612 firmiori
1572 2584 1810 2621 aclignificzuitiori
1822 2585 1943 2620 Col‚fhre
1953 2606 1962 2619 ‚
1980 2595 2134 2622 propagatam
2144 2590 2186 2624 effe

218 2627 262 2652 quc
271 2620 311 2643 il-'ae
320 2627 397 2645 rameri
406 2631 481 2646 omnes
492 2623 542 2653 diis.
562 2622 632 2657 quod
653 2623 680 2648 8<
692 2623 717 2649 iii
731 2623 786 2648 l'al.
798 2622 848 2649 sec.
859 2624 887 2649 δε
899 2631 961 2648 non.
974 2629 1033 2647 nam
1043 2619 1100 2647 dee.
1112 2622 1176 2647 item
1219 2623 1248 2653 <If
1258 2623 1347 2655 adsal.
1358 2623 1387 2653 (ἐν
1401 2623 1535 2655 confidatur
1544 2624 1598 2647 mei.

222 2654 345 2694 Mittorp.
364 2663 433 2690 atque
450 2663 499 2682 tum
509 2659 549 2682 ilLe
557 2667 632 2684 omnes
643 2659 694 2692 diff.
714 2658 811 2685 liabent
821 2658 907 2686 isthaec
917 2656 1018 2693 adjes‘sta
1028 2657 1176 2693 plurimum

219 2698 344 2724 cizergiae.

257 2734 285 2751 2.
309 2727 403 2751 Nullum
411 2735 580 2753 monumentum
590 2730 782 2765 laudicfflffllo]
807 2730 968 2757 Gulielmius
988 2728 1103 2755 malebat
1121 2738 1180 2755 cuin

219 2761 325 2787 Ul‘ffl'd·
346 2761 374 2786 ὅς
396 2763 469 2789 Hitt.
485 2766 619 2797 pqssulaiu
639 2766 774 2801 quomodo
793 2767 857 2793 item
869 2767 960 2792 eratin
975 2765 1039 2792 Pali.
1051 2764 1100 2791 see.
1113 2765 1182 2791 sext.

222 2805 292 2822 nono
301 2817 309 2829 ,
324 2797 350 2822 ὃ(
362 2798 479 2825 editione
490 2801 585 2835 prima.
606 2810 665 2828 nam
676 2802 733 2829 dec.
744 2804 771 2829 δε
781 2801 878 2829 deinde
889 2801 976 2829 excusi
988 2821 995 2833 ,
1016 2801 1083 2829 stant
1095 2803 1110 2827 ii
1123 2801 1182 2827 vul-

220 2839 282 2868 gato
296 2852 302 2863 ,
324 2842 379 2867 quae
392 2835 453 2861 mibi
468 2836 598 2862 venustior
608 2837 670 2864 visa.

258 2876 284 2903 3.
304 2869 453 2911 'Eandemque
471 2872 528 2896 diem
545 2873 643 2905 intelligo
661 2883 731 2907 quam
744 2877 812 2909 spero
828 2876 995 2907 ‘ternamfiffe
1007 2892 1015 2904 ³
1035 2873 1182 2906 &adsalu-

223 2908 269 2929 tem
280 2922 288 2935 ‚
298 2913 347 2936 (rc.
368 2908 412 2931 mci
416 2908 596 2942 propagatam]
620 2910 660 2937 lta
671 2919 762 2938 omnes
774 2910 841 2938 1⁷:111.
852 2913 880 2938 &
891 2908 1015 2947 impr-effi.
1035 2917 1064 2936 at
1073 2908 1126 2937 alio
1136 2920 1183 2946 po-

1255 2666 1283 2691 4.
1304 2662 1420 2692 Magnum
1430 2661 1489 2683 enim
1499 2659 1534 2683 eff
1545 2661 1571 2683 in
1580 2658 1642 2684 bonis
1650 2659 1804 2693 praeſsdium]
1826 2658 1961 2686 Revocavi
1985 2669 2074 2686 vocem
2086 2661 2156 2687 istam
2168 2661 2185 2688 it

1221 2694 1336 2720 tenebris
1348 2714 1356 2725 ,
1377 2694 1427 2720 fide
1439 2694 1562 2720 editionis
1581 2694 1688 2721 vetustae
1699 2713 1707 2725 ‚
1729 2694 1910 2721 Palatinarum
1923 2696 2003 2722 trium
2017 2715 2025 2727 ,
2036 2698 2061 2722 &
2074 2696 2184 2723 Ersurtl.

1223 2730 1295 2756 Hitt.
1307 2740 1336 2756 ac
1350 2730 1454 2756 uvi-rd.
1465 2730 1536 2766 prius
1549 2729 1636 2756 fuerat
1645 2734 1671 2756 ln
1680 2732 1763 2763 mabil,-
1781 2741 1834 2767 quo
1845 2731 1908 2767 quid
1919 2731 2052 2759 dilutius?

1263 2776 1286 2800 5.
1308 2767 1399 2800 Aque*
1417 2776 1446 2792 ac
1460 2769 1537 2799 prim-i
1554 2768 1616 2791 node
1628 2785 1636 2797 ,
1658 2767 1788 2801 custodiis]
1820 2769 1864 2794 Est
1875 2769 1889 2793 a
1902 2768 1958 2794 Pal.
1978 2766 2028 2794 sec.
2041 2777 2125 2803 neque
2135 2769 2185 2794 ali-

1224 2810 1263 2828 ter
1276 2803 1361 2828 editus
1372 2802 1405 2829 ab
1422 2803 1451 2828 l’.
1463 2802 1593 2829 Vicini-io.
1613 2803 1768 2838 posteriores
1781 2822 1790 2835 ‚
1809 2806 1871 2828 noHe
1882 2803 1970 2837 ficifi‘is
1982 2822 1989 2835 ,
2007 2805 2120 2836 custodiis.
2142 2805 2185 2831 in-

1223 2838 1298 2865 sulse.
1845 2851 1849 2854 ·

1257 2875 1286 2900 6.
1306 2874 1461 2908 *Providchofl
1484 2873 1552 2899 Pall.
1563 2882 1653 2900 omnes
1668 2892 1676 2906 ,
1695 2874 1761 2901 item
1775 2873 1836 2900 cdd.
1847 2883 1956 2901 necnon
1969 2874 2092 2912 Hittorp.
2104 2876 2184 2904 Fabr.

1222 2910 1326 2938 Uverd.
1339 2909 1468 2945 adjiciunt
1479 2928 1487 2942 ,
1508 2911 1625 2943 Qiritcs.

2054 3083 2063 3101 Ι
2073 3098 2079 3104 .
2100 3082 2183 3108 Forum

2198 304 2231 330 ΞΕ
