2302 3353
96 1135 145 1171 26
164 1131 248 1163 tuisse
259 1133 319 1164 dici
328 1142 456 1173 putetur.

86 2142 132 2177 27
152 2133 226 2164 bum
238 2143 244 2162 t
254 2143 311 2164 nec
319 2135 373 2167 rei,
385 2144 441 2164 nec
450 2135 534 2165 verbi
543 2137 633 2176 gratia
642 2135 845 2165 animadversa
855 2133 934 2164 efl'et.

569 92 1105 150 AD·HERENN115M‚
1143 99 1339 153 LrssER
1372 98 1689 163 QAnr-us.

181 174 270 217 coepi,
281 173 314 207 &
325 181 389 206 non
397 170 508 215 perfeci
519 180 634 213 :neque
643 170 765 212 perfeci,
777 171 811 202 &
820 181 883 201 non
893 172 1026 211 probavi.
1048 176 1137 209 1tem,

180 218 323 257 iAfiicano
332 215 477 247 industria
483 215 637 248 virtutem,
648 216 743 244 virtus
752 212 877 254 gloriam
889 234 897 248 ‚
908 214 1003 255 gloria
1013 215 1139 245 aernulos

178 261 369 300 comparavit.
400 260 478 287 Item
488 277 497 290 ‚
517 256 674 299 Imperium
684 256 804 285 Graeciae
815 254 874 285 fuit
883 255 959 295 apud
971 257 1139 286 Athenien-

178 303 235 334 seis
244 321 253 335 ‚
265 297 493 331 Atheniensium
503 300 593 338 potiti
602 298 670 328 sunt
679 298 826 336 Spartiatae
836 316 845 330 ,
856 298 1009 336 spartiatas
1020 298 1038 327 s
1035 307 1138 337 upera-

175 352 245 375 vere
256 341 395 373 Thebani
405 360 415 375 ,
426 339 588 370 Thebanos
601 338 782 369 Macedones
791 340 944 373 vicerunt,
968 339 1020 379 qui
1031 339 1066 369 ad
1076 340 1137 368 im-

173 385 292 426 perium
312 384 434 413 Graeciae
453 382 536 412 brevi
555 391 690 422 tempore
708 379 912 420 adjunxerunt
929 379 1027 411 Asiam
1054 380 1136 411 bello

171 424 334 458 subaetam.
360 424 459 455 Habet
477 425 510 454 in
521 424 549 454 se
560 423 712 465 quendam
721 422 855 462 leporem
866 422 1023 462 superioris
1034 422 1135 461 cujus-

173 476 231 509 que
241 466 340 497 crebra
347 467 487 506 repetitio
496 466 577 496 verbi
591 486 599 499 ,
611 475 676 507 quae
685 466 803 505 propria
813 463 855 494 est
864 464 953 504 hujus
962 465 1134 494 exornatio-

172 511 230 540 m's.
263 507 414 538 Definitio
433 507 476 538 est
486 528 494 542 ‚
515 517 579 549 quae
600 509 642 537 rei
661 507 787 546 alicujus
804 508 935 547 proprias
944 505 1135 546 ampleffitur

170 549 325 591 potestates
337 549 509 580 breviter&
518 549 651 580 absolute
665 569 673 582 ‚
685 550 743 580 hoc
753 548 864 579 modo:
888 547 1025 587 Majestas
1034 549 1133 588 reipu—

170 592 256 622 blicae
268 591 310 621 est
321 612 329 625 ,
350 593 383 621 in
392 601 449 633 qua
457 593 630 622 continetur
639 591 767 632 dignitas
776 590 809 620 &
818 590 984 629 amplitudo
995 590 1130 619 civitatis.

170 635 262 667 Item,
273 633 385 672 Injuriae
396 634 472 667 sunt,
483 644 549 675 quae
558 641 607 664 aut
615 633 780 673 pulsatione
791 641 898 671 corpus
910 652 918 664 ‚
931 640 980 662 aut
989 631 1131 661 convicio

168 677 265 706 aureis
277 695 285 708 ,
314 683 363 705 aut
387 676 425 705 ali
449 686 484 706 ua
505 675 689 716 turpitudine
709 676 802 704 vitam
823 673 988 713 cujuspiam
1006 673 1130 703 violant.

168 719 247 748 Item
260 737 269 750 ,
290 719 355 746 Non
365 716 408 746 est'
418 686 470 748 iau
479 717 632 758 diligentia
643 737 652 749 ,
675 715 724 745 sed
734 715 868 745 avaritia:
887 715 958 745 ideo
967 712 1049 755 quod
1061 714 1132 744 dili-

168 760 267 800 gentia
278 778 287 791 ‚
300 758 342 789 est
351 768 479 790 accurata
488 759 671 789 conservatio
682 758 805 787 suorum
816 766 822 785 t
844 758 974 790 avaritia,
987 756 1131 796 injuriosa

167 802 310 841 appetitio
321 801 498 831 alienorum.
529 802 606 830 Item
618 819 626 833 ,
648 801 713 829 Non
722 797 767 828 eff
777 797 830 828 ista
838 797 985 828 fortitudo
997 818 1005 830 ‚
1027 797 1074 828 sed
1087 806 1130 827 te-

168 844 291 873 meritas
302 853 308 871 :
319 851 471 882 propterea
479 840 561 883 quod
570 840 718 872 fortitudo
728 839 771 871 est
781 842 948 871 contemtio
958 840 1078 873 laboris,
1093 839 1126 870 &

166 885 293 925 periculi
302 894 372 914 cum
382 886 494 914 ratione
505 884 639 914 utilitatis
652 903 660 916 ,
686 883 724 913 ‘&
733 882 977 922 compensatione
986 891 1129 912 commo-

166 925 277 956 dorum
290 935 295 954 :
314 927 461 956 temeritas
471 925 514 955 est
522 935 593 955 cum
602 923 814 955 inconsiderata
824 924 961 954 laborum
970 922 1128 964 peipeffio-

165 976 205 997 ne
213 966 383 1007 gladiatoria
390 967 593 1007 periculorum
604 967 758 1007 susceptio.
782 968 855 996 Haec
872 963 943 1008 ideo
964 965 1128 996 commoda

162 1017 280 1048 putatur
288 1011 455 1042 exornatio,
467 1008 549 1050 quod
560 1018 688 1039 omnem
698 1010 739 1038 rei
750 1008 915 1047 cujuspiam
924 1009 988 1038 vim
1001 1027 1009 1041 ,
1028 1008 1061 1038 δε
1070 1017 1126 1047 po-

163 1049 296 1081 testatem
307 1052 346 1080 ita
355 1050 488 1082 dilucide
496 1052 648 1091 proponit,
663 1050 696 1080 &
706 1050 836 1080 breviter
845 1050 1019 1090 explicat‚ut
1028 1059 1125 1090 neque

162 1091 298 1132 pluribus
308 1091 406 1122 verbis
417 1091 579 1133 oportuisse
588 1092 648 1123 dici
658 1091 794 1122 videatur
804 1112 813 1126 ‚
825 1102 922 1132 neque
931 1091 1060 1121 lucidius
1069 1101 1126 1131 po-

502 1133 650 1165 Tiansitio
659 1142 782 1164 vocatur
792 1154 800 1167 ‚
821 1144 888 1175 quae
906 1131 977 1164 cum
992 1132 1125 1164 ostendit

163 1174 294 1206 breviter
304 1195 312 1208 ‚
324 1176 396 1216 quid
406 1176 524 1207 dissum
535 1175 568 1206 sit
579 1198 587 1209 ,
608 1177 749 1216 proponit
758 1177 833 1205 item
843 1175 925 1205 brevi
935 1175 1008 1215 quid
1018 1175 1124 1216 sequa—

161 1225 218 1251 tur,
230 1218 289 1260 hoc
298 1217 393 1248 modo
405 1228 411 1247 2
423 1222 434 1238 ¹
446 1221 481 1248 ln
486 1219 615 1260 patriam
624 1217 794 1258 cujusmodi
804 1216 1031 1250 fuerit‚habetis:
1042 1227 1123 1248 nunc

160 1259 194 1289 in
203 1260 348 1299 parenteis
359 1259 453 1300 qualis
463 1260 628 1293 exstiterit,
650 1258 837 1290 considerate.
868 1261 948 1289 Item
959 1278 967 1292 ,
988 1261 1068 1288 .Mea
1089 1261 1122 1290 in

158 1299 254 1331 istum
264 1300 408 1332 beneficia
417 1303 596 1343 cognoscitis
609 1313 613 1330 :
626 1311 708 1332 nunc
719 1321 727 1334 ‚
738 1299 896 1341 quomodo
906 1300 960 1331 iste
969 1302 1047 1330 mihi
1058 1311 1123 1341 gra-

159 1343 233 1372 tiam
243 1342 377 1372 retulerit
387 1363 396 1376 ‚
407 1346 538 1383 accipite.
562 1342 684 1373 Proficit
692 1344 756 1372 haec
765 1343 951 1382 aliquantum
964 1345 1121 1374 exornatio

157 1383 194 1414 ad
204 1383 275 1414 duas
284 1393 341 1413 res.
352 1393 422 1414 nam
434 1385 467 1414 δε
476 1385 549 1426 quid
561 1384 670 1414 dixerit
679 1392 868 1417 commonet,
882 1383 915 1413 &
924 1383 959 1414 ad
968 1384 1120 1425 reliquum

157 1434 308 1465 comparat
315 1425 492 1456 auditorem.
516 1426 669 1457 Cori-ebho
680 1425 723 1455 est
735 1447 742 1459 ‚
754 1435 819 1467 quae
830 1425 949 1455 tollitid
962 1447 970 1459 ‚
982 1426 1064 1466 quod
1075 1426 1122 1456 di-

157 1466 243 1497 &um
252 1465 305 1500 est,
319 1467 352 1497 &
381 1477 414 1498 ro
424 1478 461 1498 eo
472 1468 514 1501 id,
526 1468 608 1509 quod
620 1469 713 1508 magis
723 1467 870 1498 idoneum
880 1467 1016 1501 videtur,
1033 1478 1120 1507 repo-

157 1509 222 1542 nit,
245 1509 304 1539 hoc
311 1477 417 1548 passo:
438 1508 556 1551 defi
563 1509 609 1546 uste
618 1510 686 1540 suos
698 1510 828 1549 hospites
838 1507 963 1549 rogasset
973 1530 981 1542 ,
994 1513 1008 1528 2
1017 1509 1118 1540 immo

156 1548 301 1582 innuisset
310 1549 405 1581 modo
418 1562 424 1580 :
443 1553 502 1583 hoc
510 1551 596 1583 facile
607 1550 709 1592 perfici
719 1549 820 1592 posset.
844 1553 922 1581 Item
933 1571 942 1585 ,
960 1552 1040 1580 Nam
1046 1550 1119 1593 post-

155 1587 245 1633 quhm
255 1591 303 1623 isti
313 1594 460 1628 vicerunt,
472 1604 558 1636 atque
568 1593 642 1624 adeo
652 1593 727 1623 viffi
736 1593 815 1626 sunt,
827 1603 892 1623 eam
903 1593 1062 1634 quomodo
1073 1596 1119 1624 vi-

156 1633 284 1664 &oriam
293 1635 443 1675 appellem
457 1656 466 1669 ,
487 1646 553 1677 quae
561 1635 727 1666 vistoribus
737 1635 803 1675 plus
813 1635 988 1665 calamitatis
998 1656 1007 1668 ‚
1027 1635 1118 1676 quarn

157 1674 233 1707 boni
252 1675 366 1706 dederit
377 1679 387 1705 ?
406 1678 432 1707 0
450 1679 568 1708 virtutis
587 1687 689 1708 comes
700 1677 814 1707 invidia
825 1696 833 1710 ‚
855 1687 919 1717 quae
930 1676 1028 1707 bonos
1039 1677 1118 1708 inse-

154 1719 254 1759 queris
263 1718 451 1760 plerumque,
462 1728 547 1761 atque
558 1717 632 1750 adeo
643 1717 795 1749 insee‘iaris
809 1721 814 1748 l
830 1721 1050 1749 Commovetur
1059 1719 1118 1750 hoc

153 1768 261 1800 genere
278 1761 397 1790 animus
415 1760 568 1792 auditoris.
591 1763 653 1791 Res
663 1763 748 1791 enirn
758 1762 918 1791 communi
927 1760 1021 1791 verbo
1032 1761 1116 1795 elata,

154 1801 366 1832 tantummodo
377 1801 455 1833 di&a
464 1803 582 1834 videtur
593 1814 599 1832 :
622 1806 635 1831 3
647 1802 688 1833 ast
698 1813 730 1833 ea
738 1802 805 1843 post
815 1801 904 1843 ipsius
914 1803 1038 1833 oratoris
1049 1813 1115 1833 cor-

151 1842 320 1873 re&i0nem
330 1847 425 1885 magis
435 1844 543 1876 idonea
555 1844 588 1875 fit
596 1847 853 1886 pronuntiatione.
885 1847 961 1875 Non
971 1846 1060 1886 igitur
1071 1845 1116 1875 sa-

152 1885 211 1914 tius
222 1883 303 1918 esset,
315 1885 394 1915 dicet
402 1886 507 1927 aliquis
517 1888 553 1918 ab
563 1890 664 1921 initio,
677 1888 839 1927 praesertim
850 1885 922 1916 cum
933 1887 1038 1917 scribas
1050 1907 1059 1920 ,
1078 1886 1113 1917 ad

151 1928 318 1966 optimum,
331 1927 363 1956 δε
374 1927 586 1959 eleffiffimum
595 1929 722 1959 verbum
733 1929 894 1959 devenire?
905 1927 956 1959 Est
965 1927 1038 1958 curn
1049 1938 1113 1959 non

152 1966 197 1997 est
206 1967 305 2001 satius,
317 1965 338 1996 si
347 1972 546 2000 commutatio
555 1971 639 2001 verbi
650 1970 680 2000 id
691 1973 744 2000 erit
755 1969 990 2000 demonstratura
1002 1990 1011 2003 ,
1034 1970 1061 2009 ej
1066 1970 1114 2000 us-

154 2008 242 2039 modi
252 2019 317 2039 rem
327 2007 396 2042 esse,
409 2018 452 2043 ut,
464 2008 534 2041 cum
546 2021 611 2042 eam
622 2013 782 2041 communi
791 2011 883 2041 verbo
893 2012 1059 2051 appellaris,
1071 2011 1114 2040 le-

151 2051 219 2080 vius
229 2047 335 2080 dixisse
345 2050 472 2081 videaris
485 2062 489 2081 :
510 2051 581 2083 curn
593 2053 627 2083 ad
637 2052 762 2083 eieffius
772 2053 898 2083 verbum
908 2052 1027 2082 accedas
1040 2073 1048 2086 ,
1065 2054 1113 2082 in-

150 2089 313 2133 figniorem
332 2102 396 2122 rem
413 2092 509 2123 facias.
532 2093 614 2135 quod
634 2093 654 2123 fi
666 2093 814 2124 continuo
824 2092 951 2123 venisses
961 2093 995 2124 ad
1006 2094 1036 2123 id
1046 2103 1113 2123 ver—

979 2137 1112 2175 Occupa—

151 2176 194 2206 tio
212 2174 256 2206 est
266 2196 275 2209 ‚
296 2174 368 2206 cum
387 2176 518 2207 dicimus
528 2197 536 2211 ‚
558 2187 614 2207 nos
630 2179 777 2217 praeterire
789 2197 798 2210 ,
817 2185 940 2206 autnon
950 2176 1021 2206 scire
1033 2197 1041 2210 ,
1063 2185 1112 2207 aut

150 2217 233 2248 nolle
251 2217 348 2248 dicere
366 2217 396 2247 id
408 2238 417 2251 ‚
438 2218 519 2259 quod
531 2227 603 2249 tunc
612 2218 747 2249 maxime
759 2218 890 2249 dicimus
903 2239 911 2252 ,
931 2219 989 2248 hoc
999 2218 1094 2249 modo
1106 2229 1112 2247 z

150 2261 232 2289 Nam
241 2259 273 2288 de
278 2260 403 2300 pueritia
412 2260 536 2300 quidem
547 2269 595 2292 tua
606 2282 614 2294 ,
630 2271 720 2302 quam
733 2269 765 2291 tu
776 2263 865 2291 omni
875 2262 1112 2300 intemperantiae

149 2300 305 2334 addixisti,
313 2301 457 2336 dicerem,
470 2301 490 2332 fi
501 2303 560 2333 hoc
571 2311 688 2343 ternpus
699 2302 844 2333 idoneum
853 2311 990 2343 putarem
1002 2313 1007 2331 z
1028 2312 1111 2333 nunc

149 2341 287 2382 consulto
297 2343 445 2384 relinquo.
478 2347 520 2374 Et
530 2346 601 2374 illud
607 2354 748 2385 praetereo
759 2366 767 2378 ‚
788 2348 805 2371 4
813 2344 896 2386 quod
908 2353 935 2374 te
946 2344 1059 2375 tribuni
1070 2346 1112 2374 rei

153 2385 291 2415 militaris
302 2384 528 2426 infrequentem
541 2387 730 2417 tradiderunt.
764 2386 884 2417 Deinde
894 2384 975 2427 quod
986 2387 1111 2427 injuria—

152 2436 221 2457 rum
231 2426 393 2457 satisfecisti
404 2429 439 2457 L.
451 2427 585 2459 Labeoni
597 2449 606 2462 ,
628 2429 705 2459 nihil
723 2428 759 2459 ad
777 2439 841 2459 rem
861 2430 1008 2469 pertinere
1027 2437 1108 2468 puto.

152 2470 273 2499 Horum
283 2469 363 2498 nihil
372 2469 441 2499 dico
454 2480 459 2498 :
478 2478 609 2501 revertor
618 2471 653 2501 ad
662 2471 737 2501 illud
750 2492 758 2504 ,
779 2470 815 2501 de
825 2480 886 2512 quo
894 2469 1044 2510 judicium
1056 2469 1110 2500 est.

150 2512 228 2541 Item
240 2532 249 2544 ,
272 2512 336 2540 Non
347 2510 406 2540 dico
417 2519 445 2542 te
454 2510 490 2542 ab
500 2512 589 2542 sociis
597 2515 737 2553 pecunias
747 2510 887 2552 accepiffe
900 2523 905 2542 ;
926 2521 990 2542 non
1001 2512 1065 2542 sum
1077 2514 1110 2542 in

149 2561 186 2582 co
196 2561 353 2592 occupatus
365 2573 373 2585 ‚
386 2551 467 2594 quod
478 2555 623 2588 civitates,
636 2565 735 2595 regna,
747 2554 857 2585 domos
868 2555 1010 2584 omniurn
1021 2553 1111 2594 depe—

147 2594 261 2624 culatus
272 2604 303 2625 es
316 2604 320 2623 :
339 2593 415 2625 furta
426 2615 435 2628 ,
456 2597 569 2635 rapinas
579 2604 642 2627 tuas
653 2598 773 2627 omneis
783 2598 902 2626 omitto.
936 2598 1009 2626 Haec
1028 2596 1110 2625 utilis

145 2634 191 2666 est
199 2638 365 2669 exornatio,
381 2634 402 2666 fi
412 2645 459 2666 aut
469 2647 533 2667 rem
545 2658 553 2671 ,
566 2648 657 2679 quam
667 2648 731 2669 non
742 2640 887 2678 pertineat
896 2638 961 2668 aliis
972 2636 1108 2668 ostende-

147 2686 190 2710 re,
203 2677 318 2708 occulte
329 2677 516 2708 admonuisse
526 2679 657 2720 prodest,
670 2689 720 2711 aut
729 2679 750 2710 fi
759 2681 886 2721 longum
897 2679 949 2713 est,
962 2689 1011 2710 aut
1023 2681 1029 2709 i
1054 2689 1109 2709 no-

147 2717 208 2749 bile
220 2739 230 2752 ,
248 2728 297 2750 aut
304 2720 428 2760 planum
440 2740 450 2754 ,
468 2729 517 2751 aut
526 2731 590 2751 non
598 2721 696 2762 potest
705 2720 768 2752 fieri
780 2741 789 2755 ‚
801 2731 850 2752 aut
859 2721 945 2752 facile
956 2730 1023 2761 pote
1062 2731 1108 2751 re—

147 2760 292 2801 prehendi
304 2772 311 2791 :
333 2770 365 2792 ut
375 2762 478 2793 utilius
489 2761 523 2794 sit
532 2763 651 2795 occulte
661 2762 762 2795 fecisse
773 2764 973 2805 suspicionem
986 2784 995 2797 ‚
1016 2763 1106 2805 quam

1192 172 1366 211 hujusmodi
1377 172 1534 205 intendisse
1545 175 1725 208 orationem,
1736 182 1800 215 quae
1810 174 2004 217 redarguatur.
2016 177 2146 216 Disjun-

1191 212 1253 243 &cio
1264 213 1316 248 est,
1328 214 1400 246 cum
1410 226 1516 247 eorum
1526 216 1562 247 de
1571 216 1680 258 quibus
1691 216 1821 247 dicimus
1831 235 1840 251 ‚
1851 226 1900 247 aut
1909 226 2055 259 utrunque
2067 239 2074 251 ,
2095 227 2145 250 aut

1188 263 1285 284 unum
1295 257 1434 298 quodque
1443 266 1524 289 certo
1532 258 1722 289 concluditur
1729 257 1822 289 verbo
1835 278 1844 291 ,
1864 256 1902 289 sic
1914 270 1920 289 z
1947 260 2067 301 Populus
2078 262 2144 290 Ro·-

1187 305 1292 326 manus
1304 300 1502 330 Numantiam
1513 300 1626 331 delevit
1635 320 1644 335 ‚
1665 301 1877 340 Karthaginem
1888 300 2021 334 sustulit,
2035 304 2144 332 Corin-

1186 336 1274 366 thum
1293 337 1410 378 disjecit
1421 360 1429 374 ‚
1450 343 1593 383 Fregellas
1612 343 1726 373 evertit.
1757 341 1846 372 Nihil
1856 343 2055 373 Numantinis
2064 345 2144 374 vires

1185 380 1316 424 corporis
1326 382 1469 412 auxiliatae
1480 384 1548 414 sunt
1558 395 1567 418 3
1577 384 1655 414 nihil
1665 381 1957 425 Karthaginiensibus
1968 384 2090 415 scientia
2099 387 2143 416 rei

1185 419 1322 466 militaris
1332 421 1506 459 adjumento
1515 425 1573 456 suit
1583 438 1592 460 5
1613 426 1691 456 nihil
1701 426 1865 456 Corinthiis
1876 426 1989 456 erudita
1998 426 2143 457 calliditas

1182 458 1308 507 praesidii
1328 463 1413 496 tulit3
1436 466 1513 494 nihil
1525 467 1702 507 Fregellanis
1712 477 1833 498 molum
1845 467 1877 498 &
1887 468 2035 498 sermonis
2047 468 2142 499 socie·

1183 510 1223 531 tas
1236 502 1377 542 opitulata
1386 503 1437 534 est.
1458 507 1534 536 Item
1545 528 1554 540 ,
1580 511 1711 539 FonMAE
1728 517 1892 540 monn-As
1909 510 2078 540 autmorbo
2089 510 2142 540 de·

1183 541 1333 577 florescit,
1353 554 1403 575 aut
1411 547 1551 577 vetustate
1562 549 1769 590 exstinguitur.
1794 549 1853 581 Hic
1862 560 2020 594 utrumque
2032 572 2040 585 ‚
2063 552 2141 583 &in

1182 584 1333 632 superiore
1341 587 1483 627 exemplo
1494 599 1732 632 unamquamque
1742 603 1805 622 rem
1817 601 1896 623 certo
1906 593 2000 624 verbo
2014 593 2139 624 conclu·

1182 625 1213 655 di
1231 627 1382 658 videmus.
1411 629 1596 668 Conjuniftio
1615 632 1656 662 est
1667 652 1674 666 ‚
1695 632 1765 663 cuin
1777 633 2000 674 interpositione
2010 635 2140 667 verbi&

1181 668 1345 708 superiores
1355 673 1499 701 orationis
1509 681 1602 713 partes
1612 676 1913 713 comprehenduntur,
1927 677 1959 707 &
1969 676 2138 711 inferiores,

1180 709 1239 739 hoc
1249 711 1344 741 modo
1356 722 1362 741 :
1386 715 1517 743 FORMAE
1527 713 1654 755 dignitas
1663 724 1711 744 aut
1722 717 1829 746 morbo
1840 717 2016 751 deflorescit.
2029 727 2078 748 aut
2086 729 2141 752 ve·

1181 750 1291 782 tustate.
1315 753 1361 783 Ad
1361 763 1371 792 J
1377 754 1482 785 unEtio
1493 754 1535 785 est
1546 776 1554 789 ,
1575 754 1647 786 cum
1656 756 1782 786 verbum
1796 778 1802 790 ‚
1816 769 1875 798 quo
1885 769 1929 789 res
1939 761 2139 800 comprehen-

1180 792 1270 826 ditur,
1283 803 1347 825 non
1357 798 1579 836 interponimus
1591 819 1598 831 ,
1612 797 1660 828 sed
1670 807 1719 828 aut
1727 800 1861 838 prin-ium
1873 821 1880 833 ,
1894 810 1942 831 aut
1951 802 2137 841 postremum

1178 835 1376 866 collocamus.
1407 840 1544 869 Primum
1555 859 1563 873 ‚
1586 840 1644 870 hoc
1660 839 1747 879 paCto
1759 850 1764 869 :
1785 850 2011 873 Dariionnseir
2030 843 2140 874 sormae

1178 875 1306 917 dignitas
1324 888 1373 909 aut
1391 880 1501 911 morbo
1514 901 1523 915 ‚
1543 891 1592 911 aut
1609 881 1760 912 vetustate.
1792 882 1978 913 Postremum
1990 883 2043 915 sic:
2064 888 2139 915 Aur

1179 927 1293 949 Moneo
1305 940 1314 953 ,
1335 921 1533 953 autvetustate
1542 922 1652 954 forma:
1662 923 1787 965 dignitas
1798 923 1975 955 deflorescit.
1999 926 2044 956 Ad
2054 926 2139 956 festi-

1175 962 1299 991 vitatem
1310 962 1474 1002 dinjuncffio
1484 964 1526 995 est
1535 964 1661 1005 apposita
1671 977 1680 999 ς
1699 975 1786 1006 quare
1797 967 1887 995 rarius
1898 974 2017 996 utemur
2027 977 2058 997 ea
2070 988 2077 1001 ,
2098 978 2139 998 ne

1176 1001 1337 1033 satietatem
1347 1007 1455 1044 pariat:
1474 1006 1509 1037 ad
1524 1007 1699 1037 brevitatem
1710 1007 1905 1048 conjunffim
1928 1018 2014 1049 quare
2034 1009 2137 1049 saepius

1176 1043 1342 1076 adhibenda
1353 1046 1404 1077 est.
1449 1050 1505 1079 Hae
1523 1057 1580 1079 tres
1598 1051 1808 1079 exornationes
1827 1049 1863 1079 de
1883 1049 2010 1090 simplici
2028 1061 2134 1091 genere

1175 1095 1307 1117 manant.
1339 1088 1570 1129 Conduplicatio
1590 1090 1632 1121 est
1642 1111 1649 1124 ,
1674 1101 1745 1120 cum
1755 1093 1868 1122 ratione
1877 1090 2133 1132 amplificationis,

1174 1136 1223 1157 aut
1243 1131 1514 1161 commiserationis
1526 1152 1533 1166 ‚
1555 1133 1689 1172 ejusdcm
1700 1135 1788 1162 unius
1799 1153 1807 1166 ,
1827 1142 1876 1163 aut
1885 1133 2018 1174 plurium
2028 1135 2136 1164 verbo-

1174 1179 1242 1199 rum
1254 1172 1370 1203 iteratio
1382 1192 1391 1206 ,
1410 1173 1470 1204 hoc
1479 1174 1574 1204 modo
1586 1185 1591 1203 :
1617 1175 1769 1204 Tumultus
1780 1177 1812 1205 C.
1825 1176 1951 1205 Gracchi
1963 1196 1972 1209 ,
1985 1177 2135 1207 turnultus

1174 1210 1355 1243 domesticos
1375 1214 1409 1244 &2
1425 1215 1585 1246 intestinos
1596 1225 1753 1256 comparat.
1784 1219 1861 1247 Item
1873 1238 1881 1249 ,
1903 1219 2059 1248 commotus
2069 1228 2135 1249 non

1173 1262 1203 1282 es
1216 1273 1225 1286 ‚
1237 1252 1308 1284 cum
1320 1255 1376 1287 tibi
1385 1265 1480 1287 mater
1487 1258 1576 1297 pedes
1587 1260 1804 1299 amplexaretur
1814 1278 1822 1291 ‚
1834 1269 1898 1288 non
1909 1269 1939 1288 es
1950 1268 2134 1290 commotus.

1172 1297 1261 1341 Item,
1276 1298 1361 1326 Nunc
1371 1298 1459 1327 etiam
1469 1299 1557 1331 audes
1568 1302 1602 1330 in
1610 1301 1720 1331 horum
1731 1299 1926 1341 conspmstum
1938 1303 2052 1335 venire,
2064 1311 2135 1342 pro-

1171 1335 1250 1366 ditor
1258 1340 1366 1377 patriae,
1378 1340 1524 1379 proditor,
1537 1344 1659 1383 inquam
1674 1363 1682 1375 ,
1694 1343 1792 1382 patria:
1803 1362 1810 1375 ,
1822 1344 1925 1372 venire
1935 1343 2023 1373 audes
2033 1345 2066 1373 in
2077 1344 2134 1374 ho-

1171 1387 1239 1408 rum
1249 1380 1445 1420 conspefitum
1458 1385 1467 1412 ?
1478 1385 1682 1414 Vehementer
1692 1384 1858 1414 auditorem
1869 1394 2045 1415 commovet
2054 1386 2134 1425 ejus-

1171 1419 1242 1449 dem
1252 1421 1462 1463 redintegratio
1473 1425 1555 1455 veibi
1567 1446 1576 1459 ,
1598 1427 1631 1456 &
1640 1427 1751 1456 vuinus
1761 1426 1857 1465 majus
1869 1424 1963 1457 efficit
1973 1447 1981 1460 ,
2002 1428 2037 1456 in
2056 1437 2131 1457 con-

1169 1469 1260 1492 trario
1278 1464 1368 1494 causae
1379 1476 1388 1499 ;
1409 1465 1487 1506 quafi
1505 1467 1627 1509 aliquod
1638 1469 1732 1498 telum
1745 1468 1848 1508 saepius
1858 1470 2011 1508 perveniat
2020 1470 2051 1498 in
2063 1479 2133 1499 eane

1169 1502 1239 1550 dem
1259 1514 1373 1544 partem
1393 1510 1533 1548 corporis.
1566 1513 1772 1551 Inteipretatio
1790 1509 1833 1539 est
1844 1530 1851 1543 ‚
1871 1520 1936 1550 quae
1946 1521 2011 1541 non
2022 1512 2131 1542 iterans

1169 1544 1253 1575 idem
1263 1546 1440 1589 redintegrat
1449 1550 1576 1581 verbum
1589 1572 1597 1585 ,
1610 1552 1659 1582 sed
1669 1551 1699 1582 id
1710 1560 1896 1585 commutat,
1908 1552 1989 1592 quod
1999 1551 2130 1592 positum

1167 1586 1222 1620 est,
1233 1588 1292 1618 alio
1303 1590 1406 1626 verbo,
1419 1592 1500 1632 quod
1510 1592 1593 1623 idern
1603 1593 1710 1627 valeat,
1721 1594 1779 1623 hoc
1789 1593 1884 1623 modo
1897 1604 1901 1622 z
1914 1596 2013 1636 Remp.
2024 1595 2130 1625 radici-

1168 1630 1368 1678 tus‘evertisti,
1379 1635 1532 1665 civitatem
1541 1633 1679 1666 funditus
1689 1634 1832 1675 dejecisti.
1851 1637 1940 1668 Item,
1955 1638 2066 1665 Patrem
2076 1647 2131 1666 ne·-

1167 1669 1410 1717 farre-verberasti
1424 1695 1431 1708 ‚
1452 1678 1564 1715 parenti
1575 1687 1684 1707 manus
1695 1676 1830 1708 scelerate
1841 1676 1979 1708 intulisti.
2004 1677 2131 1709 Neccfle

1168 1711 1210 1759 est
1220 1723 1296 1752 ejus,
1309 1717 1360 1755 qui
1369 1716 1460 1751 audit,
1472 1720 1613 1748 animum
1624 1717 1902 1752 commoveri,cum
1912 1721 2036 1760 gravitas
2045 1723 2128 1762 prio·
2175 1742 2177 1744 -

1166 1764 1206 1783 ris
1217 1754 1290 1785 disti
1301 1766 1460 1788 renovatur
1470 1760 1712 1800 inteipretatione
1722 1760 1895 1790 verborum.
1919 1763 2129 1793 Commutatio
2171 1765 2173 1767 '

1168 1795 1220 1830 cst,
1237 1806 1308 1827 cum
1319 1798 1384 1829 duae
1394 1800 1548 1832 sententiae
1557 1803 1674 1847 interese
1684 1802 1880 1843 discrepantes
1891 1813 1929 1833 ex
1939 1803 2128 1843 transjecstio-

1165 1840 1254 1885 ne-ita
1264 1838 1438 1875 efferuntur,
1450 1852 1482 1873 tit
1490 1843 1506 1874 a
1514 1846 1612 1885 priore
1622 1844 1777 1885 posterior,
1788 1846 1933 1875 contraria
1941 1847 2045 1886 priori,
2057 1855 2127 1886 pro-

1165 1878 1311 1911 ficiscatur
1320 1902 1329 1916 ,
1341 1883 1399 1913 hoc
1409 1885 1505 1916 modo
1517 1896 1523 1915 2
1546 1888 1627 1917 Essa
1636 1895 1770 1927 oportet,
1783 1895 1815 1916 ut
1824 1888 1906 1916 viras
1918 1897 1923 1916 ;
1934 1897 1999 1917 non
2009 1889 2126 1922 vivere,

1165 1931 1198 1952 ut
1217 1922 1296 1953 edas.
1327 1927 1404 1955 Item
1415 1945 1425 1960 ‚
1449 1928 1494 1956 Ea
1504 1937 1532 1956 re
1541 1929 1679 1967 poemata
1687 1938 1752 1958 non
1760 1927 1838 1958 facio
1851 1938 1856 1957 :
1875 1930 1945 1969 quia
1954 1929 2000 1969 cuj
2005 1927 2127 1960 usniodi

1163 1964 1246 1998 volo,
1258 1974 1322 1995 non
1331 1966 1450 2006 possum
1462 1978 1468 1997 :
1480 1969 1526 2009 cuj
1531 1970 1651 2000 usmodi
1659 1968 1790 2010 possum,
1801 1970 1884 2000 nolo.
1912 1973 2002 2004 Item,
2013 1981 2077 2011 quae
2088 1971 2127 2002 de

1163 2005 1219 2034 illo
1230 2006 1370 2037 dicuntur
1380 2028 1389 2041 ,
1410 2009 1470 2039 dici
1480 2020 1545 2040 non
1554 2010 1690 2050 possunt,
1705 2021 1771 2051 quae
1781 2010 1840 2040 dici
1851 2010 1971 2051 possunt
1981 2032 1989 2046 ,
2001 2022 2066 2042 non
2076 2013 2125 2043 di-

1162 2055 1279 2093 cuntur.
1300 2051 1389 2083 Item,
1400 2051 1421 2080 S
1423 2052 1434 2078 i
1438 2051 1538 2092 poema
1548 2053 1674 2093 loquens
1706 2052 1799 2082 'ustura
1807 2052 1850 2083 est
1861 2064 1866 2081 ·.
1878 2052 1991 2093 pistura
1999 2056 2124 2085 tacitum

1162 2098 1271 2128 poema
1281 2089 1369 2120 debet
1378 2090 1446 2122 esse.
1466 2095 1543 2123 Item
1555 2113 1564 2128 ,
1585 2062 1777 2134 Qiasgultus
1787 2104 1817 2124 es
1828 2115 1836 2128 ‚
1859 2105 1892 2125 ea
1902 2105 1931 2124 re
1943 2104 2018 2126 taces
2030 2106 2035 2125 ;
2057 2106 2123 2126 non

1162 2140 1262 2160 tamen
1273 2151 1281 2165 ‚
1301 2134 1369 2171 quia
1380 2142 1455 2163 taces
1466 2154 1475 2168 ‚
1497 2145 1529 2165 ea
1538 2145 1568 2165 re
1579 2135 1684 2165 stultus
1695 2146 1735 2166 es.
1760 2139 1833 2166 Non
1842 2136 1938 2176 potest
1948 2137 2007 2167 dici
2018 2158 2026 2171 ‚
2046 2139 2121 2178 quin

1163 2173 1327 2203 commode
1339 2172 1397 2208 fiat,
1409 2173 1481 2205 cum
1492 2179 1647 2207 contrariae
1657 2178 1810 2208 sententiae
1821 2178 2018 2213 transsatione,
2034 2180 2123 2210 verba

1161 2223 1282 2254 quoque
1292 2224 1513 2247 convertantur.
1537 2219 1622 2249 Plura
1631 2220 1812 2259 subjecimus
1823 2221 1961 2261 exempla
1970 2240 1979 2255 ,
1991 2229 2032 2255 ut,
2045 2231 2123 2262 quo-

1161 2265 1243 2286 niam
1253 2255 1378 2301 difficile
1388 2258 1430 2289 est
1439 2260 1498 2289 hoc
1507 2271 1600 2302 genus
1620 2263 1825 2292 exornationis
1846 2264 1972 2293 inventu
1983 2283 1993 2296 ‚
2013 2263 2124 2293 diluci-

1161 2297 1235 2327 dum
1247 2297 1318 2329 eflct
1327 2319 1336 2333 ,
1348 2308 1380 2330 ut
1389 2320 1398 2335 ‚
1419 2300 1491 2331 cum
1502 2303 1579 2332 bene
1590 2302 1660 2333 esset
1670 2303 1863 2334 intelleskum
1875 2324 1883 2337 ‚
1902 2303 2019 2335 facilius
2030 2307 2061 2335 in
2074 2305 2121 2335 di-

1160 2340 1257 2370 cendo
1268 2343 1463 2373 inveniretur.

1161 2382 1258 2413 cendo
1268 2392 1324 2414 nos
1334 2385 1464 2426 aliquam
1475 2396 1539 2416 rem
1550 2395 1643 2418 totam
1655 2387 1764 2417 tradere
1777 2388 1808 2418 &
1819 2388 1980 2418 concedere
1991 2389 2117 2427 alicujus

1160 2425 1327 2458 voluntati,
1343 2425 1396 2457 sic:
1418 2427 1567 2468 Qoniam
1578 2432 1591 2456 5
1601 2429 1744 2459 omnibus
1754 2429 1841 2459 rebus
1853 2431 1977 2469 ereptis,
1991 2430 2121 2470 superest

1160 2468 1279 2497 animus
1292 2468 1324 2498 Sc
1333 2479 1451 2509 corpus,
1464 2472 1526 2500 haee
1535 2471 1605 2510 ipsa,
1618 2481 1683 2511 quae
1694 2472 1771 2500 mihi
1782 2470 1816 2500 de
1830 2471 1934 2501 multis
1946 2471 2005 2502 sola
2016 2471 2119 2503 reliista

1161 2509 1229 2539 sunt
1239 2529 1247 2542 ,
1268 2510 1355 2540 vobis
1368 2511 1510 2542 &vestrae
1522 2512 1664 2543 condono
1674 2511 1818 2552 potestati.
1841 2514 1904 2542 Vos
1915 2523 1963 2543 mc
1973 2534 1981 2547 ,
1995 2524 2056 2554 quo
2067 2524 2118 2555 pa-

1161 2550 1209 2581 &o
1220 2552 1307 2582 vobis
1318 2552 1476 2587 videbitur,
1488 2555 1626 2587 utamini,
1638 2563 1722 2594 atque
1733 2552 1748 2574 ⁶
1758 2554 2043 2589 abutaminiiicebit,
2057 2558 2115 2586 im-

1159 2592 1241 2633 pune
1253 2604 1258 2623 :
1270 2596 1302 2624 in
1313 2605 1373 2628 nie,
1384 2595 1526 2636 quicquid
1539 2596 1622 2629 libet,
1635 2595 1766 2626 statuite:
1787 2595 1888 2630 dicite,
1900 2606 1984 2638 atque
1996 2598 2115 2629 obtem,-

1158 2635 1274 2675 perabo.
1309 2639 1376 2667 Hoc
1395 2647 1488 2678 genus
1499 2636 1687 2675 tametsialias
1698 2647 1817 2679 quoque
1827 2648 2049 2680 nonnunquam
2061 2648 2118 2670 trai-

1159 2677 1301 2708 &andum
1313 2678 1355 2709 est
1366 2700 1373 2712 ‚
1396 2688 1495 2710 tamen
1505 2679 1540 2709 ad
1553 2679 1787 2710 misericordiam
1798 2681 2052 2712 commovendam
2064 2691 2117 2711 ve-

1157 2720 1380 2751 hementissime
1399 2720 1442 2751 est
1459 2721 1732 2751 accommodatum.
1775 2721 1932 2753 Dubitatio
1952 2722 1995 2753 est
2006 2743 2014 2756 ‚
2040 2722 2114 2754 cum

1156 2772 1285 2804 quaerere
1295 2763 1413 2794 videtui·
1424 2771 1537 2798 orator,
1551 2772 1652 2794 utrum
1663 2763 1699 2794 de
1710 2763 1791 2794 duob
1797 2773 1829 2795 us
1838 2766 1938 2805 potius
1949 2785 1957 2800 ‚
1980 2774 2030 2795 aut
2041 2765 2114 2806 quid

1999 2807 2033 2836 de
2046 2808 2114 2847 plu-

151 2847 2110 2864 m———ss—ss-——Q

188 2880 212 2897 1.
232 2875 260 2898 In
275 2878 384 2906 pate-lam
402 2876 524 2910 tujufinodi
537 2895 544 2907 ,
560 2876 627 2911 elya]
655 2876 681 2903 Si
693 2876 773 2903 libros
785 2877 885 2904 nostros
897 2877 953 2904 mss.
967 2877 1113 2913 sequimur,

149 2907 332 2947 voxaddenda
351 2911 385 2937 est
405 2921 455 2938 una
468 2931 476 2943 ,
494 2912 579 2939 altera
597 2912 800 2949 transponenda.
821 2913 889 2941 Pali.
900 2914 969 2941 enim
981 2923 1072 2942 omnes
1085 2915 1113 2941 δε

148 2943 234 2970 Bruil.
245 2944 294 2971 hoc
303 2945 380 2981 pasto
391 2957 397 2973 ε
410 2948 480 2974 smisso
489 2950 516 2974 in
521 2951 631 2981 patriam
642 2968 649 2980 ,
659 2950 710 2980 &a

186 2987 214 3005 2.
233 2981 279 3005 Imb
288 2983 399 3015 inmnffit
407 2984 493 3018 modo]
515 2985 536 3010 F
537 2986 598 3011 atui:
611 2984 675 3011 editi
687 2987 701 3011 a
713 2984 874 3021 Lambinofi
881 2987 1012 3019 immissa.

188 3022 214 3049 3.
233 3018 276 3056 ⁴<1st
286 3019 366 3050 eapust
375 3020 456 3052 iffim,
466 3020 534 3054 ἀγα]
555 3020 670 3057 Reposui
681 3021 748 3047 illud
759 3024 793 3054 ast
805 3023 911 3050 volente
922 3023 1009 3050 Palat.
1021 3022 1070 3049 sec.
1081 3031 1111 3050 ac

152 3047 238 3082 sexto,
248 3059 313 3078 item
323 3054 431 3080 Gembl.
441 3055 469 3081 &
481 3055 600 3083 Lilienfi.
624 3066 685 3083 nam
697 3057 754 3084 Pal.
767 3065 830 3085 tert.
841 3068 870 3085 ac
880 3060 967 3094 quint.
980 3066 1005 3085 tit
1015 3068 1054 3085 ea.

166 3118 172 3124 ,
187 3092 215 3116 4-
233 3088 300 3125 Qon'
307 3091 428 3128 tentribuni
437 3093 471 3116 rei
479 3092 590 3118 militaris
599 3094 764 3127 infrequentem
774 3095 951 3127 tradiderrtnr.]
974 3093 1108 3121 Emenda-

153 3124 192 3148 tio
201 3120 276 3158 hujus
288 3123 410 3154 leonata
419 3128 433 3154 ὲ
445 3126 503 3160 Pal.
513 3135 555 3163 pr.
564 3127 739 3165 alluduntque
750 3128 807 3159 fere
817 3132 898 3159 ceteri
911 3142 916 3159 :
939 3128 982 3158 sed
994 3130 1106 3159 totidem

1158 2879 1254 2905 literis.
1275 2880 1311 2906 its
1322 2889 1426 2914 quoque
1437 2887 1561 2915 concepta
1571 2879 1606 2905 est
1616 2879 1702 2906 isthmo
1712 2879 1792 2906 lcStio
1803 2881 1826 2907 in
1839 2882 1884 2906 ΒΓ.
1897 2880 1921 2906 in
1935 2879 2042 2905 Gembl.
2056 2880 2111 2906 Lis„

1156 2916 1219 2942 item
1232 2915 1311 2942 Fabr.
1323 2917 1349 2942 8<
1363 2915 1460 2942 Pei-fini
1470 2916 1497 2942 in
1508 2916 1576 2942 hunc
1586 2915 1657 2943 diem
1667 2916 1779 2952 legimus
1793 2936 1801 2949 ,
1811 2916 2062 2951 quodrmmxwafis12
2072 2919 2112 2943 ira-

1149 2953 1293 2987 ftz'qncmem
1303 2952 1420 2984 reddidisti
1425 2972 1429 2977 .

1193 2996 1218 3021 5.
1238 2989 1347 3013 Omnibus
1356 2989 1438 3021 erepti!
1450 3007 1457 3019 ,
1471 2988 1574 3022 stepercst
1583 3008 1591 3021 ‚
1609 2989 1676 3022 <ly-a]
1701 2989 1809 3015 Secutus
1822 2986 1875 3014 sum
1887 2987 1972 3015 Palat.
1983 2994 2071 3023 quart.
2082 2987 2112 3014 ἅτ

1154 3023 1220 3050 sext.
1232 3023 1324 3058 quibus
1336 3022 1457 3050 secundas
1468 3024 1579 3051 faciebat
1599 3025 1684 3051 Bruil.
1703 3024 1823 3052 additum
1842 3024 1967 3052 bacienus
1980 3043 1989 3057 ,
2007 3026 2113 3053 omnib-x..-

1152 3060 1312 3093 ereptisffilum
1324 3061 1379 3085 milii
1389 3060 1493 3093 ſtrpertst.
1513 3061 1589 3098 plane
1600 3060 1739 3097 superflue.

1186 3095 1213 3120 6.
1235 3097 1375 3123 Ahzimmim
1383 3097 1458 3124 licebit
1468 3098 1586 3133 ιἠιίνιιηὲ]
1616 3097 1673 3124 Pal.
1685 3104 1774 3134 quart.
1784 3096 1851 3126 sext.
1863 3095 1949 3125 Bruil.
1960 3095 2055 3124 liabent
2065 3097 2112 3121 im-

1146 3131 1239 3165 puniri·-

1582 3168 1606 3197 D
1627 3177 1646 3195 ι
2000 3174 2024 3194 1.
2033 3166 2115 3199 ,Qvo

2153 1044 2195 1079 28

1505 2343 1658 2375 Permissio
1668 2345 1729 2379 est,
1749 2344 1821 2375 cum
1833 2345 2020 2377 ostendimus
2030 2349 2062 2376 in
2073 2347 2119 2377 di·
2138 2346 2184 2381 29
