2302 3353
562 141 666 172 ,An
735 127 809 171 M.
856 126 1189 173 Enni-um
1256 127 1601 173 ORAToR.

125 211 199 256 Qua
209 209 366 254 tempestate
375 207 449 239 Paris
458 206 600 238 Helenam.
613 227 643 232 --
664 208 698 237 &
706 217 771 248 quae
782 207 953 247 sequuntur.
987 207 1090 237 Immo

123 255 198 286 ver-e>
209 254 260 285 ista
269 255 438 293 sequamur,
454 251 699 290 asperitatemque
709 251 861 289 tugiamus
872 267 880 281 ,
906 246 999 276 Habeo
1010 247 1092 283 istam

125 307 174 338 ego
200 295 414 333 erterricrepam.
429 309 459 315 --
481 291 639 332 Idemque,
653 290 862 331 Versutiloquas
871 289 1011 317 malitias.
1025 291 1092 318 Nec

124 339 227 370 solum
245 341 471 374 componentur
489 333 579 363 verba
596 335 711 363 ratione
723 352 732 366 ‚
751 332 799 361 sed
817 332 908 360 etiam
929 329 1091 362 finientur,

146 379 270 409 uoniam
291 375 324 405 id
339 374 491 414 judicium
513 372 570 404 esse
592 374 718 404 alterum
733 375 850 403 aurium
866 371 1011 402 diximus.
1036 370 1091 401 Sed

123 388 272 451 finiuntur
289 425 338 447 aut
357 414 575 455 compositione
595 416 674 456 ipsa,
697 416 730 446 &
772 412 830 444 uafi
840 414 888 444 sua
901 413 1003 452 sponte
1012 431 1022 446 ,
1043 421 1092 441 aut

121 459 252 502 quodam
261 468 367 500 genere
383 458 596 491 verborum,in
605 457 714 498 quibus
726 459 756 496 ip
769 466 794 485 is
802 456 990 485 concinnitas
1001 452 1087 484 inest:

123 511 190 544 quae
201 499 259 530 five
270 500 351 530 casus
360 499 512 529 habentin
534 500 618 529 exitu
633 497 775 532 fimileis,
797 495 856 527 five
875 495 993 536 paribus
1011 496 1090 535 paria

63 562 67 566 ‡
121 543 297 575 redduntur,
311 539 370 571 sive
379 549 577 580 opponuntur
586 542 731 570 contraria
741 560 749 574 ‚
760 540 860 579 suapte
870 546 970 568 natura
978 546 1087 566 nurne—

73 587 79 591 ”
100 588 107 622 j
123 585 189 618 rosa
198 584 264 614 sunt
277 603 286 617 ,
305 584 396 613 etiam
409 582 430 611 s1
442 582 521 612 nihil
531 581 573 612 est
581 581 696 612 faustum
709 581 745 611 de
755 579 909 611 industria.
942 581 979 609 In
998 578 1087 618 hujus

123 626 335 665 concinnitatis
345 623 568 654 contestatione
583 626 646 654 Gor
667 625 726 653 iarn
745 620 833 652 fuisse
852 622 1020 660 principem
1039 629 1087 649 ac-

122 669 259 708 cepimus
271 687 280 699 ‚
299 676 361 706 quo
370 666 406 695 de
413 676 519 707 genere
531 666 582 695 iila
597 675 638 695 no
667 675 696 694 ra
705 665 813 694 suntin
823 663 1004 692 Miloniana.
1023 664 1086 691 Est

123 719 216 744 mum
226 728 234 742 ‚
248 709 390 750 Jumcsss
403 727 412 741 ‚
431 708 494 737 haec
504 717 569 737 non
580 707 695 746 scripta,
708 705 758 735 sed
767 713 834 734 nata
842 704 892 733 lex
904 714 909 732 :
920 713 1010 744 quam
1021 712 1085 732 non

123 750 298 792 didicimu5‚
310 749 489 789 accepimus,
501 749 630 790 legimus
641 757 651 781 5
666 745 775 776 verum
787 756 825 776 ex
835 754 936 775 natura
946 745 1006 784 ipsa
1014 745 1086 774 arri-

123 795 246 836 puimus
260 811 268 824 ‚
280 790 429 822 hausimus
438 810 447 824 ‚
459 788 651 829 expreffimus
663 799 669 818 :
688 788 722 818 ad
733 797 824 828 quam
835 797 901 816 non
910 785 993 816 dosii
1004 805 1012 819 ,
1036 784 1085 816 sed

123 833 214 873 ᾖ3ἃ1ε
236 843 301 863 non
319 831 466 865 instituti,
487 830 535 861 sed
553 831 667 860 imbuti
686 830 798 860 sumus.
831 831 904 858 Haec
922 829 1007 858 enim
1018 827 1086 857 talia

125 878 206 910 sunt,
217 884 259 909 ut,
271 876 338 915 quia
347 873 513 903 referuntur
520 872 554 903 ad
564 882 611 905 ea,
620 872 655 901 ad
665 882 729 912 quae
740 871 850 901 debent
860 869 962 900 referri
973 888 980 903 ‚
993 868 1086 899 intel-

126 919 254 960 ligamus
263 926 328 945 non
337 913 493 956 quaesitum
503 912 560 944 esse
569 923 734 943 numerum
745 933 754 946 ‚
766 912 815 942 sed
825 912 970 942 secutum.
993 909 1084 953 Qod

127 959 161 996 fit
179 961 251 989 item
270 959 303 987 in
321 957 474 986 contrariis
488 955 670 985 referendis:
688 964 721 984 ut
732 954 782 984 illa
792 954 879 987 sunt,
901 953 1009 993 quibus
1020 962 1085 982 non

124 1000 221 1039 modo
229 998 388 1029 numerosa
395 999 489 1028 oratio
499 1017 508 1031 ,
533 997 580 1027 sed
590 998 681 1026 etiam
691 996 792 1026 versus
802 994 931 1025 efficitur
942 1014 951 1028 ‚

145 1045 221 1072 Eam
232 1062 240 1075 ,
258 1051 346 1082 quam
370 1039 444 1068 nihil
457 1040 587 1080 accusas,
608 1039 734 1068 damnat.
759 1036 916 1067 condemna»
933 1056 942 1071 ,
965 1035 1087 1070 diceret,

125 1086 178 1126 qui
187 1083 307 1120 versum
317 1080 445 1124 effugere
455 1082 554 1112 vellet.

129 1140 132 1142 -
166 1128 237 1155 Bene
245 1135 334 1166 quam
344 1124 475 1153 meritam
485 1123 533 1161 effe
540 1131 676 1153 autumas
686 1143 694 1158 ,
711 1122 775 1152 dicis
785 1120 858 1151 maffi-
868 1120 966 1151 mereri

169 1167 205 1196 Id
213 1187 221 1200 ‚
231 1166 373 1208 ‘quods'cu
384 1186 392 1198 ,
408 1164 512 1206 prodest
520 1166 611 1194 m'ln'l:
632 1165 662 1194 id
670 1185 678 1198 ‚
698 1165 772 1206 quod
781 1164 860 1204 nescis
869 1184 878 1196 ,
899 1161 979 1199 obest.

127 1210 255 1249 Versum
265 1206 357 1239 efficit
366 1208 427 1247 ipsa
435 1208 539 1237 relatio
550 1209 770 1237 contrariorum
780 1227 789 1241 ,
811 1205 840 1235 id
852 1203 923 1235 ess‘et
931 1207 966 1234 in
976 1203 1088 1234 oratio-

127 1261 166 1284 ne
176 1250 387 1282 numerosum,
400 1247 555 1289 Qodfiis,
563 1247 742 1290 nihilprodest
750 1259 761 1274 .·
778 1247 855 1289 quod
862 1247 949 1286 nescir,
961 1245 1088 1274 multum

64 1311 113 1343 50
127 1294 215 1327 obes‘t'.
247 1298 369 1334 Semper
377 1294 440 1323 haec
450 1314 459 1327 ‚
481 1303 547 1334 quae
558 1295 653 1323 Graeci
666 1290 801 1322 οἱνι-ιθεπι
813 1300 992 1324 nominant,
1016 1288 1088 1320 cum
1108 1298 1110 1307 ⁴

129 1339 287 1370 contrariis
297 1344 491 1375 opponuntur
499 1338 644 1365 contraria
653 1355 667 1368 ,
682 1344 845 1364 numerum
857 1335 1023 1363 oratorium
1034 1341 1089 1360 ne-

129 1378 254 1411 cessitate
272 1378 332 1418 ipsa
346 1375 481 1406 efficiunt
490 1397 499 1410 ,
520 1377 553 1406 ὃ(
562 1386 634 1406 eum
643 1375 703 1405 fine
715 1374 867 1405 industria.
902 1376 970 1404 Hoc
982 1383 1091 1414 genere

130 1422 258 1462 antiqui,
267 1421 329 1459 jam
338 1427 406 1448 ante
414 1418 575 1448 Isocratem
585 1417 1000 1450 delectabantur‚&maxime
1013 1417 1093 1444 Gor-

130 1465 192 1506 gias
203 1473 209 1491 2
237 1462 284 1500 cuj
289 1470 321 1491 us
339 1462 373 1490 in
391 1461 526 1490 oratione
543 1460 720 1500 plerumque
739 1457 831 1489 efficit
849 1467 1012 1488 numerum
1032 1456 1093 1496 ipsa

129 1505 328 1536 concinnitas.
351 1504 417 1532 Nos
435 1503 528 1531 etiam
545 1504 579 1531 in
595 1502 654 1531 hoc
676 1511 783 1542 genere
791 1500 962 1542 frequentes
973 1519 982 1533 ‚
1000 1507 1033 1528 ut
1043 1498 1094 1527 illa

129 1547 243 1578 ,suntin
253 1553 356 1586 quarto
366 1543 573 1576 accusationis,
596 1542 774 1573 CONFERTE
791 1551 886 1572 HANG
906 1550 1011 1581 pacem
1022 1549 1092 1570 curn

129 1589 189 1619 illo
198 1587 280 1619 bello
291 1597 296 1615 :
315 1585 402 1625 hujus
412 1586 544 1625 praetoris
554 1584 718 1615 adventum
730 1604 739 1618 ,
760 1594 831 1615 curn
841 1584 923 1613 illius
932 1584 1093 1622 imperato-

129 1632 174 1670 ris
182 1629 324 1660 viEkoria:
346 1627 397 1667 huj
401 1637 434 1657 us
444 1628 600 1657 cohortem
610 1628 774 1667 impuram,
787 1636 858 1655 curn
868 1625 950 1654 illius
960 1624 1094 1654 exercitu

130 1671 268 1704 ,invidkoz
284 1670 379 1709 hujus.
391 1668 556 1702 libidines,
571 1678 642 1699 curn
660 1668 744 1698 illius
754 1669 958 1698 continentia:
978 1665 1014 1696 ab
1025 1665 1092 1699 illo,

128 1715 188 1756 qui
197 1713 276 1753 cepit
284 1731 293 1746 ,
305 1710 458 1742 conditas:
474 1710 510 1741 ab
520 1712 579 1741 hoc
589 1731 597 1744 ‚
609 1712 662 1751 qui
672 1708 846 1740 constitutas
856 1710 966 1749 accepit
976 1728 985 1742 ,
997 1716 1093 1747 captas

135 1757 238 1786 dicetis
249 1753 409 1794 Syracusas.
431 1755 441 1772 ¹
456 1755 534 1793 Ergo
554 1753 588 1782 &
603 1753 636 1782 hi
650 1753 771 1782 numeri
780 1750 966 1792 sintcogniti.
990 1752 1093 1779 Genus

127 1796 212 1828 *illud
232 1797 353 1826 tertium
361 1794 526 1835 explicetur
534 1813 542 1828 ‚
561 1793 646 1835 quale
655 1792 690 1824 fit
698 1814 707 1828 ‚
726 1793 895 1823 numerosae
905 1793 937 1822 ὃς
945 1800 1016 1832 aptae
1029 1800 1094 1821 ora-

114 1838 118 1844 ’
128 1839 239 1870 tionis.
249 1836 329 1879 quod
338 1839 391 1877 qui
401 1846 466 1866 non
476 1836 621 1870 sentiunt,
629 1845 701 1877 quas
709 1836 804 1866 aureis
813 1835 950 1868 habeant,
962 1843 1011 1863 aut
1019 1832 1093 1873 quid

134 1882 170 1911 in
179 1881 226 1910 his
233 1880 370 1909 hominis
379 1876 476 1907 simile
485 1876 519 1907 sit
530 1898 538 1911 ‚
549 1878 663 1909 nescio.
694 1879 772 1907 Meae
782 1876 906 1918 quidem
919 1876 951 1906 &
959 1873 1093 1915 perfecto

128 1921 348 1961 completoque
357 1919 519 1949 verborum
529 1919 642 1950 ambitu
651 1918 781 1959 gaudent
790 1938 798 1952 ,
818 1918 851 1948 &
860 1926 940 1948 curta
949 1917 1092 1949 sentiunt,

135 1973 193 1994 nec
201 1970 302 1993 amant
311 1960 516 1990 redundantia.
547 1960 630 2001 Qid
645 1961 714 1989 dico
734 1962 836 1989 meas?
854 1958 1002 1988 concioneis
1018 1958 1093 1997 saepe

136 2004 302 2035 exclamare
311 2001 386 2035 vidi,
397 1999 469 2030 cum
479 2000 544 2040 apte
553 2001 644 2031 verba
651 1999 833 2031 cecidissent.
854 2000 885 2030 id
895 2002 979 2029 enim
989 2000 1094 2038 exspe-

137 2046 220 2076 &ant
227 2053 308 2074 aures
319 2063 328 2077 ,
349 2052 382 2072 ut
390 2042 490 2073 verbis
498 2043 678 2083 colligentur
687 2043 848 2072 sententiae.
882 2044 958 2072 Non
966 2049 1026 2070 erat
1035 2042 1094 2070 hoc

135 2087 213 2127 apud
223 2087 378 2126 antiquos,
407 2087 445 2114 Et
453 2083 576 2124 quidem
587 2084 666 2114 nihil
675 2083 756 2113 aliud
766 2083 828 2113 fere
848 2093 913 2113 non
931 2092 1000 2112 erat.
1022 2092 1093 2112 nam

134 2132 151 2149 ²
161 2129 194 2159 &
204 2127 293 2158 verba
301 2125 450 2168 eligebant
459 2145 468 2159 ,
481 2125 514 2155 &
524 2126 683 2156 sententias
692 2127 805 2166 graveis
815 2145 823 2159 ,
841 2125 874 2155 &
885 2125 999 2155 suaveis
1010 2134 1093 2163 repe-

128 2171 250 2202 .riebant
261 2189 269 2203 ,
286 2168 335 2199 sed
346 2177 392 2197 eas
401 2176 450 2197 aut
458 2167 630 2197 vinciebant
640 2187 647 2200 ‚
660 2176 708 2196 aut
715 2167 876 2206 explebant
885 2176 999 2206 parum.
1023 2167 1092 2195 Hoc

135 2223 187 2244 me
196 2212 294 2252 ipsum
304 2207 448 2242 delestat,
467 2210 620 2249 inquiunt.
653 2208 734 2249 Qid
746 2207 766 2237 sl
776 2206 974 2248 antiquiffima
983 2207 1034 2236 1113
1044 2207 1094 2248 pi-

129 2253 217 2283 stura
225 2261 388 2293 paucorum
398 2250 536 2281 colorum
548 2269 556 2283 ,
575 2251 669 2290 magis
680 2270 688 2283 ,
713 2249 802 2290 quam
812 2251 875 2279 haec
880 2249 943 2289 jam
953 2247 1092 2288 perfecta,

135 2294 283 2327 dele&et?
301 2293 354 2323 illa
365 2292 453 2322 nobis
464 2290 498 2322 sit
508 2311 517 2325 ,
529 2291 619 2322 credo
630 2312 638 2325 ,
658 2291 817 2332 repetenda
829 2302 835 2320 :
854 2292 917 2321 haec
927 2290 1039 2320 scilicet
1047 2300 1093 2319 re-

135 2335 295 2378 pudianda.
318 2333 508 2364 Nominibus
526 2342 663 2363 veterum
680 2335 856 2374 gloriantur.
897 2334 1016 2362 HABET
1041 2341 1093 2361 au-

129 2388 199 2410 tem
209 2398 219 2412 ‚
241 2379 315 2408 utin
325 2375 456 2406 aetatibus
465 2374 673 2405 austoritatem
684 2373 820 2404 seneStus
830 2395 839 2408 ‚
856 2372 893 2404 fic
901 2376 934 2403 in
944 2373 1093 2412 exemplis

131 2421 309 2461 antiquitas:
333 2427 399 2458 quae
416 2417 539 2457 quidem
557 2416 633 2456 apud
651 2426 701 2447 me
714 2416 814 2456 ipsum
823 2415 900 2446 valet
908 2412 1090 2455 plurimum.

133 2472 192 2496 nec
200 2467 255 2503 ego
264 2460 307 2493 id,
317 2459 399 2500 quod
410 2457 490 2488 deest
500 2460 679 2498 antiquitati,
691 2456 791 2498 flagito
802 2460 912 2497 potius,
923 2456 1016 2498 quam
1028 2457 1091 2486 lau-

131 2503 185 2542 do,
194 2502 276 2544 quod
285 2501 343 2532 est:
360 2501 522 2542 praesertim
532 2498 604 2530 cum
614 2510 647 2529 ea
659 2499 925 2539 majorajudicem,
936 2509 1001 2539 quae
1013 2499 1090 2531 sunt,

134 2545 226 2587 quam
237 2544 289 2574 illa
299 2565 307 2577 ‚
319 2553 384 2584 qux
395 2542 509 2572 desunt.
533 2542 602 2572 Plus
613 2540 656 2571 est
664 2551 747 2570 enim
758 2543 789 2570 in
800 2541 899 2571 verbis
910 2561 918 2574 ,
938 2542 1013 2570 &in
1025 2540 1091 2569 sen-

135 2588 238 2618 tentiis
254 2586 326 2616 boni
338 2605 346 2619 ‚
366 2584 475 2625 quibus
492 2583 540 2613 illi
558 2584 710 2613 excellunt
720 2602 729 2616 ,
756 2582 848 2623 quam
858 2584 890 2611 in
901 2580 1093 2612 conclufione

56 2619 58 2621 Ι
73 2640 95 2672 5
103 2639 117 2666 1
135 2629 350 2660 sententiarum
361 2645 369 2660 ,
389 2635 479 2666 quam
489 2634 555 2654 non
563 2625 685 2655 habent.
730 2623 799 2654 Post
810 2626 933 2653 inventa
942 2621 1093 2653 conclusio

132 2669 180 2707 ,est
189 2689 203 2704 ,,
210 2679 268 2710 qua
276 2668 365 2699 credo
376 2668 479 2697 usuros
486 2676 599 2696 veteres
609 2667 677 2696 illos
687 2664 775 2695 fuiffe
785 2686 794 2699 ,
806 2664 826 2694 sl
834 2667 896 2704 jam
908 2674 979 2695 nota
988 2684 996 2698 ,
1007 2673 1093 2705 atque

134 2712 269 2751 usurpata
275 2720 323 2740 res
331 2707 402 2739 effer
414 2720 419 2738 :
438 2719 496 2749 qua
504 2717 638 2741 inventa,
649 2707 848 2737 omneisusos
860 2715 983 2747 magnos
995 2715 1093 2736 orato-

135 2762 182 2786 res
190 2752 340 2782 videmus.
363 2750 418 2781 Sed
429 2750 517 2780 habet
526 2759 642 2779 nomen
652 2749 799 2779 invidiam
811 2769 820 2782 ,
831 2747 902 2779 cum
915 2752 947 2778 in
957 2749 1093 2778 oratione

131 2797 266 2839 judiciali
284 2797 317 2827 &
333 2793 443 2826 forensi
461 2804 605 2825 numerus
615 2793 722 2824 Latine
731 2814 739 2828 ‚
763 2794 866 2823 Graece
886 2788 991 2831 ῥυθμός
1000 2790 1092 2822 inesse

135 2839 255 2873 dicitur.
278 2839 382 2868 Nimis
399 2838 484 2867 enim
504 2837 668 2877 infidiarum
684 2836 721 2867 ad
739 2835 895 2876 capiendas
905 2836 999 2865 aureis
1008 2833 1094 2864 adhi-

1997 132 2097 187 165

1139 212 1202 242 beri
1221 212 1340 243 videtur
1350 232 1359 246 ‚
1383 211 1404 242 fi
1421 213 1511 243 etiam
1527 213 1560 243 in
1579 210 1709 242 dicendo
1719 210 1839 245 nfflneri
1847 208 1884 240 ab
1893 218 2007 241 oratore
2017 220 2097 251 quae-

1137 263 1250 284 runtur.
1282 257 1352 284 Hoc
1361 254 1429 284 freti
1438 253 1589 294 isti&ipsi
1599 252 1740 286 infrafih,
1766 252 2096 292 &amputataloquun-

1136 304 1201 328 tur,
1221 296 1253 325 &
1264 306 1314 325 eos
1325 298 1511 336 vituperant,
1528 298 1582 337 qui
1599 304 1663 336 apta
1674 315 1684 328 ,
1706 295 1738 324 &
1750 292 1834 324 finita
1842 295 2050 334 pronuntiant.
2073 292 2095 323 fi

1135 337 1276 366 inanibus
1286 337 1396 370 verbis,
1407 338 1580 378 levibusque
1590 337 1746 368 sententiis
1757 347 1762 365 .’
1769 337 1846 376 jure.
1870 333 1912 365 sm
1923 335 2023 375 prob-ae
2035 345 2093 368 res,

1133 376 1209 407 le&a
1218 377 1307 408 verba
1318 389 1323 407 ;
1343 379 1416 419 quid
1426 378 1469 409 est
1480 383 1492 406 3
1503 390 1554 410 cur
1563 379 1697 410 claudere
1707 398 1716 412 ,
1728 375 1914 409 autinsistere
1925 378 2094 413 orationem

1135 419 1243 464 malint
1251 438 1259 452 ‚
1281 419 1370 459 qultm
1380 430 1450 450 cum
1461 421 1604 451 sententia
1613 422 1720 461 pariter
1729 421 1904 450 excurrere?
1928 420 1988 449 Hic
2006 420 2093 448 enim

1133 459 1300 489 invidiosus
1311 471 1455 491 numerus
1465 463 1543 492 nihil
1554 461 1637 492 affert
1646 460 1725 492 aliud
1737 481 1748 495 2
1766 459 1823 491 nisi
1832 469 1864 490 ut
1874 459 1908 490 sit
1918 460 1982 500 apte
1994 460 2094 490 verbis

1132 501 1347 540 comprehensa
1357 502 1515 533 sententia:
1534 504 1614 544 quod
1628 502 1660 534 fit
1669 505 1758 533 etiam
1769 503 1806 533 ab
1816 504 1957 542 antiquis,
1971 501 2019 532 sed
2027 501 2093 541 ple-

1132 551 1261 582 rumque
1272 542 1349 575 casu>
1362 543 1434 582 saepe
1445 553 1561 574 natura:
1588 545 1620 575 δε
1630 555 1693 586 quae
1703 544 1789 574 valde
1798 543 1955 575 laudantur
1964 544 2041 582 apud
2054 543 2092 572 il—

1131 583 1188 616 los,
1201 593 1233 613 ea
1242 582 1316 616 fere,
1327 586 1396 623 quia
1406 585 1472 614 sunt
1483 587 1628 619 conclusa,
1640 587 1802 616 laudantur.
1834 588 1872 615 Et
1882 584 1958 624 apud
1969 587 2092 615 Graecos

1131 624 1256 665 quidem
1264 625 1326 663 jam
1335 627 1406 654 anni
1417 627 1508 664 prope
1520 628 1726 669 quadringenti
1738 629 1803 659 sunt
1815 647 1823 661 -,
1832 626 1974 658 6111111106
1984 626 2090 668 proba-

1132 675 1195 700 tur,
1208 676 1264 696 nos
1275 676 1368 706 nuper
1377 670 1566 707 agnovimus.
1590 672 1667 710 Ergo
1679 671 1780 700 Ennio
1789 670 1876 701 licuit
1885 689 1893 704 ,
1907 678 2008 699 vetera
2017 678 2090 700 con*

1132 709 1282 738 temnenti
1290 707 1387 737 dicere
1399 718 1404 737 :

1173 747 1294 790 Verssbn'
1305 769 1313 782 ,
1335 759 1403 789 quos
1411 749 1479 778 olim
1490 751 1582 780 Fauni
1594 772 1601 784 ,
1621 753 1753 792 vatesque
1765 751 1897 781 ciznec'um⁴
1905 763 1917 780 :

1130 792 1209 821 mihi
1218 791 1256 821 de
1265 793 1396 831 antiquis
1414 791 1522 821 eodem
1540 793 1634 823 modo
1645 804 1707 823 non
1719 794 1818 824 licebit
1827 814 1835 827 ,
1848 794 2006 834 praesertim
2015 792 2087 824 cum

1131 832 1265 862 diEturus
1274 842 1338 862 non
1348 831 1402 862 sim
1414 853 1423 865 ,
1443 836 1625 868 winteknnc,
1640 854 1668 858 --
1691 844 1723 864 ut
1734 835 1783 863 ille
1797 846 1802 863 :
1822 846 1876 865 nec
1886 846 1949 875 quae
1962 836 2089 875 sequun-

1129 883 1194 907 tur,
1213 877 1274 903 Nos
1282 874 1344 914 ausi
1352 875 1475 913 refirare.
1489 893 1519 898 --
1537 877 1594 916 legi
1604 879 1686 906 enim
1699 896 1707 909 2
1728 876 1886 916 audivique
1908 878 2086 910 nonnullos,

1128 925 1259 958 quorum
1270 916 1492 961 propemodum
1502 917 1634 947 absolute
1647 918 1872 947 concluderetur
1883 921 1987 947 oratio.
1998 919 2087 958 szd

1129 960 1182 1000 qui
1200 968 1265 988 non
1281 956 1403 998 poliunt
1414 978 1421 990 ‚
1441 968 1505 988 non
1522 958 1565 989 est
1583 962 1624 989 eis
1636 960 1702 990 satis
1713 969 1777 988 non
1787 961 1960 992 contemni,
1981 959 2090 989 laudari

1129 1003 1220 1030 etiam
1237 1001 1354 1030 volunt.
1389 1002 1453 1041 Ego
1464 1009 1563 1030 autem
1573 1001 1641 1030 11105
1652 1002 1730 1041 ipsos
1741 1000 1828 1030 laudo
1840 1020 1847 1033 ‚
1865 1000 1954 1040 idque
1965 1000 2087 1034 merito,

1129 1052 1261 1083 quorum
1272 1041 1530 1072 &illuminatores
1541 1041 1598 1072 esst
1607 1042 1722 1076 dieunt,
1738 1040 1789 1072 etsi
1800 1045 1832 1072 in
1843 1044 1885 1071 eis
1895 1041 2007 1081 aliquid
2019 1040 2093 1071 desi—-

1133 1085 1205 1114 dero
1218 1095 1223 1113 :
1243 1085 1298 1113 hos
1307 1082 1379 1113 verb
1391 1083 1533 1117 minime,
1547 1086 1596 1124 qui
1608 1085 1685 1114 nihil
1697 1085 1820 1113 illorum
1833 1103 1840 1116 ‚
1851 1081 1905 1112 nisi
1916 1092 2036 1116 vitium,
2049 1084 2093 1113 s:—

1132 1134 1276 1166 quuntur,
1288 1123 1361 1155 cum
1372 1124 1388 1155 a
1401 1125 1487 1155 bonis
1498 1124 1591 1155 absint
1601 1124 1778 1166 longiffirne.
1793 1124 1882 1166 Qod
1894 1122 1914 1153 si
1923 1126 2017 1153 aureis
2027 1134 2089 1154 tam

1132 1168 1331 1201 inhumanas,
1351 1175 1471 1207 tamque
1487 1166 1621 1207 agresteis
1639 1167 1770 1201 habent,
1796 1177 1833 1196 ne
1851 1164 2092 1196 doeiiffiineruiu

1131 1209 1255 1250 quidem
1275 1210 1411 1238 virorum
1429 1218 1480 1238 eos
1501 1209 1639 1238 movebit
1657 1208 1834 1238 aut-storias?
1856 1209 1973 1237 Omitto
1984 1208 2093 1237 Isocra-

1132 1261 1205 1284 tem,
1218 1250 1437 1291 discipulosque
1447 1251 1512 1289 ejus
1521 1271 1530 1284 ,
1542 1252 1697 1290 Ephorum
1707 1271 1715 1283 ,
1727 1250 1759 1280 ὅ(
1772 1253 1949 1280 Naucratem
1962 1259 1966 1277 :
1986 1259 2092 1289 quam·

1133 1302 1225 1334 quam
1235 1294 1380 1322 orationis
1390 1292 1533 1322 iacienda:
1543 1312 1550 1325 ,
1564 1293 1596 1322 &
1605 1293 1745 1322 ornandae
1753 1291 1886 1322 austores
1899 1288 2091 1330 locupletiffi'-

1134 1335 1364 1374 mi‚summique
1373 1332 1427 1373 ipsi
1438 1333 1638 1368 orarores,essk
1648 1334 1783 1364 debeant.
1805 1332 1861 1363 Sed
1872 1333 1939 1373 quis
1949 1334 2092 1362 omnium

1135 1376 1266 1409 doetior,
1278 1379 1344 1417 quis
1355 1377 1478 1409 acutior,
1490 1378 1556 1416 quis
1566 1379 1596 1405 in
1609 1376 1694 1405 rebus
1705 1376 1753 1405 vel
1765 1374 1956 1404 inveniendis
1967 1394 1976 1407 ‚
1987 1374 2035 1403 vel
2047 1375 2094 1411 ju-

1135 1417 1269 1448 dicandis
1287 1419 1382 1447 acrior
1392 1417 1549 1447 Aristotele
1557 1417 1617 1447 fuit
1628 1420 1635 1446 ἕ
1655 1422 1673 1444 4
1684 1420 1750 1458 quis
1759 1415 1849 1456 porro
1861 1416 1979 1446 Isocrati
1991 1414 2033 1445 est
2043 1415 2096 1447 ad-

1134 1461 1264 1490 versatus
1293 1458 1456 1499 impensius
1475 1461 1484 1487 ?
1513 1462 1542 1489 Is
1569 1461 1657 1499 igitur
1676 1459 1794 1489 versum
1813 1459 1846 1488 in
1864 1459 1998 1487 oratione
2017 1465 2095 1487 vetat

1137 1500 1214 1536 effe,
1236 1510 1399 1532 numerum
1416 1500 1511 1540 jubet.
1544 1502 1615 1540 Ejus
1635 1500 1752 1531 auditor
1762 1498 1970 1532 Theodelstes,
1991 1500 2023 1527 111
2033 1501 2094 1538 pri-

1138 1545 1216 1577 mis,
1239 1552 1273 1573 ut
1291 1541 1480 1582 (Aristoteles
1499 1543 1572 1582 saepe
1591 1541 1743 1583 fignificat)-
1758 1542 1869 1581 politus
1885 1540 2025 1580 scriptor,
2053 1550 2095 1570 31-

1137 1596 1195 1626 que
1205 1584 1329 1618 artifex,
1349 1585 1407 1614 hoc
1425 1583 1508 1614 idem
1528 1585 1561 1614 86
1581 1585 1685 1618 sentit,
1703 1584 1735 1613 &
1751 1584 1892 1623 praecipit.
1922 1582 2097 1622 Theophra-

1139 1627 1199 1657 stus
1218 1636 1291 1657 vero
1301 1647 1310 1661 ‚
1333 1625 1440 1656 iisdem
1459 1625 1495 1656 de
1514 1626 1601 1655 rebus
1620 1628 1710 1656 etiam
1727 1627 1899 1656 accuratius.
1930 1625 2006 1665 Qis
2026 1633 2096 1663 ergo

1138 1669 1211 1700 istos
1227 1668 1300 1699 ferat
1309 1688 1318 1702 ‚
1348 1670 1401 1709 qui
1420 1669 1475 1698 hos
1495 1666 1629 1698 au&ores
1649 1677 1713 1697 non
1731 1668 1859 1707 probent
1876 1669 1887 1695 ?
1916 1665 1972 1695 nisi
1992 1668 2099 1695 omni-

1139 1722 1180 1742 no
1190 1712 1254 1741 haec
1264 1708 1321 1741 effe
1331 1710 1367 1740 ab
1377 1711 1422 1739 his
1432 1719 1574 1750 praecepta
1583 1709 1729 1740 nesciunt.
1761 1708 1851 1749 Quod
1862 1706 1883 1737 fi
1891 1709 1931 1737 ita
1940 1707 1982 1737 est
1992 1728 2008 1740 ‚.
2027 1711 2097 1745 (nec

1137 1752 1209 1784 vero
1225 1754 1310 1783 aliter
1327 1751 1484 1792 existimo)
1505 1755 1574 1793 quia
1590 1750 1642 1792 ipsi
1660 1752 1717 1782 suis
1737 1750 1866 1781 sensibus
1883 1759 1949 1779 non
1969 1758 2098 1779 moven-

1136 1805 1184 1826 tur
1204 1806 1211 1825 ;
1240 1794 1358 1824 nihilne
1380 1795 1422 1823 eis
1441 1796 1529 1824 inane
1547 1794 1687 1824 videtur?
1709 1793 1787 1822 nihil
1806 1791 1997 1822 inconditum
2017 1811 2025 1824 ‚
2049 1791 2098 1820 ni-

1138 1837 1182 1867 hil
1199 1845 1339 1869 curtum,
1359 1836 1439 1865 nihil
1456 1835 1622 1866 claudicans
1633 1855 1642 1870 ,
1662 1835 1741 1865 nihil
1759 1833 1947 1864 redundans?
1975 1835 2012 1862 In
2030 1842 2097 1861 ver-

1137 1880 1170 1909 su
1182 1878 1326 1920 quidem,
1351 1881 1364 1905 5
1373 1878 1480 1907 theatra
1502 1886 1561 1907 tota
1580 1876 1769 1909 exclamant,
1798 1874 1819 1904 si
1835 1874 1894 1904 fuit
1912 1884 1970 1904 una
1987 1873 2096 1914 syllaba

1136 1929 1185 1950 aut
1195 1921 1331 1953 brevior,
1342 1927 1392 1949 aut
1402 1919 1531 1959 longior.
1555 1921 1588 1948 N
1589 1929 1622 1948 ec
1631 1916 1703 1947 verb
1714 1916 1879 1946 multitudo
1888 1915 1977 1955 pedes
1987 1917 2073 1945 novit
2083 1935 2095 1948 ,

1138 1972 1193 1992 nec
1203 1961 1282 1992 ullos
1291 1970 1435 1990 numeros
1448 1969 1528 1990 tenet
1539 1970 1544 1988 :
1555 1970 1611 1989 nec
1622 1959 1696 1989 illud
1707 1957 1809 1999 ‚quod
1821 1955 1961 1990 offendit,
1971 1965 2092 1988 auteur,

1135 2004 1230 2033 autin
1238 2012 1299 2043 quo
1309 2000 1461 2034 offendat,
1470 2002 1627 2042 intelligit:
1651 2001 1683 2030 δε
1697 2009 1797 2030 tamen
1807 2000 1949 2028 omnium
1960 1999 2094 2038 longitu—

1135 2045 1243 2075 dinum
1254 2065 1263 2077 ,
1280 2043 1312 2073 &
1324 2043 1503 2073 brevitatum
1513 2044 1546 2072 in
1557 2044 1636 2072 sonis
1648 2063 1656 2075 ‚
1671 2040 1740 2072 sicut
1749 2049 1900 2071 acutarum
1912 2059 1920 2072 ‚
1941 2042 2092 2081 gravium-

1135 2097 1194 2128 que
1203 2095 1315 2116 vocum
1326 2105 1336 2118 ,
1354 2084 1504 2124 judicium
1515 2084 1576 2123 ipsa
1586 2092 1688 2112 natura
1699 2085 1731 2113 in
1747 2082 1864 2113 auribus
1876 2080 1984 2111 nostris
1995 2080 2093 2110 coilo-

1135 2130 1227 2159 cavit>
1254 2127 1347 2156 Visne
1360 2127 1448 2167 igitur
1458 2145 1467 2159 ‚
1490 2128 1576 2155 Brute
1587 2146 1602 2158 ‚⁴
1618 2134 1717 2155 toturn
1728 2126 1808 2154 hunc
1818 2124 1919 2153 locum
1929 2120 2090 2153 accuratius
2112 2132 2132 2163 5
2140 2133 2160 2157 2

1136 2172 1226 2200 etiam
1238 2168 1423 2208 explicemus
1433 2186 1442 2201 ‚
1461 2167 1550 2207 quam
1562 2168 1607 2196 illi
1618 2164 1670 2206 ipsi
1681 2187 1689 2200 ‚
1701 2169 1753 2207 qui
1764 2166 1866 2195 &haec
1875 2184 1884 2197 ,
1896 2164 1929 2193 &
1938 2164 1994 2193 alia
2002 2163 2093 2193 nobis

1136 2211 1339 2241 tradiderunt?
1357 2212 1406 2239 An
1416 2210 1462 2238 his
1476 2211 1611 2238 contenti
1620 2207 1678 2238 esse
1688 2228 1697 2242 ‚
1716 2218 1781 2249 quae
1792 2207 1828 2237 ab
1845 2206 1906 2235 illis
1917 2205 1996 2235 dieta
2006 2205 2072 2235 sunt
2083 2224 2092 2238 ‚

1135 2251 1312 2293 possumus?
1330 2250 1384 2281 Sed
1396 2250 1467 2291 quid
1478 2260 1577 2290 quaero
1589 2270 1597 2283 ,
1607 2250 1736 2280 velisne:
1757 2247 1828 2279 cum
1839 2247 1943 2277 litteris
1955 2248 2011 2276 tuis
2027 2256 2095 2276 eru-

1125 2291 1277 2325 ,ditiffime
1289 2293 1412 2332 scriptis,
1427 2301 1454 2322 te
1464 2292 1495 2321 id
1506 2292 1553 2321 vel
1564 2291 1697 2321 maxime
1710 2291 1787 2321 velle
1798 2290 1998 2331 perspexerim
2010 2291 2020 2317 ?
2030 2291 2094 2319 Pri-

1137 2334 1225 2365 mum
1236 2344 1304 2375 ergo
1315 2336 1399 2375 origo
1408 2353 1416 2367 ,
1430 2333 1538 2363 deinde
1550 2334 1632 2363 causa
1640 2353 1648 2367 ,
1661 2332 1728 2373 post
1736 2341 1838 2362 natura
1847 2350 1855 2365 ,
1876 2340 1940 2360 tum
1950 2329 1985 2360 ad
1996 2338 2095 2359 exue-

1137 2387 1225 2407 mum
1235 2377 1303 2407 usus
1313 2376 1373 2415 ipse
1384 2375 1549 2414 explicetur
1558 2377 1703 2405 orationis
1714 2383 1786 2414 aptae
1794 2393 1802 2407 ,
1814 2381 1899 2413 atque
1911 2371 2098 2401 numerosaei

1138 2422 1218 2449 Nam
1228 2420 1280 2459 qui
1290 2417 1593 2448 Isocratem-maxime
1606 2418 1766 2449 mirantur,
1779 2416 1880 2444 hocin
1890 2413 1953 2452 ejus
1964 2413 2093 2442 summis

1136 2460 1275 2491 laudibus
1290 2459 1408 2492 ferunt,
1430 2456 1512 2499 quod
1522 2458 1619 2488 verbis
1637 2458 1741 2488 solutis
1756 2464 1898 2486 numeros
1917 2455 2031 2494 primus
2042 2453 2094 2483 ad-

1134 2504 1284 2543 junxerit.
1304 2501 1383 2531 Cum
1395 2503 1478 2530 enim
1489 2500 1618 2533 videret,
1631 2508 1759 2529 oratores
1769 2507 1839 2527 cum
1849 2497 1998 2527 severitate
2009 2494 2094 2525 audi-
2113 2532 2116 2537 Ι

1136 2546 1161 2574 ri
1172 2564 1182 2577 ‚
1201 2544 1303 2583 po'e'tas
1319 2551 1419 2572 autern
1431 2551 1500 2570 cum
1512 2542 1677 2580 voluptate:
1696 2549 1762 2570 tum
1772 2539 1880 2569 dicitur
1889 2546 2033 2567 numeros
2050 2536 2094 2566 se*

1136 2595 1221 2616 cutus
1234 2606 1243 2618 ,
1255 2584 1363 2625 quibus
1373 2585 1463 2613 etiam
1474 2584 1505 2611 in
1516 2585 1650 2611 oratione
1661 2590 1812 2611 uteremur
1821 2599 1830 2613 ‚
1842 2578 1913 2609 cum
1924 2577 2095 2617 jucundita-

1136 2629 1173 2657 tis
1185 2627 1267 2656 causa
1277 2646 1286 2659 ,
1304 2635 1369 2655 turn
1381 2633 1414 2654 ut
1424 2624 1548 2653 varietas
1557 2632 1721 2655 occurreret
1738 2623 1869 2652 satietati.
1888 2619 1991 2661 ,Qiod
2001 2620 2035 2649 ab
2046 2620 2093 2648 his

1136 2668 1207 2698 vere
1217 2667 1342 2709 quadam
1353 2676 1390 2695 ex
1400 2674 1490 2705 parte,
1502 2675 1566 2694 non
1577 2674 1686 2697 totum,
1701 2664 1821 2694 dicitur.
1844 2665 1924 2692 Nam
1934 2664 2093 2691 neminem

1136 2712 1169 2739 in
1179 2719 1216 2739 eo
1225 2718 1332 2750 genere
1342 2708 1482 2738 scientius
1493 2706 1640 2736 versatum
1651 2707 1773 2736 liberate
1783 2726 1791 2739 ‚
1812 2703 2020 2735 confitendum
2032 2701 2075 2732 est
2087 2712 2095 2730 2

1139 2751 1188 2781 sed
1209 2753 1345 2791 princeps
1355 2747 1533 2778 inveniendi
1543 2747 1600 2778 fuit
1610 2748 1849 2787 Thrasymachus
1862 2758 1866 2774 ;
1887 2747 1932 2785 cuj
1939 2755 1970 2774 us
1990 2753 2093 2774 omnia

1137 2795 1233 2822 nimis
1249 2794 1342 2822 etiam
1360 2788 1476 2820 exstant
1494 2790 1597 2829 scripta
1612 2788 1788 2819 numerose.
1821 2790 1900 2817 Nini
1915 2807 1922 2819 ,
1939 2795 1983 2824 (ut
1993 2786 2095 2825 paullo

1137 2834 1205 2865 ante
1224 2833 1311 2874 dixi)
1329 2834 1408 2873 paria
1426 2831 1545 2872 paribus
1563 2831 1608 2872 adj
1614 2830 1702 2861 un&a
1716 2850 1726 2865 ,
1747 2831 1781 2860 ὃς
1798 2828 1934 2859 similiter
1953 2829 1987 2858 de
1993 2826 2076 2857 tinita
2086 2846 2095 2860 ,

2007 2877 2098 2898 item-

135 2985 138 2988 ⁴
175 2985 200 3003 1.
219 2982 278 3011 Ergo
287 2977 349 3007 &hi
357 2977 504 3009 numcrifint
515 2977 608 3008 cogniti.
628 2973 785 3007 Gema-„21ch
798 2974 841 2998 Sir:
851 2972 906 2999 fere
917 2972 984 2999 Pau.
996 2980 1099 2998 omne-S.

136 3015 209 3039 terti:
220 3013 286 3045 nulli
297 3011 439 3047 agnoscunt
449 3010 517 3037 illud
531 3010 604 3037 retro
619 3009 754 3044 vulgatum
767 3028 775 3041 ‚
785 3012 868 3042 cogniti
884 3011 955 3034 etiam
967 3008 982 3034 ii
993 3008 1100 3034 Latinis.

138 3050 226 3084 Gemit.
245 3049 397 3084 qua-,liquet
407 3046 457 3073 ess'e
472 3049 485 3073 a
497 3046 589 3082 glossa.

176 3091 205 3109 2.
224 3088 257 3110 Et
265 3085 341 3109 verba
349 3083 488 3117 eligebant]
502 3082 559 3109 l’al.
569 3091 611 3117 pr.
622 3079 672 3106 sec.
683 3079 756 3108 Pith.
767 3081 910 3114 fftngebam.
929 3075 1098 3115 quod'tamen

141 3119 197 3145 nori
205 3119 284 3146 ausim
297 3119 379 3154 sequi.

177 3161 206 3190 3.
224 3157 273 3183 Cur
281 3151 412 3189 clauder‘e.]
425 3151 540 3182 Coaetus
551 3152 607 3181 sum
619 3151 690 3189 stqui
701 3151 880 3189 Palatinarum
891 3149 1102 3188 membranarum

1144 2970 1266 3001 chorum,
1276 2969 1369 3005 quibus
1380 2967 1513 2993 :recinebat
1524 2967 1596 2994 Pith.
1614 2967 1722 3002 vulgata
1732 2967 1875 2992 claudicare.

1179 3013 1207 3038 4.
1228 3007 1285 3038 Qis
1295 3005 1394 3037 merati*
1409 3005 1444 3029 ef!
1461 3004 1604 3037 adversatur
1620 3003 1766 3037 impensius]
1788 3002 1923 3028 Convenit
1936 3000 2002 3027 istud
2016 2999 2107 3035 magis

1145 3050 1225 3077 quam
1236 3040 1360 3067 haeftenus
1374 3039 1510 3074 vulgatum
1520 3041 1640 3074 infcrfim,
1651 3038 1732 3065 eduxi
1742 3046 1829 3064 autem
1840 3040 1854 3063 L:
1865 3037 1978 3063 tenebris
1992 3036 2047 3062 l'al.
2059 3045 2100 3071 pr.

1144 3086 1172 3104 ac
1183 3076 1232 3102 sec.
1244 3086 1327 3110 neque
1338 3075 1416 3101 aliter
1427 3083 1482 3101 erat
1493 3075 1518 3101 in
1530 3075 1599 3101 libro
1611 3075 1682 3100 Petri
1696 3074 1798 3100 l‘itluei.

1184 3122 1209 3145 5.
1228 3114 1331 3138 'Theatra
1348 3118 1397 3136 tota
1415 3111 1574 3145 exclamant]
1597 3110 1739 3136 Lambinus
1755 3108 1900 3135 arbitratur
1911 3105 2099 3135 restituendum

1146 3150 1286 3175 reclamant.
1306 3156 1357 3175 uon
1369 3154 1434 3185 puto
1444 3146 1543 3185 nsccise
1554 3156 1562 3180 5
1575 3146 1650 3173 libris
1662 3156 1713 3173 nou
1725 3144 1916 3174 addicentibus.

1608 3182 1634 3211 X
1656 3189 1678 3217 3v
2009 3175 2095 3210 l-Qi
