2360 3400
680 50 1114 100 Conso

167 147 236 180 quae
254 136 459 169 Gracchorum
472 131 552 165 soror
562 129 620 163 fuit
631 151 641 167 ,
662 129 869 162 interfeekores
881 130 975 164 effent
985 132 1122 164 immisi'i.

169 179 296 211 Metello
315 186 414 207 autem
438 175 608 206 Numidico
619 193 627 206 ‚
647 174 776 204 homine
790 176 934 205 omnium
946 173 1120 209 clarissimo,

168 217 449 260 acpraestantiffimo
462 238 470 252 ,
482 216 553 257 quid
566 215 703 246 miserius
720 218 730 244 Ρ
749 218 812 255 qui,
826 225 862 245 ne
872 217 905 246 in
917 217 1012 256 legem
1023 219 1120 257 perni-

166 262 281 293 ciosam
293 262 400 299 juraret
409 280 418 293 ,
430 262 462 289 in
474 257 615 289 exsilium
626 257 707 287 abire
719 254 894 287 fitcoaems.
916 257 1010 288 fateor
1021 257 1121 298 profe*

139 313 141 315 ’
160 301 238 336 sto,
255 304 334 332 inter
351 303 456 332 omnia
470 298 697 341 exfiliigenera‚
716 307 804 338 atque
815 308 922 329 omnes
933 300 1119 330 miseriarum

162 344 262 376 causas
279 345 415 374 maxime
439 341 593 372 honestam
614 340 774 370 Numidici
791 338 1099 371 fuifl'efflnditionem
1114 351 1119 370 :

146 388 214 417 'cui
234 386 385 426 probitas,
407 386 578 425 integritas,
600 384 633 412 iri
655 382 778 420 patriam
800 382 920 415 caritas,
944 383 1119 416 calamitatis

159 428 280 459 ‘causam
301 428 450 457 attulerit:
470 427 519 455 sed
541 433 642 454 tamen
659 424 814 453 fatendum
835 422 895 457 est,
919 422 1118 464 gravissimam
1141 457 1143 466 Ι

162 467 250 500 fuiffe
261 470 459 499 calamitatem
471 487 480 500 ‚
491 467 564 506 pelli
574 466 674 505 patria,
688 464 778 494 avelli
789 463 805 495 a
815 464 872 494 suis
884 485 893 498 ,
910 465 1060 495 bonorum
1074 465 1120 495 di-

163 513 333 551 reptionem
347 531 356 543 ,
371 511 535 540 liberorum
547 505 606 537 sive
617 505 792 536 moestitiam
803 525 812 539 ‚
825 505 884 535 sive
894 517 1059 537 aerumnarn
1072 509 1120 537 vi·

163 553 232 583 dere
244 564 249 581 :
262 555 305 582 M.
316 553 483 593 Regulum,
497 551 532 580 C.
544 550 727 582 Marium‚L-
740 549 923 582 Brutum‚0b
934 548 1117 579 liberandam

163 596 287 634 patriam
308 593 501 624 interfe&um
522 612 531 626 ‚
548 600 701 632 praetereo.
726 590 824 619 nolim
836 609 845 622 ,
867 593 899 620 in
925 591 962 620 iis
979 600 1118 621 comme-

162 636 320 666 morandis
342 638 456 665 nimius
472 634 586 666 videri,
603 641 734 672 quorum
745 634 845 663 exitus
857 641 949 662 nemo
960 631 1020 666 est,
1041 635 1118 673 quin

162 687 201 707 ex
211 678 296 707 libris
307 697 315 710 ,
329 675 512 717 imaginibus
522 695 530 708 ‚
544 674 623 704 fama
632 674 762 713 denique
771 674 883 713 vulgaii
895 674 957 712 jam
968 674 1118 704 didicerit.

184 728 227 748 uae
238 719 309 748 cum
322 719 416 748 multa
428 737 437 750 ‚
459 718 651 755 maximeque
660 724 758 755 gravia
769 713 824 744 smt
836 734 844 748 ‚
854 714 1062 754 gravissimum
1075 725 1118 745 ta-

162 770 236 790 men
255 760 330 789 illud
342 759 430 789 debet
440 759 553 791 videri,
574 756 655 797 quod
667 758 792 786 liomiiie
801 758 978 787 ambitionis
989 758 1120 787 vinculis

161 803 280 832 irretito
293 821 302 835 ,
326 805 438 842 quique
457 802 473 830 ὲ
499 799 691 839 popularibus
713 796 860 838 suffragiis
880 807 961 828 totus
978 799 1115 839 pendeat,

160 843 241 874 nihil
261 844 386 884 usquam
406 842 560 872 infelicius
577 841 699 879 reperiri
715 839 820 879 potest.
841 849 968 880 quantus
989 843 1068 870 ineo
1080 843 1116 871 ti·

159 894 231 916 mor
242 905 250 918 ,
264 893 371 925 quanta
381 884 530 914 dubitatio
540 893 549 915 3
560 890 686 922 quantus
695 890 821 910 conatus
832 901 841 913 ‚
852 891 961 921 quanta
971 883 1116 912 sollicitu-
1136 895 1140 930 J

159 926 223 956 do?
247 935 280 957 ut
290 926 404 956 nullam
419 925 488 954 illia
499 922 638 953 molestia
646 932 767 953 vacuam
777 921 833 955 esse
844 924 947 953 horam
960 943 969 957 ,
981 933 1044 954 non
1054 927 1116 954 im-
1136 931 1139 963 ᾖ

158 966 272 998 merito
281 967 418 1007 suspicari
426 964 581 1006 possimus.
591 974 664 994 nam
675 962 695 993 si
706 965 859 995 servientis
869 975 902 995 ea
912 964 954 995 est
965 966 1116 999 conditio,

159 1018 193 1040 ut
201 1019 239 1039 ex
252 1010 319 1046 eius
333 1029 342 1042 ,
363 1011 412 1039 cui
425 1009 525 1040 servit,
538 1006 694 1039 moribus,
716 1006 869 1036 voluntate
882 1026 891 1040 ‚
912 1009 1114 1047 ingeniopto-

157 1054 255 1092 priam
266 1045 318 1081 fibi
328 1051 480 1081 fortunam
491 1047 581 1090 fingat
594 1058 599 1077 z
610 1050 663 1088 qui
671 1048 785 1088 populo
796 1049 912 1081 serviet,
923 1049 1023 1081 avido,
1038 1051 1116 1079 invi-

159 1092 201 1124 do
212 1113 220 1127 ‚
245 1095 347 1134 ignaro
365 1113 373 1126 ,
383 1093 418 1122 ad
430 1100 632 1121 mutationem
643 1090 771 1129 proclivi
785 1109 794 1123 ‚
805 1090 839 1119 ὅς
848 1108 857 1122 ,
871 1090 953 1130 quod
963 1100 1049 1130 caput
1060 1090 1113 1125 est,

157 1136 276 1176 ingrato
287 1155 297 1168 ,
317 1144 392 1164 num
413 1133 576 1174 aliquando
599 1131 700 1161 beatus
716 1142 727 1160 t
736 1130 773 1161 {l'e
791 1134 924 1171 poterit?
943 1142 980 1163 an
998 1135 1114 1172 potius,

157 1179 277 1216 quoties
285 1176 322 1207 de
333 1179 396 1215 ejus
407 1185 507 1206 natura
518 1173 662 1214 cogitabit
670 1192 678 1207 ,
699 1175 788 1203 toties
800 1172 878 1204 suam
892 1173 954 1213 ipse
964 1175 1114 1205 calamita-

158 1227 220 1248 tem
232 1238 240 1252 ,
259 1228 291 1249 ac
300 1218 452 1248 fortunam
461 1218 681 1256 conqueretur?
701 1214 836 1254 praeclare}
848 1224 933 1245 vetus
942 1217 1033 1247 Poeta
1045 1226 1050 1246 :

251 1262 380 1289 eAEtemo
393 1259 519 1288 mixtam
530 1255 610 1286 iustu
619 1255 786 1285 mortalibus
800 1258 896 1285 vitam

252 1303 330 1330 oiim
338 1300 482 1337 constituit
490 1298 593 1329 divium
598 1306 680 1340 pater
690 1318 698 1331 ‚
709 1306 796 1340 atque
804 1299 948 1334 bominum
957 1302 1028 1329 Rex.

154 1345 257 1384 Itaque
270 1344 415 1385 quamdiu
428 1344 480 1373 hac
490 1343 556 1372 luce
567 1344 682 1370 utimur
695 1360 704 1373 ,
717 1350 819 1370 vivere
827 1341 950 1381 quidem
963 1342 1112 1376 videmur,
1133 1335 1137 1392 ί

155 1385 207 1416 sed
218 1386 318 1415 verius
337 1384 448 1416 affidue
470 1386 639 1415 morimur,
660 1382 821 1412 autsaltem
833 1391 926 1412 vitam
942 1384 1034 1413 verbo
1042 1387 1112 1414 reti-

154 1436 284 1460 nemus,
305 1437 336 1456 re
358 1426 417 1466 ipsa
435 1423 600 1455 amisimus.
624 1423 776 1464 Equidem
796 1433 860 1453 non
869 1424 960 1454 video
975 1426 1066 1466 ,quid
1079 1428 1112 1456 in

153 1469 292 1498 hominis
301 1470 361 1498 vita
370 1467 455 1497 valde
465 1465 632 1506 optandum
643 1484 652 1498 ,
662 1474 712 1494 aut
721 1463 797 1494 felix
807 1463 864 1494 effe
872 1465 972 1504 possit.
998 1467 1112 1497 multos

151 1512 252 1549 potius
263 1530 272 1543 ‚
283 1520 320 1539 ne
330 1513 361 1539 in
373 1509 484 1547 majora
494 1527 503 1540 ,
522 1507 613 1548 quam
623 1515 689 1546 qua:
699 1507 830 1535 humana
840 1507 1024 1537 consuetudo
1035 1519 1112 1549 quo-

144 1550 226 1581 tidie
234 1550 290 1580 fert
300 1571 309 1585 ‚
333 1549 587 1581 malainciderent
597 1567 606 1580 ‚
627 1556 758 1578 mortem
769 1545 820 1577 sibi
831 1547 932 1578 dedita
941 1558 1029 1588 opera
1037 1559 1112 1580 con—

151 1591 268 1623 scivisse
278 1593 352 1623 scio.
375 1592 456 1633 quod
475 1600 574 1621 tamen
586 1599 652 1619 non
663 1591 768 1619 iccirco
778 1587 896 1619 dietum
908 1590 1001 1633 velim
1013 1610 1022 1625 ‚
1041 1593 1110 1632 quiri

150 1634 339 1674 probandum
360 1643 462 1674 putem
476 1643 482 1662 ;
504 1632 552 1662 sed
564 1651 573 1666 ,
595 1641 627 1661 ut
640 1640 679 1661 ex
692 1640 729 1660 co
738 1640 872 1671 appareat
881 1650 890 1664 ,
908 1632 1041 1663 humana
1053 1635 1112 1663 vita

151 1676 242 1716 quam
255 1676 361 1705 multis
371 1675 503 1715 undique
512 1681 662 1713 prematur
673 1670 908 1702 difficultatibus.
928 1675 1111 1705 Cleomenes

151 1717 455 1748 Lacedaemoniorum
467 1718 536 1746 Rex
547 1734 556 1749 ,
576 1714 698 1754 ejusque
708 1712 789 1743 filius
799 1733 808 1747 ,
823 1723 921 1744 morte
933 1715 1010 1745 ultro
1021 1726 1109 1756 appe-

154 1767 206 1789 tita
218 1770 222 1774 ’
237 1768 376 1798 praeterea
385 1760 562 1798 Theagenes
570 1757 792 1788 Numantinus,
803 1757 867 1796 qui,
879 1765 917 1786 ne
927 1758 959 1786 in
972 1756 1104 1787 hostium

150 1810 260 1831 manus
279 1803 396 1831 veniret
405 1821 414 1834 ‚
435 1799 572 1840 primum
592 1798 650 1828 suis
660 1816 669 1830 ‚
690 1796 802 1827 deinde
823 1795 876 1827 fibi
898 1797 950 1838 ipsi
974 1808 1105 1829 mortem

149 1844 250 1873 attulit
259 1862 268 1876 ,
289 1852 471 1883 quantopere
484 1842 544 1872 vita
554 1838 697 1881 fugienda
706 1837 758 1872 fit,
781 1839 849 1869 satis
860 1839 1000 1871 videntur
1009 1841 1107 1880 aperte

150 1882 317 1914 declarafi'e.
341 1887 383 1914 Ac
396 1883 452 1914 nifi
462 1892 544 1923 turpe
555 1882 690 1913 videatur
699 1900 708 1914 ‚
729 1881 871 1911 homines
880 1881 896 1911 ὲ
907 1882 1108 1917 mulierculis,

151 1926 252 1957 multo
264 1926 344 1957 certe
360 1924 614 1956 imbecillioribus
625 1943 633 1957 ‚
652 1922 840 1953 fortitudinis
851 1924 988 1964 exempla
997 1934 1106 1964 petere,

147 1977 317 2007 repetamus
325 1977 364 1998 ex
374 1967 508 1998 historiis
516 1965 689 1997 Asdrubalis
701 1974 827 1995 uxorem
837 1965 932 1999 illam,
947 1975 1023 2006 quae,
1038 1969 1106 1997 Car-

147 2011 270 2051 thagine
289 2011 321 2040 in
341 2009 476 2040 hostium
495 2007 669 2049 potestatem
680 2005 794 2036 redacta
805 2025 814 2040 ,
833 2006 963 2047 seipsam
974 2018 1044 2038 cum
1055 2010 1108 2038 tri-

148 2051 205 2082 bus
217 2050 290 2082 tiliis
305 2053 338 2082 in
356 2050 567 2092 conflagrantis
584 2051 683 2090 patriae
704 2047 880 2078 incendium
889 2047 1026 2080 immifit.
1048 2049 1106 2080 Sed

146 2101 253 2133 praeter
266 2095 330 2124 haec
341 2113 351 2127 ,
372 2103 439 2135 quae
458 2103 520 2132 iam
531 2091 630 2122 testata
644 2091 731 2122 sunt,
751 2089 918 2121 &illustria
930 2111 939 2124 ‚
959 2090 1104 2122 fateamur

147 2135 216 2166 stne
227 2135 356 2177 ingenue
368 2155 377 2169 ,
398 2144 508 2165 tantam
528 2132 586 2164 esse
602 2134 742 2163 humana:
761 2141 871 2162 naturae
882 2133 1032 2164 miseriam
1043 2153 1051 2167 ,
1075 2144 1106 2164 ut

147 2185 247 2217 neque
265 2187 360 2219 genus
381 2177 480 2216 ipsum
505 2177 669 2206 hominum
682 2193 691 2208 ,
716 2183 771 2204 nec
782 2177 798 2203 e
809 2182 874 2204 toto
881 2184 988 2215 genere
998 2174 1104 2216 singuli

145 2219 335 2249 miseriarum
346 2228 480 2259 expertes
490 2217 547 2248 effe
557 2215 677 2258 poffint.
688 2215 769 2256 quod
780 2225 816 2246 eo
829 2225 921 2256 magis
931 2219 1103 2248 mirandum

145 2259 212 2294 est,
230 2259 312 2301 qubd
333 2270 398 2291 non
416 2263 453 2290 iis
472 2260 571 2290 solum
591 2259 697 2290 malis,
718 2258 828 2298 quibus
850 2258 986 2288 hominis
1000 2268 1103 2290 natura

145 2301 261 2333 assidue
269 2301 411 2344 affligitur
421 2322 430 2336 ,
450 2302 527 2332 maia
536 2300 635 2331 nostra
644 2301 808 2340 praescripta
817 2299 899 2330 sunt:
913 2300 961 2330 sed
973 2299 1024 2341 ipsi
1034 2310 1101 2335 ους,

142 2352 289 2385 quantum
316 2347 348 2374 in
372 2345 460 2375 nobis
469 2343 512 2374 est
523 2363 532 2378 ,
551 2344 721 2373 miseriores
731 2341 867 2382 quotidie
878 2341 997 2372 reddere
1011 2353 1101 2373 cona-

123 2394 125 2396 ·
143 2394 225 2416 mur.
249 2386 370 2416 nullum
381 2387 465 2416 enim
476 2385 557 2416 aliud
568 2387 601 2415 in
609 2393 671 2414 toto
685 2392 831 2414 terrarum
845 2383 917 2413 orbe
933 2393 1026 2425 genus
1036 2386 1101 2415 ani-

142 2429 295 2458 mantium
309 2430 434 2468 reperias
444 2447 453 2461 ,
470 2436 575 2467 praeter
586 2436 681 2456 unum
694 2426 853 2455 hominem
866 2445 874 2458 ‚
894 2425 976 2466 quod
987 2428 1019 2456 in
1031 2435 1101 2466 pro-

139 2471 244 2510 prium
261 2479 375 2510 genus,
396 2478 482 2510 atque
504 2470 536 2498 in
553 2469 581 2499 se
597 2467 695 2508 ipsum
708 2467 851 2497 saevitiam
861 2474 994 2498 exerceat
1004 2468 1097 2498 iiiam.

139 2513 311 2551 meritoque
332 2511 525 2541 Dicaearchus
542 2512 575 2540 in
585 2519 622 2539 eo
632 2509 712 2539 libro
722 2529 731 2543 ,
748 2518 840 2549 quem
851 2508 888 2538 de
899 2510 1035 2539 hominis
1050 2512 1098 2539 in-

140 2554 230 2582 teritu
240 2552 429 2582 luculentum
443 2572 452 2586 ,
477 2552 510 2583 &
523 2552 674 2582 eruditum
688 2548 861 2590 conscripsit
872 2570 880 2583 ,
901 2551 981 2580 nihil
992 2551 1099 2582 habere

139 2593 339 2624 dubitationis
357 2595 491 2633 putavit,
516 2595 591 2633 quin
606 2593 704 2622 multo
715 2593 815 2632 plures
826 2591 966 2622 exstinffi
977 2591 1031 2623 sint
1042 2594 1097 2623 ho-

139 2637 241 2665 mines
258 2635 319 2675 ipsa
337 2637 501 2665 hominurn
514 2636 641 2667 saevitia‚
666 2634 698 2664 &
711 2634 868 2664 acerbitate
879 2653 888 2667 ,
907 2636 998 2675 quam
1009 2638 1096 2664 omni

137 2678 257 2718 reliquo
283 2687 391 2719 genere
411 2678 596 2708 calamitatis.
626 2685 702 2706 tanta
720 2675 762 2706 est
785 2678 870 2705 enim
891 2678 921 2706 in
942 2677 1097 2716 permultis

136 2721 257 2749 avaritia
266 2739 274 2753 ‚
289 2728 405 2749 tantum
417 2719 607 2752 ambitionis,
619 2719 750 2758 imperii,
761 2718 937 2748 divitiarum
949 2718 1095 2752 studium,

136 2769 171 2791 ut
189 2761 344 2800 explendae
366 2760 536 2800 cupiditatis
553 2762 643 2801 gratia
654 2758 793 2789 nibilsibi
806 2769 868 2789 non
880 2759 968 2790 licere
981 2770 1093 2800 putent.

134 2811 223 2843 atque
239 2804 297 2832 hoc
317 2803 431 2832 malum
451 2812 514 2832 non
531 2803 593 2842 jam
611 2800 742 2842 angustis
764 2800 875 2831 finibus
885 2800 1089 2842 compressum

133 2845 277 2875 videmus
289 2864 298 2878 ,
312 2844 360 2874 sed
371 2844 572 2884 superioribus
583 2844 689 2874 seculis
698 2841 823 2883 erupiss‘e
832 2844 1027 2874 veliementer
1038 2863 1046 2877 ‚
1058 2844 1092 2873 &

133 2884 265 2916 manaffe
282 2887 380 2916 latius.
402 2896 466 2916 non
490 2888 573 2916 enirn
592 2894 708 2916 certum
718 2885 848 2925 aliquem
860 2885 1024 2915 hominum
1035 2895 1089 2915 nii-

133 2936 255 2958 merum
267 2947 276 2962 ,
295 2929 345 2959 sed
356 2938 387 2958 re
410 2938 446 2959 na
456 2929 518 2968 ipsa
529 2948 537 2962 ‚
558 2928 591 2958 &
603 2936 678 2957 totas
688 2927 814 2967 petsaepe
825 2925 962 2957 funditus
975 2926 1092 2957 sustulit

130 2970 278 3000 civitates.
302 2973 342 3000 At
352 2990 361 3003 ,
381 2939 449 3000 fiad
460 2969 591 3010 singulos
606 2970 747 2999 homines
757 2988 766 3001 ,
786 2978 851 3009 quae
864 2972 1004 3008 proxima
1015 2971 1092 3000 ratio

129 3009 174 3041 est
187 3030 196 3044 ,
209 3020 347 3042 mentem
359 3032 368 3045 ‚
378 3013 655 3052 cogitationemque
667 3013 850 3040 converteris
863 3029 871 3042 ,
884 3019 921 3040 ne
932 3013 963 3040 in
975 3013 1013 3040 iis
1023 3012 1091 3052 qui-

123 3051 199 3084 dem
211 3053 381 3096 quidquam
391 3055 522 3095 reperies
531 3073 541 3090 ,
561 3053 643 3094 quod
656 3053 740 3086 valde
752 3061 884 3094 appetere
895 3071 904 3087 ‚
923 3061 975 3085 aut
985 3061 1093 3093 appio-

1185 64 1629 99 LArto.
2008 71 2125 121 1293

1168 133 1236 163 bare
1248 131 1350 175 possis.
1374 132 1453 174 finge
1464 134 1548 164 enim
1561 134 1668 165 animo
1676 133 1824 177 quidquid
1835 136 1957 167 homini
1966 135 2044 169 felix
2056 157 2065 170 ‚
2078 147 2128 170 aut

1168 175 1286 205 beatum
1297 185 1335 206 ex
1347 177 1494 215 opinione
1503 175 1614 217 vulgari
1628 175 1717 216 poss'it
1727 179 1758 208 in
1775 179 1833 208 vita
1843 180 2028 220 contingere.
2048 188 2128 210 con-

1165 225 1302 258 gerantur
1311 216 1423 247 divruae
1436 236 1445 249 ,
1457 216 1535 247 bona
1548 218 1684 248 valitudo
1695 238 1703 252 ‚
1715 220 1857 254 honores,
1868 224 2011 260 potentia.
2030 223 2122 252 etiam

1167 258 1334 298 voluptates
1353 259 1500 289 accedant.
1521 258 1592 290 cum
1606 261 1667 290 haec
1685 263 1788 291 omnia
1799 263 1831 292 in
1842 263 2001 293 hominem
2013 264 2123 294 cbntu-

1144 316 1145 320 =
1166 299 1253 333 letis,
1272 300 1351 330 nihil
1371 309 1472 330 tamen
1496 300 1633 331 tribueris
1655 300 1759 332 stabile
1772 322 1780 335 ‚
1799 313 1848 333 aur
1858 302 2003 338 firmum,
2029 303 2120 338 nihil,

1163 341 1245 380 quod
1259 351 1321 371 non
1333 343 1533 382 repentinam,
1545 341 1728 374 &assiduam
1738 346 1794 384 pati
1806 348 2006 376 mutationem
2017 343 2119 386 pofi'it.

1141 377 1144 408 ἶ
1165 383 1272 412 caduca
1281 385 1363 413 enim
1375 402 1383 416 ,
1406 383 1438 412 δι’
1451 385 1559 414 incerta
1568 384 1636 414 sunt
1648 388 1763 419 omnia,
1777 396 1840 417 non
1851 397 1883 417 in
1895 389 2035 419 humanis
2045 397 2120 418 con-

1164 422 1235 453 filiis
1251 443 1259 456 ‚
1270 434 1319 454 aut
1329 424 1444 454 viribus
1456 424 1555 464 posita,
1568 426 1615 456 sed
1627 428 1659 456 in
1671 425 1798 458 fortunae
1811 431 1985 462 temeritate,
1996 440 2028 460 ac
2041 439 2120 460 tem-

1163 475 1270 505 porum
1296 464 1498 497 vicissitudine
1515 466 1684 497 constsscuta.
1707 469 1781 510 quid
1801 479 1900 500 autem
1924 472 2045 501 bomini
2057 481 2122 502 tm·-

1161 516 1228 547 pius
1239 527 1246 540 ‚
1266 508 1358 547 quim
1377 508 1394 537 ὁ
1413 511 1557 547 tempori:
1569 530 1576 542 ,
1592 518 1625 539 ac
1641 508 1769 540 fortunae
1784 521 1952 543 mutatione
1974 512 2116 553 pendere,

1162 549 1194 579 &
1209 548 1431 579 sccizndoiilius
1441 548 1510 579 flatu
1523 550 1669 582 sublevari
1682 564 1691 585 ‚·
1709 550 1813 582 reflatu
1833 553 1961 594 deprimi
1977 575 1985 588 ,
1998 556 2029 585 ὃ(
2041 553 2120 586 affli-

1159 592 1210 629 gi?
1231 599 1280 620 aut
1302 592 1376 620 iaetis
1391 600 1489 621 rerum
1501 594 1617 622 eventis
1629 593 1768 632 gloriari,
1786 594 1910 626 adver-fis
1923 598 2020 637 lugere
2032 617 2040 629 ‚
2061 607 2118 628 nec

1159 632 1298 671 lacrymis
1318 641 1480 671 temperare
1498 632 1578 673 poffe
1591 638 1601 652 ²
1618 634 1690 674 quid
1713 637 1776 674 jam
1798 636 1908 667 intersit
1927 641 2004 668 inter
2015 639 2119 668 horni-

1162 682 1231 702 nem
1245 693 1253 707 ‚
1266 682 1439 712 mutamque
1450 675 1595 713 pecudem
1609 695 1617 707 ,
1639 673 1657 704 fi
1671 686 1728 707 nos
1738 678 1861 717 perinde
1871 688 1955 720 atque
1967 680 2017 710 illa
2029 699 2038 713 2
2049 682 2119 720 qui-

1137 700 1142 744 l
1160 715 1215 745 bus
1232 717 1380 745 rationem
1403 726 1503 746 satura
1523 718 1697 757 denegavit,
1719 720 1902 751 extrinsecus
1921 723 1977 751 tori
1986 724 2118 761 pendea-

1161 766 1231 786 mus
1249 776 1259 790 ,
1279 759 1312 786 in
1332 757 1421 787 noim
1440 756 1507 797 ipfis
1526 759 1604 788 nihil
1619 758 1825 795 fortitudinis,
1847 763 1925 792 nihil
1954 761 2117 796 firmitatis.

1160 798 1240 828 nihil
1260 799 1420 828 habeamus
1438 798 1611 829 constantia:
1626 803 1635 828 ?
1658 804 1796 841 quamvis
1816 806 1901 834 enim
1915 805 2113 836 homininon

1137 842 1140 856 ¹
1160 849 1265 873 mater,
1277 839 1324 870 sed
1336 839 1435 870 verius
1446 850 1573 872 noverca
1586 851 1687 872 natura
1698 853 1805 884 corpus
1815 844 1928 885 fragile,
1939 845 2118 877 infirmum—

1157 891 1216 921 que
1230 881 1401 915 tradiderit,
1414 884 1553 913 animum
1565 893 1665 913 autem
1677 884 1710 914 ὃς
1720 887 1754 915 in
1764 887 1913 917 molestiis
1921 891 2048 918 anxium
2059 908 2068 922 ,
2080 888 2115 919 δε

1161 934 1193 953 in
1213 925 1322 953 timore
1343 924 1492 954 humilem
1503 944 1511 958 ,
1534 924 1611 955 &ad
1626 926 1741 957 labores
1754 929 1896 959 mollem:
1913 930 2061 969 plurimos
2071 939 2116 960 ta-

1136 965 1139 1002 l
1160 974 1232 995 men
1244 965 1971 1011 insevitdivinosingenii,judiciiqueigniculos,
1985 981 2115 1012 quorum

1158 1007 1273 1036 auxilio
1285 1006 1316 1036 ἃ
1326 1017 1396 1036 cum
1408 1007 1512 1038 dolore
1523 1008 1627 1038 luetati
1641 1029 1649 1043 ‚
1660 1009 1692 1040 &
1704 1012 1808 1041 timori
1818 1011 1958 1044 obsistere
1972 1033 1981 1047 ,
1998 1013 2116 1044 labores

1159 1048 1231 1078 vero
1252 1058 1360 1078 omnes
1378 1049 1464 1079 nullo
1476 1051 1598 1091 negotio
1611 1053 1729 1081 vincere
1741 1073 1749 1085 ‚
1770 1063 1802 1084 ac
1811 1053 1941 1093 perferre
1949 1053 2116 1095 possemus.

1158 1092 1255 1131 itaque
1274 1090 1422 1120 tributum
1441 1091 1589 1121 divinitus
1610 1094 1721 1123 mentis
1742 1097 1864 1134 ignem,
1885 1096 1919 1126 δε
1936 1097 2115 1136 prudenti-at,

1158 1142 1223 1162 non
1232 1131 1420 1171 exstinguere
1430 1152 1438 1166 2
1458 1133 1507 1163 sed
1519 1133 1648 1173 sopitum
1661 1134 1764 1166 fovere
1778 1156 1786 1169 ‚
1810 1146 1897 1178 atque
1906 1148 2012 1179 augere
2020 1138 2114 1169 debe-

1158 1183 1237 1203 mus.
1261 1176 1344 1203 Mors
1356 1184 1454 1204 autem
1467 1195 1475 1207 ,
1495 1174 1650 1216 progressis
1662 1179 1692 1206 in
1706 1179 1767 1208 vita
1778 1178 1898 1220 longius
1908 1178 1928 1209 si
1939 1182 2114 1213 immineat,

1158 1215 1236 1246 nihil
1250 1215 1292 1245 est
1304 1235 1312 1248 ‚
1335 1225 1387 1245 cur
1401 1226 1582 1256 magnopere
1592 1227 1842 1250 commoveamur
1854 1231 1858 1250 z
1870 1231 1937 1262 qua:
1951 1222 2111 1262 praesertim

1156 1267 1205 1287 aut
1215 1257 1374 1287 meliorem
1387 1277 1395 1291 ,
1415 1260 1504 1299 quam
1515 1268 1578 1300 quo
1587 1260 1861 1293 viventesfruimur
1872 1283 1880 1294 ‚
1894 1272 1944 1294 aut
1955 1266 2033 1294 certe
2047 1273 2113 1293 non

1134 1310 1137 1331 i
1156 1298 1337 1329 deteriorem
1359 1302 1428 1330 vitae
1440 1299 1548 1331 statum
1560 1299 1593 1331 sit
1601 1302 1730 1332 allatura.
1753 1306 1821 1344 quis
1831 1307 1915 1335 enim
1926 1305 2044 1346 negabit
2055 1325 2064 1339 ,
2090 1304 2111 1334 si

1154 1350 1276 1371 animus
1295 1344 1427 1371 omnino
1448 1344 1589 1375 intereat,
1611 1343 1762 1374 exstinSto
1773 1346 1856 1376 sensu
1869 1347 1946 1376 nihii
1959 1346 2015 1377 esse
2027 1348 2112 1379 mali,

1134 1396 1136 1404 v
1152 1391 1362 1423 proptereaque
1373 1383 1606 1423 nullamjustam
1618 1385 1730 1416 doloris
1740 1388 1855 1418 causam
1868 1387 2005 1419 exfistere
2018 1400 2024 1418 :
2035 1399 2062 1419 at
2071 1409 2080 1423 ,
2093 1387 2114 1418 fi

1155 1427 1252 1465 vigeat
1263 1444 1271 1457 ,
1290 1433 1413 1464 corpore
1425 1426 1540 1456 solutus
1549 1436 1580 1456 ac
1590 1427 1667 1457 liber
1678 1447 1685 1460 ‚
1697 1429 1770 1468 quid
1780 1430 1840 1465 jam
1853 1430 1904 1460 illa
1915 1433 1976 1460 vita
1984 1430 2110 1464 beatius,

1152 1467 1227 1505 quid
1244 1466 1401 1496 divinius?
1422 1476 1462 1497 ex
1482 1477 1544 1508 quo
1555 1470 1686 1499 maxima
1698 1489 1705 1502 ,
1728 1470 2059 1506 &verisl'imalaetitiae,
2079 1482 2111 1503 ac

1155 1508 1317 1547 voluptatis
1335 1510 1470 1538 exoritur
1487 1508 1610 1539 occasio.
1633 1513 1735 1551 Itaque
1758 1513 1835 1542 nihil
1852 1513 2029 1551 jamrestat,
2048 1524 2112 1554 quo

1155 1551 1277 1583 minus,
1300 1552 1447 1588 optimam
1468 1548 1527 1580 effe
1536 1559 1669 1582 mortem
1684 1572 1693 1585 ‚
1712 1554 1783 1583 vere
1793 1552 1942 1584 affirmare
1952 1553 2112 1594 pellimus,

1153 1599 1329 1630 tantumque
1347 1590 1458 1624 abeffe,
1486 1600 1518 1621 ut
1530 1611 1538 1625 ‚
1557 1591 1628 1622 cum
1637 1592 1716 1624 adest
1729 1614 1736 1626 ‚
1761 1593 1892 1625 dolenda
1903 1594 1935 1625 sit
1947 1616 1955 1630 ,
1975 1606 2110 1627 utnum-

1153 1642 1241 1673 quam
1264 1632 1404 1672 fugienda
1421 1653 1430 1666 ,
1458 1632 1532 1673 saepe
1549 1635 1640 1665 etiam
1659 1636 1788 1675 optanda
1805 1637 1939 1667 videatur
1969 1647 2058 1678 atque
2072 1648 2112 1668 eo

1155 1677 1248 1714 magis
1259 1695 1268 1708 ‚
1288 1683 1349 1714 quo
1359 1675 1474 1705 diutius
1484 1678 1516 1705 in
1528 1677 1587 1706 vita
1598 1677 1692 1706 homo
1705 1679 1908 1717 permanserit.
1932 1689 2002 1710 nam
2015 1700 2024 1713 ,
2037 1679 2112 1711 cum

1151 1718 1188 1746 iis
1199 1716 1289 1746 bonis
1300 1735 1308 1749 ‚
1330 1727 1395 1757 quae
1410 1714 1514 1746 afferre
1525 1719 1583 1747 vita
1595 1718 1692 1757 potest
1703 1738 1711 1752 ‚
1734 1720 1826 1749 satiari
1835 1722 1974 1759 coeperit,
1997 1730 2061 1751 tum
2073 1722 2112 1752 ab

1152 1759 1293 1787 humanis
1310 1758 1459 1788 molestiis
1480 1760 1618 1789 secedens
1629 1780 1637 1793 ,
1658 1762 1689 1790 in
1706 1760 1903 1792 beatissimam
1917 1764 2010 1793 vitam
2021 1773 2111 1793 com-

1152 1799 1302 1840 migrabit.
1325 1809 1390 1829 non
1412 1801 1496 1829 enim
1520 1802 1544 1829 is
1554 1811 1609 1841 ego
1620 1801 1683 1831 sum
1697 1821 1705 1835 ‚
1725 1805 1926 1842 quianimum
1938 1803 2109 1835 fimulcum

1152 1842 1277 1871 homine
1290 1843 1410 1872 interire
1421 1850 1523 1881 putem
1537 1861 1545 1875 ‚
1559 1851 1736 1884 tantumque
1747 1847 1860 1875 meritis
1870 1846 1987 1880 lumen,
1999 1847 2014 1876 ἐ
2025 1847 2110 1877 divi-

1152 1892 1189 1913 na
1215 1891 1318 1913 natura
1339 1882 1499 1913 delibatam
1513 1903 1520 1916 ,
1543 1883 1626 1923 poss'e
1644 1885 1795 1926 exstingui
1805 1907 1813 1921 ‚
1835 1887 1885 1917 sed
1904 1889 2005 1928 ponas
2026 1897 2109 1919 certo

1149 1934 1285 1964 tempore
1304 1925 1430 1955 emenso
1442 1944 1452 1959 ,
1473 1925 1508 1955 ad
1526 1927 1785 1958 immortalitatem
1797 1928 1900 1959 redire.
1923 1930 1997 1971 quid
2006 1939 2108 1961 autem

1152 1968 1313 1997 hominem
1325 1969 1419 2008 magis
1428 1966 1528 2009 deceat
1538 1988 1546 2001 ‚
1559 1968 1649 2008 quam
1662 1979 1720 1999 tam
1735 1971 1839 2000 multis
1849 1991 1857 2004 ,
1879 1980 1999 2013 tamque
2009 1971 2110 2003 firmis

1150 2009 1317 2039 rationibus
1328 2011 1436 2038 nixum
1449 2028 1456 2042 ‚
1482 2010 1603 2039 virilem
1615 2012 1753 2041 animum
1765 2014 1890 2042 retinere
1903 2033 1911 2047 ,
1930 2013 2106 2044 faemineam

1151 2051 1315 2081 mollitiem
1337 2051 1482 2080 exsuere?
1503 2054 1556 2091 qui
1567 2051 1639 2081 verb
1652 2056 1893 2084 mortuosnimis
1903 2055 2007 2096 lugent
2017 2075 2026 2088 ‚
2049 2065 2107 2086 nec

1150 2093 1314 2123 humanam
1324 2093 1535 2123 conditionem
1551 2103 1661 2133 magno
1671 2114 1680 2126 ,
1690 2096 1828 2136 elatoque
1838 2098 1942 2127 animo
1955 2097 2107 2138 despicere

1147 2132 1268 2175 poffunt
1279 2154 1288 2167 ,
1301 2137 1332 2164 iri
1342 2144 1393 2164 eos
1406 2134 1481 2164 illud
1492 2134 1592 2174 probri
1605 2136 1731 2175 plenum
1742 2139 1810 2168 vere
1823 2137 1938 2168 dicetur
1952 2149 1958 2167 :

1241 2178 1292 2205 Vos
1304 2177 1404 2205 etenim
1405 2178 1523 2215 juvem-s
1532 2177 1660 2206 animum
1666 2180 1765 2219 geritis
1774 2178 1937 2209 muliebrem
1948 2191 1961 2208 .·

1240 2218 1350 2259 IHaque
1359 2219 1459 2258 virago
1471 2219 1542 2247 viri.

1147 2259 1252 2289 Multa:
1262 2267 1344 2290 enim
1357 2269 1478 2300 repertae
1490 2260 1624 2292 faeminae
1633 2262 1710 2296 sunt,
1722 2272 1787 2304 quae
1797 2264 1828 2292 in
1839 2262 2008 2294 domestico
2019 2263 2105 2295 iuau

1145 2300 1321 2342 fingularem
1331 2304 1427 2332 animi
1437 2302 1624 2342 praesentiam
1636 2323 1644 2337 ‚
1664 2314 1697 2334 ac
1707 2305 1947 2346 magnitudinem
1959 2306 2104 2345 praestite-

1146 2352 1227 2373 runt.
1250 2343 1307 2374 Sed
1319 2344 1415 2373 virilis
1423 2343 1571 2375 fortitudo
1582 2365 1590 2378 ‚
1603 2355 1635 2375 ut
1644 2346 1766 2376 libidini
1780 2367 1789 2379 ,
1801 2345 1838 2377 sic
1848 2348 1960 2380 dolori,
1972 2358 2037 2377 non
2047 2349 2105 2378 ali-

1146 2394 1207 2419 ter,
1225 2387 1315 2426 quam
1336 2386 1422 2416 servo
1432 2385 1576 2420 domina,
1598 2389 1744 2427 imperare
1753 2388 1841 2418 debet
1853 2408 1861 2422 ,
1881 2399 2006 2429 eamque
2015 2390 2103 2420 coEr-

1144 2436 1209 2456 cere
1223 2447 1231 2461 ,
1245 2437 1277 2457 ac
1292 2426 1426 2467 frangere
1437 2447 1446 2460 ,
1457 2437 1606 2469 tamquam
1621 2430 1761 2460 Vitiosam
1774 2449 1782 2464 ,
1794 2430 2024 2461 &imbecillam
2036 2433 2103 2461 ani·

1144 2471 1187 2498 mi
1200 2477 1323 2509 partem.
1346 2479 1437 2510 quam
1449 2468 1469 2499 fi
1482 2480 1634 2511 emergere
1644 2474 1770 2510 patiatur
1779 2492 1786 2506 ‚
1801 2472 1886 2511 seque
1900 2472 2000 2512 paullo
2009 2472 2101 2503 altius

1142 2508 1245 2540 efferre
1258 2531 1267 2544 ‚
1288 2521 1352 2540 non
1374 2510 1470 2541 modo
1495 2515 1604 2542 rationi
1623 2522 1798 2552 praecurret,
1827 2514 1976 2544 sedetiam
1990 2514 2101 2545 vidirix

1143 2554 1175 2581 in
1185 2555 1290 2582 animo
1300 2553 1469 2583 exsultabit.
1488 2563 1549 2594 quo
1560 2555 1638 2584 nihil
1650 2556 1769 2585 homini
1782 2558 1897 2594 turpius
1911 2575 1920 2588 ,
1939 2565 1988 2586 aut
1997 2558 2101 2596 perni-

1139 2593 1246 2623 ciofius
1265 2594 1302 2624 ne
1323 2596 1484 2636 excogitari
1503 2595 1625 2636 quidem
1647 2595 1745 2635 possit.
1764 2598 1889 2638 Gorgias
1899 2607 2017 2631 orator,
2034 2598 2099 2638 jam

1139 2645 1223 2666 aetate
1235 2635 1404 2669 conseerus,
1416 2646 1448 2666 ac
1458 2639 1551 2667 morti
1559 2641 1730 2677 proximus,
1742 2649 1871 2679 rogatus,
1883 2649 1957 2668 num
1970 2639 2100 2670 libenter

1141 2687 1322 2707 moreretur:
1339 2678 1476 2708 Maxime
1487 2677 1569 2712 vero,
1582 2681 1691 2720 inquit.
1714 2690 1784 2710 nam
1796 2690 1948 2721 tamquam
1958 2691 1994 2711 ex
2007 2683 2097 2721 putri,

1141 2719 1306 2760 miseraque
1325 2719 1421 2749 domo
1441 2720 1524 2750 laetus
1535 2721 1680 2761 egredior.
1704 2724 1731 2751 O
1743 2725 1841 2752 virum
1853 2733 2005 2763 egregium
2020 2743 2029 2756 ‚
2050 2723 2099 2753 di·

1138 2771 1302 2801 gnumque,
1313 2762 1397 2801 cujus
1407 2763 1503 2803 vigeat
1513 2764 1545 2792 in
1556 2765 1699 2793 omnium
1710 2774 1773 2797 ore,
1784 2774 1815 2794 ac
1825 2773 1928 2795 mente
1941 2765 2099 2795 sententia!

1137 2803 1209 2843 quid
1221 2812 1305 2832 enim
1315 2805 1414 2843 potuit
1423 2804 1588 2843 praeclarius
1601 2804 1699 2835 dicere
1711 2807 1721 2833 ?
1731 2805 1802 2835 cum
1814 2807 1901 2840 mala,
1912 2816 1977 2847 quae
1990 2807 2100 2837 viven—

1138 2854 1199 2874 tem
1222 2847 1282 2885 pati
1292 2843 1406 2875 neceffe
1419 2844 1461 2875 est
1477 2864 1485 2878 ‚
1507 2848 1647 2885 cogitaret
1659 2866 1667 2880 ‚
1687 2847 1876 2877 miseriarum
1889 2846 2002 2880 finem,
2026 2858 2100 2889 quas

1139 2889 1274 2916 moriens
1284 2887 1481 2927 relinquebat,
1491 2886 1587 2918 adeste
1596 2888 1763 2920 laetaretur?
1781 2887 1818 2919 fic
1828 2899 1878 2929 par
1893 2888 1935 2920 est
1945 2890 2029 2931 loqui
2041 2893 2100 2919 ho—

1138 2937 1255 2959 minem
1269 2948 1276 2960 ‚
1296 2930 1351 2968 qui
1364 2938 1428 2958 non
1439 2929 1568 2959 libidine
1579 2939 1724 2964 vexetur,
1748 2940 1812 2960 non
1823 2933 1986 2972 voluptatis
1997 2933 2099 2962 rllece-

1138 2969 1199 3000 bris
1212 2980 1372 3004 irretiatur,
1383 2971 1460 3000 nulli
1471 2970 1603 3012 denique
1613 2981 1712 3012 pareat
1721 2972 1876 3012 cupiditati
1890 2985 1894 3000 ;
1906 2984 1972 3014 quae
1984 2974 2102 3003 summa

1138 3010 1180 3041 est
1199 3014 1275 3042 ratio
1295 3012 1327 3041 &
1343 3012 1483 3052 sapientia
1494 3032 1503 3046 ,
1521 3014 1662 3044 humanae
1673 3012 1992 3055 necess‘itatiimperare
2003 3034 2011 3048 ,
2034 3024 2100 3045 non

1135 3053 1236 3085 dolori
1258 3055 1362 3085 cedere
1375 3073 1383 3087 ,
1402 3063 1465 3084 non
1489 3052 1635 3087 desiderio
1654 3057 1740 3098 angi,
1760 3056 1841 3088 nihil
1853 3056 1982 3099 denique
1994 3058 2101 3088 huma·

1338 3099 1364 3126 A
1375 3105 1392 3128 a
1401 3104 1417 3127 a
1426 3105 1440 3127 a
1451 3105 1466 3128 a
1478 3105 1493 3127 a
1502 3105 1517 3128 a
1527 3105 1543 3128 a
1566 3105 1581 3138 3
2019 3106 2096 3128 num
