2379 3400
271 119 394 168 ¹300
677 91 749 138 M.
828 87 1190 133 TULL11

1268 86 1812 134 C1cERoN1s

267 187 384 215 minare
401 178 551 211 austorem
562 172 680 214 poffum
693 190 701 204 ‚
720 168 810 210 quam
821 176 890 214 eum
903 185 911 200 1
927 175 1017 212 quem
1030 164 1141 211 Apollo
1153 163 1213 204 ipse
1259 168 1403 212 lueri-mus
1414 186 1422 200 ,
1433 164 1570 206 profecte
1581 167 1798 207 intelligemus,
1810 169 1872 200 haec
1882 177 2047 213 numquam
2064 171 2214 205 fafeurum

267 221 512 265 sapientissimum
522 218 662 246 oninium
675 211 898 252 pronuntiavit?
909 218 993 247 cujus
1005 206 1216 237 testimonium
1260 208 1346 239 misse
1363 209 1522 238 hominem
1534 228 1542 241 ‚
1563 207 1617 238 njfi
1637 208 1867 240 dmtusnjtaoem
1878 217 2020 252 temporis
2034 236 2042 249 ¹
2061 217 2219 256 ipsamque

270 269 326 297 tare
336 266 393 294 ruit
403 282 410 295 ‚
433 270 465 290 iit
477 260 599 289 divinos
609 253 665 285 effe
678 254 843 283 hominum
854 251 973 281 animos
984 269 992 282 ,
1016 249 1048 278 &
1059 258 1113 293 eos
1122 268 1130 282 ‚
1153 257 1221 277 cor-

268 316 340 347 pore
350 306 472 335 solutos,
483 310 515 330 in
525 299 631 329 caelum
644 297 800 335 remigrare
810 312 819 326 ‚
831 291 911 322 unde
920 290 1003 331 prius
1011 289 1175 323 vernilem,
1190 291 1221 318 in

269 349 355 378 omni
374 346 511 374 sermone
529 339 712 371 asseveraret.
736 346 767 365 in
787 344 847 375 quo
869 343 939 363 cum
960 332 1150 371 Philosophis
1161 331 1223 360 illis

269 385 433 419 consensit,
456 392 530 424 quos
549 379 703 422 quondam
724 377 843 407 Italicos
861 376 1035 405 nominavit
1052 375 1223 413 antiquitas,

271 431 468 467 maximeque
487 424 604 454 nobiles
620 421 774 460 judicavit.
806 427 935 458 quorum
956 416 1070 454 semper
1085 413 1224 445 constans

273 470 330 500 fuit
339 471 446 508 opinio
458 487 466 500 ,
482 466 600 496 demitti
610 465 729 494 animos
740 461 755 491 e
766 461 857 492 caelo,
873 459 1042 498 divinaeque
1055 457 1165 486 mentis
1174 465 1225 486 eos

273 510 332 541 ess'e
343 520 406 540 non
417 507 515 540 solum
529 515 643 537 munus
655 526 663 538 ‚
683 503 730 533 sed
741 506 829 541 etiam
846 509 958 540 partem
978 500 1154 538 praecipuam
1167 517 1175 531 ‚
1194 507 1226 527 ac

273 555 434 593 propriam.
459 549 540 591 quod
558 547 668 577 sisecus
685 543 742 574 esse
754 543 914 584 quisquam
934 550 1017 581 putet
1030 561 1038 574 ,
1057 540 1134 570 haud
1159 540 1228 570 sane

274 595 362 624 facile
376 614 384 626 ‚
404 593 475 634 quid
491 591 593 620 multis
605 609 613 622 ,
631 589 662 618 δε
674 584 891 616 firmissmisin
902 584 976 613 hanc
987 582 1164 612 sententiam
1184 591 1228 610 ar-

273 645 427 678 gumentis
442 631 617 672 respondere
628 627 734 669 poss'it,
753 628 897 657 inveniet.
922 627 968 655 Sic
978 626 1060 654 enim
1072 624 1158 663 plane
1177 632 1229 653 co-

274 679 378 720 gnosci
391 697 398 710 ,
418 686 447 705 ac
460 674 542 704 sensu
554 675 617 712 ipso
632 670 789 710 dijudicari
810 666 920 708 potest:
945 667 1093 696 summam
1104 663 1161 694 effe
1171 674 1230 704 pae-

275 729 373 759 neque
385 716 594 747 incredibilem
615 716 647 743 in
658 713 768 742 animis
785 710 966 739 celeritatem
982 728 990 741 ‚
1014 717 1045 737 ac
1064 706 1231 737 festinatio-

277 770 360 793 nem,
373 761 457 799 cujus
469 767 536 797 ope,
547 765 612 796 quae
622 763 728 794 corpus
738 762 800 782 non
812 749 907 781 modo
916 760 997 779 certo
1008 747 1169 782 mensium,
1183 746 1231 793 sed

276 805 330 833 vix
340 804 429 831 etiam
442 808 590 830 annorum
603 798 694 836 spatio
705 792 844 835 perficere
854 813 861 826 ‚
884 801 970 832 atque
987 792 1108 830 exsequi
1127 788 1232 830 postet,

278 854 312 874 ca
323 842 375 883 ipsi
387 852 448 872 non
463 838 559 870 modo
578 839 669 869 semel
683 835 797 877 poneio
811 836 957 873 temporis
976 842 1160 872 percurrere,
1184 830 1232 861 sed

276 888 368 915 etiam
379 883 484 923 sepius
497 883 675 921 excogitare,
689 879 858 917 &repetere
869 875 1014 905 facillime
1026 883 1144 915 queant.
1155 871 1235 913 quod

278 926 299 956 si
313 928 423 956 mirum
435 925 553 958 videtur
563 943 571 956 ,
583 932 634 952 cur
645 930 708 950 non
718 918 922 950 admirabilius
932 916 1103 949 censeatur,
1124 916 1233 944 merni-

278 966 354 999 nisse
366 969 505 997 animum
526 974 586 995 tam
608 962 702 993 multa
716 981 723 995 ,
745 958 1019 990 innumerabilibus
1037 957 1105 987 ante
1124 957 1236 986 saeculis

278 1009 357 1050 gesta
368 1019 373 1038 t
385 1018 450 1049 quae
462 1007 558 1037 futura
567 1006 646 1038 sunt,
657 1002 816 1044 cogitando
826 1001 990 1041 prospicere
1003 1020 1011 1033 ,
1024 1009 1055 1029 ac
1065 1008 1129 1028 non
1141 996 1236 1027 modo

279 1052 433 1092 praesentia
447 1069 455 1083 ‚
477 1048 525 1079 sed
545 1049 634 1077 etiam
653 1046 797 1085 praeterita
809 1063 816 1076 ‚
842 1043 874 1072 &
888 1041 986 1072 futura
996 1061 1004 1074 ‚
1024 1040 1119 1070 veluti
1130 1040 1234 1072 deum,

280 1094 386 1123 omnia
396 1088 571 1130 compleEti,
583 1098 615 1119 ac
626 1089 677 1117 sub
689 1087 794 1117 oculos
806 1085 946 1123 subjicere
957 1084 1081 1113 conari?
1102 1084 1170 1122 quis
1181 1082 1235 1111 du-

279 1134 366 1168 bitet,
377 1130 448 1163 cum
461 1135 522 1162 haec
533 1131 689 1169 intelligat,
705 1128 867 1167 eademque
880 1128 912 1155 in
921 1125 1023 1164 seipso
1031 1125 1180 1163 agnoscat,
1190 1123 1236 1167 di·-

280 1179 388 1206 vinum
401 1173 458 1204 effe
469 1175 620 1205 animum,
634 1181 698 1203 nec,
713 1168 731 1199 si
743 1170 845 1199 divina
856 1176 964 1197 aeterna
973 1167 1052 1198 sunt,
1064 1165 1164 1205 ipsum
1178 1162 1238 1193 esse

282 1218 441 1248 mortalem
456 1219 467 1245 ἓ
490 1215 561 1245 cum
572 1213 733 1254 praesertim
747 1231 755 1245 ,
768 1210 883 1240 duabus
902 1219 939 1238 ex
951 1208 1036 1237 rebus
1048 1227 1056 1240 ,
1077 1217 1144 1247 quae
1164 1216 1238 1245 prae-

279 1262 375 1299 cipuae
388 1261 418 1288 in
428 1260 534 1287 animo
556 1256 640 1288 sunt,
664 1255 746 1284 illius
759 1261 866 1282 aeterna
885 1259 986 1281 natura
997 1248 1084 1279 facile
1098 1249 1240 1287 intelligi,

281 1311 313 1332 ac
334 1299 514 1340 deprehendi
525 1295 619 1338 poffit.
645 1297 705 1326 haec
726 1303 826 1325 autem
837 1293 905 1323 sunt
916 1312 924 1325 ‚
945 1300 1047 1321 motus
1062 1310 1071 1324 ‚
1090 1292 1142 1330 qui
1161 1292 1194 1319 in
1204 1299 1241 1318 eo

281 1345 446 1383 praecipiius
457 1339 499 1370 est
510 1360 518 1373 ‚
539 1339 724 1379 principium
735 1356 744 1370 ,
756 1346 788 1366 ac
798 1342 985 1375 perpetuitas.
1009 1332 1082 1363 cum
1096 1334 1182 1361 enim
1203 1340 1241 1360 ex

282 1384 378 1424 seipso
391 1391 559 1414 moveatur,
575 1390 629 1410 nec
638 1378 771 1411 aliunde,
784 1386 816 1407 tit
826 1385 929 1409 cetera,
939 1376 1125 1415 principium
1137 1381 1242 1403 motus

283 1434 439 1456 mutuetur
456 1435 461 1454 2
485 1424 603 1454 summa
614 1430 714 1451 autern
733 1422 763 1449 in
776 1429 812 1448 eo
825 1439 834 1452 ‚
851 1417 996 1458 quamdiu
1009 1418 1040 1446 in
1051 1425 1174 1455 corpore
1186 1413 1238 1447 est,

282 1469 461 1508 perpetuitas
473 1473 574 1495 motus
584 1471 731 1503 appareat,
745 1462 855 1502 quippe
865 1469 931 1500 quae
941 1460 1030 1488 etiarn
1041 1460 1073 1487 in
1085 1458 1241 1487 dormien—

285 1510 366 1540 tibus
376 1507 566 1548 agnoscatur,
587 1506 741 1544 &vigeat2
766 1505 874 1532 iccirco
891 1501 1019 1530 dubitari
1041 1500 1126 1529 nullo
1146 1498 1241 1528 modo

285 1549 392 1590 potest,
405 1550 479 1588 quin
489 1548 612 1577 divinus
623 1545 665 1578 sit,
680 1545 712 1574 &
726 1545 920 1582 sempiternus
932 1541 1058 1571 futurus.
1082 1541 1114 1570 δε
1125 1541 1193 1569 sane
1202 1542 1241 1569 ita

287 1590 345 1622 effe
356 1592 430 1620 ratio
440 1590 535 1620 vincit
545 1608 553 1621 ‚
573 1588 606 1617 δε
616 1596 714 1616 rerum
726 1585 829 1625 probat
842 1586 951 1613 exitus.
975 1584 1034 1611 Dei
1048 1584 1130 1611 enim
1142 1583 1242 1620 imago

285 1632 424 1675 quaedam
436 1632 557 1661 animus
576 1627 636 1661 est,
659 1637 696 1657 ex
713 1627 777 1666 ipso
789 1628 857 1655 Deo
876 1624 1004 1654 delibata
1016 1643 1025 1656 ,
1045 1633 1077 1653 ac
1097 1621 1240 1662 profesta.

287 1673 370 1715 quod
381 1672 402 1702 fi
412 1676 497 1702 Deus
510 1670 734 1700 immortalitate
744 1667 862 1699 fruitur,
874 1676 928 1696 cui·
938 1674 1001 1694 eam
1017 1673 1141 1703 partem,
1152 1673 1243 1703 quarn

289 1726 328 1746 ex
339 1714 432 1754 seipso
441 1711 555 1746 sumsit,
567 1710 724 1741 mortalem
737 1707 794 1739 esse
807 1709 901 1738 velit?
915 1716 990 1746 quin
1002 1706 1059 1734 hoc
1069 1705 1132 1743 ipso
1145 1703 1244 1743 singu-

288 1758 381 1788 larem
396 1775 405 1789 ,
417 1755 449 1785 &
461 1756 607 1784 eximiam
618 1752 753 1782 divinam
765 1748 823 1779 esse
838 1751 900 1778 vim
914 1746 1107 1776 indicandum
1120 1753 1244 1785 putavit,

287 1798 371 1840 quod
383 1797 445 1828 non
455 1793 554 1827 solum
567 1794 629 1833 ipse
638 1792 820 1822 immortalis
832 1788 863 1819 sit
875 1809 882 1822 .
894 1788 942 1819 sed
953 1790 1043 1817 etiam
1055 1807 1063 1820 ‚
1074 1797 1150 1827 quos
1160 1788 1244 1819 velit,

291 1842 350 1871 fuae
367 1848 477 1869 naturae
488 1844 643 1876 compotes
655 1854 663 1868 ,
684 1834 716 1864 &
727 1834 813 1873 plane
824 1831 1010 1861 immortales
1028 1828 1146 1859 efficiat.
1168 1830 1243 1858 Cor-

290 1892 345 1923 pus
358 1890 457 1911 autem
468 1879 566 1909 voluit
574 1875 633 1906 effe
645 1875 780 1905 mortale.
793 1871 1026 1904 necimmerito.
1047 1870 1119 1901 curn
1130 1871 1146 1900 e
1157 1878 1244 1902 terra,

289 1925 376 1963 cujus
396 1922 557 1952 mutationi
567 1917 697 1958 subjersta
707 1926 807 1947 natura
817 1915 860 1945 est
873 1934 881 1948 ,
893 1916 1016 1944 initium
1025 1913 1156 1944 duxerit,
1170 1912 1245 1941 &in

291 1974 357 1995 eam
370 1964 474 2004 ipsam,
487 1965 555 1992 vitae
566 1962 650 1990 cursu
660 1957 812 1990 confefilw,
825 1957 904 1987 abire
913 1955 1025 1986 debeat.
1043 1954 1099 1984 Sed
1111 1956 1243 1987 animus,

289 2006 445 2048 profectus
463 2005 575 2035 aDeo‚
597 2003 704 2032 caelum
723 2000 822 2040 ipsum
834 1999 959 2039 appetit:
984 2006 1054 2027 nam
1074 2006 1104 2025 in
1119 2005 1189 2025 eum
1202 1996 1244 2024 lo-

290 2059 361 2079 cum
372 2067 381 2081 ,
404 2046 484 2077 unde
494 2043 622 2076 discessit
632 2064 640 2076 ,
663 2044 778 2082 semper
789 2050 871 2081 optat
881 2039 987 2070 redire.
1010 2049 1082 2068 terra
1092 2047 1189 2067 autern
1203 2057 1212 2070 ‚
1227 2036 1245 2065 si

293 2087 512 2129 cuiappetenda
524 2107 531 2119 ‚
551 2088 668 2125 corpori
681 2085 734 2114 soli
745 2082 795 2113 est.
819 2080 927 2112 atvero
937 2082 1048 2110 animis
1066 2089 1172 2109 aeterna
1183 2081 1245 2108 caeii

292 2132 376 2163 sedes
402 2129 558 2171 quaeren-da
569 2148 577 2161 ,
599 2136 690 2167 eaque
717 2126 834 2165 propria
857 2124 985 2153 illorum
1005 2131 1095 2161 patria
1118 2132 1123 2150 :
1157 2119 1246 2161 siqiii-

295 2174 366 2204 dem
381 2181 555 2202 animorum
567 2169 649 2199 nulla
661 2169 692 2197 in
704 2169 788 2197 terris
805 2166 1030 2206 origoinveniri
1042 2162 1146 2203 potest>
1168 2163 1245 2192 nihil

295 2217 379 2245 enim
390 2213 432 2244 est
443 2223 473 2243 in
486 2214 596 2242 mimis
609 2213 752 2241 mixtum,
764 2218 849 2249 atque
860 2216 1046 2238 concretum,
1059 2205 1197 2245 aiitqiiod
1209 2214 1247 2233 ex

294 2266 369 2287 terra
380 2265 482 2285 natum
494 2274 502 2287 ,
525 2263 611 2294 atque
623 2251 729 2281 fitium
748 2249 804 2280 effe
817 2249 957 2279 videatur.
982 2248 1059 2277 nihil
1077 2258 1115 2276 ne
1134 2256 1180 2276 aut
1193 2248 1248 2276 hu-

297 2298 416 2328 midum
427 2296 550 2337 quidem
564 2315 572 2328 ‚
584 2303 632 2324 aut
644 2293 742 2323 ssibile
753 2312 761 2325 ,
783 2301 832 2321 aut
842 2293 976 2331 igneum.
1000 2290 1047 2318 ltis
1058 2291 1141 2319 enim
1153 2290 1183 2318 in
1196 2299 1248 2318 na-

297 2342 371 2370 turis
382 2339 458 2369 nihil
470 2337 555 2370 inest,
567 2335 648 2377 quod
661 2337 723 2365 vim
736 2343 902 2366 memoriae,
915 2333 1027 2361 mentis
1038 2351 1046 2364 ‚
1059 2331 1248 2371 cogitationis

297 2382 419 2412 habeat:
442 2380 523 2420 quod
537 2379 567 2408 ὃ(
579 2377 722 2417 praeterita
736 2384 849 2408 teneat,
871 2373 1009 2404 &futura
1020 2372 1195 2412 praevideat,
1217 2373 1249 2401 &

294 2421 461 2462 comple-&i
479 2419 566 2461 poffit
582 2419 746 2459 praescntia-
767 2427 832 2457 quae
844 2416 904 2446 sola
913 2416 1015 2445 divina
1029 2415 1113 2447 sunt,
1136 2416 1249 2443 necin-

295 2474 433 2494 venietur
444 2472 589 2503 umquam
602 2480 610 2494 ,
631 2460 708 2489 unde
719 2458 754 2488 ad
770 2461 929 2488 hominem
942 2459 1042 2486 venire
1055 2455 1162 2495 poffint
1172 2475 1180 2488 ,
1195 2455 1249 2485 nisi

296 2509 312 2536 a
333 2509 410 2536 Deo.
430 2504 583 2546 singularis
602 2501 643 2532 est
653 2503 741 2542 igitur
750 2500 884 2541 quaedam
898 2507 997 2528 natura
1007 2518 1015 2531 ‚
1033 2507 1119 2537 atque
1131 2499 1175 2527 vis
1188 2499 1251 2527 ani-

300 2550 345 2577 mi
357 2568 366 2579 ‚
390 2546 522 2586 sejunclea
543 2545 578 2575 ab
598 2545 644 2573 his
667 2541 774 2572 tilitatis
786 2561 794 2575 ‚
818 2541 956 2581 notisque
966 2550 1088 2569 naturis.
1108 2542 1151 2569 lta
1162 2539 1249 2578 quid—

298 2590 371 2629 quid
382 2588 426 2618 est
437 2587 513 2617 illud
526 2607 534 2620 ‚
555 2586 637 2628 quod
647 2586 735 2625 sapit,
748 2583 828 2625 quod
837 2583 902 2612 vult
913 2602 921 2615 ,
933 2582 1013 2623 quod
1025 2583 1105 2623 viget
1116 2601 1124 2614 ‚
1133 2580 1251 2610 coeleste

302 2632 336 2660 ὃ(
346 2631 486 2660 divinum
497 2627 539 2658 est
548 2648 557 2661 ‚
578 2628 618 2657 ob
630 2636 755 2666 eamque
768 2635 832 2655 rem
844 2634 986 2655 arternum
1000 2622 1031 2652 fit
1045 2644 1054 2656 ,
1075 2621 1189 2652 neceffe
1199 2622 1251 2652 est.

303 2682 358 2701 nec
383 2670 456 2701 vero
476 2673 560 2700 Deus
576 2669 638 2709 ipse
649 2689 658 2702 ,
678 2679 728 2708 qui
740 2667 918 2706 intelligitur
930 2666 944 2695 a
955 2666 1044 2695 nobis
1055 2685 1064 2697 ,
1087 2665 1147 2694 alio
1156 2665 1254 2694 modo

303 2713 432 2753 intelligi
446 2711 541 2752 potest
554 2730 563 2745 ‚
586 2709 642 2740 nisi
654 2719 740 2739 mei-is
753 2709 847 2738 soluta
860 2707 995 2749 quaedam
1006 2727 1015 2740 ,
1035 2706 1168 2742 &libera
1180 2727 1189 2739 ‚
1209 2707 1251 2736 se*

300 2764 413 2794 gregata
424 2755 460 2783 ab
470 2755 556 2783 omni
566 2753 757 2782 concretione
768 2752 906 2782 mortali,
928 2751 1032 2778 omnia
1044 2748 1171 2778 sentiens
1185 2767 1193 2781 ‚
1219 2748 1252 2777 δε

305 2805 444 2828 movens,
454 2795 571 2835 ipsaque
579 2794 700 2834 praedita
711 2801 795 2822 motu
807 2791 999 2831 sempiterno.
1020 2792 1116 2830 itaque
1126 2789 1252 2819 eandem

305 2839 499 2866 :eternitatem
511 2838 623 2865 animis
632 2844 752 2875 quoque
763 2832 870 2862 nostris
882 2852 890 2867 ,
911 2842 951 2861 ex
962 2832 1059 2871 seipsa
1069 2833 1182 2861 exortis
1193 2832 1254 2860 im-

305 2879 433 2917 partivit.
453 2887 582 2916 quorum
601 2886 639 2906 ex
656 2875 891 2916 cogitationibus
909 2883 994 2914 atque
1012 2874 1151 2913 operibus
1172 2872 1251 2902 nibil

303 2918 386 2947 aliud
396 2938 403 2950 ‚
417 2917 470 2946 nisi
482 2917 602 2946 divinos
612 2917 670 2947 esse
679 2920 760 2949 illos,
773 2916 804 2945 &
817 2916 1024 2955 sempiternos,
1034 2915 1174 2953 colligere
1185 2914 1254 2954 pos-

305 2961 419 2990 sumus.
439 2968 509 2987 narn
531 2957 551 2986 si
570 2958 769 2988 aedificiorum
790 2957 1027 2997 magnitudinem
1041 2977 1049 2989 ‚
1070 2965 1158 2996 atque
1167 2965 1255 2985 orna-

306 3009 371 3031 tum
386 3020 395 3034 ,
415 2998 435 3029 fi
445 3000 813 3029 monumentalitterarum
827 3019 834 3032 ‚
857 2997 1017 3038 sipecuniae
1028 3000 1091 3027 vim
1103 2996 1253 3027 infinitam

304 3045 339 3072 :in
356 3051 401 3071 res
410 3043 543 3071 maxime
556 3039 683 3069 stabileis
694 3060 702 3073 ‚
724 3041 756 3070 &
767 3040 953 3070 admirandas
963 3038 1088 3070 effusam
1099 3059 1108 3073 ,
1129 3037 1148 3067 si
1162 3039 1256 3079 pluri-

306 3093 424 3116 marum
435 3102 445 3118 ,
463 3084 724 3122 maximariunque
741 3091 840 3114 rerum
859 3081 1051 3122 adeptionem
1062 3082 1190 3121 cogitare
1201 3090 1256 3112 vo-

1263 252 1460 281 :eternitatem
1481 249 1650 288 plui-imum
1672 251 1707 281 ad
1727 252 1755 280 se
1778 254 1921 291 pertinere
1933 255 2126 288 existimaret.
2150 259 2221 299 jam

1266 293 1324 332 ipsa
1337 294 1439 334 gloriae
1448 291 1595 331 cupiditas
1608 311 1615 325 ,
1629 293 1782 323 bonorum
1799 292 1857 323 sitis
1869 314 1877 327 ,
1889 303 1993 334 opum,
2005 307 2035 327 ac
2046 298 2221 329 divmarum

1265 332 1372 365 affidua
1385 335 1552 374 procuratio
1564 353 1572 367 ‚
1591 334 1661 373 quid
1673 335 1755 364 aliud
1768 335 1897 368 indicat,
1917 335 1972 365 nisi
1982 341 2106 378 cogitare
2117 341 2222 370 homi-

1269 386 1340 406 nem
1351 378 1382 405 in
1394 374 1477 415 poste
1484 385 1559 407 rum,
1573 385 1628 404 nec
1638 376 1744 406 eodem
1757 376 1907 410 vescendi,
1920 380 2099 419 vivendique
2111 381 2222 415 studio,

1267 428 1328 458 quo
1336 426 1446 448 ceteras
1458 419 1629 446 animantes
1644 418 1711 448 duci
1724 418 1862 447 videmus
1873 438 1882 451 ‚
1903 420 2068 449 humanum
2081 424 2219 453 animum

1271 461 1410 489 detineri.
1433 458 1489 490 Sed
1500 460 1561 488 haec
1572 458 1731 498 abjectiora
1742 479 1750 492 ,
1771 469 1857 500 atque
1869 460 2034 490 humiliora
2047 481 2054 494 ‚
2077 472 2130 492 nec
2142 465 2223 497 ullis,

1275 500 1329 530 nisi
1349 501 1416 531 sane
1437 500 1566 541 angustis
1584 510 1694 531 nzirurae
1716 503 1853 531 terminis
1865 521 1873 535 ‚
1892 503 2006 532 circum
2013 503 2123 542 scripta.
2143 505 2225 546 Qid

1273 544 1325 572 illa
1343 545 1373 572 iii
1396 546 1501 582 primis
1521 551 1620 582 gravia
1634 563 1642 575 ,
1665 552 1751 583 atque
1761 542 1943 582 praestantia,
1965 544 2227 584 neculliplanein

1275 587 1357 614 terris
1366 584 1485 623 degenti
1501 603 1508 616 ‚
1535 582 1590 612 nisi
1613 585 1669 614 soli
1679 586 1800 614 homini
1813 585 1938 615 tributa?
1959 586 2231 626 contemplatorem

1275 624 1332 656 esse
1349 626 1447 665 ipsum
1466 625 1535 656 coeli
1549 643 1558 658 ,
1580 635 1738 666 rerumque
1757 625 1940 656 coelestium:
1961 625 2019 656 frui
2041 637 2229 668 magnarum,

1277 667 1609 706 obscuriffimarumque
1620 677 1717 697 rerum
1730 668 1861 700 scientia,
1872 678 1936 708 quae
1945 668 1992 698 vel
2003 668 2037 698 ad
2047 668 2230 699 excolendos

1276 709 1311 739 ad
1322 711 1522 750 integritatem
1534 727 1542 741 ‚
1555 718 1640 748 atque
1652 711 1858 739 innocentiam
1870 719 1970 739 mores
1981 730 1988 743 ,
2002 712 2049 740 vel
2064 711 2098 744 ad
2109 719 2234 750 compa-

1279 751 1401 781 randam
1414 752 1491 781 Solis
1508 770 1515 783 ,
1528 750 1732 791 astrorumque
1745 752 1967 790 cognitionem,
1982 752 2031 781 vel
2042 752 2077 781 ad
2089 761 2234 782 exercen-

1277 792 1389 822 damin
1399 793 1518 825 abditis,
1529 792 1719 833 obscurisque
1729 793 1815 822 rebus
1827 796 2004 823 memoriam
2017 813 2025 827 ‚
2039 803 2234 834 mentemque

1278 837 1455 873 pertineant.
1480 844 1583 864 nonne
1600 835 1660 864 haec
1681 835 1739 874 ipsa
1759 843 1836 864 tanta
1848 854 1856 868 ‚
1875 844 1906 864 ac.
1920 835 2006 868 talia,
2025 835 2163 864 divinum
2176 833 2234 864 effe

1279 886 1417 906 animum
1436 875 1619 909 ostendunt,
1641 886 1695 906 nec
1718 877 1797 905 illius
1807 886 1941 906 naturam
1954 876 2074 906 aliunde
2087 897 2094 910 ‚
2113 877 2203 917 quam
2216 876 2235 907 ὲ

1280 918 1358 948 coelo
1370 937 1378 951 ,
1401 918 1560 948 delibatam
1572 927 1603 946 ac
1614 917 1771 947 dedufflm
1785 921 1796 947 ?
1812 922 1857 947 An
1869 919 2042 951 censemus,
2063 920 2082 947 ii
2098 918 2236 948 unacum

1279 960 1456 999 corporibus
1473 960 1567 989 animi
1589 961 1744 989 interirent
1759 979 1766 992 ‚
1787 970 1835 989 aut
1859 958 2082 999 sapientiffimos
2095 961 2237 989 homines

1280 1011 1338 1031 tam
1351 1011 1438 1041 aequo
1447 1003 1550 1030 animo
1563 1002 1640 1030 mori
1650 999 1730 1040 posse
1740 1021 1748 1034 ‚
1760 1010 1808 1030 aut
1820 1011 1877 1030 tarn
1893 1011 1999 1041 iniquo
2010 1022 2017 1035 ,
2029 1002 2175 1042 planeque
2188 1003 2238 1031 in-

1284 1045 1347 1072 vito
1373 1042 1480 1072 stultos
1491 1063 1498 1075 ,
1520 1042 1552 1072 &
1571 1040 1688 1072 fatuos?
1711 1045 1863 1073 Socratem
1882 1041 2001 1076 ferunt,
2029 1046 2119 1074 morti
2135 1044 2240 1083 proxi-

1283 1094 1369 1114 mum
1382 1103 1390 1118 ‚
1411 1084 1447 1114 de
1458 1085 1577 1124 piorum
1590 1085 1815 1114 immortalitate
1826 1105 1833 1117 ‚
1847 1084 1986 1124 beataque
1996 1087 2066 1117 vita,
2077 1095 2141 1125 quae
2153 1094 2237 1114 mor-

1284 1136 1345 1156 tem
1357 1126 1551 1166 consequitur
1563 1146 1570 1159 ,
1583 1124 1770 1165 dispUtaviss'e
1782 1145 1789 1158 ‚
1803 1128 1900 1166 itaque
1912 1126 1980 1156 laeto
1992 1146 1999 1158 ,
2011 1136 2042 1156 ac
2056 1127 2161 1156 libenti
2173 1128 2239 1156 ani-

1286 1177 1340 1197 mo
1359 1168 1444 1197 letale
1465 1168 1537 1197 illud
1558 1169 1702 1207 poculum
1721 1166 1858 1200 hausisse,
1881 1166 2032 1208 quasinon
2046 1167 2081 1197 ad
2092 1176 2239 1202 mortem,

1282 1209 1332 1239 sed
1343 1209 1378 1239 ad
1389 1219 1515 1250 regnum
1528 1230 1536 1242 ‚
1554 1218 1640 1249 atque
1653 1211 1812 1249 imperium
1825 1218 1984 1239 vocaretur.
2010 1213 2048 1239 At
2058 1208 2129 1238 vero
2141 1229 2148 1242 ‚
2161 1219 2240 1249 quo-

1284 1260 1351 1281 tum
1362 1253 1482 1280 animus
1492 1253 1524 1280 in
1537 1259 1609 1280 tetra
1619 1250 1736 1280 defixus
1750 1252 1839 1280 haeret
1852 1262 1856 1278 :
1870 1253 1920 1291 qui
1931 1252 2020 1284 nihil,
2032 1249 2087 1280 nisi
2099 1251 2240 1283 mortale,

1283 1302 1496 1333 terrenumque
1508 1312 1516 1326 ‚
1538 1295 1670 1333 cogitant
1681 1313 1688 1326 ,
1701 1303 1751 1322 eos
1761 1293 1849 1332 plane
1861 1302 2055 1333 repugnantes
2066 1312 2074 1326 ,
2092 1301 2178 1333 atque
2190 1293 2241 1321 in-

1285 1336 1364 1364 vitos
1374 1334 1390 1364 ἐ
1412 1336 1472 1364 vita
1485 1334 1633 1364 discedere
1652 1334 1801 1364 videmus.
1826 1344 1881 1365 nec
1901 1337 2065 1364 immerito.
2085 1334 2155 1364 cum
2175 1335 2242 1363 ani·

1285 1385 1406 1405 morum
1418 1379 1610 1406 aeternitatem
1622 1375 1744 1415 propius
1756 1377 1812 1412 jam
1826 1378 1988 1409 intuentes,
2001 1377 2170 1406 crucientur
2180 1376 2241 1405 mi-

1284 1427 1352 1447 rum
1374 1419 1405 1447 in
1417 1418 1544 1448 modum
1560 1437 1569 1451 ‚
1594 1416 1671 1458 quasi
1683 1416 1828 1458 flagitiose
1839 1418 1933 1447 astam
1946 1420 2036 1447 vitam
2048 1427 2135 1457 poena
2146 1418 2238 1446 etiam

1286 1457 1319 1489 sit
1340 1460 1523 1489 immortalis
1535 1461 1736 1489 consecutura.
1761 1459 1943 1498 Atqueillud
1955 1461 2043 1488 etiam
2064 1457 2104 1497 (ὁ
2115 1458 2239 1488 stultum

1286 1502 1461 1533 hominem,
1471 1501 1580 1530 dixerit
1590 1501 1710 1540 aliquis,
1722 1499 1754 1528 &
1764 1509 1872 1529 naturae
1884 1500 1939 1529 suae
1948 1501 2066 1539 penitus
2077 1502 2210 1540 ignarum
2218 1499 2241 1539 l)

1285 1544 1405 1572 nemini
1414 1542 1573 1571 obscurum
1584 1539 1640 1570 effe
1650 1540 1756 1580 potest,
1769 1550 1807 1569 ex
1819 1539 1888 1580 ipsis
1897 1545 1984 1570 etiam
1995 1541 2241 1574 sacris,caeremo-

1286 1583 1402 1622 niisque
1424 1592 1572 1621 majorum
1585 1592 1723 1612 aeternam
1737 1583 1870 1611 hominis
1883 1585 1974 1612 vitam
1985 1582 2070 1612 facile
2082 1581 2241 1623 cognosci,-

1286 1632 1372 1664 atque
1390 1625 1518 1663 intelligi
1543 1622 1633 1663 posse.
1655 1633 1754 1662 neque
1772 1626 1855 1652 enim
1873 1625 1918 1653 illi
1938 1633 1985 1653 aut
2005 1633 2142 1653 mortuos
2154 1632 2238 1652 tanto

1287 1667 1402 1695 honore
1414 1664 1574 1694 coluissent
1587 1684 1595 1696 ,
1617 1673 1665 1694 aur
1679 1673 1738 1693 tam
1748 1666 1857 1693 multas
1872 1684 1880 1697 ,
1907 1673 2026 1704 tamque
2036 1667 2129 1694 varias
2143 1664 2240 1704 sepul-

1289 1708 1430 1736 chrorum
1440 1708 1632 1736 caeremonias
1643 1704 1767 1744 posteris
1778 1704 1981 1738 tradidissent,
2006 1703 2059 1734 nisi
2070 1706 2241 1746 cognitum,

1290 1747 1537 1787 perspec‘lumque
1552 1745 1736 1780 habuiss'ent,
1751 1749 1849 1787 vigere
1858 1748 1996 1776 animum
2010 1750 2040 1776 in
2052 1757 2160 1780 morte,
2175 1756 2242 1780 nec,

1290 1799 1474 1829 quamquam
1490 1798 1595 1828 corpus
1607 1788 1743 1820 occidat,
1766 1784 1924 1818 hominem
1938 1789 2033 1828 ipsum
2045 1790 2163 1828 penitus
2174 1797 2243 1818 eva-

1290 1830 1416 1861 nescere.
1440 1833 1536 1872 itaque
1548 1828 1675 1860 statuisl'e
1691 1830 1829 1860 videntur
1841 1850 1848 1864 ‚
1865 1840 1997 1860 mortem
2010 1830 2101 1870 ipsam
2113 1839 2175 1859 non
2185 1827 2243 1859 effe

1290 1874 1427 1902 humanae
1437 1876 1506 1903 vitae
1518 1871 1742 1905 confecti-icem,
1754 1881 1808 1901 nec
1820 1882 1858 1901 ex
1869 1883 1901 1902 ea
1911 1873 1992 1912 sequi
2003 1873 2158 1902 interitum
2173 1870 2240 1901 :sed

1289 1915 1393 1954 potius
1411 1916 1447 1945 ad
1469 1917 1556 1945 aliam
1580 1914 1678 1943 mulio
1697 1913 1866 1943 feliciorem
1885 1916 1977 1944 vitam
2001 1916 2036 1943 iis
2056 1933 2065 1948 ,
2093 1915 2144 1954 qui
2162 1911 2242 1943 reste

1291 1955 1433 1986 vixiss'ent
1454 1977 1463 1990 ,
1500 1956 1606 1986 ducem
1627 1957 1774 1995 optimam
1793 1955 1886 1985 solere
1909 1955 2043 1986 existere.
2060 1959 2244 1995 quicumque

1290 2008 1375 2028 enim
1395 1998 1612 2028 convenienter
1632 2007 1741 2027 naturae
1751 1999 1885 2027 vixerint
1896 2017 1903 2031 ,
1924 2007 1979 2028 nec
1989 1998 2073 2027 illam
2086 1997 2176 2027 secuti
2187 1995 2243 2026 sint

1290 2041 1376 2071 malae
1402 2040 1629 2070 consuetudinis
1655 2040 1853 2078 corruptelam
1873 2058 1881 2072 ,
1913 2049 1979 2079 quae
1997 2039 2144 2069 divinitus
2161 2038 2246 2068 datos

1292 2084 1441 2123 igniculos
1454 2082 1616 2122 exstinguit
1626 2101 1634 2114 ,
1650 2082 1780 2121 vitiaque
1792 2083 1899 2120 gignit,
1910 2081 1942 2111 &
1952 2079 2112 2111 confirmat
2125 2080 2243 2113 omnia,

1291 2135 1341 2155 eos
1354 2125 1385 2154 &
1397 2134 1532 2154 viventes
1541 2125 1633 2164 gloria
1647 2142 1655 2155 ‚
1675 2122 1706 2151 &c
1717 2124 1733 2152 e
1747 2132 1807 2152 vita
1819 2123 1996 2152 excedentes
2005 2123 2134 2162 piaeuiiis
2145 2120 2247 2161 prosed

1291 2169 1341 2208 qui
1351 2175 1475 2205 oportet.
1499 2166 1527 2194 id
1538 2165 1620 2194 enim
1634 2174 1695 2193 non
1707 2164 1806 2193 solum
1817 2167 1925 2194 rationi
1935 2165 2182 2196 consentaneum,
2195 2161 2245 2192 sed

1291 2211 1381 2238 etiam
1393 2206 1588 2240 verillinium,
1601 2216 1685 2245 atque
1697 2204 1895 2246 aequissimum
1909 2205 1958 2236 est.
1983 2207 2030 2235 cui
2041 2214 2141 2235 autem
2152 2205 2248 2244 aequ'i-

1294 2252 1359 2280 tatis
1369 2251 1519 2290 antiquior
1529 2259 1595 2278 cura
1606 2267 1613 2281 ‚
1634 2250 1723 2288 quain
1736 2251 1803 2277 Deo
1819 2250 1828 2273 ἓ
1849 2251 1946 2288 itaque
1958 2267 1967 2281 ‚
1976 2246 2046 2277 cum
2059 2249 2153 2277 homo
2163 2246 2244 2276 solus

1293 2302 1330 2322 ex
1353 2293 1439 2321 omni
1459 2290 1678 2330 propemodum
1690 2299 1797 2329 genere
1808 2289 1910 2319 nae‘tus
1921 2288 1953 2319 sit
1964 2289 2091 2329 aliquam
2104 2289 2246 2318 notitiam

1296 2335 1374 2366 Dei,
1386 2331 1439 2362 nisi
1450 2336 1517 2362 vitae
1531 2334 1684 2372 iniquitate
1696 2334 1763 2361 Deo
1776 2333 1894 2371 iniquus
1908 2351 1916 2365 ,
1929 2340 2013 2371 atque
2024 2331 2139 2360 invisus
2148 2329 2248 2359 evase-

1271 2395 1273 2406 i
1294 2377 1349 2408 rit,
1372 2375 1406 2404 ad
1428 2377 1528 2404 Deum
1551 2373 1789 2417 cei‘reevolabit.
1811 2375 1901 2413 vidque
1920 2375 2090 2403 aeternitatis
2110 2373 2249 2401 humanae

1295 2417 1341 2446 vel
1360 2418 1530 2446 maximum
1543 2436 1550 2448 ‚
1573 2425 1605 2445 ac
1627 2413 1828 2444 nrmiffimum
1846 2423 2055 2455 argumentum
2067 2412 2127 2446 est,
2148 2413 2248 2443 solum

1296 2460 1456 2488 hominem
1469 2458 1577 2487 divina:
1589 2457 1750 2486 voluntatis
1759 2457 1931 2496 participem
1945 2476 1951 2488 2
1968 2456 2183 2495 consciumque
2193 2463 2249 2483 ex-

1296 2499 1410 2529 sistere:
1425 2508 1455 2528 ut
1469 2519 1476 2532 ‚
1496 2508 1676 2539 quamquam
1697 2497 1858 2538 agrestibus
1871 2518 1879 2531 ‚
1900 2496 2139 2536 silvestribusque
2158 2498 2189 2525 in
2203 2495 2249 2525 lo-

1295 2544 1336 2572 cis
1353 2550 1435 2577 natus
1452 2539 1483 2570 sit
1494 2560 1502 2574 ,
1515 2550 1625 2572 tamen,
1637 2540 1695 2579 ipsa
1707 2540 1833 2568 docente
1843 2549 1956 2573 natura,
1969 2539 2002 2568 &
2012 2537 2069 2568 effe
2082 2541 2184 2568 Deum
2196 2556 2204 2570 ‚
2216 2536 2250 2566 &2

1294 2583 1458 2613 colendum
1478 2592 1511 2612 ac
1529 2581 1694 2611 verendum
1713 2580 1771 2610 effe
1783 2602 1795 2614 ‚
1814 2581 1947 2610 dubitare
1957 2591 2019 2610 non
2030 2579 2125 2620 poffit-
2148 2581 2248 2608 Orem

1297 2625 1466 2665 dignam‚in
1478 2634 1533 2665 qua
1544 2633 1606 2653 non
1620 2623 1712 2653 modo
1724 2623 1928 2656 homines‚sed
1937 2623 2011 2662 ipsas
2022 2624 2109 2651 etiam
2123 2619 2248 2660 pecudes

1298 2666 1503 2706 obstupescere
1519 2686 1527 2697 ‚
1537 2675 1570 2695 ac
1581 2685 1589 2698 ‚
1602 2663 1621 2693 si
1633 2663 1695 2694 fieri
1705 2662 1802 2704 pellit,
1814 2666 1902 2694 etiam
1915 2664 2085 2694 erubescere
2094 2669 2224 2702 oporteat
2238 2660 2246 2687 ἱ

1298 2717 1461 2749 cognatum
1483 2705 1540 2737 effe
1558 2708 1715 2736 hominem
1727 2708 1813 2735 Deo:
1833 2707 1954 2735 nullum
1964 2705 2043 2735 aliud
2054 2707 2086 2734 in
2095 2703 2177 2733 terris
2185 2702 2251 2730 ani-

1300 2750 1378 2783 mal,
1395 2747 1449 2779 nisi
1460 2750 1620 2778 hominem
1632 2748 1741 2780 solum,
1754 2749 1812 2777 Dei
1825 2749 1999 2788 cognitione
2010 2745 2160 2776 imbutum
2171 2741 2229 2772 effe
2242 2751 2248 2771 z

1299 2802 1353 2822 nec
1378 2790 1540 2831 quidquam
1561 2788 1618 2819 effe
1636 2789 1718 2819 aliudv
1736 2789 1817 2829 quod
1834 2792 1939 2819 animo
1959 2808 1969 2822 ‚
1992 2788 2009 2818 ὲ
2026 2787 2127 2816 divina
2143 2792 2247 2814 mente

1299 2832 1404 2862 hausto
1414 2851 1424 2866 ,
1444 2832 1602 2872 praeditum
1613 2829 1646 2861 sit
1657 2841 1662 2859 ε
1674 2840 1843 2871 tantamque
1854 2829 1943 2860 inefl'e
1954 2829 2072 2859 homini
2083 2828 2248 2856 caecitatem

1299 2883 1385 2914 atque
1397 2873 1561 2904 socordiam
1577 2892 1585 2906 ‚
1609 2882 1642 2902 ut
1652 2872 1763 2902 divinae
1772 2872 1959 2912 cognationis
1969 2872 2152 2900 immemor,
2164 2876 2248 2896 aver-

1300 2917 1380 2946 setur
1402 2917 1611 2955 migrationem
1631 2913 1666 2943 ad
1684 2916 1786 2943 Deum
1800 2916 1810 2942 ἓ
1829 2922 1885 2942 nec
1895 2913 1977 2940 enim
1992 2909 2071 2940 aliud
2082 2907 2140 2938 ess'e
2151 2917 2248 2940 mors,

1300 2957 1390 2997 quam
1404 2958 1544 2997 migratio
1559 2955 1592 2986 ad
1603 2955 1747 2988 coelestes,
1760 2953 1931 2993 superasque
1942 2951 2023 2981 sedes
2035 2971 2042 2984 ‚
2053 2949 2254 2980 existimanda

1301 2998 1356 3029 est.
1380 3008 1436 3028 nec
1460 2998 1487 3027 id
1507 2997 1605 3027 loliim
1624 2997 1738 3026 ratione
1755 2994 1880 3035 quadam
1899 2995 2029 3034 aequitati
2048 3012 2057 3026 ,
2076 2993 2252 3031 veritatique

1300 3050 1357 3070 con
1364 3040 1496 3070 sentaiiea
1509 3059 1515 3071 ,
1530 3039 1576 3068 sed
1589 3039 1677 3068 etiarn
1689 3034 1968 3076 sapientiffimorurn
1980 3036 2143 3064 hominum
2156 3042 2255 3061 maxs-

1304 3084 1352 3113 τηρ
1364 3080 1452 3113 firmo
1463 3101 1471 3114 >
1491 3080 1647 3120 stabilique
1657 3077 1812 3110 consensu.
1835 3078 1927 3119 Atqui
1940 3086 2021 3111 eum,
2033 3077 2086 3117 qui
2098 3077 2153 3107 hoc
2165 3072 2252 3113 pagw

2141 3123 2255 3149 vivere,

2365 52 2368 61 -
2346 0 2375 41 ,Α
