2316 3395
214 155 277 202 52.
640 136 1138 186 M.Tut.t.11

213 219 323 259 quibus
335 238 344 252 ,
363 227 426 249 non
448 226 488 249 ex
505 217 650 249 omnibus
665 219 771 249 litteris
782 219 918 250 scribitur
929 229 934 248 :
955 217 993 249 sic
1005 228 1132 249 omnem
1144 219 1176 248 in

215 261 333 292 causam
345 271 408 290 non
419 262 520 290 omnis
532 270 778 301 argumentorum
790 262 886 300 copia,
898 260 948 290 sed
958 270 1066 291 eorum
1077 260 1179 290 neces—

217 303 290 334 saria
300 312 364 342 pars
373 303 470 343 aliqua
479 311 649 331 conveniet.
675 305 782 331 Omnis
794 303 897 342 igitur,
908 312 947 332 ex
958 303 1051 336 causa,
1062 312 1101 333 ex
1110 312 1177 342 per-

220 345 291 375 lbna
302 365 309 377 ‚
321 354 359 374 ex
369 343 449 373 facio
458 344 521 383 ipso
533 364 541 376 ,
563 344 631 380 conj
635 342 733 373 ethii-a
743 343 886 383 capienda
895 343 947 374 est.
980 345 1070 375 Causa
1079 343 1179 374 distri-

221 386 322 417 buitur
334 396 363 416 in
374 383 637 425 impulsionem,&
648 387 680 414 in
691 386 961 416 ratiocinationem.
982 386 1113 427 Impnlfio
1123 385 1176 419 est,

221 438 286 469 qua:
298 426 358 457 sine
368 429 548 468 cogitatione
558 436 610 465 per
616 426 766 467 quandam
775 425 967 458 affenstionem
979 430 1074 458 animi
1084 427 1179 457 facere

221 469 334 510 aliquid
346 466 486 500 hortatur,
501 476 532 497 ut
539 477 636 501 amor,
647 467 809 502 iracundia,
820 469 974 510 aegritudo,
984 469 1178 502 violentia&

223 513 356 541 omnino
367 511 516 543 omnia,in
525 509 634 549 quibus
645 512 765 540 animus
774 512 814 540 ita
822 511 940 542 videtur
949 510 1072 542 affeffiis
1081 509 1178 543 fuiss'e,

225 562 332 583 utrem
343 552 504 592 perspicere
516 561 586 580 cum
597 550 723 582 consilio
734 552 767 581 Sc
776 562 845 583 cuia
854 563 918 583 non
927 555 1074 594 potuerit:
1094 554 1127 583 δε
1137 552 1177 585 id,

225 594 309 636 quod
320 593 404 625 fecit,
416 595 530 634 impetu
541 593 673 633 quodam
683 595 777 624 animi
787 597 885 634 potius
895 615 904 629 ‚
923 595 1013 636 quam
1024 596 1181 639 cogitatio-

224 647 264 666 ne
277 635 389 665 fecerit.
412 635 606 664 Ratiocinatio
615 645 715 665 autem
727 656 735 669 ,
748 635 789 666 est
799 636 927 678 diligens
939 658 947 670 ,
959 637 992 667 δε
1003 636 1181 667 conliderata

223 677 353 708 faciendi
367 676 478 717 aliquid
490 697 498 709 ‚
519 685 642 707 autnon
650 676 780 707 faciendi
791 681 980 719 excogitatio.
1013 681 1055 709 Ea
1073 678 1183 708 dicitur

224 728 291 750 tum
302 716 467 748 interluissb
479 739 487 752 ,
517 717 589 748 esim
598 719 710 759 ahquid
719 718 892 750 faciendum
904 741 912 753 ,
936 730 985 750 aut
996 730 1059 750 non
1069 718 1182 749 facien—

224 761 298 791 dum
311 781 320 794 ,
342 768 419 790 certa
429 759 465 789 de
476 760 558 790 causa
568 760 668 791 vitass'e
679 781 688 793 ,
708 771 757 790 aut
768 762 883 791 secutus
893 761 950 791 effe
964 764 1083 791 animus
1094 759 1181 790 vide—

224 812 283 835 tur,
295 811 336 835 ut,
350 800 370 831 si
380 803 519 831 amicitiae
529 802 602 842 quid
612 804 694 832 causa
703 802 818 833 factum
829 803 960 837 dicetur,
973 802 994 833 fi
1004 803 1125 834 inimici
1136 801 1182 831 ul-

189 855 201 861 *
223 843 354 875 ciscendi
367 865 373 876 ,
396 842 416 873 sl
434 852 531 873 metus
542 863 550 876 ,
573 842 593 874 fi
603 845 703 885 gloriae
717 866 725 877 ‚
747 843 766 874 si
776 848 910 884 pecuniae
921 865 928 877 ,
949 844 969 874 si
979 845 1110 884 denique
1121 863 1129 877 ,
1150 851 1183 872 ut

225 888 329 916 onmia
340 887 501 926 generatim
512 885 745 925 amplectamur,
757 887 882 925 alicujus
892 886 1042 916 retinendi
1053 906 1060 919 ‚
1073 894 1183 927 augen-

226 927 269 961 di,
281 927 501 968 adipiscendive
511 928 670 958 commodi
685 949 692 960 ‚
713 937 762 958 aut
771 928 871 958 contra
880 928 1056 967 rejiciendi,
1084 927 1184 957 demi-

225 969 339 1000 nuendi
353 990 361 1003 ‚
374 969 564 999 devitandive
574 969 765 999 incommodi
776 971 868 1000 causa.
889 980 960 999 nam
971 970 1080 1000 horum
1090 971 1124 999 in
1133 978 1184 1010 ge-

227 1021 284 1042 nus
295 1012 469 1041 alterutrum
480 1011 531 1040 illa
540 1021 659 1052 quoque
669 1011 804 1041 incident
814 1032 822 1044 ‚
842 1013 874 1041 in
884 1012 993 1052 quibus
1003 1021 1053 1042 aut
1062 1013 1184 1041 incom-

227 1053 359 1083 modum
368 1052 490 1093 aliquod
502 1054 622 1089 majoris
634 1053 747 1083 vitandi
758 1054 949 1084 incommodi
959 1054 1052 1087 causa,
1062 1062 1110 1082 aut
1121 1062 1185 1081 ma-

226 1096 302 1136 joris
312 1095 493 1134 adipiscendi
505 1095 663 1125 commodi
673 1095 828 1134 suscipitur
839 1106 844 1123 z
857 1104 907 1125 aut
915 1095 1116 1126 commodum
1130 1094 1185 1124 ali-

228 1136 311 1178 quod
330 1137 452 1176 majoris
471 1136 652 1176 adipiscendi
673 1137 851 1170 commodi,
870 1146 919 1167 aut
938 1138 1059 1174 majoris
1070 1135 1185 1166 vitandi

229 1177 434 1211 incommodi,
447 1180 617 1217 praetcritur.
631 1180 690 1207 Hic
699 1179 782 1208 locus
792 1178 864 1209 sicut
872 1179 992 1219 aliquod
1003 1178 1186 1208 fundamen-

229 1228 295 1251 tum
307 1220 349 1250 est
359 1220 446 1258 liujus
457 1219 691 1249 constitutionis.
724 1230 796 1250 nam
814 1221 892 1250 nihil
909 1220 1024 1251 iactum
1043 1218 1102 1250 esse
1121 1221 1185 1249 cui-

229 1273 320 1303 quam
339 1262 476 1302 probatur
487 1282 495 1295 ,
516 1260 570 1291 nifi
579 1262 691 1302 aliquid
703 1282 710 1295 ,
731 1272 819 1303 quare
828 1261 941 1292 factum
954 1262 996 1297 sit,
1007 1262 1184 1292 ostenditur.

232 1308 310 1345 Ergo
321 1304 466 1334 acciisitOi‘
478 1324 485 1335 ‚
505 1301 577 1333 cum
588 1304 699 1344 aliquid
710 1303 892 1344 impulsione
901 1304 1016 1335 factum
1027 1303 1084 1334 efle
1095 1304 1184 1335 dicet,

229 1347 321 1377 illum
334 1348 480 1386 impetum
494 1366 503 1378 ,
524 1346 555 1375 δε
564 1346 712 1386 quandam
724 1349 968 1377 commotionem
977 1348 1092 1380 animi,
1115 1343 1188 1375 affe-

232 1388 426 1428 ‹suom-mque
448 1398 480 1417 ve
486 1387 543 1417 ibis
564 1388 596 1417 Sc
613 1388 767 1418 sententiis
785 1388 966 1428 amplificare
984 1388 1106 1418 debebit
1116 1408 1124 1421 ‚
1155 1387 1188 1417 &

232 1429 387 1461 ostendere
400 1451 407 1462 ,
430 1439 537 1470 quanta
547 1431 593 1459 vis
603 1433 713 1460 amoris
725 1429 774 1464 sit,
787 1439 896 1471 quanta
903 1433 999 1460 animi
1009 1430 1190 1470 perturbatio

232 1482 271 1503 ex
282 1472 433 1502 iracundia
443 1470 491 1501 rint
501 1492 508 1504 ‚
521 1482 570 1502 aut
578 1481 615 1501 ex
625 1473 720 1512 aliqua
731 1473 814 1502 causa
824 1483 925 1502 earum
936 1492 944 1506 ,
957 1483 1013 1513 qua
1022 1472 1188 1512 impulsum

232 1515 365 1555 aliquem
385 1514 415 1543 id
434 1512 535 1543 feciss'e
549 1514 635 1543 dicet.
661 1516 720 1544 Hic
731 1514 762 1543 &
774 1515 986 1554 exemplorum
996 1523 1189 1544 commemo-

232 1559 359 1589 ratione,
371 1558 422 1595 qui
434 1554 523 1584 fimili
536 1556 664 1594 impulsu
675 1556 787 1597 aliquid
797 1557 1027 1589 commiserint,
1040 1556 1072 1585 &
1082 1554 1190 1585 simili-

234 1598 376 1628 tudinum
388 1598 549 1627 coilatione
562 1617 569 1631 ,
590 1599 622 1628 ὅτε
633 1596 721 1637 ipsius
731 1600 825 1628 animi
837 1597 1004 1628 affeffionis
1015 1599 1190 1638 explicatio—

235 1650 273 1670 ne
287 1661 295 1672 ,
308 1639 473 1670 curandum
484 1638 527 1669 est
537 1659 545 1673 ,
559 1649 664 1670 utnon
676 1642 789 1672 mirum
799 1640 941 1674 videatur,
953 1639 972 1670 si
982 1642 1063 1681 quod
1072 1640 1107 1673 ad
1117 1638 1190 1669 faci-

199 1684 222 1716 6
239 1692 294 1712 nus
306 1682 354 1712 tali
366 1681 585 1722 perturbatione
595 1692 770 1715 commotus
779 1685 899 1715 animus
907 1682 1065 1714 accerserit.
1110 1680 1188 1712 Cum

236 1732 336 1755 autem
347 1734 411 1754 non
420 1724 720 1765 impulfione‚verum
730 1728 956 1758 ratiocinatione
964 1729 1094 1769 aliquem
1104 1736 1191 1758 com-

237 1764 347 1796 misiss'e
357 1767 429 1808 quid
440 1767 604 1808 dicet,quid
615 1770 751 1799 commodi
758 1768 792 1799 sit
800 1770 980 1804 secutu5‚aut
987 1770 1060 1812 quid
1070 1773 1190 1800 incom-

238 1808 325 1838 modi
334 1807 452 1849 fugerit,
463 1809 696 1845 demonstrabit,
714 1812 746 1841 &
756 1812 786 1842 id
796 1812 931 1852 augebit,
952 1823 1042 1853 quam
1055 1810 1190 1842 maxime

237 1852 365 1891 poterit,
387 1859 418 1880 ut
428 1871 436 1884 ,
460 1851 556 1891 quoad
568 1854 630 1891 ejus
642 1851 704 1883 ficri
714 1853 801 1893 poffit
811 1874 818 1887 ,
840 1854 946 1884 idonea
955 1853 1189 1895 quammaxime

238 1892 321 1924 causa
329 1892 362 1922 ad
373 1893 679 1932 peccandum‘hortata
689 1896 830 1926 videatur.
844 1899 873 1926 Si
882 1897 984 1936 gloria:
994 1907 1045 1926 cau
1051 1897 1086 1929 sa,
1097 1906 1190 1936 quin-

238 1943 298 1964 tam
308 1934 433 1978 gloriam
444 1936 668 1966 consecuturam
678 1937 863 1968 existimarit.
884 1937 996 1972 Item,s1
1008 1939 1193 1968 dominatio-

237 1978 286 2006 nis
298 1997 306 2009 ‚
319 1979 339 2005 ii
349 1979 482 2016 pecuniae
495 1997 502 2010 ,
515 1976 534 2006 fi
545 1980 684 2009 amicitiae
694 2000 702 2013 ‚
714 1978 735 2009 si
744 1981 974 2010 inimicitiarum
987 1993 995 2014 5
1016 1981 1047 2009 &
1058 1978 1190 2009 omnino

237 2018 380 2059 quicquid
391 2020 455 2051 erit,
467 2019 548 2059 quod
558 2021 648 2050 causae
657 2020 744 2051 fuifl'e
755 2022 844 2055 dicet,
855 2021 886 2051 id
896 2022 1014 2052 summe
1025 2031 1129 2062 augere
1140 2020 1192 2050 de—

237 2059 320 2090 bebit
331 2080 339 2093 >
359 2060 391 2089 &
402 2061 459 2089 hoc
468 2071 539 2092 eum
551 2072 729 2102 magnopere
739 2062 920 2094 considerare
931 2065 1081 2104 oportebit
1090 2083 1098 2097 ,
1128 2072 1192 2092 non

237 2101 310 2143 quid
323 2103 353 2130 in
362 2104 481 2132 veritate
492 2102 587 2132 modo
597 2124 605 2137 ,
618 2104 724 2134 verum
735 2107 825 2134 etiam
835 2107 1045 2135 vehementius
1056 2126 1064 2139 ‚
1077 2105 1149 2145 quid
1160 2106 1193 2133 in

236 2144 362 2214 {piniane
371 2144 434 2181 ejus
445 2165 454 2176 ,
466 2153 556 2184 quem
567 2154 686 2184 arguet,
696 2145 794 2176 fuerit.
818 2148 906 2176 Niiiil
916 2149 1000 2176 enim
1010 2146 1098 2176 refert
1106 2167 1114 2179 ,
1128 2155 1192 2175 non

253 2183 326 2214 uili'e
337 2205 345 2218 ,
360 2194 409 2214 aut
418 2195 481 2214 non
493 2184 550 2215 esse
559 2186 669 2227 aliquid
681 2188 858 2220 commodi,
879 2187 1129 2217 autincommodi
1142 2207 1149 2219 ,
1172 2184 1193 2214 fi

239 2225 357 2256 ostendi
368 2227 465 2266 potest
475 2247 482 2260 ,
494 2228 522 2257 ei
532 2229 629 2257 visum
640 2228 708 2262 effe,
720 2231 771 2270 qui
781 2238 922 2269 arguatur.
947 2232 1027 2259 Nam
1040 2230 1128 2269 opimo
1138 2228 1193 2257 du-

237 2269 355 2309 pliciter
364 2269 440 2298 lallit
449 2270 591 2298 homines
603 2290 610 2303 ,
622 2269 693 2300 cum
704 2281 751 2300 aut
761 2281 805 2300 res
815 2271 975 2300 aliusmodi
987 2270 1045 2304 est,
1068 2281 1098 2300 ac
1110 2277 1194 2309 puta-

239 2319 297 2343 tur,
310 2319 358 2340 aut
367 2312 465 2340 nonis
476 2321 599 2341 eventus
611 2312 653 2342 est
663 2332 671 2345 ,
683 2323 773 2353 quem
784 2312 912 2342 arbitrati
924 2312 1002 2342 sunt.
1035 2315 1095 2342 Res
1105 2311 1193 2341 alius-

239 2352 328 2382 modi
337 2351 379 2381 est
390 2360 466 2386 tum>
477 2351 548 2382 cum
561 2362 609 2383 aut
618 2354 661 2387 id,
671 2354 752 2394 quod
764 2355 878 2384 bonum
889 2353 1059 2387 est‚malum
1070 2361 1192 2393 putant:

239 2403 290 2424 aut
298 2403 411 2427 contra,
422 2394 503 2435 quod
513 2395 629 2425 malum
640 2395 692 2428 est,
706 2396 821 2426 bonum
835 2406 840 2425 :
862 2404 912 2426 aut
921 2396 1001 2436 quod
1012 2406 1068 2425 nec
1077 2396 1192 2424 malum

238 2435 294 2468 est,
307 2446 362 2465 nec
372 2436 501 2469 bonum,
515 2437 639 2470 malum,
651 2446 700 2467 aut
708 2438 839 2468 bonum:
852 2447 901 2467 aut
911 2437 992 2479 quod
1003 2437 1129 2469 malum,
1142 2445 1192 2465 aut

239 2478 357 2508 bonum
369 2477 422 2510 est,
435 2488 490 2507 nec
501 2479 686 2512 malum,nec
698 2479 825 2510 bonum.
848 2482 917 2510 Hoc
928 2478 1094 2512 intellecto,
1107 2477 1194 2520 siquis

241 2520 380 2560 negabit,
401 2520 494 2550 ullam
505 2518 562 2550 esse
572 2522 729 2560 pecuniam
740 2542 748 2555 ,
768 2521 864 2552 fratris
877 2543 887 2555 ,
899 2530 946 2551 aut
956 2523 1046 2551 amici
1058 2524 1115 2551 vita
1126 2541 1134 2554 ‚
1147 2529 1196 2549 aut

242 2561 372 2601 denique
381 2560 485 2591 officio
496 2562 548 2591 suo
559 2564 758 2603 antiquiorem
770 2585 779 2597 ,
799 2573 848 2594 ant
856 2564 1023 2594 suaviorem
1034 2583 1042 2596 ,
1067 2573 1131 2592 non
1142 2564 1197 2591 erit

242 2604 301 2632 hoc
310 2603 468 2632 accusatori
479 2604 647 2643 negandum
655 2626 661 2633 .
684 2608 797 2636 namin
808 2616 878 2636 cum
888 2606 983 2645 culpa,
996 2605 1028 2634 &
1038 2606 1194 2635 summum

242 2644 349 2674 odium
360 2643 550 2675 transferetur
559 2665 568 2679 ‚
579 2648 630 2685 qui
640 2647 670 2676 id
684 2667 692 2680 ,
704 2648 784 2688 quod
794 2657 855 2678 tam
866 2647 934 2677 vere
947 2667 955 2680 ,
967 2648 1000 2676 &
1010 2646 1059 2686 pie
1071 2647 1196 2679 dicetur,

241 2686 372 2727 negabit.
403 2685 518 2715 Verum
537 2687 612 2717 iliud
630 2688 796 2719 dicendum
807 2691 862 2720 erit
874 2710 882 2722 ,
905 2690 1024 2719 illinon
1035 2687 1142 2718 effeita
1150 2690 1197 2717 vi-

243 2728 311 2758 sum
324 2739 329 2756 ¹.
341 2726 422 2769 quod
431 2728 509 2758 sumi
521 2738 636 2768 oportet
645 2740 683 2760 ex
692 2733 741 2764 'iis>
750 2742 816 2772 quae
825 2732 860 2762 ad
868 2731 1024 2771 personam
1035 2732 1195 2771 pertinent,

243 2769 279 2801 de
289 2780 350 2811 quo
361 2769 426 2810 post
436 2770 600 2801 dicendum
612 2771 662 2802 est.
707 2776 838 2805 Eventus
848 2784 946 2804 autem
959 2782 1023 2803 tum
1032 2770 1193 2807 talliacum

240 2812 325 2842 aliter
335 2812 456 2856 accidit,
477 2822 561 2854 atque
572 2815 593 2843 ii
605 2834 613 2847 ,
634 2817 685 2855 qui
695 2826 855 2857 arguuntur
864 2837 872 2850 ‚
883 2817 1011 2847 arbitrati
1021 2814 1078 2846 effe
1090 2815 1197 2846 dicun—

241 2863 303 2884 tur:
317 2863 359 2887 ut,
371 2856 392 2883 li
401 2857 467 2895 quis
477 2855 690 2886 dicatur-alium
702 2858 852 2893 occidiss'e,
864 2869 896 2890 ac
905 2859 1045 2891 voluerit,
1053 2857 1135 2899 quod
1145 2866 1195 2887 aut

241 2894 439 2925 similitudine
450 2916 458 2929 ‚
478 2906 528 2927 aut
537 2898 703 2937 suspicione
714 2919 722 2932 ,
742 2909 791 2930 aut
801 2899 1055 2931 demonstratione
1064 2900 1134 2930 falsa
1144 2899 1196 2929 de-

240 2947 342 2978 ceptus
354 2936 386 2967 sit
398 2949 403 2966 ;
424 2947 474 2967 aut
482 2949 553 2968 eum
564 2939 674 2970 necass'e
685 2961 693 2974 ,
704 2942 787 2981 cujus
796 2943 973 2974 testamento
983 2952 1048 2972 non
1059 2940 1092 2972 fit
1101 2943 1196 2975 heres,

241 2978 324 3020 quod
334 2980 398 3020 ejus
408 2979 585 3012 testamento
595 2983 624 3013 se
633 2982 773 3013 heredem
783 2985 935 3016 arbitratus
946 2983 988 3015 sit,
1013 2987 1089 3015 NON
1105 2994 1146 3013 EN
1153 2993 1196 3013 1M

1218 137 1754 186 Crcnnours

1217 227 1256 249 ex
1267 226 1376 249 eventu
1385 220 1600 260 cogitationem
1612 208 1734 261 spectari
1744 228 1878 261 oportere
1888 239 1896 254 ,
1914 218 1962 251 sed
1975 222 1984 240 ¹
1996 227 2053 261 qua
2062 219 2173 261 cogita-2

1219 262 1300 297 tione¹
1321 260 1353 290 δε
1371 261 1420 301 spe
1437 260 1472 291 ad
1484 260 1667 292 maleficium
1686 261 1839 302 profectus
1850 261 1883 292 {it
1894 282 1902 295 ‚
1922 260 2102 292 considerare
2114 272 2118 290 2
2140 261 2174 291 &

1217 312 1278 343 quo
1287 305 1392 332 :inimo
1402 302 1474 343 quid
1484 303 1607 344 quisque
1617 304 1715 337 faciat,
1727 313 1790 333 non
1799 314 1859 345 quo
1869 303 1934 334 casu
1945 312 2051 336 utatur,
2062 302 2097 333 ad
2109 313 2175 333 rem

1219 346 1374 384 pertinere.
1394 347 1431 374 In
1441 346 1499 375 hoc
1508 354 1609 375 autem
1619 346 1688 375 loco
1699 366 1707 379 ‚
1720 355 1805 386 caput
1815 345 1890 375 illud
1900 348 1955 375 erit
1965 345 2122 375 acc-‹illitori
2134 364 2143 377 ,
2155 342 2176 374 si

1219 385 1421 415 demonstrare
1422 388 1549 456 1poterit,
1560 387 1611 417 alii
1622 387 1726 416 nemini
1735 387 1849 417 causam
1858 386 1945 417 fuiffe
1955 386 2084 416 faciendi
2096 396 2101 414 ε
2125 388 2177 416 Se-

1220 427 1408 461 cundarium,
1434 437 1577 461 itantam.
1588 438 1636 458 aut
1647 438 1707 459 tam
1717 428 1859 458 idoneam
1870 431 2001 458 nemini.
2025 430 2078 458 Sin
2088 425 2176 457 fuisse

1219 470 1284 498 aliis
1295 479 1413 510 quoque
1423 470 1507 499 causa
1515 469 1645 500 faciendi
1654 470 1823 500 videbitur:
1850 479 1900 500 aut
1909 469 2034 509 potestas
2045 470 2111 499 aliis
2124 469 2177 498 de-

1219 508 1306 539 fuiss'e
1317 509 1549 540 demonstranda
1557 510 1600 540 est
1610 531 1619 544 ,
1639 520 1689 541 aut
1696 511 1818 541 facultas
1829 531 1837 545 ,
1858 520 1908 541 aut
1918 512 2062 541 voluntas.
2091 514 2179 540 Pote-

1222 550 1277 581 stas
1289 571 1298 584 ‚
1309 549 1330 580 si
1339 560 1388 581 aut
1397 550 1521 581 nesciss'e
1533 571 1541 585 ,
1553 561 1602 581 aut
1611 562 1675 582 non
1685 551 1799 582 affuisse
1811 572 1820 586 ,
1839 562 1888 582 aut
1898 551 2045 583 conficere
2064 551 2178 591 aliquid

1221 602 1285 622 non
1305 592 1432 632 potuiss'e
1451 593 1578 623 dicetur.
1606 594 1740 624 Facultas
1750 614 1758 627 ,
1777 593 1799 623 sl
1809 596 1882 623 ratio
1893 614 1902 626 ,
1914 594 2062 633 adjutores
2074 613 2082 626 ,
2094 594 2180 633 adju-

1222 643 1324 664 menta
1333 655 1341 667 ,
1364 635 1396 664 &
1406 643 1500 665 cetera
1511 656 1519 668 ,
1531 646 1597 676 quae
1606 635 1641 665 ad
1652 645 1716 665 rem
1726 635 1938 675 pertinebunt,
1953 633 2080 666 defuisse
2089 635 2179 665 alicui

1222 675 1520 706 demonstrabuntur.
1546 678 1691 708 Voluntas
1701 698 1710 711 ‚
1731 675 1750 707 fi
1761 679 1881 707 animus
1891 677 1907 707 a
1917 677 2022 707 talibus
2033 676 2118 707 factis
2129 687 2180 706 va-

1221 728 1293 747 cuus
1305 738 1313 751 ‚
1330 717 1362 747 &
1372 720 1485 760 integer
1494 716 1553 748 effe
1563 719 1686 749 dicetur.
1710 718 1865 749 Postremo
1875 739 1883 752 ‚
1904 729 1974 760 quas
1985 719 2020 749 ad
2032 717 2180 748 defensio-

1224 769 1297 788 nem
1316 761 1444 789 rationes
1463 770 1514 790 reo
1533 761 1671 791 dabimus
1683 781 1691 794 ,
1715 763 1751 790 iis
1761 762 1908 791 accusator
1918 761 1952 791 ad
1964 762 2037 790 alios
2048 770 2085 790 ex
2095 761 2180 800 culpa

1223 801 1414 834 eximendos,
1428 801 1572 832 abutetur.
1596 803 1712 833 Verum
1723 802 1753 832 id
1765 802 1846 832 brevi
1855 802 2028 833 faciendum
2038 801 2091 836 est,
2103 802 2135 831 δε
2146 812 2181 832 in

1223 852 1319 872 unum
1340 843 1435 873 multa
1452 844 1520 873 sunt
1537 844 1733 874 conducenda
1742 864 1750 878 ,
1781 853 1813 874 ut
1821 854 1859 874 ne
1868 845 1986 874 alterius
1997 843 2182 874 defendendi

1224 885 1307 913 causa
1325 884 1406 913 hunc
1424 885 1554 914 accusare
1564 905 1574 918 ‚
1596 886 1646 915 sed
1665 886 1753 925 hujus
1766 887 1919 917 accusandi
1929 887 2011 917 causa
2020 885 2180 916 defendere

1222 926 1350 955 alterum
1367 925 1514 956 videatur.
1558 930 1655 968 Atque
1664 928 1822 958 accusatori
1833 928 1956 969 quidem
1969 929 2031 958 haec
2041 927 2101 958 fere
2113 927 2180 957 sunt
2199 931 2216 963 8

1224 968 1258 997 in
1267 968 1352 998 caula
1360 967 1541 1002 facienda,&
1551 967 1769 999 confideranda.
1789 971 1938 1000 Derensor
1947 980 2047 1001 autem
2058 979 2095 999 ex
2105 976 2187 999 con-'

1223 1011 1311 1039 trario
1320 1011 1457 1049 primum
1467 1009 1682 1050 impulfionem
1692 1020 1742 1041 aut
1750 1012 1865 1042 nullam
1875 1011 1962 1042 fuiss'e
1972 1012 2051 1042 dicet
2061 1032 2069 1045 ,
2082 1021 2129 1041 aut
2139 1031 2147 1044 ‚
2161 1010 2182 1041 si

1224 1049 1310 1080 fuiffe
1327 1051 1472 1082 concedet
1480 1072 1489 1086 ,
1511 1053 1686 1082 extenuabit
1694 1073 1702 1087 ,
1725 1053 1916 1093 &parvulam
1935 1054 2083 1095 quandam
2094 1052 2182 1082 fuiss‘e

1226 1092 1446 1123 demonstrabit
1457 1114 1465 1126 ,
1485 1103 1535 1124 aut
1544 1104 1607 1124 non
1617 1105 1655 1124 ex
1664 1105 1697 1124 ea
1706 1095 1798 1125 solere
1809 1096 1985 1135 hujusmodi
1994 1095 2070 1126 facta
2080 1096 2157 1125 nasci
2170 1115 2180 1128 ‚

1224 1134 1353 1164 docebit.
1377 1137 1447 1177 Qo
1457 1138 1511 1166 erit
1521 1138 1553 1165 in
1563 1136 1632 1166 loco
1642 1136 1909 1167 demonstrandum
1921 1159 1929 1172 ,
1946 1148 2006 1179 qam
2016 1148 2055 1166 vu
2066 1158 2074 1170 ,
2088 1137 2122 1169 &-
2131 1146 2183 1165 na-

1226 1184 1292 1221 tura
1303 1177 1366 1215 ejus
1377 1175 1410 1205 sit
1419 1175 1588 1208 affeffionjs
1599 1199 1606 1211 .
1628 1189 1686 1219 qua
1695 1179 1841 1218 impulsus
1851 1180 1964 1220 aliquid
1974 1190 2039 1209 reus
2049 1181 2182 1209 commi-

1225 1217 1288 1248 sisse
1307 1218 1421 1248 dicetur
1433 1229 1438 1247 z
1460 1221 1492 1248 in
1510 1229 1571 1260 quo
1591 1221 1624 1250 δε
1641 1221 1779 1259 exempla
1789 1241 1797 1254 ,
1819 1221 1852 1250 δε
1871 1219 2080 1251 similitudines
2094 1229 2183 1250 erunt

1225 1258 1410 1299 proferendae
1420 1280 1428 1293 ‚
1448 1261 1480 1290 &
1490 1261 1552 1301 ipsa
1561 1261 1720 1303 diligenter
1729 1271 1829 1292 natura
1839 1263 1902 1301 ejus
1912 1261 2080 1292 affedtionis
2089 1266 2180 1303 quam

1226 1300 1374 1331 leniffime
1386 1302 1600 1343 quietifliinam
1611 1304 1647 1333 ad
1657 1313 1768 1344 partem
1781 1304 1968 1343 explicanda,
1980 1313 2013 1335 ut
2023 1304 2056 1334 δε
2067 1315 2111 1334 res
2122 1304 2182 1343 ipsa

1227 1343 1242 1373 31
1250 1343 1331 1373 faSto
1341 1345 1465 1378 crudeli,
1477 1345 1510 1375 ὃς
1518 1346 1692 1376 turbulento
1702 1346 1736 1376 ad
1747 1347 1898 1386 quoddam
1909 1348 2014 1377 mitius
2022 1366 2031 1380 ‚
2055 1347 2088 1376 ὃς
2103 1355 2182 1376 tran-

1227 1386 1350 1426 quillius
1361 1385 1526 1417 traducatur
1535 1407 1544 1420 ‚
1574 1387 1607 1417 &
1616 1390 1710 1418 oratio
1720 1396 1820 1418 tamen
1830 1389 1865 1418 ad
1874 1391 2014 1418 animum
2023 1389 2086 1428 ejus
2097 1408 2106 1422 ,
2129 1389 2183 1428 qui

1228 1427 1326 1457 audiet
1336 1447 1343 1460 ‚
1366 1428 1399 1457 8(-
1409 1427 1443 1458 ad
1455 1431 1550 1459 animi
1559 1429 1709 1470 quendam
1718 1431 1866 1460 intimum
1876 1430 1995 1460 sensum
2005 1439 2182 1460 accommo—

1228 1469 1327 1499 detur.
1349 1471 1602 1501 Ratiocinationis
1611 1480 1711 1502 autem
1722 1472 1904 1511 suspiciones
1916 1471 2092 1505 infirmabit,
2103 1471 2124 1502 si
2134 1480 2185 1502 aut

1227 1511 1402 1540 commodum
1410 1513 1530 1543 nullum
1537 1512 1636 1547 fuiffe,
1646 1522 1695 1544 aut
1702 1523 1838 1554 parvum,
1850 1523 1899 1544 aut
1906 1515 1971 1544 aliis
1979 1516 2073 1554 magis
2082 1512 2181 1547 fuiffe,

1228 1563 1277 1583 aut
1296 1554 1395 1583 nihilo
1414 1552 1468 1584 fibi
1486 1557 1579 1596 magis
1591 1575 1600 1588 ‚
1619 1556 1707 1596 quim
1718 1556 1783 1585 aliis
1797 1567 1801 1584 z
1825 1564 1873 1586 aut
1883 1556 2117 1586 incommodum
2128 1554 2181 1585 fibi

1232 1597 1340 1636 majus,
1351 1595 1441 1637 quarn
1451 1597 1653 1627 commodum
1663 1597 1742 1627 dicet
1752 1610 1756 1626 2
1767 1606 1800 1628 ut
1808 1608 1992 1639 nequaquam
2000 1597 2091 1628 fuerit
2099 1598 2183 1628 illius

1229 1639 1399 1673 commodi,
1411 1639 1492 1680 quod
1502 1640 1668 1680 expetitum
1679 1639 1802 1674 dicatur,
1814 1640 2054 1680 magnitudo,aut
2062 1649 2133 1670 curn
2143 1649 2182 1669 eo

1229 1680 1442 1716 incommodo,
1458 1682 1539 1723 quod
1549 1682 1704 1716 acciderit,
1723 1692 1852 1713 autcum
1862 1683 1916 1714 iilo
1925 1683 2059 1724 periculo
2071 1703 2079 1716 ,
2099 1680 2183 1723 quod

1229 1722 1375 1759 subeatur,
1386 1724 1585 1765 comparanda
1598 1735 1604 1754 :
1616 1726 1667 1767 qui
1677 1735 1785 1756 omnes
1796 1727 1855 1755 loci
1864 1724 2184 1756 similiter-incommo-

1230 1767 1261 1797 di
1281 1778 1399 1808 quoque
1418 1769 1562 1798 vitatione
1579 1768 1788 1798 tractabuntur.
1821 1771 1879 1798 Sin
1897 1768 2044 1798 accusator
2061 1767 2183 1799 dixerit,

1230 1820 1304 1839 eum
1316 1810 1347 1839 id
1357 1808 1414 1839 effe
1425 1810 1559 1840 secutum
1569 1829 1577 1842 ,
1587 1810 1668 1850 quod
1679 1811 1703 1838 ei
1713 1810 1811 1849 visam
1819 1808 1852 1839 sit
1860 1810 2063 1839 commodum·
2073 1829 2081 1841 ,
2093 1816 2142 1837 aut
2153 1807 2184 1837 id

1230 1851 1347 1893 fugiffe,
1357 1852 1438 1892 quod
1448 1853 1557 1891 putarit
1565 1851 1624 1881 effe
1633 1852 1880 1884 incommodum,
1890 1860 2072 1892 quamquam
2084 1851 2118 1879 in
2127 1848 2193 1879 fala

1231 1895 1259 1923 sa
1269 1896 1358 1923 ruerit
1367 1896 1511 1933 opinione
1524 1904 1529 1922 2
1550 1893 1818 1923 demonstrandum
1829 1892 2041 1923 eritdefeni'ori
2052 1912 2061 1926 ‚
2082 1893 2184 1921 nemi-

1233 1946 1305 1965 nem
1316 1944 1393 1965 tanta
1404 1933 1460 1965 effe
1471 1935 1594 1965 stultitia
1604 1955 1611 1968 ‚
1635 1937 1687 1975 qui
1697 1936 1746 1965 tali
1756 1937 1787 1964 in
1799 1945 1827 1965 re
1837 1933 1923 1975 poffit
1932 1937 2085 1964 veritatem
2096 1936 2186 1973 igno-

1230 1988 1300 2007 rare.
1335 1975 1427 2018 Qod
1437 1976 1458 2006 si
1468 1978 1499 2007 id
1509 1977 1702 2010 concedatur,
1726 1977 1801 2006 illud
1810 1985 1875 2007 non
1883 1975 2055 2007 concessum
2066 1977 2123 2008 iri,
2144 1985 2184 2005 ne

1213 2054 1215 2065 .
1232 2018 1373 2049 dubitass'e
1385 2019 1508 2060 quidem
1520 2020 1602 2048 hunc
1611 2039 1619 2052 ,
1631 2019 1703 2059 quid
1715 2019 1776 2058 ejus
1786 2020 1858 2059 juris
1870 2018 1941 2049 efl'et
1951 2039 1958 2052 ,
1970 2018 2019 2049 sed
2028 2018 2059 2048 id
2071 2038 2078 2051 ,
2099 2016 2182 2058 quod

1230 2060 1339 2091 falsum
1349 2061 1452 2094 fuerit,
1460 2060 1520 2090 fine
1530 2061 1589 2090 ulla
1600 2060 1785 2090 dubitatione
1794 2071 1848 2100 pro
1857 2060 1932 2090 falso
1944 2071 1948 2088 :
1969 2059 2050 2100 quod
2060 2068 2181 2091 verum,

1231 2113 1284 2142 pro
1294 2113 1366 2133 vero
1375 2102 1517 2143 probasse.
1528 2101 1618 2142 Qod
1629 2101 1649 2131 si
1657 2102 1975 2135 dubitaverit,surnmae
1984 2100 2071 2130 tuiss'e
2079 2110 2185 2131 amen-

1230 2147 1278 2174 tiae
1289 2165 1298 2177 ‚
1319 2143 1453 2182 dubiaspe
1462 2146 1625 2184 impulsum
1638 2164 1646 2176 ,
1659 2152 1773 2173 certum
1782 2146 1813 2173 in
1824 2144 1990 2184 periculum
2002 2144 2030 2173 se
2041 2144 2187 2173 commit—

1231 2195 1300 2215 tere.
1312 2187 1581 2226 Qemadmodum
1591 2194 1691 2214 autem
1701 2185 1933 2219 aectisat01·‚c[1m
1944 2186 1980 2216 ab
1989 2187 2054 2216 aliis
2064 2186 2185 2225 culpam

1233 2228 1414 2259 dimovebit,
1425 2226 1589 2257 defensoris
1599 2226 1673 2256 locis
1684 2236 1780 2256 utetur
1792 2238 1796 2256 :
1817 2227 1855 2257 fic
1865 2230 1900 2257 iis
1912 2229 1996 2261 locis,
2009 2229 2061 2268 qui
2070 2227 2185 2257 accusa-

1232 2271 1289 2299 tori
1301 2268 1360 2298 dati
1370 2268 1438 2298 sunt
1447 2289 1455 2302 ,
1475 2277 1573 2298 utetur
1581 2278 1646 2298 reus
1657 2288 1664 2301 ,
1686 2268 1757 2298 cum
1768 2271 1800 2298 in
1811 2271 1884 2299 alios
1894 2270 1929 2299 ab
1940 2271 1967 2300 se
1976 2272 2093 2299 crimen
2101 2269 2186 2299 volet

1232 2309 1395 2340 transferre.
1439 2313 1486 2340 Ex
1503 2312 1627 2350 persona
1641 2319 1739 2340 autem
1759 2311 1928 2350 conjectura
1944 2314 2072 2351 capietur
2081 2331 2089 2344 ,
2111 2309 2132 2340 si
2143 2320 2184 2340 eae
2198 2319 2221 2352 9

1233 2362 1277 2382 res
1289 2372 1297 2385 ‚
1308 2361 1374 2392 quae
1382 2353 1514 2391 personis
1525 2353 1669 2383 attributae
1680 2353 1747 2382 sunt
1755 2373 1763 2386 ,
1784 2353 1836 2383 dili
1841 2363 1945 2395 genter
1952 2352 2184 2383 considerabun-

1232 2403 1280 2424 tur
1289 2414 1297 2427 ,
1319 2403 1389 2434 quas
1409 2395 1528 2423 omneis
1547 2396 1580 2424 in
1598 2396 1698 2434 primo
1708 2395 1785 2424 libro
1795 2397 2000 2435 exposuimus.
2023 2404 2094 2425 nam
2106 2394 2138 2424 &
2148 2393 2186 2424 de

1234 2437 1362 2466 nomine
1371 2445 1604 2476 nonnumquam
1614 2436 1725 2476 aliquid
1736 2437 1910 2477 suspicionis
1920 2439 2055 2468 nascitur.
2076 2438 2188 2466 Nomen

1234 2486 1334 2507 autern
1346 2475 1418 2507 curn
1429 2477 1586 2511 dicimus,2
1596 2487 1767 2518 cognomen
1777 2489 1896 2520 quoque
1906 2480 2088 2521 intelligatur
2096 2488 2187 2518 opor—

1235 2528 1286 2549 tet.
1311 2521 1357 2548 De
1367 2520 1504 2549 hominis
1514 2522 1597 2549 enim
1606 2520 1733 2553 certo‚&
1742 2524 1865 2561 proprio
1873 2521 2022 2552 vocabulo
2031 2522 2125 2561 agitur
2136 2530 2141 2548 ς
2154 2528 2188 2550 ut

1236 2560 1257 2591 sl
1266 2561 1411 2594 dicamus,
1423 2561 1532 2591 idcirco
1541 2562 1672 2602 aliquem
1686 2562 1801 2591 caldum
1810 2565 1907 2594 vocari
1918 2584 1925 2597 ‚
1937 2563 2018 2604 quod
2029 2571 2188 2592 temerario

1238 2604 1271 2633 &
1289 2606 1446 2642 repentino
1464 2602 1589 2633 consilio
1602 2602 1635 2633 sit
1645 2613 1650 2631 2
1671 2612 1720 2633 aut
1730 2603 1750 2633 sl
1761 2615 1793 2634 ea
1804 2605 1840 2635 de
1851 2615 1880 2635 re
1888 2604 2066 2635 hominibus
2077 2605 2189 2634 Graecis

1238 2646 1385 2684 imperitis
1392 2645 1481 2675 verba
1491 2644 1602 2675 dediss'c
1612 2666 1619 2679 ‚
1632 2644 1714 2686 quod
1726 2646 1844 2680 Clodius,
1856 2655 1904 2677 aut
1913 2650 1935 2676 C
1933 2646 2043 2680 acilius,
2054 2655 2104 2675 aut
2112 2646 2188 2675 Mu-

1237 2687 1295 2715 cius
1308 2706 1316 2719 ,
1338 2696 1521 2717 vocarentur.
1554 2690 1591 2717 Et
1608 2687 1644 2717 de
1663 2696 1764 2718 natura
1774 2688 2070 2730 licetaliquantulum
2081 2687 2189 2718 ducere

1238 2728 1424 2767 suspicioni&
1446 2730 1550 2759 omnia
1559 2731 1642 2759 enim
1653 2730 1715 2760 haec
1725 2750 1733 2763 ,
1743 2731 1799 2764 vir,
1812 2740 1849 2760 an
1859 2731 1969 2760 mulier
1980 2741 1985 2759 ;
2004 2731 2092 2769 hujus
2102 2740 2139 2759 an
2149 2729 2188 2758 il—

1238 2770 1296 2799 lius
1305 2772 1432 2802 civitatis
1442 2770 1475 2802 sit
1486 2782 1492 2801 z
1512 2772 1619 2813 quibus
1638 2770 1671 2801 sit
1688 2771 1853 2811 majoribus
1861 2792 1870 2807 ,
1892 2772 2000 2815 quibus
2009 2772 2189 2812 consangui-

1238 2822 1303 2843 neis
1313 2834 1322 2848 ,
1333 2823 1492 2854 quaaetate,
1514 2825 1575 2857 quo
1583 2816 1687 2846 animo
1700 2837 1708 2850 ‚
1719 2824 1780 2857 quo
1789 2825 1924 2857 corpore,
1935 2826 1999 2857 quae
2009 2821 2112 2845 natum
2120 2814 2190 2844 sunt

1237 2855 1381 2886 attributa
1393 2878 1400 2889 .
1412 2857 1446 2887 ad
1457 2858 1586 2899 aliquam
1596 2859 1664 2898 conj
1669 2858 1799 2888 eetuiam
1807 2858 1973 2889 faciendam
1982 2856 2188 2898 pertinebunt.

1240 2901 1276 2928 Et
1295 2908 1332 2927 ex
1343 2898 1423 2928 vitiu
1437 2901 1541 2930 multae
1550 2902 1705 2930 trahuntur
1714 2900 1913 2939 suspiciones,
1932 2899 2023 2933 cum,
2044 2898 2189 2939 quemad—

1240 2940 1368 2970 modum
1380 2961 1388 2975 ,
1409 2942 1441 2971 &
1451 2942 1527 2982 apud
1537 2952 1613 2982 quos
1624 2942 1657 2972 ὃς
1667 2941 1682 2971 a
1691 2941 1799 2982 quibus
1809 2941 1946 2972 educatus
1956 2942 1989 2971 ὃς
1998 2940 2131 2970 eruditus
2142 2938 2189 2972 fit,

1239 2984 1389 3026 quaeritur.
1413 2983 1446 3013 &
1456 2984 1636 3025 quibuscum
1646 2985 1737 3017 vivat,
1748 2993 1805 3024 qua
1812 2985 1926 3013 ratione
1934 2985 2004 3014 vitae
2013 3002 2021 3016 ²
2032 2991 2191 3053 quodmore

2109 3034 2195 3056 ome-

283 3107 304 3123 ¹·
324 3099 379 3129 §aa
388 3102 520 3131 cqesi'mrimc
529 3101 602 3135 &sps
612 3103 645 3127 ari
653 3105 800 3136 maleficium,
810 3105 877 3139 &ej
890 3103 956 3130 Pall.
967 3116 1009 3132 om
1015 3115 1058 3133 nes
1070 3105 1096 3132 Sc
1108 3106 1191 3132 Grev.
1212 3106 1215 3128 1
1238 3105 1266 3136 6)·
1275 3113 1381 3137 (trinomen
1389 3106 1550 3137 intematum
1569 3104 1597 3130 ὅτ
1609 3112 1671 3129 vero
1681 3101 1747 3130 editi
1757 3103 1771 3129 :i
1782 3101 1904 3129 vietorio
1915 3102 1942 3128 &c
1953 3101 2084 3128 Lainbino
2095 3121 2103 3134 ,
2114 3111 2192 3135 cogno-

240 3134 353 3169 afflplldS
367 3154 375 3165 ‚
386 3145 434 3169 qud
443 3139 575 3169 cogitatione
585 3141 678 3164 animus
688 3140 763 3173 &spe
774 3159 781 3170 ,
792 3141 843 3170 ely-c.

1237 3150 1288 3166 men
1299 3150 1385 3174 quoque
1393 3142 1422 3171 ἀν
1431 3150 1540 3173 agnomen
1547 3141 1690 3174 intelligatur
1700 3158 1708 3170 ‚
1718 3138 1769 3168 dyc.
1788 3148 1836 3165 nec
1844 3138 1922 3165 aliter
1932 3139 2015 3165 (ἂι-εν.
2027 3145 2071 3165 nut
2081 3137 2138 3164 Pal.
2149 3147 2191 3174 pr.

278 3179 307 3197 ²-
326 3173 446 3204 cognomen
456 3175 694 3210 ‘guoq'aci'mclltgatur
701 3177 813 3214 nortun]
824 3177 914 3207 Prima
922 3178 1005 3208 editio
1016 3197 1025 3213 ,
1036 3187 1194 3214 commersque
1238 3176 1280 3205 sed
1292 3177 1381 3205 malim
1394 3185 1479 3208 tamen
1490 3177 1579 3214 primo
1589 3176 1646 3207 loco
1655 3175 1824 3212 posituin,cui
1836 3173 1975 3211 respondet
1983 3173 2033 3203 sec.
2043 3184 2072 3202 ac
2081 3180 2146 3200 tert.

2063 3220 2075 3240 ι
2083 3231 2088 3238 .
2097 3213 2192 3238 Pri-na-

2242 1994 2252 2041 μῆ,
