2360 3400
488 124 576 157 nn.
621 108 898 157 Frmntrs
951 111 1190 159 Borion.
1242 121 1321 157 aa·
1370 108 1536 159 MAL.
1580 113 1715 160 Lr'n.
1760 113 1792 159 Ι.

380 195 585 283 ”λὼ
679 223 1083 283 TULLII

160 376 163 380 .
989 354 1003 364 =
1064 332 1120 386 D

199 433 1056 503 FHUBUSBONOR

468 647 539 725 B
687 649 803 728 R
929 646 1017 725 u

1076 437 1225 497 UM

1075 556 1196 601 AD

2027 131 2125 180 9w

1179 223 1792 285 thERoNis

1158 334 1206 390 E

1292 437 1335 477 1:

1293 470 1343 496 ω

1366 437 1423 496 T
1500 438 2092 529 MALORUM,

1177 645 1257 723 T
1431 648 1510 725 U
1667 650 1825 727 M„-

635 765 1018 821 LIBER
1134 763 1640 821 PRIMUS.

350 907 384 917 M.
423 886 484 914 ΟΝ
496 892 576 913 eram
587 882 704 913 nescius
715 902 724 916 ‚
737 884 825 913 Brute
836 901 845 916 ‚
855 876 928 912 cum
941 900 949 915 ‚
962 891 1028 922 quae
1039 881 1122 911 surn-

369 947 373 956 .
424 928 483 955 mis
494 926 627 965 ingeniis
638 944 645 957 ‚
658 922 862 964 exquisitaque
871 922 1008 953 doctrina
1018 923 1121 963 philo-

312 969 321 980 *
370 964 394 996 -q'
424 967 508 1006 sophi
519 968 624 996 Graeco
634 966 772 996 sermone
783 963 985 996 ti·a6iavifl'ent
995 985 1003 998 ‚
1019 975 1052 996 ea
1062 966 1120 995 La-

423 1010 495 1039 tinis
505 1008 611 1038 litteris
621 1008 851 1041 mandaremus,
862 1006 927 1037 fore
938 1026 946 1040 ‚
959 1014 991 1037 ut
1002 1008 1050 1037 hic
1061 1016 1120 1037 no-

246 1049 274 1085 ἶζ,
424 1050 483 1080 ster
503 1049 585 1080 labor
603 1052 635 1079 in
652 1051 746 1079 varias
759 1048 1004 1090 reprehensiones
1017 1050 1120 1080 incur-

243 1068 349 1148 Q}
368 1093 400 1139 ζ
424 1102 509 1122 reret.
532 1101 603 1122 nam
616 1090 793 1132 quibusdam
805 1111 813 1125 ‚
827 1090 907 1121 &iis
917 1090 1042 1131 quidem
1055 1100 1119 1120 non

159 1130 168 1137 “
264 1120 319 1149 s*
357 1133 407 1155 Ψ
425 1133 593 1164 admodum
609 1132 741 1163 indoffis
753 1153 761 1167 ‚
783 1141 883 1163 totum
898 1134 955 1163 hoc
970 1132 1118 1172 displicet,

151 1177 349 1221 philofhphari.
372 1176 497 1217 quidam
508 1185 607 1205 autem
626 1179 636 1194 ¹
648 1185 713 1205 non
724 1175 755 1205 id
765 1183 824 1205 tam
837 1174 1062 1214 reprehendunt
1073 1194 1082 1207 ,
1098 1173 1118 1203 si

153 1212 304 1252 remiffius
321 1228 422 1260 agatur
438 1229 444 1247 :
467 1217 517 1248 sed
538 1226 654 1247 tantum
677 1216 809 1247 studium
822 1236 831 1250 ‚
852 1225 973 1257 tamque
990 1217 1117 1246 multam

153 1272 276 1304 operam
288 1260 461 1301 ponendam
473 1263 505 1290 in
518 1269 554 1289 eo
567 1269 631 1289 non
640 1259 827 1289 arbitrantur.
852 1261 947 1288 Erunt
957 1259 1046 1288 etiam
1059 1277 1067 1292 ‚
1084 1258 1117 1288 &

152 1306 188 1335 hi
209 1303 332 1345 quidem
342 1302 457 1333 veruditi
468 1303 580 1332 Graecis
590 1301 698 1331 litteris
710 1321 719 1333 ‚
742 1308 973 1330 contemnentes
985 1302 1118 1333 Latinas,

155 1386 270 1420 stremo
279 1387 397 1427 aliquos
407 1385 524 1416 futuros
536 1385 666 1424 suspicor
675 1403 684 1416 ‚
694 1386 747 1424 qui
757 1394 806 1413 me
817 1383 852 1414 ad
862 1385 932 1414 alias
941 1385 1052 1414 litteras
1060 1393 1117 1414 vo-

154 1438 241 1462 cent:
253 1438 345 1470 genus
355 1429 414 1457 hoc
425 1426 593 1459 scribendi,
606 1423 655 1455 etfi
666 1424 699 1455 sit
708 1425 826 1465 elegans
838 1445 845 1458 ‚
860 1425 994 1465 personae
1004 1435 1117 1459 tamen,
1138 1437 1140 1441 ⁴

155 1473 191 1503 &
210 1470 361 1513 dignitatis
380 1466 438 1498 effe
458 1476 578 1510 negent.
602 1470 712 1497 Contra
725 1476 801 1507 quos
815 1468 937 1496 omneis
950 1467 1116 1497 dicendum

153 1514 285 1545 breviter
295 1509 451 1540 existimo.
473 1518 658 1550 quamquam
677 1508 876 1549 philosophiae
891 1508 1015 1549 quidem
1035 1511 1118 1538 vitu-

150 1552 336 1597 peratoribus
351 1552 415 1582 satis
427 1550 605 1591 responsum
618 1550 660 1581 est
673 1560 710 1580 eo
728 1550 826 1584 libro,
848 1560 909 1591 quo
920 1550 935 1580 a
948 1550 1117 1589 nobisphi—
1138 1566 1139 1580 ι

151 1596 292 1636 Iosophia
303 1592 423 1624 defensa
433 1612 441 1626 ‚
457 1592 662 1623 &collaudata
672 1591 715 1622 est
726 1612 735 1626 ‚
754 1592 825 1622 cum
837 1590 1047 1623 ess'etaccusata
1058 1611 1067 1624 ,
1083 1591 1116 1621 &

151 1640 317 1677 vituperata
327 1636 364 1666 ab
374 1634 547 1666 Hortensio.
569 1636 620 1676 qui
632 1635 708 1664 liber
718 1633 791 1665 curn
802 1634 835 1665 ὅ(
846 1635 900 1665 tibi
914 1634 1057 1674 probatus
1068 1635 1116 1664 vi-

152 1681 291 1713 deretur,
313 1678 413 1711 &iis‚
434 1687 511 1718 quos
525 1687 580 1717 ego
596 1676 677 1716 poffi»
692 1676 826 1716 judicare
839 1677 1012 1710 arbitrarer,
1030 1676 1115 1716 plura
1136 1709 1138 1716 γ

151 1721 284 1762 suscepi,
297 1722 409 1750 veritus
422 1729 458 1749 ne
469 1729 578 1748 movere
587 1719 731 1748 hominum
731 1719 830 1754 studia
841 1719 958 1749 viderer
968 1739 976 1753 ,
988 1721 1114 1749 retinere

150 1774 217 1796 non
228 1761 386 1804 posse-Qi
396 1760 527 1792 autem‘si
539 1761 674 1791 maxime
686 1762 743 1791 hoc
752 1760 1062 1801 placeat‘moderatius
1074 1769 1116 1790 ta-

151 1816 228 1837 men
247 1804 279 1835 id
297 1804 405 1834 volunt
421 1802 485 1832 fieri
505 1822 514 1837 ‚
537 1801 695 1833 difficilem
716 1802 867 1843 quandam
887 1804 1115 1842 temperantiam

151 1847 307 1889 postulant
318 1848 351 1875 in
361 1855 398 1875 eo
408 1848 422 1864 2
432 1845 514 1885 quod
525 1844 617 1874 semel
626 1846 688 1883 jam
700 1842 823 1874 missum
837 1864 846 1878 ‚
858 1845 989 1874 coerceri
1001 1864 1009 1877 ,
1023 1845 1117 1883 repri-

152 1892 259 1930 mique
275 1897 337 1918 non
351 1886 463 1927 potest:
485 1894 518 1916 ut
526 1886 749 1926 propemodum
760 1885 935 1924 justioribus
947 1894 1065 1916 utamur
1077 1885 1115 1915 il—

143 1929 191 1962 'lis
203 1952 211 1965 ,
223 1931 276 1971 qui
287 1931 418 1959 omnino
428 1937 555 1959 avocent
564 1928 579 1957 a
590 1928 779 1968 philosophia
792 1948 801 1961 ‚
824 1928 916 1968 quam
927 1929 964 1957 iis
976 1948 986 1961 ‚
1006 1929 1058 1968 qui
1073 1938 1114 1956 re-

151 1973 204 2004 hus
214 1972 331 2011 infinitis
343 1970 456 2000 modum
466 1968 655 2005 constituant:
673 1972 705 1999 in
724 1980 814 2011 reque
832 1980 869 2000 eo
887 1970 1015 2000 meliore
1026 1989 1035 2003 ,
1051 1979 1113 2010 quo

153 2017 253 2050 maior
271 2012 324 2047 fit,
342 2012 581 2043 mediocritatem
600 2010 773 2042 desiderent.
809 2015 888 2042 Swe
902 2021 992 2041 ENtM
1014 2011 1049 2042 ad
1071 2011 1114 2041 sa-

150 2058 299 2099 pientiam
320 2056 470 2095 pervenii·i
490 2053 602 2093 potest:
624 2064 687 2084 non
706 2054 832 2094 paranda
845 2054 935 2083 nobis
950 2052 1048 2084 solum
1069 2063 1111 2087 ea,

151 2099 204 2131 sed
214 2097 339 2129 fruenda
349 2099 440 2126 etiam
452 2096 591 2136 sapientia
601 2096 652 2126 est.
668 2094 726 2126 five
738 2098 795 2126 hoc
806 2094 929 2126 difficile
939 2095 998 2126 est:
1011 2105 1112 2125 tamen

152 2151 210 2172 nec
227 2139 337 2170 modus
351 2138 394 2168 est
413 2139 492 2168 ullus
507 2137 704 2179 investigandi
715 2139 801 2172 veri,
820 2136 875 2167 nisi
887 2139 1057 2168 inveneris:
1078 2138 1111 2168 ὃς

152 2182 308 2225 quaerendi
319 2180 489 2221 defatigatio
498 2181 593 2220 turpis
603 2179 646 2210 est
656 2199 665 2213 ‚
678 2180 749 2209 curn
760 2179 790 2210 id
802 2200 811 2213 ‚
822 2179 903 2220 quod
915 2181 1066 2220 quaeritur,
1079 2178 1112 2209 sit

151 2226 403 2266 pulcherrimum.
436 2223 559 2252 Etenim
580 2220 598 2251 si
616 2221 802 2252 deleEtamur
812 2243 821 2256 ‚
839 2221 910 2252 cum
933 2221 1093 2252 scribimus
1106 2232 1111 2250 :

152 2267 222 2309 quis
232 2265 274 2296 est
283 2275 342 2295 tam
354 2264 474 2294 invidus
485 2285 492 2298 ‚
504 2266 557 2304 qui
567 2264 602 2294 ab
613 2273 649 2294 eo
660 2274 716 2294 nos
726 2263 848 2294 abducat
857 2269 867 2295 ἓ
876 2262 919 2294 fin
930 2263 1109 2294 laboramus:

152 2310 214 2351 quis
229 2307 264 2344 est
279 2307 332 2349 qui
343 2307 437 2335 aliem
451 2307 564 2335 modum
575 2304 691 2341 fta'tuat
704 2305 859 2342 industriae?
883 2308 985 2339 Nam}
1007 2315 1038 2335 ut
1048 2308 1112 2336 Tc—

151 2353 307 2382 renuamus
316 2350 462 2380 Chremes
476 2358 539 2379 non
553 2349 740 2379 inhumanus
750 2368 759 2383 ,
781 2350 833 2390 qui
843 2357 961 2379 novum
972 2349 1110 2379 vicinum

153 2402 221 2423 non
232 2392 296 2422 vult
309 2402 314 2420 z

195 2434 309 2467 deere,
338 2440 392 2462 aut
407 2443 506 2467 arare,
525 2441 579 2462 aur
595 2433 708 2475 aliquid
715 2433 791 2473 ferre
809 2432 934 2475 denique.

151 2485 216 2507 non
226 2477 308 2505 enim
321 2475 409 2505 illum
418 2476 454 2505 ab
464 2475 608 2506 industria
616 2496 624 2509 ‚
648 2476 695 2506 scd
705 2477 740 2506 ab
751 2476 889 2507 illiberali
901 2475 1001 2507 labore
1011 2474 1110 2505 deter-

150 2527 196 2548 ret
207 2528 212 2546 ·.
224 2516 319 2547 sicisti
329 2515 435 2546 curiosi
445 2537 453 2550 ,
475 2528 551 2558 quos
563 2516 802 2548 offenditnoster
813 2518 946 2548 minime
960 2517 1049 2548 nobis
1062 2520 1110 2547 in-

115 2581 133 2598 ,,
150 2559 301 2599 jucundus
314 2559 406 2588 labor.
431 2561 488 2588 His
500 2559 641 2601 igiturest
649 2558 805 2590 difficilius
815 2560 976 2590 satisfacere
988 2579 996 2593 ‚
1017 2560 1109 2600 quise

115 2597 137 2605 ‘⁴
149 2603 258 2633 Latina
276 2602 382 2640 scripta
392 2599 497 2631 dicunt
505 2611 701 2633 contemnere
711 2622 720 2636 ‚
741 2604 775 2632 in
788 2603 899 2644 quibus
909 2603 966 2632 hoc
973 2603 1110 2642 primum

154 2731 277 2784 1.N0n
287 2730 311 2754 [A
319 2737 369 2754 tam
381 2727 576 2761 reprehendunt]
590 2727 650 2753 Mss.
662 2727 718 2754 fere
725 2747 731 2758 ‚
741 2737 785 2753 non
795 2728 820 2753 id
828 2735 924 2753 tantum
934 2729 1114 2761 reprehendunt.

246 2765 380 2791 l‘alatinus
393 2765 478 2790 solum
491 2773 530 2799 pr.
542 2773 586 2789 non
596 2770 645 2788 tam
656 2764 689 2790 id.
715 2764 815 2800 vulgati
829 2765 872 2795 ,id
881 2774 925 2790 non
936 2772 1018 2791 torum.
1041 2765 1114 2791 vide·
1128 2783 1131 2798 1

149 2806 196 2828 tur
206 2801 300 2828 vocula
313 2802 359 2827 'illa
369 2799 544 2830 contentiosi,
555 2799 722 2835 supervacua.

187 2846 215 2863 2.
234 2838 428 2871 Qodsemeljam
438 2836 553 2869 wiffam]
578 2837 620 2861 Sic
632 2836 697 2862 Pall.
711 2846 737 2862 o.
759 2835 1006 2873 1·ep1‘aesentavitque
1018 2837 1114 2864 Victo-

150 2872 217 2899 rius.
228 2874 375 2900 communis
387 2873 468 2899 leftio
482 2892 489 2904 ,
499 2873 560 2905 qnod
569 2872 644 2905 semel
653 2873 775 2905 admi2251m
788 2892 794 2904 ‚
816 2873 926 2899 omnino
944 2872 1112 2909 improbave-
1128 2897 1130 2902 .

151 2908 204 2935 rim
216 2919 222 2934 ;
245 2917 276 2935 ut
285 2910 368 2936 altera
378 2909 505 2945 scriptura
516 2915 577 2934 nata
588 2908 671 2934 fuerit
682 2918 695 2934 a
710 2910 791 2935 veteri
804 2909 906 2935 ratione
916 2910 1113 2945 ortliographiae
1128 2912 1130 2921 '

150 2947 223 2970 ammi
241 2954 289 2971 um.
309 2946 357 2972 stat
368 2953 455 2972 tumen
467 2954 516 2981 pro
528 2945 615 2971 nostra
625 2945 765 2970 Turnebus
779 2945 826 2971 lib.
839 2954 921 2971 xxiv.
934 2954 989 2980 cap.
1001 2955 1030 2971 2.

1162 880 1205 911 est
1215 901 1223 916 ‚
1251 882 1284 912 in
1297 881 1516 923 qu0‚adniirer·.
1530 892 1584 913 cur
1599 884 1629 913 in
1641 883 1819 924 gravissimis
1828 885 1916 917 rebus
1927 885 2128 919 ncwndeleeffl

1163 933 1214 953 eos
1224 926 1334 962 patrius
1343 924 1440 954 sermo
1453 945 1461 958 ,
1477 922 1548 954 cum
1561 925 1656 956 iidem
1669 925 1790 957 fabellas
1802 929 1920 958 Latinas
1934 950 1940 962 ,
1952 929 1987 959 ad
1998 930 2127 961 verbum

1163 965 1199 995 de
1216 967 1327 996 Graecis
1339 986 1348 999 ,
1365 965 1510 1006 expressizs
1523 987 1532 1000 2
1555 973 1619 997 non
1642 969 1732 998 inviti
1753 969 1860 1010 legant·
1885 972 1960 1011 Qis
1970 974 2053 1000 enirn
2065 979 2128 1002 tam

1163 1008 1313 1038 inimicus⁴
1327 1008 1412 1048 paene
1431 1010 1552 1038 nomini
1564 1010 1706 1040 Romano
1723 1010 1785 1044 est,
1805 1013 1855 1052 qui
1868 1014 1961 1042 Ennii
1973 1013 2125 1045 Medeam.

1162 1058 1212 1079 aut
1233 1052 1397 1089 Antiopam
1412 1051 1677 1090 Pacuviispernat‚
1700 1061 1748 1082 aut
1758 1054 1895 1092 rejiciat?
1915 1055 1968 1094 qui
1981 1054 2128 1086 seiisdem

1163 1091 1315 1131 Euripidis
1334 1091 1444 1122 sabulis
1471 1092 1612 1123 deleciari
1625 1094 1719 1128 dicat,
1739 1098 1751 1121 3
1764 1096 1884 1125 Latinas
1897 1096 2005 1125 litteras
2018 1096 2130 1127 oderit?

1161 1133 1358 1173 Synephebos
1369 1144 1425 1175 ego
1438 1154 1447 1167 ,
1460 1136 1574 1174 inquit,
1590 1135 1693 1174 potius
1704 1138 1815 1166 Caecilii
1827 1156 1834 1170 ‚
1848 1146 1896 1167 aut
1907 1137 2054 1167 Andriam
2065 1141 2130 1168 Te-

1161 1177 1271 1209 rentii,
1292 1174 1383 1216 quam
1404 1185 1563 1216 utramque
1582 1177 1742 1207 Menandri
1763 1178 1857 1219 legam
1874 1182 1884 1207 ἒ
1904 1179 2051 1219 Aquibus
2062 1189 2131 1210 tan-

1161 1225 1226 1247 tum
1246 1216 1388 1248 diss'entio
1401 1237 1410 1252 ,
1435 1227 1467 1248 ut
1481 1237 1490 1252 ‚
1508 1217 1580 1248 cum
1598 1220 1763 1259 Sophocles
1780 1221 1828 1250 vel
1853 1222 1969 1260 optime
1983 1222 2130 1261 scripserit

1161 1258 1310 1290 Electram
1322 1279 1330 1293 ,
1355 1268 1455 1290 tamen
1474 1260 1553 1290 male
1569 1261 1744 1291 conversam
1764 1262 1864 1292 Attilii
1876 1264 1952 1292 mihi
1964 1263 2126 1304 legendam

1140 1310 1141 1333 ;
1159 1310 1274 1340 purem.
1298 1302 1334 1332 de
1355 1311 1417 1342 quo
1437 1303 1576 1332 Licinius
1592 1322 1601 1336 ,
1614 1307 1631 1329 4
1648 1303 1780 1333 ferreum
1804 1304 1994 1343 scriptorem:
2016 1314 2128 1335 verum

155 1348 209 1388 qui
223 1350 252 1376 ie
264 1346 365 1375 dicant
378 1345 405 1373 in
420 1345 515 1373 Graecis
529 1343 643 1383 legendu
655 1350 764 1383 operam
777 1343 859 1372 malle
874 1342 1035 1381 conficmere.
1059 1345 1118 1372 Po·
1139 1362 1141 1368 ,

1161 1345 1288 1382 opinor:
1308 1343 1482 1384 scriptorem
1504 1353 1605 1374 tamen
1617 1365 1624 1378 ,
1647 1354 1680 1375 ut
1700 1345 1841 1387 legendus
1854 1345 1896 1375 sit.
1920 1346 2025 1376 rudem
2038 1348 2125 1376 enim

1160 1384 1218 1414 effe
1235 1387 1367 1415 omnino
1379 1396 1411 1415 in
1424 1385 1532 1415 nostris
1542 1388 1640 1426 po'e'tis
1653 1407 1661 1420 ,
1683 1396 1733 1418 aut
1742 1386 1924 1417 inertissimae
1931 1388 2056 1428 segnitia
2069 1388 2132 1421 est,-

1159 1436 1207 1456 aut
1227 1426 1337 1464 fastidii
1354 1426 1564 1457 delicatissimi.
1588 1429 1665 1458 mihi
1685 1429 1810 1469 quidem
1825 1439 1928 1459 Num-1
1942 1430 2011 1460 satis
2020 1430 2124 1460 erudi.-

1161 1470 1184 1498 ti
1196 1468 1337 1498 videntur
1348 1489 1357 1502 ,
1376 1469 1486 1509 quibus
1498 1469 1596 1500 nostra
1607 1472 1708 1511 ignora
1718 1471 1786 1501 sunt
1802 1474 1828 1500 :5
1841 1474 1891 1505 At,

1200 1509 1326 1538 Utinam
1337 1521 1368 1539 ne
1378 1512 1407 1539 in
1419 1520 1524 1539 nemore
1533 1531 1541 1544 ‚
1565 1528 1628 1535 ----

1158 1550 1259 1580 nihilo
1270 1552 1375 1582 minus
1387 1553 1516 1591 legimus
1527 1573 1536 1586 ‚
1555 1553 1647 1593 qnam
1657 1554 1714 1584 hoc
1725 1553 1807 1583 idem
1820 1556 1971 1585 Graecurn.
1995 1565 2060 1596 quae
2072 1563 2126 1586 :nt-

1159 1601 1220 1622 tem
1231 1592 1267 1622 de
1285 1593 1381 1627 bene,
1406 1594 1547 1634 beateque
1568 1595 1701 1625 vivendo
1721 1595 1735 1625 a
1754 1597 1876 1626 Platone
1886 1596 2031 1636 disputata
2045 1597 2126 1631 lunt,

1158 1636 1224 1664 haec
1233 1635 1375 1675 explicari
1385 1645 1449 1665 non
1460 1636 1589 1675 placebit
1601 1637 1708 1666 Latine
1722 1640 1732 1666 ?
1754 1636 1845 1679 Qod
1856 1636 1876 1668 si
1887 1648 1945 1668 nos
1957 1649 2019 1668 non
2031 1640 2127 1669 inter-

1156 1686 1272 1717 pretum
1284 1677 1443 1718 fungimur
1453 1687 1579 1708 munere
1594 1698 1603 1711 ‚
1625 1678 1673 1709 scd
1686 1687 1804 1709 tuemur
1814 1690 1847 1710 ea
1858 1700 1866 1713 ,
1886 1690 1950 1720 qua:
1963 1679 2042 1711 dista
2054 1681 2124 1711 sunt

1156 1719 1192 1749 ab
1212 1721 1249 1749 iis
1268 1729 1343 1760 quos
1358 1719 1539 1760 probamus,
1560 1720 1661 1760 eisque
1675 1720 1812 1751 nostrum
1827 1721 1978 1760 judicium
1991 1742 1999 1755 ,
2021 1723 2126 1752 &no-

1154 1760 1248 1792 strum
1259 1761 1409 1792 scribendi
1419 1762 1557 1792 ordinem
1568 1762 1761 1804 adjungimus
1773 1763 1845 1803 quid
1859 1764 2033 1798 habent‚cur
2043 1766 2129 1795 Grae-

1155 1813 1188 1834 ca
1209 1813 1391 1843 anteponant
1415 1806 1452 1833 iis
1463 1823 1472 1837 ,
1497 1814 1563 1844 quae
1584 1805 1616 1834 &
1637 1804 1791 1843 splendide
1805 1803 1820 1824 ⁶
1829 1804 1909 1835 dieta
1919 1806 1987 1836 sunt
1996 1825 2005 1840 ,
2024 1816 2127 1847 neque

1156 1843 1212 1874 sint
1224 1846 1370 1876 conversa
1381 1845 1417 1875 de
1428 1847 1562 1875 Graecis?
1581 1851 1596 1874 7
1608 1849 1689 1876 Nam
1701 1845 1721 1875 fi
1732 1845 1869 1876 dicerent
1879 1868 1888 1881 ,
1899 1847 1935 1877 ab
1946 1847 2007 1877 illis
2014 1848 2066 1878 has
2076 1858 2125 1879 res

1156 1885 1212 1916 effe
1232 1886 1364 1917 tractatas
1380 1897 1385 1915 ι
1407 1897 1446 1916 ne
1455 1887 1534 1926 ipsos
1548 1887 1671 1928 quidem
1683 1890 1803 1918 Graecos
1813 1887 1857 1918 est
1870 1898 1922 1918 cur
1932 1897 1993 1919 tam
2006 1889 2124 1932 multos

1156 1928 1253 1969 legant
1266 1948 1274 1960 ‚
1286 1929 1376 1969 quarn
1388 1928 1508 1968 legendi
1521 1929 1597 1958 sunt.
1617 1929 1689 1969 quid
1700 1931 1784 1959 enirn
1795 1929 1837 1960 est
1846 1930 1860 1960 a
1870 1929 2035 1971 Chrysippo
2044 1941 2124 1971 prae-

1157 1968 1327 2000 termissum
1339 1970 1371 2000 in
1381 1971 1510 2000 Stoicis?
1531 1971 1662 2012 legimus
1675 1980 1776 2001 tamen
1788 1974 1982 2013 Diogenem-2
1995 1975 2123 2012 Antipa-

1157 2021 1235 2042 trum
1247 2032 1256 2045 ,
1275 2012 1486 2042 Mnesarchum
1500 2032 1508 2046 ‚
1527 2015 1691 2043 Panaetium
1702 2033 1711 2046 ‚
1722 2013 1836 2043 multos
1848 2015 1921 2044 alios
1932 2035 1940 2047 ‚
1954 2016 1986 2044 in
1996 2015 2123 2054 primis-

1176 2064 1213 2084 ue
1231 2053 1409 2084 familiarem
1437 2053 1572 2084 nostrum
1587 2053 1802 2085 Poflidonium.
1826 2050 1840 2074 S
1851 2055 1933 2097 Qid
1942 2058 2124 2096 Theophra-

1155 2065 1238 2126 llius?
1257 2094 1492 2126 mediocriterne
1502 2095 1628 2127 deleCmt
1637 2116 1646 2130 ,
1666 2096 1739 2127 cum
1749 2095 1851 2127 tuirstat
1862 2099 1945 2128 locos
1955 2098 1991 2128 ab
2002 2097 2121 2129 Aristo-

1155 2138 1212 2168 tele
1223 2138 1289 2168 ante
1302 2137 1452 2168 transsatos?
1468 2138 1540 2178 quid
1556 2141 1786 2179 Epicurei?num
1797 2137 1940 2170 desistunt
1949 2139 1984 2170 de
1995 2140 2119 2173 iisdem,

1154 2181 1192 2210 de
1209 2180 1319 2221 quibus
1339 2180 1371 2210 δε
1387 2180 1423 2209 ab
1434 2182 1566 2219 Epicuro
1578 2180 1719 2220 scripturn
1731 2180 1773 2211 est
1784 2201 1793 2214 ,
1818 2180 1851 2211 &
1860 2181 1896 2212 ab
1905 2183 2037 2222 antiquis
2048 2202 2056 2216 ‚
2081 2182 2118 2213 ad

1153 2222 1320 2252 arbitrium⁴
1331 2222 1418 2252 suurn
1437 2221 1560 2252 scribere
1572 2223 1582 2248 ?
1600 2221 1692 2262 Quod
1717 2221 1736 2252 si
1747 2223 1995 2265 Graecileguntur
2007 2224 2022 2254 a
2033 2225 2120 2254 Grae-

1153 2266 1195 2294 cis
1219 2264 1332 2294 iisdem'
1345 2264 1382 2294 de
1399 2263 1486 2294 rebus
1507 2264 1569 2292 alia
1580 2265 1689 2294 ratione
1698 2264 1851 2306 compofitis
1862 2276 1873 2293 .·
1893 2264 2019 2306 quidest
2030 2285 2038 2299 ,
2063 2275 2119 2296 cur

1155 2305 1249 2336 nostri
1270 2306 1285 2336 {1
1300 2305 1409 2336 nostris
1419 2316 1483 2336 non
1497 2306 1651 2347 legantur?
1670 2309 1861 2348 Qamquarn
1873 2306 1892 2336 fi
1902 2307 1990 2348 plane
2006 2305 2042 2338 fic
2051 2317 2117 2337 ver-

1154 2358 1247 2379 terem
1257 2348 1413 2379 Platonem
1423 2367 1432 2382 ‚
1444 2358 1494 2378 aut
1503 2347 1695 2379 Aristotelem
1707 2369 1715 2383 ‚
1728 2358 1760 2379 nt
1770 2358 1922 2379 verterunt
1933 2348 2027 2379 nostri
2039 2351 2098 2389 poe
2107 2366 2118 2372 -

1154 2399 1190 2421 tae
1212 2390 1324 2420 fabulas
1338 2400 1343 2419 :
1362 2394 1378 2417 9
1388 2389 1466 2420 male
1477 2401 1488 2424 ¹,
1510 2390 1618 2424 credo,
1640 2401 1770 2421 mererer
1778 2390 1813 2421 de
1824 2393 1901 2421 meis
1911 2390 2028 2421 civibus
2040 2411 2048 2425 ‚
2066 2391 2118 2422 sed

1152 2432 1186 2462 ad
1214 2440 1324 2462 eorum*
1349 2434 1559 2473 cognitionem
1578 2432 1682 2463 divina
1702 2433 1754 2462 illa
1774 2434 1893 2473 ingenia
1912 2432 2115 2463 transferrem.

1152 2474 1201 2505 sed
1212 2474 1243 2504 id
1254 2484 1350 2515 neque
1361 2473 1418 2504 feci
1428 2474 1524 2504 adhuc
1534 2494 1543 2508 ‚
1565 2484 1620 2505 nec
1631 2476 1707 2504 mihi
1718 2483 1818 2504 tamen
1830 2494 1839 2507 ‚
1862 2485 1898 2504 ne
1909 2474 2017 2505 faciam
2033 2494 2041 2509 ‚
2063 2477 2116 2505 in-

1153 2515 1315 2547 terdic‘tum
1326 2526 1408 2556 puto.
1421 2517 1505 2547 locos
1514 2516 1638 2556 quidem
1648 2516 1803 2557 quosdam,
1815 2515 1834 2545 si
1846 2516 2006 2549 videbitur,
2019 2526 2117 2548 trans-

1151 2558 1246 2589 feram
1259 2578 1268 2592 ,
1293 2558 1326 2589 &
1348 2558 1486 2589 maxime
1503 2559 1537 2588 ab
1550 2560 1586 2588 iis
1598 2579 1606 2592 ‚
1630 2568 1706 2599 quos
1726 2557 1821 2588 modo
1842 2560 2020 2592 nominavi,
2040 2558 2114 2590 cum

1151 2600 1311 2635 inciderit,
1330 2610 1363 2632 ut
1380 2601 1412 2632 id
1436 2600 1503 2642 apte
1523 2598 1588 2630 fieri
1605 2599 1709 2641 poifit:
1731 2608 1762 2630 ut
1784 2600 1820 2630 ab
1831 2601 1972 2631 Homero
1983 2603 2115 2635 Ennius,

2028 2645 2117 2674 Atra-

1152 2739 1214 2756 men.
1235 2738 1320 2764 neque
1330 2728 1462 2764 displicet.
1482 2727 1534 2764 ipsc
1546 2725 1925 2760 malebat‚firi-eumfiriptorem
1934 2728 2022 2758 opinor,
2032 2733 2118 2752 verum

1151 2775 1162 2791 e
1204 2776 1226 2792 r.
1236 2773 1324 2791 tamn.

1162 2776 1181 2799 x*
1190 2776 1215 2835 ξ’.
1238 2804 1387 2829 (Attalium
1396 2810 1423 2826 nc
1433 2803 1471 2831 in,
1482 2800 1549 2833 dyc]
1572 2798 1682 2825 Palatini
1696 2797 1738 2824 sex
1749 2796 1905 2833 scripturam
1917 2796 1983 2823 hanc
1993 2803 2114 2823 tuentur.

1150 2839 1274 2864 Muretus
1285 2838 1436 2870 conjecerat
1456 2839 1602 2861 anatinam.
1622 2833 1704 2869 idque
1725 2843 1788 2860 mox
1799 2835 1879 2861 etiarn
1899 2832 1927 2859 in
1946 2832 2048 2859 duobus
2059 2831 2112 2861 suis

1150 2872 1545 2943 r»pgritDkyadinfilgrti’uZWfim]
1571 2908 1610 2933 Ita
1622 2906 1678 2933 Pal.
1689 2916 1729 2943 pr.
1741 2905 1790 2932 sec.
1800 2912 1866 2932 tert.

1183 2955 1211 2981 7.
1233 2947 1324 2978 N.imfi
1334 2946 1462 2978 dicerent]
1485 2943 1540 2970 k’al.
1552 2953 1592 2979 pr.
1604 2943 1690 2969 dicent.
1711 2941 1845 2978 quomodo
1855 2941 1941 2967 edidit
1951 2941 2110 2968 Lambinus-⁸.

189 2988 216 3015 3.
235 2982 339 3006 Latinas
348 2984 443 3007 litterar
452 2981 552 3014 oderit]
574 2980 735 3008 Gulielmius
746 2981 819 3008 delet
838 2980 986 3008 didhoncm
999 2984 1112 3015 [Πηγαῖς
1125 3007 1127 3018 Ι
1149 2991 1212 3008 mox
1224 2991 1331 3018 quoque
1342 2981 1510 3008 Pa11.0mncs
1524 2999 1531 3012 ‚
1550 2980 1654 3006 tervant
1664 2981 1708 3005 hm
1718 2988 1756 3005 res
1768 2998 1777 3012 ‚
1796 2988 1849 3005 non
1860 2986 1889 3005 ut
1899 2977 1984 3004 editio
1994 2978 2109 3005 victorii

148 3014 380 3052 fiibintelligitque
392 3020 504 3051 fabular.

184 3060 212 3085 4.
233 3055 342 3078 Ferreum
354 3054 499 3085 scriptorem.
519 3063 604 3079 verum
613 3056 709 3086 opinor.-
722 3054 860 3087 firiprvrcm
876 3061 955 3079 tamen
974 3060 1001 3079 ur
1013 3072 1021 3085 ,
1040 3053 1106 3087 ἀνι]
1125 3051 1126 3072 l

147 3088 223 3115 Miiit
237 3087 268 3114 ad
280 3097 321 3114 me
341 3089 434 3114 Daniel
447 3089 569 3116 Heinsius
583 3109 590 3120 ,
602 3089 713 3125 Jol'ephi
724 3091 851 3126 Scaligeri
865 3090 959 3115 librum
973 3109 981 3121 ‚
1004 3090 1045 3116 cui
1064 3089 1108 3116 sua
1140 3091 1282 3123 phrnstum:
1297 3090 1325 3115 δε
1336 3099 1427 3115 verum
1440 3096 1516 3124 puto.

146 3133 225 3151 manu
238 3133 346 3160 magnus
358 3124 404 3150 ille
417 3124 455 3150 vir
466 3124 635 3161 adscripscrat
651 3127 754 3162 aliquot
774 3126 902 3153 leffiiiones
916 3127 1046 3152 variantes
1059 3136 1107 3151 co-

1146 3028 1222 3080 omgis
1229 3028 1294 3088 ἔξω
1302 3054 1467 3086 Theophrastus
1479 3057 1488 3079 ,ἓ
1499 3053 1515 3087 ]
1538 3052 1582 3079 Sic
1591 3051 1659 3079 solus
1672 3051 1729 3079 Pal.
1741 3057 1804 3079 tert.
1819 3051 1901 3078 ceteri
1914 3050 2031 3087 quinque
2041 3051 2111 3076 Ther-

1180 3135 1208 3161 9.
1231 3128 1315 3154 ffltri'e
1335 3126 1399 3151 credo
1418 3134 1517 3151 mererer
1535 3125 1561 3150 de
1579 3124 1635 3150 meis
1654 3125 1774 3159 civibus]
1799 3123 1917 3159 Scaliger
1938 3122 2024 3149 noster
2034 3119 2113 3149 habet

143 3160 211 3190 dieis
223 3160 336 3191 veteris:
356 3160 490 3190 heic-vere>
510 3160 639 3196 habebats
659 3172 744 3192 ‘verum
753 3169 780 3192 ut
797 3166 875 3199 opinor
892 3163 1055 3203 cm'briptorwq
1065 3170 1107 3203 taff
1121 3164 1122 3175 ¹
1143 3160 1177 3193 ad
1186 3171 1260 3194 oram
1270 3161 1334 3192 libri
1344 3160 1394 3197 sui,
1406 3171 1451 3188 non
1460 3163 1521 3187 malt·
1531 3161 1605 3187 credo.
1625 3160 1791 3198 diguuiiique
1804 3164 1840 3191 eit
1851 3159 1922 3197 quod
1932 3157 2095 3188 excutiatur.

1422 3196 1632 3234 Kkkkk1<3
1991 3194 2116 3231 nar-Ma}-

2140 2332 2155 2365 3
