2250 3358
656 110 920 165 His

999 106 1499 166 ronta,

2070 128 2105 170 ᾗ

2068 168 2095 185 „2

116 208 174 246 dio
185 210 308 245 Romae
329 201 426 240 dedit
448 213 588 251 operam
602 226 612 241 ‚
635 202 669 237 ὃς
685 200 793 236 actori
816 200 953 236 summo
969 203 1082 237 causa·
1126 199 1261 235 tavisset
1274 198 1364 249 apud
1377 212 1444 239 me,
1466 211 1681 250 mecumque
1693 199 1844 244 vixisset,
1858 214 1970 252 nuper
1981 204 2029 241 est
2040 207 2105 242 do-

115 270 193 295 rum
205 280 214 296 ,
235 251 443 299 &magistro
463 275 473 290 ‚
497 261 537 286 ut
548 251 594 285 ait
603 248 640 285 in
653 251 773 285 Bruto.
798 249 842 284 de
853 262 924 297 quo
937 249 1084 302 Molone

108 304 311 342 Plutarchus
326 301 361 336 in
376 300 453 336 Cic.
482 302 516 336 ὃ(
529 299 679 337 Caesare,
691 298 814 334 Strabo
827 298 885 333 lib.
904 298 1080 342 14.Qiin-

109 353 247 389 tilianus
271 350 330 385 lib.
349 361 376 393 3.
399 360 429 383 c.
460 360 486 384 1.
511 350 547 384 ὃς
567 347 754 383 Suetonius
774 347 809 381 in
820 346 915 395 Julio
941 346 1079 399 Caesare.

109 401 294 437 Molonem
320 399 514 433 Rhetorem
537 395 648 431 studia
672 397 723 431 M.
737 395 920 431 Ciceronis
943 394 1079 435 acuisse,

106 450 153 486 ait
174 448 276 484 etiam
292 446 448 482 Valerius
459 447 553 481 Max.
579 445 686 480 l.2.c.
699 456 722 481 i.
735 444 837 479 Circa
864 445 931 479 hoc
941 455 1079 490 tempus

108 498 234 533 Cicero
246 495 440 531 adolescens
455 494 726 530 commentarios
739 493 947 528 Rhetoricos
959 493 1003 528 de
1016 494 1075 545 ln-

105 546 271 582 ventione
281 545 464 579 inchoatos
477 546 512 579 &
524 542 625 578 rudes
637 542 754 578 edidit.
781 542 879 590 quod
892 542 959 595 ipse
973 543 1076 577 initio

103 595 164 632 lib.
180 607 206 630 1.
215 594 258 629 de
270 596 418 629 Oratore
429 616 437 630 ,
450 594 484 628 δί
496 591 740 639 Qintilianus
752 591 811 634 lib.
830 603 857 634 3.
871 589 1076 636 significant-

159 642 237 678 Post
260 643 355 678 hunc
379 653 512 678 annum
535 640 729 676 triennium
763 639 834 674 fere
859 640 982 674 urbem
1007 638 1076 674 fine

102 693 207 729 armis
219 690 319 727 fuiffe
330 717 340 731 ,
353 690 480 726 Cicero
496 701 532 724 in
547 690 655 724 Bruto
668 689 715 724 ait
729 711 739 726 ‚
752 700 823 736 quo
837 687 931 723 Sulla
942 687 1075 723 bellum

103 740 384 779 Mithridaticum
411 747 552 786 gerente
564 763 574 776 ,
598 736 641 773 de
652 749 724 786 quo
739 737 940 789 Plutarchus
952 739 987 773 &
1002 739 1074 790 Ap-

101 790 226 841 pianus
239 813 249 828 ,
272 789 440 823 Cinnanae
455 786 688 835 Marianaeque
701 795 810 834 partes
828 785 962 821 Italiam
975 785 1075 821 obie-

101 841 239 876 derunt.
264 847 303 873 ut
322 835 440 872 scribit
452 834 619 883 VellejuS.

122 929 219 962 Anno
227 925 324 972 igitur
332 921 372 960 ab
386 933 418 958 v.
431 933 463 957 c·
476 932 606 1019 DCJiffv
615 933 627 957 1
636 932 660 958 i.
672 923 829 960 Ciceronis
843 931 922 957 xxi·
935 919 1042 957 Coss.

545 981 670 1011 uerunt,

102 1042 143 1078 C.
157 1041 341 1077 MARIUS
361 1041 442 1077 VII.
469 1041 509 1076 L.
530 1039 816 1077 CORNELIUS
839 1037 998 1075 CINNA
1023 1039 1068 1073 11.

215 1111 330 1144 Ainus
342 1132 352 1148 ‚
377 1119 483 1156 quem
505 1106 633 1143 Cicero
656 1119 719 1154 pro
734 1105 871 1142 Plancio
893 1131 903 1146 ‚
936 1103 1072 1140 duabus

100 1114 174 1191 Ν
215 1156 386 1193 aedilitatis
405 1156 551 1204 acceptis
571 1154 710 1203 repulsis
727 1181 736 1196 ,
760 1155 879 1202 septies
891 1152 1071 1207 confidem

100 1205 167 1243 esse
191 1205 323 1242 fastum
346 1205 393 1242 ait
405 1232 415 1247 ‚
432 1204 534 1241 editis
546 1205 666 1241 multis
691 1203 871 1240 sceleribus
885 1201 1004 1238 Idibus
1012 1201 1073 1255 13.-

100 1254 214 1291 nuarii
226 1254 362 1291 decessit
375 1280 384 1296 ,
400 1254 519 1291 Livius
532 1254 589 1290 lib.
599 1258 654 1290 80.
675 1253 718 1289 de
730 1253 802 1301 ejus
814 1262 928 1288 morte
940 1251 984 1305 fic
997 1253 1075 1305 Cic.

105 1303 164 1339 lib.
182 1316 208 1347 3·
220 1303 263 1339 de
288 1306 421 1340 Natura
443 1306 546 1339 Deor-
574 1303 650 1339 Cur
673 1303 810 1339 Marius
834 1312 905 1337 tarn
930 1300 1074 1337 feliciter

101 1352 286 1401 septimum
298 1353 416 1389 consui
428 1352 524 1388 domi
537 1353 604 1388 suae
615 1353 715 1388 senex
728 1351 777 1388 est
786 1362 947 1403 mortuus
961 1354 972 1386 ?
997 1352 1072 1385 Ma-

101 1402 154 1436 rio
164 1400 323 1438 sustestus
333 1401 381 1437 est.
392 1401 597 1438 L.Valerius
608 1400 759 1441 Flaccus,
769 1411 864 1449 pater
874 1399 964 1435 illius
978 1399 1002 1433 F
1003 1398 1070 1455 lac:

100 1450 132 1485 ci
147 1473 156 1488 ‚
181 1462 243 1498 pro
267 1464 338 1499 quo
350 1449 531 1487 Ciceronis
557 1449 669 1486 oratio
691 1449 811 1486 exstat.
838 1448 931 1502 Huic
955 1460 1037 1501 cum
1054 1460 1073 1493 a

104 1499 220 1547 Cinna
244 1500 383 1541 missus,
407 1510 446 1536 ut
459 1499 562 1536 Sullae
582 1499 622 1535 ad
647 1498 778 1535 bellurn
793 1496 1072 1535 Mithridaticum

99 1547 297 1585 succederet
308 1575 318 1590 ‚
343 1549 380 1584 in
391 1548 504 1585 Afiam
515 1548 697 1597 trajecisset
709 1574 718 1589 ‚
731 1547 863 1584 consuli
874 1557 988 1596 portas
1000 1555 1073 1582 tota

102 1596 179 1633 Asia
201 1596 319 1634 claufit
334 1624 343 1639 ‚
366 1598 491 1634 Cicero
524 1602 594 1648 pro'
612 1597 743 1634 Flacco.
781 1600 887 1634 Anno
909 1596 1072 1646 sequente

102 1644 197 1682 idem
221 1648 239 1682 a
251 1647 291 1682 C.
307 1646 455 1683 Fimbria
468 1647 580 1694 legato
592 1646 653 1683 fiio
668 1646 857 1683 consularis
869 1644 1071 1682 interfeEluS

102 1693 154 1731 est
165 1720 174 1736 ,
184 1695 337 1738 Velleius
347 1696 406 1732 lib.
421 1709 451 1732 2.
467 1697 590 1733 Livius
606 1700 662 1734 82.
675 1696 798 1732 Strabo
817 1708 827 1732 1
840 1708 868 1740 3.
882 1697 963 1732 Hoc
975 1706 1069 1730 anno

101 1742 259 1781 censores
269 1745 305 1781 in
315 1745 440 1782 tabulis
451 1745 657 1794 Capitolinis
667 1745 910 1786 inveniuntur,
924 1746 963 1781 L·
976 1746 1070 1780 Mar-

103 1792 179 1828 cius
192 1794 367 1843 Philippus
379 1820 388 1835 ,
402 1797 453 1831 Μ.
465 1796 634 1843 Perperna
672 1807 827 1844 quorum
840 1793 990 1829 Verrina
999 1803 1070 1846 ter-

101 1841 150 1877 tia
162 1841 198 1877 in
210 1842 285 1890 lege
296 1844 415 1880 Verris
435 1844 570 1880 mentio
583 1842 624 1880 fit
635 1844 701 1880 ita:
726 1844 799 1892 Qi
812 1843 855 1878 de
868 1845 908 1879 L.
921 1844 1070 1897 Marcio,

102 1891 155 1926 M.
169 1892 337 1937 Perperna
345 1893 542 1929 censoribus
554 1893 738 1929 redemerit
751 1919 760 1934 ,
787 1905 869 1929 eum
881 1895 1015 1927 loeium
1027 1902 1072 1926 ne

104 1940 136 1973 ei
160 1939 347 1976 admittito-
374 1941 417 1976 de
432 1942 563 1977 Marcio
577 1943 661 1977 item
674 1942 801 1979 Cicero
814 1954 876 1990 pro
889 1941 999 1976 domo
1011 1940 1070 1993 ait,

105 1987 146 2022 L.
160 1987 335 2035 Philippus
360 1990 481 2025 censor
502 1990 718 2026 avunculum
743 1992 844 2025 suurn
856 1989 1019 2037 praeteriit
1033 2001 1069 2023 in

102 2034 281 2070 recitando
293 2036 409 2071 senatu
429 2049 436 2070 :
462 2036 550 2070 nihil
562 2037 658 2071 enirn
668 2047 800 2083 poterat
812 2038 928 2072 dicere
939 2062 948 2076 ,
965 2049 1071 2084 quare

101 2093 173 2118 rata
185 2095 258 2118 non
270 2082 377 2118 essent
391 2109 399 2124 ‚
413 2095 489 2131 quae
502 2094 599 2120 erant
611 2083 684 2118 asta
695 2084 732 2117 in
749 2096 788 2118 ea
801 2085 882 2130 Rep.
911 2084 948 2117 in
961 2097 1028 2130 qua
1039 2085 1071 2135 se

99 2131 168 2167 illis
194 2131 271 2178 ipsis
290 2131 506 2180 temporibus
529 2130 706 2167 censorem
731 2131 797 2167 effe
820 2130 994 2167 voluisset.
1022 2132 1069 2165 Hi

102 2180 181 2216 sunt
203 2181 392 2227 superiores
404 2180 454 2216 illi
466 2180 623 2216 censores
637 2205 646 2219 ‚
669 2180 795 2229 quibus
808 2179 973 2217 Archiam
985 2192 1068 2215 cum

100 2232 143 2266 L.
157 2230 306 2266 Lucullo
320 2229 490 2280 quaestore
502 2229 601 2266 fuiffe
615 2229 650 2265 in
665 2228 741 2266 Asia
753 2255 762 2270 ‚
775 2228 850 2265 Cic.
864 2242 927 2276 pro
940 2229 1068 2266 Archia

97 2278 157 2315 ait.
186 2279 354 2315 Lucullus
378 2278 474 2315 enim
497 2280 567 2314 hoc
590 2290 747 2327 tempore
766 2277 917 2327 quaestor
941 2278 977 2315 in
991 2277 1068 2314 Asia

99 2327 291 2375 permultos
313 2340 422 2364 annos
437 2327 632 2364 admirabili
645 2327 793 2376 quadam
807 2326 906 2363 laude
918 2329 1064 2377 provin-

98 2377 161 2413 ciae
171 2377 319 2424 praefuit,
331 2388 371 2413 ut
382 2376 497 2413 Cic-in
511 2377 650 2414 Luculli
663 2377 836 2426 principio
851 2376 978 2415 scribit.
992 2380 1065 2414 Lu-

98 2425 232 2462 cullum
256 2427 339 2463 vero
363 2427 398 2462 in
414 2427 548 2462 Graecia
560 2426 659 2462 fuiffe
676 2437 755 2462 ante
768 2452 777 2468 ‚
797 2426 905 2475 quam
918 2427 1012 2464 Sulla
1023 2439 1065 2462 eo

100 2475 236 2511 veniret
248 2501 258 2517 ‚
271 2487 312 2512 ex
324 2475 496 2512 Plutarchi
510 2476 604 2512 Sulla
616 2475 854 2523 cognoscitur.
871 2477 965 2513 Sulla
974 2489 1065 2526 quo·

97 2536 165 2607 ἕως
174 2536 217 2560 ex
231 2523 305 2561 Asia
316 2524 502 2562 decedente
516 2524 684 2562 Lucullus
695 2524 744 2560 ibi
756 2523 882 2561 mansit
892 2549 901 2564 ‚
924 2537 964 2563 ut
977 2526 1067 2562 insta

124 2585 263 2609 iceinus.

97 2656 249 2692 Proximo
275 2655 391 2694 biennio
412 2680 422 2696 ,
460 2670 520 2709 quo
555 2655 823 2705 comprehenditur
848 2669 951 2693 annus
976 2655 1062 2693 urbis

144 2714 327 2741 Dchiix.
339 2705 385 2749 ὠ
399 2708 722 2753 ncLX1x.Cicer0nv'5
736 2704 1011 2749 Xxu.&xxx11·

261 2754 407 2802 Consules
418 2754 482 2804 lzse
490 2757 590 2792 creati
598 2758 710 2804 Remp·
723 2764 902 2797 tenuerunt,

133 2821 174 2856 L.
199 2821 550 2859 CORNELIUS
578 2823 795 2864 CINNA,
822 2823 913 2859 CN.
939 2824 1029 2860 PA-

358 2872 556 2908 PIRIUS
585 2873 797 2909 CARBO.

195 2936 253 2972 UA
266 2935 399 2973 ratione
409 2937 604 2974 M.Tullius
616 2938 685 2974 hoc
700 2937 893 2975 triennium
903 2952 975 2988 quo
985 2939 1068 2975 urbs

201 2984 272 3020 fere
283 2984 354 3021 fine
365 2987 467 3023 armis
483 2987 551 3023 fuit
562 3011 572 3026 ‚
595 2987 788 3025 traduxerit
800 3014 809 3029 ‚
834 2987 901 3035 ipse
910 2989 946 3023 in
959 2989 1068 3025 Bruto

101 3031 155 3068 his
171 3033 281 3069 verbis
295 3035 441 3083 exponit
452 3053 463 3080 5
477 3038 554 3084 Ego
569 3062 578 3077 ‚
592 3036 705 3085 inquit
717 3038 786 3073 hoc
798 3047 957 3085 ternpore
968 3039 1067 3073 omni

106 3081 236 3116 nosteis
248 3084 281 3119 &
289 3081 361 3119 dies
372 3084 410 3120 in
418 3086 580 3121 omnium
590 3085 833 3123 doetrinarum
843 3085 1070 3122 meditatione

108 3129 272 3173 versabar,
284 3143 378 3170 eram
390 3145 474 3171 cum
487 3134 607 3172 Stoico
618 3133 788 3175 Diodoto:
803 3134 958 3183 quicum
970 3135 1067 3173 habi-

474 3210 599 3271 Ϊῖεεῗύ)

1125 247 1172 281 mi
1186 261 1272 284 meae
1285 260 1447 285 mortuus
1457 273 1467 288 ‚
1485 251 1583 299 aquo
1597 263 1681 286 cum
1697 250 1731 286 in
1742 251 1814 287 aliis
1825 252 1927 288 rebus
1938 264 2015 290 tum
2027 255 2090 291 stii-

1123 294 1307 333 diofissime
1333 298 1368 334 in
1381 298 1567 335 Dialefflca
1580 300 1767 336 exercebar
1781 313 1788 335 :
1815 314 1891 350 quse
1906 303 1999 350 quasi
2010 317 2099 340 cona»

1122 343 1230 394 uasta
1252 349 1286 380 ὃς
1311 346 1447 383 asti-ieta
1469 347 1668 397 eloquentia
1691 350 1845 396 putanda
1858 350 1905 385 est
1919 364 1925 385 ;
1952 351 2022 388 fine
2032 366 2097 401 qua

1121 400 1225 442 etiam
1237 402 1274 427 tu
1291 395 1406 436 Brute,
1419 395 1631 443 judicavisti,
1641 408 1675 432 te
1687 398 1918 445 illamjustam
1930 400 2099 449 eloquen-

1122 449 1227 492 tiam,
1241 453 1345 487 quarn
1358 443 1575 481 dialecticam
1583 446 1758 483 dilatatam
1774 447 1839 482 effe
1852 459 1975 495 putant
1987 473 1997 487 ‚
2009 462 2097 486 con-

1122 487 1213 540 sequi
1228 501 1301 524 non
1314 490 1418 536 posse.
1445 493 1612 530 haetenus
1624 495 1699 530 Cic.
1718 497 1779 545 qui
1792 497 1886 531 hunc
1901 498 2097 536 Diodotum

1121 535 1182 589 lib3
1199 536 1280 572 1.de
1304 548 1373 573 nat.
1391 540 1495 575 Deor.
1525 544 1641 589 primo
1669 543 1748 580 loco
1765 546 2027 582 nuinerati'nter
2038 560 2098 584 eos

1122 584 1351 634 Philosophos
1364 610 1373 623 ‚
1397 588 1414 622 a
1427 588 1555 635 qubus
1575 592 1752 629 institutus
1776 594 1854 630 fuit.
1866 594 1910 630 cle
1923 595 2048 632 codem
2058 597 2095 632 in

1122 633 1285 678 Lucullo3
1298 635 1455 672 Diodoto
1465 638 1552 685 quid
1562 638 1683 675 faciam
1696 643 1830 680 Stoico?
1840 657 1944 691 quem
1957 645 1976 680 a
1986 658 2096 693 puero

1119 682 1252 723 audivi,
1263 684 1475 732 quijmecum
1489 686 1580 722 vivit
1594 698 1647 722 tot
1657 703 1777 732 annos,
1790 693 1850 740 qui
1863 693 1992 730 habitat
2004 694 2094 742 apud

1119 743 1175 767 me
1188 755 1197 768 ‚
1209 745 1315 780 quem
1327 735 1362 769 ὃ(
1374 733 1542 772 admiror,
1555 738 1589 772 ὃς
1602 736 1728 784 diligo,
1743 741 1940 788 ssch.16.l.i
1953 755 1982 786 3.
2001 745 2096 779 Fam„

1118 781 1225 816 Domi
1237 793 1323 817 meae
1338 794 1421 818 cum
1434 784 1594 819 Diodoto
1608 809 1617 822 ,
1629 787 1748 821 Stoico
1762 789 1908 826 homine
1921 815 1930 829 ‚
1947 792 2094 839 meoju-

1117 828 1210 864 dicio
1223 853 1232 867 2
1244 830 1474 867 eruditissimo
1487 856 1496 870 ‚
1510 833 1666 870 multum
1679 834 1699 870 a
1714 848 1820 882 puero
1837 838 1914 874 fuit.
1939 841 2092 886 ejusdem

1116 878 1281 915 meminit
1292 880 1589 927 ep.4.l-9.Fam.de
1601 895 1673 931 quo
1687 884 1766 919 loco
1781 884 1984 923 cisindriam
1996 890 2094 925 Tui·-

1117 927 1197 963 nebi
1210 953 1219 968 ‚
1236 930 1270 965 &
1289 929 1380 965 Petri
1395 928 1498 966 Romi
1511 956 1520 969 ,
1536 943 1790 979 praeceptoimn
1804 947 1967 971 meorum
1982 963 1990 976 ,
2003 952 2092 985 quos

1116 987 1155 1012 ut
1169 976 1326 1025 ipsorum
1340 977 1490 1026 dignitas
1503 981 1611 1028 poscit
1624 1007 1632 1022 ‚
1649 983 1794 1018 lionoris
1806 984 1914 1030 gratia
1928 990 2087 1027 nomino5

1115 1026 1291 1062 sententiae
1305 1027 1490 1077 aliquando
1506 1030 1672 1066 nonnihil
1685 1031 1920 1079 discrepatum
1936 1048 1941 1068 :
1972 1047 2022 1069 res
2039 1046 2090 1070 ta—

1117 1087 1198 1111 men
1225 1075 1293 1124 ipsa
1316 1088 1360 1112 ex
1384 1089 1463 1113 vera
1477 1078 1536 1126 huj
1544 1092 1582 1114 us
1607 1080 1762 1116 nominis
1775 1080 1940 1128 scriptura
1951 1107 1961 1120 ,
1987 1096 2092 1130 quam.

1117 1124 1309 1165 vietorms,
1323 1127 1514 1164 Manutius,
1529 1132 1564 1163 ὃί
1577 1129 1780 1170 Lambinus,
1793 1130 2057 1167 viridoeiiss'imi
2071 1137 2091 1168 e

1117 1172 1259 1209 vetustis
1282 1173 1378 1210 libris
1392 1175 1577 1212 ediderunt
1590 1201 1598 1214 ,
1622 1176 1696 1225 jam
1707 1190 1804 1214 extra
1816 1179 2092 1218 controversiam

1115 1222 1171 1258 est·
1197 1224 1248 1258 De
1268 1220 1394 1260 eodem
1408 1224 1534 1260 Cicero
1564 1226 1706 1262 Tuscul.
1721 1239 1752 1269 5.
1764 1227 1940 1264 Diodotus
1953 1231 2091 1265 Stoicus

1116 1283 1228 1307 caecus
1242 1272 1371 1308 multos
1383 1286 1493 1310 annos
1505 1273 1629 1311 nostrae
1643 1275 1738 1312 domi
1752 1277 1881 1313 vixit-is
1894 1280 2092 1327 vero‚quod

1115 1319 1281 1357 credibile
1294 1322 1353 1359 vix
1367 1323 1556 1367 essentum
1570 1325 1604 1359 in
1627 1325 1846 1373 philosophia
1858 1328 1972 1363 multo
1985 1330 2092 1365 etiam

1117 1370 1224 1418 magis
1237 1367 1366 1407 assidue
1380 1396 1389 1410 ‚
1403 1374 1509 1421 quam
1523 1384 1622 1409 antea
1635 1375 1824 1411 vei-latetur
1846 1378 1902 1419 3&
1915 1389 1997 1412 cum
2011 1376 2091 1412 fidi-

1115 1419 1179 1455 bus
1191 1420 1495 1468 Pythagoreorum
1507 1434 1607 1458 more
1617 1434 1793 1472 uteretur-'5
1805 1437 1886 1460 cum
1913 1438 1957 1461 ue
1968 1426 1998 1461 ei
2012 1426 2090 1462 libri

1117 1468 1236 1505 nostes
1259 1471 1294 1505 ὃ(
1315 1469 1388 1505 dies
1408 1470 1606 1519 legerentur
1626 1473 1765 1521 (quibus
1788 1476 1824 1510 in
1838 1439 1956 1509 studiis
1978 1475 2091 1511 oculis

1117 1530 1190 1553 non
1216 1517 1351 1566 egebat)
1371 1530 1448 1555 tum
1462 1546 1471 1561 ‚
1498 1521 1594 1569 quod
1616 1520 1687 1557 sine
1711 1521 1821 1558 oculis
1833 1521 1906 1558 fieri
1920 1523 2015 1572 pofl‘e
2026 1524 2090 1562 vix

1117 1566 1255 1603 videtur
1267 1591 1276 1605 ,
1294 1568 1507 1605 Geometriae
1520 1582 1649 1607 munus
1662 1571 1824 1608 tuebatur
1835 1596 1845 1610 ‚
1873 1572 1987 1608 verbis
1998 1586 2087 1621 prae—

1115 1615 1246 1664 cipiens
1260 1616 1468 1654 discentibus
1481 1644 1491 1660 ‚
1516 1618 1610 1655 unde
1622 1644 1633 1659 ‚
1655 1633 1728 1668 quo
1743 1647 1752 1662 ‚
1769 1634 1944 1670 quamque
1956 1621 2087 1662 lineam

1114 1665 1293 1702 ducerent.
1320 1668 1485 1704 Mortuus
1497 1667 1566 1704 fuit
1581 1668 1712 1705 Caesare
1723 1672 1758 1706 &
1770 1670 1895 1707 Bibulo
1911 1672 2002 1706 Coss
2026 1683 2089 1707 an-

1115 1727 1162 1750 no
1183 1715 1224 1750 ab
1241 1727 1276 1750 v.
1291 1727 1323 1752 c,
1338 1728 1490 1753 DchIV·
1513 1718 1700 1754 Cornelius
1716 1719 1860 1755 Tacitus
1885 1719 1922 1755 in
1944 1720 2086 1768 dialogo

1114 1764 1157 1800 de
1171 1764 1348 1801 Oratorib.
1372 1765 1419 1801 ait
1430 1792 1438 1807 ‚
1460 1765 1672 1804 Ciceronem
1694 1768 1785 1816 apud
1799 1768 1983 1805 Philonem
1997 1771 2087 1805 Aca-

1113 1813 1305 1854 demicum,
1316 1814 1405 1863 apud
1418 1815 1614 1852 Diodotum
1625 1817 1784 1853 Stoicum
1795 1830 1918 1854 omnes
1929 1818 2086 1853 Philoso-

1113 1862 1204 1909 phiae
1216 1874 1324 1911 partes
1336 1864 1473 1912 penitus
1486 1864 1637 1902 haufiffe.
1653 1866 1759 1902 Addit
1772 1867 1900 1904 Cicero
1912 1867 1948 1902 in
1959 1869 2080 1903 Bruto:

1114 1913 1210 1947 Huic
1221 1924 1287 1960 ego
1301 1912 1490 1955 dodtorh&
1504 1915 1531 1962 ej
1539 1927 1577 1950 us
1590 1915 1719 1951 artibus
1732 1916 1833 1952 variis
1850 1927 1953 1965 atque
1965 1916 2087 1952 multis

1114 1961 1160 1996 ita
1171 1974 1264 1997 eram
1274 1972 1389 1998 tamen
1403 1962 1541 1999 deditus
1552 1987 1560 2002 ‚
1585 1975 1623 1999 ut
1632 1964 1673 1999 ab
1689 1965 1995 2001 exercitationibus
2008 1977 2088 2001 ora-

1113 2010 1214 2045 toriis
1234 2010 1351 2046 nullus
1364 2011 1438 2046 dies
1452 2024 1582 2047 vacuus
1594 2012 1686 2048 esset.
1696 2014 1960 2049 commentabar
1972 2013 2087 2055 decla-

1114 2057 1240 2092 mitans
1262 2059 1346 2105 saepe
1370 2072 1452 2096 cum
1476 2062 1526 2095 M.
1539 2058 1660 2095 Pisone
1671 2084 1680 2098 ‚
1704 2064 1738 2097 &
1750 2074 1833 2097 cum
1848 2062 2088 2109 Qompeio,

1114 2115 1172 2139 aut
1193 2117 1275 2139 curn
1301 2105 1417 2153 aliquo
1430 2107 1588 2154 quotidie
1598 2133 1608 2149 ‚
1631 2108 1736 2157 idque
1750 2109 1917 2145 faciebam
1930 2111 2085 2147 multum

1113 2151 1217 2187 etiarn
1228 2152 1401 2193 latine‚1ed
1413 2166 1524 2201 graece
1536 2155 1664 2203 saepius:
1674 2158 1727 2193 vel
1741 2158 1837 2206 quod
1849 2171 1960 2206 graeca
1972 2162 2087 2196 oratio

1111 2200 1209 2248 plura
1233 2213 1440 2239 ornamenta
1456 2203 1671 2252 suppeditans
1684 2208 1973 2244 consuetudinem
1988 2208 2084 2244 simi-

1111 2250 1189 2285 liter
1210 2249 1316 2286 latine
1339 2251 1478 2288 dicendi
1502 2252 1663 2290 afferebat
1688 2268 1694 2290 :
1732 2256 1787 2291 vel
1806 2256 1902 2305 quod
1923 2258 1941 2292 a
1961 2258 2083 2305 graecis

1114 2299 1257 2335 summis
1272 2299 1488 2340 doetorzssbus‚
1503 2302 1565 2338 nisi
1578 2316 1690 2352 graece
1699 2304 1864 2345 dicerem,
1877 2319 1989 2355 neque
2000 2320 2082 2342 cor-

1110 2349 1176 2396 rigi
1190 2348 1333 2397 poffem,
1347 2363 1460 2399 neque
1474 2350 1603 2388 doceri.
1616 2354 1829 2391 Ciceronem
1840 2355 1882 2391 ad
1893 2357 2082 2392 Praeturam

1110 2400 1215 2447 usque
1225 2410 1336 2445 graece
1343 2399 1558 2442 declamasse,
1567 2403 1691 2439 ametor
1700 2404 1748 2439 est
1759 2404 1946 2440 Suetonius
1959 2404 2001 2440 de
2011 2405 2082 2440 cla-

1109 2448 1152 2482 ris
1166 2447 1394 2488 RhetoribuS.
1408 2450 1513 2486 Circa
1527 2452 1594 2487 hoc
1607 2462 1741 2500 tempus
1752 2454 1890 2498 Cicer-05
1900 2466 1984 2489 cum
1996 2457 2080 2490 Ara-

1108 2508 1185 2532 tum
1200 2495 1276 2542 jam
1290 2500 1496 2535 Romanum
1520 2501 1726 2538 hexametris
1750 2503 1901 2538 versibus
1913 2502 2083 2545 edidisset,

1110 2545 1145 2580 in
1162 2547 1406 2594 Xenophontis
1420 2550 1665 2585 Oeconomico
1677 2550 1756 2586 lufit
1768 2575 1777 2589 ‚
1804 2562 1842 2587 ut
1865 2552 1979 2588 scribit
1994 2552 2081 2588 Hie-

1109 2607 1282 2643 ronymus
1296 2596 1331 2632 in
1345 2597 1545 2644 praefatione
1556 2598 1591 2634 in
1605 2599 1726 2636 Euseb.
1741 2601 1876 2636 Chron-
1891 2601 1964 2649 Ipse
1975 2601 2079 2637 Cice-

1109 2657 1150 2680 ro
1173 2645 1324 2681 secundo
1346 2646 1437 2681 libro
1449 2658 1608 2683 extremo
1620 2648 1663 2684 de
1674 2648 1798 2684 officiis
1811 2650 1851 2685 ad
1863 2649 1976 2686 filium
1990 2677 1999 2692 ‚
2024 2652 2078 2686 vi-

1108 2693 1198 2742 ginti
1211 2707 1320 2731 annos
1333 2707 1457 2731 natum
1474 2696 1521 2732 ita
1531 2696 1647 2734 scribit
1661 2711 1669 2733 :
1691 2701 1762 2734 Has
1774 2712 1827 2735 res
1838 2699 2081 2735 commodiffi-

1109 2756 1165 2779 me
1181 2744 1381 2793 Xenophon
1395 2746 1591 2782 Socraticus
1604 2744 1797 2793 persecutus
1812 2747 1906 2784 estin
1920 2762 1960 2784 eo
1975 2749 2078 2790 libro,

1109 2792 1170 2842 qui
1186 2794 1450 2832 Oeconomicus
1472 2794 1691 2832 inscribitur:
1717 2810 1823 2845 quern
1841 2810 1904 2832 nos
1930 2797 1989 2833 ista
2008 2797 2080 2833 fere

1110 2853 1208 2878 aetate
1219 2842 1303 2878 cum
1315 2843 1459 2879 essemus
1469 2869 1481 2892 ,³
1494 2857 1560 2893 qua
1572 2857 1605 2880 es
1617 2856 1657 2881 tu
1671 2858 1764 2882 nunc
1776 2872 1786 2887 ,
1799 2846 1817 2881 ἐ
1829 2858 1943 2892 graeco
1956 2847 1992 2882 in
2003 2846 2080 2882 lati—

1111 2904 1198 2927 num
1221 2892 1476 2929 convertimus.
1514 2893 1640 2930 Divisit
1670 2906 1788 2931 autem
1815 2896 1941 2931 Cicero
1964 2907 2080 2932 unum

1113 2941 1360 2988 Xenophontis
1370 2941 1500 2978 librum
1513 2942 1548 2978 in
1561 2954 1629 2979 tres
1639 2968 1650 2982 ‚
1675 2955 1714 2980 ut
1726 2945 1863 2979 Servius
1875 2945 1911 2980 in
1923 2946 2080 2992 primum

1113 2991 1372 3037 Georgicorum
1394 2990 1546 3028 testatur.
1572 2993 1669 3040 Qin
1694 2993 1799 3029 etiam
1811 2992 1917 3028 libros
1931 2993 2082 3029 Platonis

1114 3038 1239 3074 Cicero
1258 3039 1327 3074 hoc
1351 3052 1478 3087 genere
1501 3040 1640 3077 tralatos
1662 3041 1771 3077 edidit
1783 3067 1792 3083 ‚
1817 3042 1931 3090 inquit
1955 3042 2079 3076 Fabius

1115 3087 1173 3122 lib.
1193 3099 1245 3122 10.
1261 3099 1333 3135 cap.
1352 3101 1383 3131 5-
1409 3089 1536 3124 Timaei
1548 3103 1623 3137 pars
1636 3103 1717 3127 curn
1730 3091 1885 3126 maximo
1897 3090 1993 3125 bono
2006 3089 2084 3124 stu-

1116 3135 1296 3175 diosorum
1327 3137 1506 3188 utriusque
1539 3138 1671 3234 lpkiffuae
1701 3139 1817 3178 exstat.
1859 3140 2085 3222 Ρτοῑεςὲἒειὲἓ
