2295 3400
125 1731 172 1764 47
191 1725 238 1765 effi
253 1725 440 1755 arbitrantur.

163 95 259 159 253
578 91 1074 142 M.Tur.1.11

168 189 206 211 ne
218 180 358 211 Sthenius
368 176 458 218 is‚qui
466 178 586 207 omneis
597 178 728 206 honores
736 175 822 206 domi
832 175 889 205 sua:
899 173 1045 204 facillime
1057 182 1128 204 cum

168 221 292 262 adeptus
303 219 383 253 ess'et,
394 216 575 259 amplissime
586 238 595 252 ,
606 229 637 248 ac
646 215 940 259 magnificentissime
952 213 1057 257 gessit?
1078 216 1132 256 qui

171 263 319 304 oppidum
334 272 398 292 non
412 262 585 291 maximum
598 280 606 293 ‚
631 261 775 290 maximis
794 269 831 289 ex
846 260 974 298 pecunia
991 258 1041 288 sua
1057 257 1133 287 locis

171 304 401 337 communibus,
413 302 683 343 monumentisque
691 300 862 332 decoravit?
878 301 925 340 cuj
930 309 963 329 us
972 299 1010 330 de
1018 300 1133 329 meritis

173 349 207 378 in
218 356 311 387 remp.
323 346 594 376 Thermitanorum
606 364 614 377 ,
628 343 802 383 Siculosque
812 342 966 373 universos
977 361 986 375 ,
996 340 1056 371 fuit
1065 350 1136 370 anea

172 387 276 419 rabula
288 386 347 418 fixa
355 388 499 417 Thermis
510 387 542 416 in
552 387 653 416 curia?
675 387 708 415 in
722 395 780 426 qua
796 384 915 424 publice
929 392 988 414 erat
1001 382 1038 413 de
1047 383 1137 423 hujus

174 428 331 463 beneficiis
342 429 483 468 scriptum
495 448 503 461 ,
530 428 723 459 &incisum?
745 437 811 468 quae
822 426 995 457 tabulatum
1005 426 1137 465 imperio

175 480 230 503 tuo
238 471 363 505 revulsa,
373 480 457 500 nunc
467 470 482 501 a
493 479 543 500 me
554 479 655 500 tamen
664 478 810 510 reportata
817 468 860 499 est
872 479 877 498 :
889 477 922 498 ut
932 476 1040 498 omnes
1050 468 1138 507 hujus

175 515 308 545 honores
322 514 399 543 inter
411 512 479 543 suos
490 532 499 546 ‚
523 512 556 542 &
568 511 804 552 amplitudinem
817 508 935 552 poss‘esst
949 509 1139 551 cognoscere-

175 554 229 587 Est
239 565 278 585 ne
287 556 337 585 hic
346 574 355 588 ‚
377 556 431 595 qui
440 553 516 593 apud
528 556 583 584 Cn.
595 554 777 594 Pompejum
788 573 797 586 ,
813 550 1011 583 clarissimum
1026 553 1139 583 virum,

175 595 248 628 cum
258 597 406 627 accusatus
415 594 503 629 61161,
526 595 608 637 quod
618 604 737 636 propter
749 598 781 626 C.
793 596 883 625 Marii
892 593 1139 625 familiaritatem,

176 639 212 669 &
222 639 386 679 hospitium
398 658 406 672 ,
422 646 518 667 contra
531 646 614 678 remp.
624 637 727 678 senssſje
741 647 811 667 eum
822 637 940 666 inimici
952 656 962 670 ,
986 635 1019 666 ὅ(
1028 634 1142 665 accusa-

177 690 256 711 tores
267 682 330 720 ejus
340 679 473 710 dicerent
481 700 489 714 ‚
507 682 516 699 ¹
529 678 601 710 cum
614 682 708 721 magis
720 678 871 710 invidioso
881 679 1008 708 crimine
1019 697 1027 711 ‚
1050 676 1141 717 quarn

177 732 252 753 vero
264 720 464 752 arcefleretur:
489 723 529 752 ita
538 720 554 752 a
564 724 618 752 Cn.
630 722 776 762 Pompejo
786 720 938 751 absolutus
945 718 989 749 est
1001 730 1005 748 :
1022 728 1054 748 ut
1065 721 1098 748 in
1107 727 1143 747 eo

177 765 243 805 ipso
249 764 366 804 judicio
376 763 540 804 Pompejus
550 764 631 794 hunc
644 764 777 803 hospitio
791 763 845 793 suo
857 759 1069 803 dignissimum
1087 758 1144 789 sta-

181 808 270 837 tuerit
281 809 291 835 ?
301 809 343 836 ita
349 804 439 846 porro
451 805 583 836 laudatus
594 825 603 839 ‚
615 805 811 846 defensusque
820 804 857 834 ab
867 803 1013 834 omnibus
1023 801 1142 833 Siculis,

179 858 216 879 ut
225 848 307 878 idem
319 848 480 888 pompejus
491 857 555 878 non
564 847 600 878 ab
609 848 737 877 homine
747 846 847 877 solum
855 865 863 879 ‚
890 845 939 875 sed
954 846 1043 875 etiam
1057 839 1074 872 ὲ
1080 851 1146 883 pro-

180 891 280 920 vincia
293 898 355 920 tota
368 890 395 920 se
410 890 462 927 hui
467 899 499 919 us
511 889 702 920 absolutione
716 890 793 918 inire
801 889 925 930 gratiam
937 886 1144 917 arbitraretur?

180 931 339 974 postremo
351 931 434 962 estne
448 932 496 961 hic
506 951 514 965 ‚
538 933 591 972 qui
605 931 639 961 &
650 933 790 961 animum
804 933 836 960 in
848 939 940 969 remp.
954 928 1056 958 habuit
1067 926 1144 967 ejus*

181 974 283 1007 modi,
295 974 327 1004 &
337 982 454 1004 tantum
467 972 639 1003 austeritate
650 972 797 1014 apudfiros
806 973 898 1002 civeis
910 972 1019 1010 potuit,
1035 978 1068 999 ut
1079 978 1145 1009 per-

182 1015 285 1047 ficeret
294 1017 327 1046 in
336 1016 438 1046 Sicilia
448 1015 537 1048 solus,
550 1023 577 1044 te
589 1023 715 1054 praetore
725 1034 733 1048 ‚
756 1013 839 1055 quod
851 1023 915 1042 non
924 1011 1019 1042 modo
1030 1011 1145 1041 Siculus

182 1067 278 1088 nemo
289 1078 297 1091 ‚
321 1057 370 1087 sed
381 1067 419 1087 ne
427 1057 526 1087 Sicilia
539 1057 664 1097 quidem
679 1065 740 1086 tota
752 1053 891 1095 potuiss'et
903 1065 908 1083 ;
932 1063 965 1084 111
979 1064 1018 1083 ex
1031 1052 1145 1093 oppido

183 1100 330 1130 Thermis
340 1099 462 1128 nullum
474 1097 590 1139 {ignum
602 1118 610 1132 ,
634 1098 755 1128 nullum
766 1106 979 1127 ornamentum
990 1116 998 1129 ,
1020 1095 1097 1125 nihil
1108 1103 1146 1123 ex

182 1142 263 1172 sacro
275 1162 283 1174 ‚
307 1141 386 1170 nihil
397 1140 433 1170 de
446 1140 569 1180 publico
586 1141 742 1181 attingeres
751 1159 759 1172 ‚
783 1137 854 1169 cum
872 1138 1036 1178 praesertim
1056 1135 1148 1166 ess'ent

184 1183 281 1213 multa
297 1182 432 1222 praeclara
442 1202 450 1215 ‚
473 1182 507 1212 &
520 1190 551 1211 tu
565 1183 671 1212 omnia
681 1178 889 1221 concupiss'es?
912 1181 1053 1220 Denique
1066 1187 1147 1207 nunc

183 1225 266 1258 vide,
280 1224 354 1265 quid
365 1226 444 1253 inter
453 1224 543 1262 te,cuj
548 1234 581 1253 us
594 1225 722 1253 nomine
730 1222 807 1263 apud
817 1222 931 1253 Siculos
940 1221 1003 1251 dies
1011 1219 1079 1250 festi
1087 1221 1147 1261 agi-

183 1274 294 1300 tantur,
306 1266 338 1296 &
347 1266 484 1306 praeclara
494 1266 546 1295 1113
555 1268 652 1295 Verrea
661 1265 857 1298 celebrantur,
867 1265 916 1294 cui
927 1263 1026 1294 statuae
1038 1265 1146 1292 Roma:

185 1308 408 1339 stantinauratae
418 1327 426 1340 ‚
438 1307 453 1337 ὲ
463 1309 624 1337 6011111111111
633 1307 755 1340 Siciliae,
772 1304 1034 1347 quemadmodum
1044 1304 1150 1334 inscri-

184 1359 272 1391 ptum
281 1349 434 1382 videmus,
445 1348 517 1379 datae
530 1360 535 1378 ;
550 1349 630 1384 vide,
640 1351 777 1389 inquam,
789 1346 862 1389 quid
874 1350 952 1377 inter
963 1356 990 1377 te
1001 1367 1009 1381 ,
1025 1346 1057 1376 &
1067 1347 1148 1376 hunc

183 1392 334 1425 Siculum,
346 1393 397 1432 qui
407 1391 456 1421 abs
468 1400 495 1421 te
505 1390 548 1421 est
558 1412 566 1425 ‚
578 1401 706 1431 patrono
715 1391 823 1421 Siciliae
835 1409 844 1423 ‚
856 1389 1084 1422 condemnatus,
1101 1390 1149 1417 in-

186 1432 274 1464 terfit.
299 1435 390 1463 Hunc
399 1435 533 1463 civitates
542 1443 579 1463 ex
589 1433 690 1464 Sicilia
698 1432 856 1472 permultae
867 1451 876 1465 ,
897 1430 1075 1461 testimonio
1085 1430 1148 1463 suo,

185 1474 446 1516 legationibusque
457 1475 497 1504 ob
508 1484 574 1505 eam
583 1485 648 1505 rem
659 1472 756 1504 missis
765 1472 878 1516 publice'
889 1472 1009 1502 laudant
1017 1484 1028 1500 .-
1042 1481 1071 1502 te
1081 1482 1149 1501 om-

187 1519 278 1548 niurn
288 1516 456 1547 Siculorum
468 1526 628 1556 patronum
639 1536 647 1551 ,
671 1526 731 1546 una
741 1517 924 1545 Mamertina
931 1517 1035 1545 civitas
1045 1534 1053 1548 ‚
1072 1514 1150 1553 [ἰείη

181 1560 340 1600 furtorum,
355 1569 387 1588 ac
398 1557 582 1600 flagitiorum
593 1568 727 1591 tuorum,
738 1556 858 1598 publice
869 1556 980 1587 laudat:
991 1558 1030 1586 ita
1039 1565 1150 1590 tamen,

189 1611 276 1632 novo
286 1610 384 1634 more,
396 1609 428 1630 ut
438 1601 524 1641 legati
534 1600 643 1631 laedant
654 1611 659 1629 :
671 1601 780 1642 legatio
790 1597 888 1629 laudet
898 1609 903 1628 ς
915 1608 1017 1629 ceterae
1027 1598 1151 1639 quidem

189 1644 325 1674 civitates
334 1639 454 1682 publice
465 1644 582 1676 litteris,
594 1642 805 1683 legationibus,
815 1639 999 1671 testimoniis
1006 1641 1151 1674 accusant,

191 1693 357 1726 queruntur
370 1704 378 1718 ‚
402 1692 543 1725 arguunt:
561 1684 590 1724 fi
600 1692 633 1713 ru
646 1682 790 1723 abfivlutus
797 1682 846 1724 fis,
853 1682 990 1717 funditus
1004 1682 1113 1722 eversas
1124 1683 1153 1722 se

486 1728 555 1756 Hoc
564 1726 601 1756 de
610 1727 738 1756 homine
749 1746 757 1759 ,
774 1735 806 1756 ac
816 1724 852 1755 de
862 1725 952 1761 huius
962 1725 1051 1754 bonis
1062 1727 1153 1755 etiam

191 1770 226 1799 in
237 1771 333 1807 Eryco
346 1777 453 1797 monte
463 1776 702 1799 monumentum
712 1776 834 1798 tuorum
846 1766 1041 1807 flagitiorum,
1049 1766 1154 1796 crude-

171 1814 174 1816 '
189 1810 340 1850 litatisque
350 1808 492 1849 posuisti:
516 1811 549 1839 in
565 1819 626 1850 quo
643 1810 761 1839 Sthenii
772 1810 966 1839 Thermitani
976 1818 1092 1838 nornen
1103 1808 1155 1839 ad-

190 1853 334 1892 scriptum
355 1849 408 1881 est.
449 1850 521 1881 Vidi
542 1859 706 1891 argenteum
728 1851 891 1893 Cupidinem
913 1859 985 1880 cum
1007 1850 1154 1890 lampade.

191 1893 276 1935 Qid
296 1892 416 1923 tandem
440 1893 544 1923 habuit
560 1894 728 1934 argumenti
741 1913 749 1926 ‚
773 1901 824 1923 aut
834 1894 957 1922 rationis
967 1902 1011 1922 res
1021 1913 1030 1926 ,
1048 1902 1155 1932 quam-

193 1936 300 1966 obrem
309 1937 341 1965 in
353 1945 390 1964 eo
399 1933 588 1975 potissimum
597 1934 795 1966 Sthenianum
804 1936 963 1974 praemium
974 1939 1153 1974 poneretur?

193 1976 295 2008 Utrum
307 1977 364 2007 hoc
373 1975 490 2017 fignum
501 1976 670 2017 cupiditatis
680 1986 748 2010 tuae,
760 1987 798 2007 an
809 1986 956 2016 tropaeum
967 1974 1155 2008 necessitudi-

192 2022 241 2050 nis
252 2039 261 2053 ,
278 2029 364 2060 atque
378 2019 501 2058 hospitii
513 2039 522 2052 ,
541 2029 579 2050 an
587 2021 699 2050 amoris
708 2019 857 2049 indicium
867 2017 925 2048 effe
934 2017 1078 2048 voluisti?
1100 2021 1155 2050 Fa-

190 2063 277 2092 ciunt
288 2062 346 2091 hoc
356 2061 499 2091 homines
509 2080 518 2095 ,
530 2071 606 2102 quos
617 2063 650 2091 in
660 2061 777 2091 summa
787 2062 920 2101 nequitia
930 2070 994 2090 non
1006 2059 1106 2090 solum
1119 2062 1156 2092 li—

192 2103 267 2134 bido
277 2103 309 2133 &
321 2102 579 2142 voluptas,verum
589 2105 679 2134 etiam
691 2102 779 2143 ipsius
793 2103 924 2143 nequiriae
929 2102 1015 2141 fama
1023 2102 1154 2138 detestat,

193 2154 227 2175 ut
236 2145 340 2175 multis
352 2146 384 2174 in
396 2145 470 2175 locis
480 2153 564 2175 notas
575 2155 607 2175 ac
619 2144 741 2186 vestigia
759 2145 903 2174 scelerum
921 2145 1043 2174 suorum
1062 2146 1155 2176 relin-

193 2189 247 2227 qui
256 2187 362 2216 velint.
386 2186 515 2217 Ardebat
524 2197 625 2217 amore
635 2187 717 2216 illius
727 2186 861 2226 hospitae,
872 2195 991 2226 propter
999 2196 1089 2226 quarn
1101 2189 1156 2218 ho-

194 2230 275 2269 spitii
283 2229 350 2268 jura
358 2228 489 2258 violarat.
513 2231 582 2259 Hoc
593 2239 657 2259 non
668 2228 766 2259 solum
776 2229 843 2258 sciri
852 2236 917 2258 tum
929 2247 937 2261 ‚
948 2228 1055 2258 verum
1065 2231 1155 2260 etiam

193 2272 432 2301 commemorari
442 2271 557 2310 semper
566 2271 695 2301 volebat.
718 2272 817 2311 itaque
826 2279 864 2299 ex
873 2269 924 2299 illa
933 2270 991 2309 ipsa
1000 2280 1041 2304 re,
1051 2281 1153 2311 quam,

192 2312 349 2343 accusante
362 2313 513 2352 Agathino
524 2332 533 2346 ‚
555 2311 678 2353 gesserat
686 2333 695 2345 ,
714 2314 826 2342 Veneri
845 2309 1031 2351 potiffimum
1050 2313 1156 2343 deberi

193 2356 355 2395 praemium
367 2353 547 2395 statuit‚quae
558 2355 642 2385 illam
652 2363 746 2384 totam
755 2353 1156 2392 accusationem,judicium-

194 2407 253 2437 que
271 2394 421 2426 conflarat.
453 2399 592 2426 Putarem
602 2405 754 2437 tegratum
767 2397 799 2426 in
810 2396 901 2429 deos,
920 2393 942 2424 fi
959 2396 1018 2425 hoc
1037 2395 1155 2427 donum

196 2440 309 2468 Veneri
319 2447 383 2468 non
391 2437 429 2467 de
442 2438 553 2467 Sthenii
566 2437 638 2468 bonis
649 2437 769 2476 dediffes,
779 2437 827 2478 fid
837 2437 869 2466 de
883 2438 936 2466 ruis
945 2447 956 2464 .·
969 2437 1051 2478 quod
1062 2437 1156 2469 facere

196 2479 336 2514 debuisti,
348 2480 511 2520 praesertim
520 2478 593 2510 curn
604 2480 660 2511 tibi
670 2480 725 2510 illo
736 2481 800 2520 ipso
810 2489 891 2510 anno
902 2479 918 2509 a
927 2479 1095 2510 Chelidone
1104 2490 1157 2510 ve-

196 2520 285 2552 niss'et
294 2522 452 2552 hereditas.
477 2519 537 2553 Hic
547 2532 602 2563 ego
613 2542 622 2556 ,
640 2520 661 2552 fi
670 2523 747 2552 hanc
755 2522 872 2552 causam
883 2531 947 2551 non
958 2523 1100 2552 omnium
1112 2524 1158 2552 Si—

195 2563 336 2593 culorum
355 2572 456 2604 rogatu
470 2563 645 2604 recepissem
655 2574 661 2593 ε
686 2563 707 2593 fi
718 2565 776 2595 hoc
785 2564 801 2594 a
811 2574 862 2594 me
872 2565 1006 2594 muneris
1015 2573 1079 2593 non
1088 2565 1157 2593 uni*

197 2606 278 2635 versa
284 2606 441 2645 provincia
450 2605 646 2645 poposcisset:
669 2604 749 2635 fime
757 2600 877 2636 animus
887 2625 896 2639 ‚
919 2615 1004 2647 atque
1023 2615 1108 2635 amor
1124 2607 1156 2635 in

197 2656 292 2688 remp.
304 2645 547 2689 existimatioque
559 2646 672 2679 offensa
681 2647 776 2679 nostri
785 2647 901 2679 ordinis
910 2667 919 2682 ‚
930 2658 962 2678 ac
967 2647 1156 2689 judiciorum

238 2777 248 2794 1
256 2788 262 2794 .
282 2768 340 2794 Εἳινη
350 2769 420 2801 νηηςὲσ
428 2769 550 2801 invidiose,
559 2769 625 2803 &c.]
638 2769 682 2796 Est
692 2770 707 2796 :i
719 2769 776 2796 mss.
789 2769 948 2796 Hotomani.
959 2778 1018 2795 nam
1030 2769 1098 2796 Pall.
1108 2769 1155 2797 ad-

198 2804 300 2845 hoerent
311 2804 443 2844 vulgataey
462 2805 523 2838 ‹yzcod
531 2812 579 2830 tum
589 2806 661 2838 magio·
669 2806 790 2839 invidiose.
812 2806 897 2842 prjma
915 2805 998 2832 editio
1009 2824 1017 2837 ‚
1037 2806 1158 2839 quodcum

199 2850 282 2874 magn.
301 2840 407 2867 Metelli
419 2840 496 2872 liber,
507 2841 557 2866 cirm
566 2851 609 2875 quo
618 2843 706 2876 magio-2
718 2849 823 2878 poterat
832 2841 917 2869 adhuc
926 2840 1010 2869 abess'e
1019 2841 1087 2868 illud
1099 2851 1158 2868 cum.

236 2888 265 2905 ².
283 2881 441 2913 singulariter
450 2880 600 2915 dilextfflm]
612 2880 683 2908 Cod.
693 2882 934 2917 Metell.smgular2.
954 2880 1158 2915 fortaffisfingu-

199 2915 261 2942 lari?
273 2934 280 2946 ‚
291 2915 378 2951 inquit
390 2915 562 2942 Gulielmius.

214 2987 219 2993 ι
239 2959 266 2987 3.
284 2952 370 2977 Tamen
380 2951 450 2984 digna
459 2953 531 2985 causa
542 2971 550 2984 ,
570 2960 612 2977 eur
619 2955 784 2989 inimicitia]
805 2955 925 2981 Omnino
937 2954 976 2982 ita
985 2953 1053 2981 Pall.
1064 2954 1092 2981 Sc
1102 2953 1160 2980 edi-

200 2994 240 3015 tio
251 2994 338 3014 vetus.
357 2986 493 3022 sequentes
505 3007 514 3019 ‚
532 2989 605 3021 carafa
613 2989 664 3023 effer
674 3009 682 3021 ,
694 2999 744 3016 cur.
765 2991 842 3018 Fabr.
854 2992 882 3017 &
894 2990 1001 3019 Metell.
1011 2991 1082 3024 causa
1090 2991 1161 3016 vide-

199 3031 268 3050 retur
279 3042 287 3056 ,
298 3033 349 3049 cur.
369 3022 440 3060 quod
451 3023 482 3050 ab
492 3024 669 3060 interpretum
680 3026 787 3062 ingenio
798 3027 949 3064 profeStum
961 3026 1044 3054 videri
1056 3033 1145 3063 queat.

200 3099 206 3106 ·
234 3070 263 3096 4.
283 3065 330 3096 Q.
342 3066 440 3089 Varium
449 3065 551 3099 Altera]
572 3066 612 3091 Ita
623 3065 684 3093 edd.
697 3077 788 3094 omues
801 3088 808 3099 ,
829 3075 923 3104 praeter
935 3067 1137 3095 Lambinianam
1150 3087 1158 3099 ‚

199 3109 226 3127 111
238 3109 288 3135 qua
299 3103 517 3141 Marium‚contra
527 3110 618 3128 omnes
630 3101 687 3128 inss‘.
699 3104 744 3139 qui
754 3103 880 3131 accedunt
891 3104 1017 3137 vulgatae,
1029 3104 1075 3131 11111
1105 3103 1157 3130 uod

199 3135 277 3164 fabr.
288 3136 315 3163 Sc
326 3136 384 3164 heic
393 3155 401 3170 ,
413 3136 441 3164 6<
452 3145 516 3166 mox
527 3137 597 3167 infra
608 3157 618 3173 ,
631 3140 751 3168 Valerium
759 3141 895 3177 praeferat.
914 3135 1058 3171 at‘Metelli
1068 3140 1088 3172 li
1109 3149 1138 3171 er
1149 3160 1158 3176 ‚

1157 91 1692 138 (31633οΝ15

1171 182 1236 205 non
1247 175 1306 205 hoc
1313 173 1407 205 facere
1416 172 1574 215 co'e'giss'et:
1593 182 1679 215 atque
1690 173 1754 204 haec
1762 180 1823 203 una
1831 171 1915 203 causa
1923 168 2033 205 fuisset,
2049 170 2131 213 quod

1173 217 1306 247 amicum
1319 236 1328 251 ,
1348 225 1376 247 at
1399 226 1434 246 ue
1446 217 1596 256 hospitem
1607 226 1711 246 meum
1722 216 1880 245 Sthenium
1890 234 1898 248 ,
1907 223 1999 255 quem
2010 215 2042 243 in
2053 223 2135 254 quae-

1174 256 1253 289 stura
1268 268 1336 290 mea
1353 262 1367 278 ²
1389 259 1562 299 iugulariter
1577 256 1748 288 dilexissem
1759 276 1767 291 ‚
1787 256 1824 287 de
1833 266 1894 297 quo
1904 254 2020 295 optime
2031 254 2136 285 existi-

1176 298 1313 334 massem,
1323 310 1415 342 quem
1427 303 1459 330 in
1468 301 1624 340 provincia
1633 298 1868 329 existimationis
1880 307 1953 328 meae
1965 295 2136 327 studiofiffi-

1177 351 1276 376 mum,
1287 341 1573 383 cupidiffimumque
1584 339 1770 382 cognoss'cm,
1784 349 1845 370 tarn
1855 339 2015 370 crudeliter
2027 358 2035 371 ,
2047 338 2139 369 scele-

1177 384 1249 419 rate,
1260 384 1429 425 nefarieque
1440 381 1584 414 tiaEtass'es
1597 394 1601 411 z
1619 387 1630 410 3
1647 392 1747 413 tamen
1758 382 1847 422 digna
1858 381 1940 412 causa
1949 390 2002 410 cur
2014 380 2142 410 inimici-

1181 427 1237 456 tiaae
1246 427 1360 456 hominu
1370 424 1742 466 improbffmisnfitpaeerem,
1753 432 1786 454 ut
1796 424 1921 463 hospitis
1932 422 2068 456 salutem,
2078 421 2141 452 for-

1181 469 1324 510 tunasque
1342 467 1547 498 defenderem·
1579 465 1716 497 fecerunt
1734 467 1792 496 hoc
1809 465 1900 495 multi
1916 464 1993 505 apud
2011 465 2141 503 majores

1183 509 1319 541 nostros:
1341 509 1413 540 fecit
1426 511 1516 539 etiam
1526 518 1621 548 nuper
1637 509 1734 538 homo
1744 505 1919 538 clariffimus
1929 527 1937 541 ,
1958 508 2015 537 Cn.
2028 507 2141 536 Domi-

1183 554 1252 586 tius,
1263 554 1316 593 qui
1326 554 1369 582 M.
1382 551 1528 584 Silanum,
1541 551 1730 580 consularem
1740 551 1852 583 virum,
1866 549 2017 588 accusavit
2024 555 2145 589 propter

1184 595 1364 635 Egritomari
1383 593 1555 633 transalpini
1571 592 1698 632 hospitis
1713 591 1846 630 injurias.
1868 599 2004 631 putarem
2015 600 2065 620 me
2075 589 2144 619 ido-

1184 646 1278 666 neum
1291 656 1299 669 ‚
1319 637 1371 676 qui
1380 635 1557 674 exemplum
1569 634 1702 675 sequerer
1712 634 1906 663 humanitatis
1915 652 1924 666 ‚
1939 640 2026 673 atque
2036 630 2142 666 officii,

1182 687 1446 718 proponeremque
1460 677 1544 716 spem
1564 685 1640 706 meis
1654 675 1819 715 hospitibus
1832 685 1865 705 ac
1873 672 2038 704 neceffariis
2049 694 2057 708 ,
2080 684 2142 715 quo

1183 721 1318 749 tutiorem
1330 719 1426 748 viram
1447 718 1505 749 sese
1524 728 1594 748 meo
1611 717 1746 758 praesidio
1760 715 1895 746 vfflzuros
1904 714 1962 746 effe
1970 716 2146 746 arbitraren-

1183 770 1239 791 tur.
1271 760 1352 792 Cum
1366 759 1440 790 vero
1458 762 1490 790 in
1508 760 1727 790 communibus
1742 759 1862 798 injuriis
1872 759 1963 788 totius
1971 759 2146 798 provinciae,

1184 804 1301 834 Sthenii
1312 812 1432 844 quoque
1441 802 1524 832 causa
1534 804 1723 832 contineatur
1733 821 1741 835 ,
1754 801 1902 841 multique
1913 809 1976 830 uno
1985 808 2120 840 tempore
2131 800 2147 832 a

1185 855 1235 875 me
1245 845 1376 884 hospites
1387 864 1396 878 ,
1415 852 1502 885 atque
1511 846 1600 874 amici
1610 842 1730 883 publice
1743 863 1751 876 ,
1775 843 1975 883 privatimque
1983 840 2148 872 defendan-

1185 896 1232 917 tur
1244 898 1249 916 2
1273 885 1412 927 111016ἃο
1422 887 1517 916 vereri
1526 896 1590 916 non
1600 885 1696 915 debeo
1705 906 1712 918 ,
1735 895 1774 915 ne
1783 886 1849 925 quis
1860 885 1919 914 hoc
1930 903 1938 917 ‚
1958 883 2040 924 quod
2058 883 2146 918 facio,

1187 939 1253 959 non
1272 928 1425 959 existimet
1440 938 1490 958 me
1509 928 1622 957 summi
1641 925 1734 957 officii
1752 928 1865 956 ratione
1882 925 2048 965 impulsum
2060 946 2068 959 ,
2095 935 2148 956 co-

1187 970 1348 1016 iustumque
1358 968 1521 1010 suscepiffe.
1552 973 1649 1009 Atque
1659 988 1668 1002 ,
1684 967 1886 1009 utaliquando
1896 967 1933 997 de
1942 967 2030 997 rebus
2040 967 2076 997 ab
2088 966 2146 998 isto

1188 1015 1317 1056 cognitis
1326 1033 1334 1046 ,
1352 1011 1551 1052 judicatisque
1562 1031 1570 1045 ,
1590 1012 1623 1040 &
1642 1011 1679 1040 de
1694 1010 1819 1050 judiciis
1837 1009 1913 1040 datis
1924 1009 2021 1039 dicere
2030 1008 2148 1040 desista-

1190 1065 1273 1086 mus:
1287 1055 1480 1095 &,quoniam
1491 1052 1566 1083 fasta
1580 1052 1664 1082 istius
1673 1054 1706 1082 in
1717 1053 1763 1081 his
1772 1051 1931 1093 generibus
1944 1049 2062 1081 infinita
2070 1053 2148 1086 sunt,

1189 1108 1246 1128 nos
1255 1096 1384 1126 modum
1394 1096 1526 1136 aliquem
1538 1115 1546 1129 ‚
1571 1095 1603 1125 &
1614 1093 1708 1124 finem
1722 1095 1852 1124 orationi
1864 1092 1970 1123 nostrae
1980 1112 1988 1126 ,
2011 1094 2151 1123 crimini-

1191 1140 1305 1180 busque
1314 1137 1458 1168 faciamus
1473 1148 1478 1166 ;
1498 1146 1588 1177 pauca
1598 1146 1636 1166 ex
1645 1136 1711 1167 aliis
1722 1135 1880 1176 generibus
1890 1135 2053 1165 sumemus.
2085 1138 2151 1165 Au·

1190 1180 1274 1212 distis
1291 1179 1332 1209 ob
1349 1182 1398 1219 jus
1414 1178 1582 1209 dicundum
1597 1182 1613 1204 4
1625 1180 1799 1219 QVatium
1808 1177 1905 1207 dicere
1916 1196 1924 1210 ,
1946 1185 2150 1216 procui-atores

1191 1225 1259 1255 suos
1270 1221 1319 1252 isti
1329 1230 1453 1252 centum
1464 1221 1624 1262 &triginta
1633 1219 1730 1249 millia
1746 1216 1913 1249 nummum
1932 1217 2061 1248 dediffe:
2084 1229 2152 1249 me-

1191 1264 1323 1296 ministis
1334 1263 1467 1304 Qss‘Varii
1476 1261 1687 1292 testimonium
1699 1281 1707 1295 ‚
1731 1270 1856 1302 remque
1870 1261 1945 1290 hanc
1953 1269 2047 1291 totam
2058 1263 2090 1291 C.
2101 1263 2152 1291 Sa-

1190 1307 1332 1340 cerdotis,
1343 1306 1479 1334 hominis
1489 1302 1678 1337 ornatiffimi‚
1692 1302 1868 1333 testimonio
1876 1301 2065 1343 comprobari
2079 1313 2084 1332 :
2096 1303 2153 1333 sti·

1190 1352 1228 1381 tis
1240 1370 1248 1383 ,
1262 1352 1315 1379 Cn.
1328 1348 1457 1378 Sertiurn
1468 1367 1475 1380 ‚
1487 1348 1531 1376 M.
1544 1345 1687 1376 Modium
1700 1365 1708 1379 ‚
1727 1346 1841 1386 equites
1850 1347 1983 1375 Roman.
1996 1344 2153 1375 sexcentos

1192 1399 1329 1433 praeterea
1337 1390 1430 1420 civeis
1443 1391 1574 1419 Roman.
1587 1387 1757 1429 multosque
1769 1387 1885 1417 Siculos
1897 1407 1906 1421 ,
1928 1384 2036 1416 dixiffie
2045 1406 2054 1420 ,
2065 1386 2091 1417 se
2103 1385 2151 1417 isti

1187 1434 1336 1476 pecuniam
1348 1430 1380 1460 ob
1387 1431 1436 1469 jus
1448 1430 1601 1459 dicundum
1613 1429 1719 1467 dedzffi.
1748 1429 1784 1459 de
1800 1439 1862 1469 quo
1875 1430 2004 1458 crimine
2013 1428 2086 1469 quid
2095 1438 2152 1469 ego

1192 1477 1353 1516 disputem,
1364 1472 1435 1504 cum
1448 1472 1478 1502 id
1488 1481 1586 1502 totum
1596 1470 1726 1511 positum
1738 1469 1771 1500 fit
1780 1473 1813 1500 in
1823 1469 1966 1500 testibus?
1979 1470 2052 1511 quid
2062 1469 2152 1510 porro

1191 1524 1391 1559 argumenter,
1403 1524 1460 1556 qua
1470 1514 1506 1544 de
1517 1524 1548 1544 re
1557 1513 1692 1544 dubitare
1701 1523 1794 1543 nemo
1804 1510 1892 1552 poffit
1903 1515 1913 1542 ?
1937 1514 1986 1542 An
1997 1514 2056 1542 hoc
2065 1512 2154 1542 dubi-

1192 1558 1428 1599 tabstquisquam
1439 1558 1583 1587 omnium
1592 1576 1600 1590 ,
1612 1557 1687 1596 quin
1699 1557 1723 1585 is
1730 1555 1869 1585 venalem
1880 1556 1911 1584 in
1921 1554 2024 1584 Sicilia
2032 1553 2154 1594 jurisdi-

1196 1602 1333 1632 &ionem
1344 1599 1478 1630 habuerit
1488 1617 1496 1631 ,
1515 1599 1568 1639 qui
1579 1601 1670 1627 Roma
1679 1606 1778 1628 totum
1789 1595 1924 1627 6111613111
1935 1617 1944 1630 ,
1954 1605 2041 1638 atque
2050 1597 2156 1627 omnia

1193 1644 1308 1675 decreta
1325 1640 1515 1672 vendiderit?
1538 1641 1614 1681 quin
1628 1641 1652 1669 is
1665 1639 1701 1669 ab
1713 1639 1820 1670 Siculis
1834 1638 1876 1669 ob
1888 1638 2006 1671 decreta
2022 1640 2156 1679 interpo-

1193 1730 1242 1769 jus
1254 1725 1422 1757 dicundum
1432 1725 1618 1764 poposcerit?
1637 1727 1650 1750 5
1659 1722 1749 1763 Qod
1757 1724 1842 1752 enim
1852 1731 1989 1762 praeterea
1998 1732 2093 1763 genus
2102 1732 2157 1763 pe-

1197 1771 1293 1801 cuniae
1303 1766 1444 1809 cogendae
1457 1767 1620 1806 praeteriit?
1640 1764 1722 1806 quod
1733 1774 1796 1794 non
1805 1764 1842 1794 ab
1851 1764 1997 1794 omnibus
2007 1764 2072 1795 aliis
2080 1774 2157 1805 prae-

1197 1814 1331 1843 teritum,
1343 1810 1546 1850 excogitavit?
1560 1817 1651 1848 ecqua
1660 1816 1704 1837 res
1715 1806 1791 1847 apud
1802 1808 1937 1836 civitates
1945 1806 2057 1836 Siculas
2064 1815 2157 1846 expe-

1197 1856 1269 1885 titur
1276 1873 1285 1887 ‚
1301 1854 1335 1882 in
1343 1861 1401 1893 qua
1411 1859 1460 1880 aut
1468 1850 1664 1890 honos-aliquis
1674 1847 1717 1882 sit,
1727 1856 1777 1878 aut
1783 1846 1900 1889 potestas
1910 1867 1918 1881 ‚
1930 1856 1980 1878 aut
1984 1848 2158 1889 procuratio,

1197 1897 1271 1937 quin
1289 1904 1355 1924 eam
1373 1902 1437 1923 rem
1459 1900 1490 1922 tu
1509 1891 1544 1922 ad
1556 1900 1641 1922 tuum
1651 1889 1797 1931 quaestum
1808 1909 1818 1924 ,
1841 1889 2158 1931 nundinationemque

1197 1939 1362 1968 hominum
1377 1934 1561 1965 traduxeris?
1585 1932 1676 1963 Dieta
1693 1933 1761 1962 sunt
1773 1933 1870 1972 priore
1883 1930 2002 1962 afflone
2017 1932 2049 1962 &
2059 1934 2159 1973 priva-

1196 1982 1253 2010 tim
1273 2000 1281 2012 ,
1295 1978 1328 2008 86
1336 1976 1458 2017 publice
1468 1975 1657 2006 testimonia:
1680 1974 1766 2016 legati
1780 1975 1969 2013 Centuripini
1980 1994 1989 2007 ,
2010 1972 2156 2007 Halefini‚

1196 2065 1354 2094 civitatum
1366 2072 1372 2090 τ
1391 2062 1456 2101 jam
1472 2059 1545 2091 verb
1562 2060 1706 2100 privatim
1724 2059 1848 2099 plurimi
1859 2068 1866 2088 :
1887 2067 2020 2098 quorum
2028 2068 2066 2088 ex
2074 2056 2157 2088 testi-

1199 2106 1314 2136 moniis
1323 2103 1500 2144 cognoscere
1508 2100 1648 2142 potuistis
1659 2121 1667 2134 ,
1686 2109 1748 2130 tota
1756 2099 1856 2129 Sicilia
1864 2108 1916 2138 per
1926 2101 2092 2130 triennium
2102 2109 2157 2129 ne-

1199 2149 1318 2177 minem
1327 2146 1388 2175 ulla
1396 2147 1428 2174 in
1437 2146 1557 2174 civitate
1565 2144 1730 2173 senatorem
1740 2140 1855 2171 faetum
1865 2139 1924 2171 effe
1931 2142 2022 2181 gratis
2030 2152 2042 2168 :
2057 2142 2158 2171 nemi-

1198 2199 1282 2222 nem,
1294 2196 1327 2218 111
1336 2187 1414 2228 leges
1424 2196 1529 2216 eorum
1540 2185 1617 2218 sunt,
1633 2181 1778 2224 suffragiis
1791 2193 1796 2211 τ
1816 2185 1973 2212 neminem
1986 2203 1994 2216 ‚
2006 2181 2062 2213 nifi
2071 2182 2157 2214 istius

1197 2232 1388 2271 imperio,aut
1396 2229 1601 2268 litteristatque
1611 2227 1657 2256 his
1667 2224 1812 2255 omnibus
1820 2224 2003 2256 senatoribus
2012 2233 2157 2265 cooptan-

1198 2273 1244 2302 dis
1255 2292 1263 2306 ‚
1276 2281 1339 2302 non
1350 2268 1446 2300 modo
1457 2267 1590 2310 suffragia
1599 2267 1683 2298 nulla
1691 2264 1778 2296 fuiffe
1789 2286 1797 2299 ‚
1808 2265 1856 2296 sed
1866 2276 1904 2296 ne
1914 2276 2020 2308 genera
2029 2266 2155 2308 quidem

1198 2313 1323 2354 spestata
1339 2310 1397 2342 effe
1407 2331 1415 2345 ‚
1439 2321 1478 2341 ex
1494 2311 1604 2351 quibus
1618 2311 1649 2339 in
1660 2319 1730 2339 eum
1741 2308 1882 2338 ordinem
1893 2309 2025 2348 cooptari
2034 2310 2155 2339 liceret:

1198 2364 1296 2396 neque
1315 2354 1420 2384 census
1428 2373 1437 2387 ‚
1460 2362 1557 2393 neque
1567 2353 1659 2381 aetatis
1671 2371 1678 2384 ‚
1704 2360 1802 2391 neque
1809 2358 1903 2380 cetera
1912 2350 2083 2381 Siculorum
2088 2350 2101 2390 j
2106 2359 2156 2381 ura

1196 2395 1332 2428 valuifl‘e.
1354 2397 1540 2436 quicumque
1550 2395 1664 2424 senator
1672 2392 1803 2422 voluerit
1812 2390 1875 2422 fieri
1888 2411 1896 2425 ‚
1917 2394 2056 2432 quamvis
2071 2401 2156 2433 puer,

1197 2440 1335 2502 quamvis
1345 2437 1499 2479 indignus,
1511 2437 1649 2477 quamvis
1660 2444 1699 2464 ex
1708 2444 1745 2464 eo
1755 2434 1834 2467 1060,
1845 2443 1884 2463 ex
1893 2443 1955 2474 quo
1963 2444 2027 2464 non
2037 2434 2155 2465 liceret:

1225 2479 1246 2510 fi
1264 2481 1290 2509 is
1304 2480 1394 2521 pretio
1413 2478 1490 2519 apud
1509 2477 1599 2509 istum
1609 2476 1693 2516 fieret
1704 2476 1814 2506 idonem
1827 2484 1860 2505 ut
1874 2478 2006 2506 vinceret
2015 2496 2024 2509 ,
2039 2475 2156 2506 fafitum

1199 2521 1257 2553 effe
1275 2522 1391 2561 semper
1402 2532 1407 2550 z
1431 2531 1494 2551 non
1513 2518 1608 2550 modo
1619 2519 1791 2549 Siculorum
1800 2517 1879 2547 nihil
1888 2519 1921 2547 in
1932 2518 2022 2548 haere
2032 2515 2156 2549 valuisse

1199 2564 1278 2605 leges
1290 2584 1298 2597 ,
1312 2563 1359 2594 sed
1370 2573 1407 2593 ne
1418 2563 1454 2593 ab
1465 2563 1566 2592 senatu
1576 2560 1699 2602 quidem
1711 2581 1719 2593 ‚
1739 2560 1913 2600 populoque
1922 2561 2055 2591 Roman.
2067 2559 2155 2590 datas.

1200 2609 1280 2648 Qas
1291 2607 1374 2635 enirn
1385 2606 1462 2645 leges
1473 2605 1558 2635 sociis
1570 2623 1579 2637 ,
1601 2603 1768 2643 amicisque
1779 2602 1860 2632 datis
1872 2622 1880 2634 ‚
1901 2603 1953 2642 qui
1964 2601 2051 2632 habet
2060 2602 2156 2642 impe-

1199 2650 1280 2678 rium
1289 2647 1303 2678 a
1312 2648 1426 2688 populo
1435 2649 1570 2678 Roman.
1581 2643 1790 2676 auetoritatem
1799 2644 1902 2685 legum
1913 2643 2077 2674 dandarum
2086 2644 2102 2674 a
2113 2643 2157 2674 st!-

2070 2694 2160 2717 natu:

1199 2770 1320 2802 Qui-tum
1330 2769 1417 2796 habet.
1436 2766 1508 2805 quod
1518 2773 1609 2794 natum
1620 2776 1654 2793 ex
1663 2767 1711 2800 Q.
1720 2769 1792 2794 Vario
1801 2766 1914 2803 quilibet
1925 2765 2013 2793 (bittit.

1240 2815 1265 2839 5.
1286 2807 1353 2839 Qud
1360 2809 1419 2832 enim
1432 2811 1545 2837 praeterea
1559 2813 1634 2836 genus·
1647 2803 1774 2837 pecunie]
1795 2803 1839 2831 Est
1850 2804 1864 2829 it
1875 2803 1975 2839 scriptis
1987 2801 2133 2829 Hotomani
2146 2809 2156 2832 ;

1201 2851 1232 2869 ne
1254 2851 1285 2868 ue
1295 2842 1391 2869 abeunt
1403 2840 1470 2868 Pall.
1488 2840 1535 2866 nisi
1546 2838 1616 2875 quod
1627 2840 1644 2866 ii
1658 2859 1666 2870 ,
1684 2840 1751 2872 Qid
1761 2842 1823 2866 enim
1830 2842 1993 2872 efipraeterea.
2012 2838 2119 2872 Metell.
2129 2838 2159 2864 δι’

1202 2851 1307 2905 Ρηῖιῑίε.
1326 2879 1393 2911 Qud
1408 2880 1469 2903 enim
1487 2878 1527 2909 iste
1539 2882 1663 2908 preterea.
1683 2875 1845 2902 Gulielmius
1855 2874 1963 2911 putabat
1973 2874 2039 2900 illud
2046 2876 2159 2907 praterea

1202 2914 1298 2941 mutari
1309 2914 1378 2950 posse
1389 2914 1415 2940 in
1422 2920 1515 2947 φατον.
1534 2912 1606 2949 prius
1617 2911 1668 2938 cusi
1679 2921 1686 2939 t
1706 2912 1774 2946 εἶξαί
1781 2914 1841 2938 enim
1850 2914 2001 2945 effpraeterea
2006 2918 2159 2945 genus-pecu-

1201 2954 1245 2977 niae
1254 2960 1298 2984 cog.
1309 2952 1486 2985 qnodpraeteriit
1496 2952 1506 2975 ἓ

1237 2987 1266 3013 6.
1284 2990 1310 3012 si
1317 2988 1337 3013 is
1342 2990 1418 3020 pretio
1426 2985 1491 3018 apud
1497 2985 1638 3017 istumfieret
1645 2984 1742 3011 Idoneus
1749 2992 1778 3010 ut
1784 2983 1917 3018 vinceret]
1926 2983 1968 3009 Sic
1979 2982 2047 3009 Pall.
2058 2983 2086 3008 δε
2096 2979 2159 3008 edd.

1202 3032 1304 3050 omnes.
1323 3030 1351 3049 at
1360 3023 1431 3050 enim
1443 3020 1548 3048 Metelli
1560 3019 1626 3047 liber
1637 3021 1674 3054 ‚fi
1681 3021 1700 3046 ix
1706 3024 1781 3054 pretio
1789 3020 1856 3053 apud
1861 3022 1929 3052 istum
1937 3020 2032 3045 [donem
2041 3021 2159 3048 vinceret,

1202 3059 1299 3086 omiffis
1310 3058 1487 3089 intermediis,
1499 3057 1571 3093 quod
1580 3055 1680 3083 dudum
1692 3056 1812 3092 probavit
1822 3056 1984 3082 Gulielmius
1995 3054 2070 3081 lib.x.
2081 3052 2160 3080 Veri-

1203 3099 1327 3126 fimilium
1338 3109 1393 3137 cap.
1405 3107 1432 3134 7.
1452 3094 1598 3136 αρ’χεαιιῶς
1610 3113 1620 3128 ,
1640 3103 1670 3125 ut
1679 3098 1774 3126 irionem
1791 3102 1868 3126 notet
1882 3095 1983 3124 idoneos.
2002 3095 2158 3123 Mei-cerus,-

1203 3139 1247 3169 secl
1256 3140 1326 3178 <rapit
1334 3140 1430 3171 idoneus
1439 3138 1496 3170 casu
1507 3138 1641 3176 lingulati.
2064 3176 2077 3198 ι
2098 3167 2164 3202 βψς

2162 960 2202 1001 48

1194 1685 1293 1717 nenda
1310 1685 1468 1724 pecuniam
1487 1683 1649 1722 acceperit,
1672 1683 1725 1721 qui
1736 1683 1779 1710 M.
1790 1679 1950 1710 Oditavium
1961 1682 2105 1720 Ligurem
2117 1680 2165 1710 ob*

1197 2020 1369 2052 Catinenses
1377 2039 1386 2053 ,
1397 2019 1661 2058 Panormitamque
1671 2016 1816 2046 dixerunt
1825 2035 1833 2049 ,
1844 2016 2010 2046 multatum
2018 2025 2159 2057 praeterea
2206 2028 2209 2031 ·
2256 2031 2258 2036 ν
