2295 3400
130 1061 152 1086 2
160 1063 180 1095 4
198 1062 302 1091 ceteris
312 1059 407 1102 signis.

618 97 690 146 M.
758 97 1116 147 Tuaen

192 181 305 221 accepti
323 178 436 211 tabulas
455 178 575 211 omneis
597 189 602 208 :
625 190 697 222 quas
717 179 943 222 diligentissime
962 181 1018 223 legi
1039 200 1046 213 ‚
1070 189 1157 252 atqpe

192 221 312 264 digesti:
331 225 442 263 patris,
460 223 557 263 quoad
567 224 662 252 vixit:
683 232 764 256 tuas,
785 222 935 263 quoadais
945 231 973 252 te
984 221 1101 253 confeci
1130 232 1155 252 e.

194 275 266 296 nam
286 266 319 294 in
337 263 414 298 iste,
435 264 550 303 judices
563 284 570 297 ,
593 265 651 294 hoc
669 275 787 294 novum
807 267 967 310 reperietis.
991 264 1154 297 Audimus,

192 307 326 348 aliquem
350 306 461 336 tabulas
489 315 657 346 numquam
683 306 868 337 confecisse:
891 316 958 348 quae
983 301 1026 336 est
1049 307 1169 345 opinio'

192 350 359 380 hominum
385 348 422 378 de
449 349 587 378 Antonio
608 347 688 378 falsa·
720 358 790 378 nam
819 347 891 378 fecit
916 345 1154 390 diligentiffime.

192 390 302 421 verum
322 394 331 409 ¹
346 388 378 419 sit
389 391 446 420 hoc
455 400 548 429 genus
559 389 680 430 aliquod
692 410 700 423 ‚
721 390 853 420 minime
868 389 1069 430 probandum.
1093 392 1156 419 Au-

192 433 296 463 dimus
307 450 316 464 ,
336 432 430 462 alium
449 441 512 461 non
530 431 566 461 ab
582 433 672 462 initio
692 430 794 462 fecisse
806 452 813 465 ,
834 432 883 463 sed
895 442 933 462 ex
951 441 1086 472 tempore
1103 432 1157 461 ali-

192 484 256 515 quo
266 472 437 503 confeciss'e.
453 472 496 503 est
506 474 603 514 aliqua
612 475 703 503 etiam
714 474 836 510 huiusce
846 475 887 503 rei
898 475 981 504 ratio.
1006 476 1073 503 Hoc
1084 471 1156 503 vero

193 525 313 546 novum
325 536 334 548 ,
347 515 379 545 ὃς
390 515 552 545 ridiculum
564 514 605 545 est
614 536 622 549 ,
641 516 721 557 quod
733 517 782 546 hic
793 516 881 546 nobis
891 515 1046 556 respondit
1055 535 1063 549 ‚
1084 514 1156 545 cum

191 557 230 588 ab
240 567 277 587 eo
288 557 400 587 tabulas
418 556 636 597 postularemus
648 568 653 586 z
677 559 770 599 usque
789 557 824 588 ad
844 560 889 587 M.
902 560 1083 588 Terentium
1095 578 1103 591 ,
1125 557 1158 586 &

193 602 230 629 C.
242 598 370 629 Cassium
383 599 521 629 consules
530 598 689 629 confecisse
702 611 708 629 ;
729 599 828 640 postea
838 598 989 630 destitiss'e.
1022 599 1093 629 Alio
1109 598 1157 628 lo-

191 651 230 672 co
241 661 250 675 ,
272 641 509 681 hoccujusmodi
521 639 553 671 sit
562 662 570 675 ,
593 640 858 672 considerabimus.
882 652 965 671 nunc
975 641 1052 671 nihil
1062 640 1096 670 ad
1108 651 1157 670 me

191 685 306 713 attinet.
330 684 440 713 horum
461 685 545 713 enim
565 692 737 724 temporum
749 704 757 717 ‚
778 685 811 714 in
829 683 938 724 quibus
954 693 1036 713 nunc
1045 682 1156 715 versor,

193 725 292 755 habeo
303 725 413 755 tabulas
426 725 458 755 &
468 734 543 758 tuas,
557 725 589 755 &
599 727 699 765 patris.
717 726 848 756 Plurima
858 724 936 767 figna
944 725 1155 765 pulcherrima,

191 767 339 808 plurimas
351 767 462 797 tabulas
475 769 604 807 optimas
613 766 775 807 deportasse
785 777 812 797 te
823 788 830 801 ,
856 777 961 808 negare
981 777 1044 796 non
1053 775 1138 806 potes
1151 777 1156 795 :

192 818 282 850 atque
292 811 409 839 utinam
422 819 522 851 neges.
544 819 641 839 unum
652 809 775 840 ostende
786 811 818 839 in
829 809 936 839 tabulis
947 817 997 838 aut
1013 810 1071 837 tuis
1082 828 1090 841 ,
1108 817 1158 838 aut

192 853 284 892 patris
296 853 338 881 tui
349 859 456 880 emtum
466 850 514 889 effl’
522 862 533 878 .·
543 851 651 881 vicisti.
679 862 715 881 ne
727 853 789 881 haec
797 851 920 891 quidem
931 850 992 880 duo
1003 849 1081 890 signa
1090 849 1159 888 pul-

194 895 343 923 cherrima
353 913 362 927 ,
381 904 445 934 quae
457 903 539 923 nunc
548 893 585 923 ad
595 894 877 934 impluvium-tuum
890 891 965 922 stant
976 912 983 925 ‚
1002 901 1067 932 quae
1078 891 1160 919 mul·

195 944 245 965 tos
263 945 358 966 annos
376 935 412 966 ad
430 936 529 966 valvas
546 937 677 977 Junonis
687 937 793 965 Samia:
803 934 961 966 steterunt,
981 933 1072 963 habes
1081 942 1159 973 quo—

198 977 296 1007 modo
307 979 436 1007 emeris:
458 979 530 1010 haec,
543 980 666 1018 inquam
677 997 685 1010 ,
697 977 757 1006 duo
768 997 775 1010 ,
787 987 851 1017 qua:
864 978 896 1005 in
907 975 1019 1005 aedibus
1029 977 1086 1004 tuis
1098 974 1159 1004 sola

195 1019 259 1060 jam
271 1019 338 1049 sunt
349 1039 357 1053 ,
369 1030 435 1060 quae
445 1019 590 1049 se&01·em
601 1018 771 1058 exspeetant
781 1039 789 1051 ,
811 1017 915 1047 relieta
926 1038 934 1050 ,
953 1027 985 1047 ac
995 1016 1132 1059 destituta
1143 1016 1158 1046 a

453 1064 492 1090 At
500 1081 508 1094 ‚
517 1061 606 1091 credo
617 1080 624 1094 ,
637 1064 670 1090 in
681 1061 759 1090 hisce
769 1060 840 1090 solis
850 1060 937 1089 rebus
948 1059 1099 1088 indomitas
1109 1069 1159 1087 cn-

194 1104 330 1144 piditares
339 1123 348 1136 ,
369 1111 454 1144 atque
474 1101 627 1132 effrenatas
640 1103 763 1132 habebat
775 1113 780 1131 2
800 1111 903 1132 ceterae
922 1101 1064 1130 libidines
1081 1101 1157 1139 ejus,

194 1146 304 1174 ratione
314 1146 422 1185 aliqua,
434 1153 483 1174 aut
492 1144 569 1173 modo
579 1144 819 1174 continebantur.
837 1144 937 1185 Qz‘im
949 1143 1053 1172 multis
1065 1141 1155 1172 istum

194 1189 347 1228 ingenuis,
358 1187 449 1227 quam
461 1187 564 1216 multis
576 1186 719 1216 matribus
729 1184 858 1215 familias
870 1206 878 1219 ,
898 1187 930 1214 in
942 1185 991 1214 illa
1003 1194 1082 1214 taetra
1091 1205 1098 1218 ,
1113 1193 1156 1214 at-

195 1239 256 1270 que
270 1231 386 1268 impura
402 1229 549 1269 legatione
566 1229 629 1256 vim
647 1227 774 1265 atr‘uliffi
791 1227 991 1257 existimatis?
1008 1236 1103 1267 ecquo
1124 1228 1156 1255 in

194 1270 310 1311 oppido
319 1270 428 1310 pedem
440 1271 557 1310 posuit,
578 1271 630 1300 ubi
642 1280 705 1300 non
713 1271 798 1310 plura
815 1269 983 1308 stuprorum
996 1289 1004 1302 ,
1026 1267 1156 1308 flagitio-

194 1323 324 1353 rumque
342 1313 463 1342 suorum
476 1333 483 1346 ,
507 1312 598 1353 quam
615 1311 760 1342 adventus
778 1312 820 1341 sui
838 1310 961 1352 vestigia
980 1310 1157 1351 reliquerit?

193 1354 252 1386 Sed
263 1364 318 1395 ego
327 1356 442 1387 omnia,
454 1365 519 1395 quae
529 1355 626 1395 negari
637 1362 778 1394 poterunt
789 1373 797 1387 ,
807 1354 1029 1393 praetermittam
1043 1363 1048 1380 2
1063 1353 1155 1381 etiam

195 1398 272 1430 haec,
282 1407 347 1437 quae
357 1394 513 1426 certissima
524 1397 589 1426 sunt
597 1416 605 1429 ,
620 1396 653 1425 &
661 1394 817 1426 clarissima
828 1415 836 1428 ‚
848 1395 1017 1435 relinquam
1030 1405 1035 1422 z
1057 1404 1155 1423 unum

194 1438 318 1479 aliquod
331 1437 367 1468 de
378 1437 497 1468 nefariis
509 1437 593 1468 istius
603 1436 688 1467 faffis
699 1437 807 1478 eligam
820 1447 825 1466 τ
837 1447 897 1478 quo
909 1435 1026 1467 facilius
1036 1435 1071 1465 ad
1082 1438 1156 1466 Sici-

194 1481 271 1511 liam
279 1478 389 1520 poffim
406 1479 568 1520 aliquando
579 1500 587 1513 ,
609 1490 675 1520 quae
685 1480 763 1508 mihi
774 1480 831 1508 hoc
842 1480 940 1508 oneris
953 1498 961 1510 ,
982 1480 1156 1518 negotiique

195 1522 354 1562 imposuit,
366 1526 534 1562 pervenire.
547 1521 700 1562 Oppidum
712 1520 754 1551 est
765 1523 797 1550 in
809 1521 1007 1560 Hellesponto
1018 1520 1157 1559 Lampsa-

195 1574 281 1598 cum,
290 1564 416 1603 judices,
428 1566 460 1593 in
471 1566 577 1604 primis
588 1562 662 1594 Asia:
672 1565 836 1603 provinciae
845 1562 957 1592 clarum
969 1582 976 1595 ,
990 1562 1022 1591 δε
1031 1562 1136 1592 nobile
1149 1573 1154 1591 z

196 1607 341 1636 homines
350 1615 449 1636 autem
460 1605 513 1646 ipsi
522 1605 718 1646 Lampsaceni
730 1614 794 1635 tum
806 1604 925 1634 summe
937 1606 968 1633 in
980 1605 1100 1633 omneis
1113 1606 1157 1633 ci-

194 1650 261 1679 veis
280 1651 439 1678 Romanos
457 1646 583 1678 officiosi
592 1668 600 1682 ‚
625 1656 689 1677 tum
702 1655 838 1687 praeterea
849 1644 984 1676 maxime
994 1645 1082 1675 sedati
1095 1666 1102 1679 ,
1124 1646 1157 1676 ὃς

194 1692 310 1731 quieti,
331 1690 423 1730 prope
434 1698 538 1730 praeter
548 1699 660 1720 ceteros
670 1689 704 1719 ad
715 1689 871 1718 summum
882 1690 1055 1717 Graecorum
1067 1689 1158 1717 otium

196 1734 298 1773 potius
308 1752 317 1766 ,
337 1731 429 1774 quam
440 1731 475 1761 ad
487 1731 579 1761 ullam
589 1732 652 1760 vim
662 1751 669 1764 ,
688 1739 742 1759 ant
752 1730 909 1759 tumultum
927 1729 1156 1760 accommodati.

197 1773 318 1804 Accidit
328 1794 337 1808 ,
357 1773 429 1809 cum
439 1773 492 1803 iste
503 1772 518 1803 a
528 1776 586 1803 Cn.
598 1772 756 1802 Dolabella
766 1770 961 1813 efflagitasset,
986 1780 1018 1800 ut
1028 1771 1057 1800 se
1067 1771 1100 1801 ad
1112 1782 1158 1801 re-

195 1826 268 1858 gem
280 1815 662 1856 Nicomedem,regemque
675 1814 808 1845 Sadalam
821 1816 1094 1853 mitteret,cumque
1106 1815 1161 1843 iter

195 1860 257 1888 hoc
267 1856 318 1888 fibi
331 1860 426 1899 magis
444 1858 479 1887 ad
498 1855 719 1898 quaestumfimm
729 1876 736 1889 ‚
754 1855 845 1897 quam
854 1855 890 1885 ad
900 1855 1070 1895 reipublic-ee
1080 1864 1157 1885 tem-

193 1909 250 1940 pus
269 1899 534 1930 accommodatum
553 1896 769 1938 depoposcisset
780 1910 785 1926 2
809 1906 841 1928 ut
857 1897 913 1927 illo
926 1899 1032 1927 itinere
1042 1899 1159 1927 veniret

195 1942 395 1981 Lampsacum
408 1961 415 1975 ,
426 1951 496 1972 cum
508 1951 616 1982 magna
624 1940 790 1970 calamitate
799 1959 807 1973 ,
828 1940 861 1970 &
871 1938 964 1979 prope
971 1940 1105 1979 pernicie
1115 1941 1158 1969 ci-

191 1985 307 2014 vitatis.
331 1983 488 2014 deducitur
506 1982 560 2013 iste
575 1982 610 2012 ad
625 1983 793 2024 Janitorem
809 1980 960 2022 quendam
988 1981 1156 2020 hospitem:

194 2026 379 2066 comitesque
389 2026 453 2065 ejus
463 2026 537 2054 item
548 2024 624 2064 apud
634 2032 747 2054 ceteros
760 2024 890 2063 hospites
899 2023 1093 2053 collocantur.
1115 2025 1158 2053 Ut

194 2077 265 2097 mos
284 2076 344 2097 erat
361 2066 445 2097 istius
455 2086 463 2100 ‚
486 2075 571 2107 atque
583 2069 597 2085 2
608 2074 640 2096 ut
651 2075 721 2095 eum
735 2065 792 2095 suae
801 2065 943 2095 libidines
954 2063 1105 2104 flagitiosa:
1114 2064 1158 2095 fa-

192 2119 260 2140 cere
269 2109 507 2142 admonuerant,
529 2107 626 2138 statim
644 2108 802 2148 negotium
823 2106 872 2136 dat
890 2107 951 2136 illis
963 2107 1022 2136 suis
1033 2108 1157 2136 comiti-

193 2151 265 2183 bus,
277 2149 475 2191 nequiffimis,
486 2148 718 2190 turpissimisque
727 2148 917 2181 hominibus,
929 2149 971 2178 uti
981 2147 1112 2182 videant,
1124 2149 1157 2178 &

194 2191 303 2224 investi
327 2202 377 2223 ent
387 2213 394 2226 ‚
421 2195 541 2230 EcQA
560 2200 667 2221 vmoo
685 2200 736 2220 sn·
747 2210 755 2224 ,
780 2199 850 2220 Aur
870 2199 1007 2219 muman
1027 2199 1137 2219 DIGNA
1147 2210 1155 2223 ‚

195 2204 395 2276 quamoirem
406 2233 459 2264 iste
469 2234 623 2273 Lampsaci
633 2232 746 2262 diutius
756 2239 1002 2261 commoraretur.
1026 2234 1094 2261 Erat
1103 2241 1156 2261 co-

197 2285 264 2306 mes
274 2277 337 2315 ejus
347 2276 480 2307 Rubrius
490 2275 625 2316 quidam,
640 2275 738 2304 homo
749 2272 843 2303 fa&us
853 2272 888 2302 ad
899 2271 983 2301 istius
994 2272 1135 2302 libidines
1149 2283 1154 2301 z

197 2320 251 2359 qui
272 2319 353 2348 miro
371 2316 497 2348 artificio
508 2337 517 2349 ‚
537 2325 730 2357 quocumque
747 2323 887 2346 venerat,
908 2315 971 2344 haec
982 2313 1157 2355 investigare

157 2367 177 2399 5
198 2361 304 2390 omnia
314 2359 435 2390 solebat.
457 2363 469 2386 3
482 2361 507 2388 is
517 2359 552 2388 ad
562 2368 633 2388 eum
643 2368 708 2387 rein
721 2356 805 2386 istam
815 2355 919 2386 defert.
944 2355 1156 2385 Philodamum

196 2400 255 2432 css’e
264 2401 414 2443 quendam
423 2410 530 2443 genere
542 2420 551 2434 ,
565 2400 682 2430 honore
693 2419 700 2432 ,
711 2400 805 2439 copiis
816 2418 823 2431 ,
836 2397 1058 2428 existimatione
1069 2396 1156 2427 facile

193 2446 364 2486 principem
374 2443 649 2483 Lampsacenorum
664 2452 670 2470 :
684 2442 710 2481 ej
716 2450 750 2471 us
760 2438 818 2470 ess'e
830 2438 935 2473 filiam,
948 2449 1014 2480 quae
1024 2448 1094 2469 cum
1104 2448 1156 2479 pa-

573 2490 585 2500 1

238 2568 261 2585 1.
280 2563 315 2585 Sir
324 2562 364 2586 huc
370 2570 443 2594 genus
452 2561 570 2595 ali-quod]
591 2562 612 2586 V
616 2560 726 2586 ietorins
738 2558 844 2595 quidem
856 2559 981 2595 expressit
990 2560 1083 2594 ahquid
1093 2579 1100 2592 ,
1112 2559 1155 2586 sed
1180 2566 1181 2573 ¹

195 2595 338 2631 fimplicius
350 2597 413 2622 mihi
426 2595 504 2622 risum
517 2596 587 2632 quod
598 2603 653 2622 erat
664 2597 690 2622 in
701 2603 761 2622 ante
771 2596 909 2632 publicatis
920 2597 948 2621 8<
960 2596 1029 2622 Pall.

234 2640 262 2657 ι.
284 2635 312 2657 Ut
320 2642 371 2658 eum
384 2633 431 2666 ficz
440 2633 547 2658 libidines
558 2634 680 2667 flagitiqfie
690 2634 773 2666 facere
791 2633 989 2666 admonuerant]
1011 2631 1155 2658 Lambinus

196 2668 363 2700 admonebam,
374 2668 444 2703 quod
455 2670 479 2695 S:
493 2669 519 2695 in
530 2668 589 2694 cod.
601 2668 694 2702 Cujac.
704 2668 875 2704 placebatque
886 2667 1044 2700 Gulielinio,
1056 2668 1101 2704 qui
1112 2677 1155 2694 ai·-

199 2703 348 2730 bitrabatur
358 2704 426 2740 posse
436 2712 563 2740 praeterea
571 2704 654 2730 deleri
666 2713 756 2730 vocem
763 2705 854 2737 face-re.

237 2748 263 2774 3.
282 2743 307 2766 Is
318 2740 352 2765 ad
359 2750 409 2766 eum
420 2750 466 2766 rem
475 2743 542 2772 istam
552 2741 649 2775 desem]
669 2740 747 2766 Nihil
758 2740 856 2776 periret
867 2739 1002 2766 sententiat
1013 2759 1021 2772 ,
1042 2739 1059 2766 fi
1079 2739 1158 2766 tolle-

201 2782 295 2802 rentur
306 2776 338 2801 nd
345 2785 394 2801 eum
405 2786 452 2801 rem
461 2779 538 2806 istam.

171 2812 175 2816 '
233 2817 262 2844 4.
283 2816 317 2837 Ne
325 2813 469 2846 quidinipsb
480 2813 507 2845 s‘
524 2811 668 2846 offindcrir]
689 2811 850 2838 Gulielmius
862 2811 972 2838 retinuit
986 2811 1051 2837 hanc
1061 2809 1158 2837 Γοξὶῐο-

199 2855 260 2875 nem
273 2866 281 2878 ‚
300 2855 392 2873 contra
407 2848 604 2874 emendationes
616 2848 749 2875 Lambini.
771 2848 875 2883 Cujacii
887 2855 975 2874 tamen
986 2846 1052 2873 liber
1065 2866 1073 2880 ‚
1092 2847 1156 2874 item

199 2882 258 2911 Pal.
269 2892 309 2919 pr.
321 2884 348 2908 8<
359 2883 402 2909 ed.
415 2891 467 2909 vet.
479 2884 642 2916 offlndcrrrur.

239 2927 266 2952 5.
285 2921 439 2953 Tametfierar
446 2921 571 2954 genarum]
584 2920 640 2946 Pal.
651 2929 691 2956 pr.
702 2927 781 2946 {amen
791 2921 848 2954 “fii
861 2918 1011 2946 consulatui·
1020 2919 1084 2946 item
1096 2919 1159 2945 Mu-

202 2961 276 2982 retus
289 2954 336 2980 lib.
352 2963 378 2981 v.
389 2956 452 2981 var.
465 2955 527 2981 leo.
539 2965 597 2992 cap.
609 2956 636 2982 8.

235 2991 264 3016 6.
279 2991 337 3017 ‘Tum
345 2992 403 3024 ipsus
411 2992 630 3026 tamcnpraetores.]
642 2991 755 3027 Vulgata
767 2999 861 3017 tantum
867 2999 934 3024 praet.
946 2990 987 3017 sed
997 2991 1112 3018 alterum
1123 2990 1158 3017 est

198 3025 226 3053 in
238 3025 300 3052 edd.
311 3033 378 3053 vett.
394 3027 419 3053 in
431 3026 499 3053 Pall.
518 3027 543 3053 in
556 3026 710 3061 anaciano.
740 3029 908 3055 Hotomanus
928 3028 1040 3064 corrigit
1052 3047 1060 3059 ‚
1081 3035 1159 3053 tamen

198 3062 257 3096 iffi-t
267 3069 361 3087 ramum
368 3074 377 3096 ,¹
393 3072 444 3089 nou
456 3063 606 3089 necessario.

237 3105 265 3131 7.
284 3101 416 3124 lmitmin
426 3100 514 3124 domum
518 3099 589 3131 sicam
600 3100 728 3137 receprffe]
740 3099 820 3129 Abest
830 3099 975 3137 Cujaciano
985 3101 1020 3135 i>:,·
1031 3099 1109 3130 restat
1120 3106 1159 3128 ta-

202 3142 263 3163 men
273 3133 301 3164 in
313 3134 382 3163 Pau.
392 3135 419 3162 ὅς
431 3134 492 3165 cdd.
503 3135 608 3165 ceteris.

1197 97 1731 146 Cicanonrs

1205 188 1247 210 tre
1258 179 1410 214 habitaret,
1424 189 1577 221 propterea
1587 180 1669 222 quod
1677 183 1779 213 virum
1789 190 1854 213 non
1863 178 1993 215 haberet,
2005 179 2166 214 mulierem

1205 224 1320 253 eximia
1329 222 1550 263 pulchritudine
1565 234 1570 252 :
1590 223 1639 254 sed
1651 234 1716 254 eam
1726 224 1844 254 summa
1854 225 2019 294 intigritate
2030 243 2038 256 ,
2050 223 2166 262 pudici-

1203 265 1303 305 tiaque
1314 263 1489 294 existimari.
1512 266 1607 295 homo
1619 285 1627 299 ‚
1647 275 1679 296 ut
1689 267 1752 296 haec
1761 266 1877 296 audivit
1886 285 1893 298 ‚
1925 275 1951 295 1c
1970 264 2072 305 exarsit
2081 265 2119 294 ad
2127 264 2166 300 id,

1224 305 1277 335 nod
1294 317 1344 336 non
1362 305 1439 336 modi>
1460 307 1514 349 ips}
1534 318 1602 336 num
1624 317 1690 336 uam
1700 307 1813 337 viderat
1822 328 1829 342 ,
1850 307 1899 337 sed
1910 317 1947 336 ne
1958 306 2088 336 audierat
2096 307 2163 347 qui-

1203 316 1274 377 dem
1284 348 1320 378 ab
1330 358 1366 378 eo
1377 367 1385 382 ,
1399 350 1451 389 qui
1462 348 1523 388 ipse
1531 349 1595 379 vidi
1621 347 1652 379 'et
1662 370 1670 383 ,
1685 358 1717 379 ut
1727 348 1825 379 statim
1836 348 1870 379 ad
1882 348 2096 379 Philodamum
2106 349 2166 378 mi-

1202 399 1282 431 grare
1293 390 1320 420 se
1331 390 1441 420 diceret
1451 390 1537 420 velle.
1570 391 1816 462 Hospesflanitor
1825 411 1833 424 ‚
1857 392 1909 430 qui
1920 391 1998 419 nihil
2009 389 2167 429 suspicare-

1205 441 1262 465 tur,
1273 433 1397 465 veritus,
1408 435 1425 458 4
1434 442 1470 462 ne
1482 432 1555 472 quid
1567 434 1599 462 in
1609 433 1673 472 ipso
1696 443 1711 462 e
1722 430 1883 462 offenderit
1893 443 1898 460 z
1910 432 2072 461 hominem
2083 431 2166 462 sum-

1205 483 1255 503 ma
1262 474 1294 503 vi
1302 475 1429 503 retinere
1439 475 1542 513 coepit.
1566 472 1620 509 iste
1633 495 1640 508 ,
1652 473 1837 515 quihospitis
1849 473 2039 514 relinquendi
2048 473 2164 504 causam

1202 516 1329 555 reperire
1348 525 1413 545 non
1429 514 1526 556 poss‘et
1538 536 1545 548 ,
1566 515 1622 545 alia
1640 514 1693 545 fibi
1713 518 1827 546 ratione
1836 517 1918 545 viam
1929 516 2048 544 munire
2058 514 2093 545 ad
2103 513 2166 545 stu-

1183 562 1185 569 '
1204 566 1293 596 prum
1304 559 1412 597 coepit:
1433 557 1596 590 Rubrium,
1607 557 1802 597 delffiasfiras,
1815 559 1848 587 in
1856 557 2002 587 omnibus
2014 556 2166 595 ejusmodi

1203 598 1290 628 rebus
1300 598 1470 637 adjutorem
1481 599 1578 632 suurn,
1593 599 1625 628 δε
1633 600 1787 629 conscium
1799 620 1807 633 ,
1819 609 1922 639 parum
1935 598 2011 628 laute
2022 598 2166 630 deversari

1203 639 1293 670 dicit:
1311 640 1346 670 ad
1366 640 1580 671 Philodamum
1599 640 1705 671 deduci
1726 642 1816 679 jubet.
1842 641 1933 682 Qod
1946 641 1998 670 ubi
2009 639 2051 670 est
2060 640 2165 670 Philo-

1205 681 1295 712 damo
1307 685 1485 713 nunciatum
1495 703 1503 716 ,
1526 686 1538 709 5
1549 681 1661 712 tametsi
1671 692 1730 713 erat
1741 685 1857 724 ignarus
1868 703 1876 716 ,
1894 691 2040 723 quantum
2051 680 2102 712 sibi
2113 702 2122 715 ,
2133 692 2166 713 ac

1206 724 1307 753 liberis
1326 725 1385 754 suis
1403 725 1465 764 jam
1486 733 1551 754 tum
1564 725 1635 755 mali
1646 724 1876 754 constitueretur
1887 745 1895 758 ,
1916 734 2017 754 tamen
2027 724 2061 753 ad
2071 723 2164 755 istum

1206 768 1307 799 venit3
1327 765 1477 800 ostendit,
1500 776 1601 795 munus
1620 767 1690 795 illud
1702 767 1788 806 ficum
1805 778 1855 796 non
1868 766 1933 804 effe.-
1956 766 1984 796 se
1993 785 2001 799 ‚
2024 765 2095 795 cum
2107 766 2164 797 suae

1203 816 1297 846 partes
1308 806 1400 837 ess'ent
1409 809 1562 848 hospitum
1575 809 1816 848 recipiendorum
1830 829 1838 842 ,
1862 807 1877 828 ⁶
1887 817 1952 838 turn
1973 807 2052 847 ipsos
2063 817 2164 838 tamen

1203 858 1352 888 praetores,
1365 849 1398 879 &
1409 850 1557 883 consules,
1569 860 1633 880 non
1642 851 1810 891 legatorum
1821 849 1939 880 ass'eclas
1950 870 1958 884 ,
1977 851 2105 889 recipere
2118 849 2165 879 so-

1204 890 1273 920 lere.
1298 889 1366 924 Iste,
1375 893 1427 931 qui
1439 902 1496 922 una
1505 892 1666 931 cupiditate
1677 902 1825 932 raperetur
1835 912 1843 925 ,
1863 901 1961 922 totum
1971 891 2053 921 illius
2062 890 2165 931 postu-

1204 931 1310 965 latum,
1322 933 1497 974 causamque
1508 935 1642 974 neglexit
1655 945 1660 963 :
1680 944 1732 973 per
1741 936 1806 963 vim
1818 933 1852 964 ad
1863 944 1932 964 eum
1944 954 1951 967 ,
1972 935 2024 974 qui
2035 936 2163 972 recipere

1205 983 1268 1003 non
1280 973 1415 1009 debebat,
1426 975 1578 1005 Rubrium
1589 975 1694 1005 deduci
1704 979 1873 1016 imperavit.
1886 974 1944 1005 Hic
1955 975 2161 1008 Philodamus,

1203 1014 1394 1057 posteaquam
1406 1018 1456 1056 jus
1469 1017 1555 1056 situm
1566 1016 1686 1046 obtinere
1696 1029 1745 1047 non
1752 1019 1867 1059 potuit,
1889 1026 1920 1047 ut
1930 1018 2161 1050 humanitatem,

1203 1058 1514 1099 consuetudinemque
1525 1059 1606 1089 suam
1617 1061 1774 1093 retineret,
1793 1059 1951 1090 laborabat.
1973 1061 2069 1088 homo
2081 1080 2089 1091 ‚
2110 1060 2164 1099 qui

1206 1099 1321 1139 semper
1337 1098 1579 1139 hospitalissimus
1590 1121 1598 1134 ,
1617 1099 1868 1141 amiciffimusque
1879 1100 2050 1130 nostrorum
2062 1102 2164 1130 homi-

1204 1150 1280 1170 num
1290 1140 1476 1172 existimatus
1487 1140 1569 1175 esset,
1580 1143 1678 1172 noluit
1687 1143 1781 1172 videri
1792 1143 1887 1182 ipsum
1900 1143 1988 1171 illum
1999 1142 2162 1176 Rubrium,

1203 1188 1217 1210 7
1229 1183 1339 1211 invitus
1349 1184 1376 1211 in
1390 1183 1504 1212 domum
1511 1184 1595 1222 fitam
1605 1183 1724 1225 recepisse
1733 1195 1743 1211 .·
1761 1184 1920 1225 magnifice
1932 1204 1940 1217 ,
1953 1185 1985 1213 δε
1997 1185 2098 1213 ornate
2105 1202 2119 1218 -,
2132 1192 2165 1214 ut

1204 1234 1264 1254 erat
1283 1227 1316 1254 in
1337 1227 1443 1264 primis
1463 1227 1540 1255 inter
1550 1226 1617 1255 suos
1625 1227 1764 1266 copiosus
1775 1246 1782 1259 ‚
1805 1228 1983 1255 convivium
1994 1235 2146 1265 comparat
2157 1235 2164 1255 2

1204 1276 1285 1306 rogat
1293 1267 1457 1301 Rubrium,
1470 1276 1512 1300 ut,
1523 1277 1598 1308 quos
1609 1269 1636 1296 ei
1645 1267 1846 1297 commodum
1859 1266 1903 1300 sit,
1916 1270 2040 1297 invitet:
2058 1268 2161 1297 locum

1203 1306 1255 1337 sibi
1266 1308 1331 1342 soli,
1343 1307 1363 1338 fi
1373 1309 1517 1341 videatur,
1534 1310 1690 1350 relinquat.
1714 1305 1728 1328 8
1740 1311 1830 1339 etiam
1841 1308 1939 1339 filium
1952 1310 2050 1342 suum,
2062 1309 2164 1339 lectis-

1203 1348 1311 1380 simum
1323 1350 1555 1383 adolescentem,
1567 1350 1646 1381 foras
1654 1351 1688 1381 ad
1698 1354 1902 1392 propinquum
1914 1352 1999 1381 suum
2010 1350 2163 1392 quendam

1205 1394 1298 1422 mittit
1308 1392 1343 1422 ad
1351 1403 1466 1423 cenam.
1479 1393 1612 1422 Rubrius
1624 1392 1709 1423 istius
1720 1395 1846 1424 comites
1858 1395 1971 1423 invitat.
1984 1403 2034 1423 eos
2045 1395 2166 1423 omneis

1205 1436 1310 1463 Verres
1320 1437 1459 1464 certiores
1469 1434 1548 1467 facit,
1560 1434 1633 1475 quid
1644 1445 1718 1475 opus
1729 1434 1808 1464 ess'et.
1820 1436 1935 1465 mature
1946 1437 2092 1464 veniunt:
2105 1435 2166 1464 dis-

1204 1475 1368 1506 cumbitur.
1393 1475 1426 1506 fit
1437 1477 1534 1506 sermo
1555 1478 1632 1506 inter
1642 1487 1692 1506 eos
1703 1497 1710 1510 ,
1733 1477 1916 1507 &invitatio
1928 1498 1936 1510 ‚
1956 1486 1987 1506 ut
1997 1479 2085 1505 Graeco
2094 1486 2168 1506 more

1205 1516 1351 1547 biberetur.
1374 1519 1508 1548 hortatur
1518 1518 1622 1557 hospes
1636 1529 1641 1547 ;
1660 1519 1786 1558 poscunt
1796 1519 1960 1554 maioribus
1970 1519 2086 1558 poculis
2099 1530 2103 1546 z
2117 1529 2167 1548 ce-

1204 1559 1333 1589 lebratur
1341 1562 1483 1590 omnium
1494 1560 1644 1593 sermone,
1658 1561 1818 1601 laetitiaque
1829 1563 2018 1590 convivium.
2046 1559 2166 1591 Postea-

1205 1600 1296 1642 quam
1308 1602 1373 1632 satis
1381 1602 1474 1631 calere
1484 1611 1529 1631 res
1539 1601 1658 1631 Rubrio
1668 1602 1729 1632 visa
1740 1602 1782 1632 est
1794 1613 1799 1631 :
1823 1605 1896 1644 Qae
1902 1603 1932 1632 so
1944 1623 1953 1635 ,
1964 1603 2064 1642 inquit
2073 1622 2081 1635 ,
2093 1603 2166 1632 Phi-

1204 1643 1325 1673 lodame
1336 1664 1344 1677 ,
1365 1655 1414 1673 cur
1429 1644 1470 1672 ad
1479 1643 1626 1682 7iosfitiam
1636 1651 1719 1673 tuam
1728 1655 1778 1673 non
1790 1643 1862 1674 inrrb
1872 1643 2051 1684 vocarijubes
2063 1647 2077 1673 ?
2096 1646 2165 1674 Ho-

1206 1695 1258 1715 mo
1269 1705 1276 1719 ,
1294 1688 1346 1726 qui
1368 1686 1400 1715 &
1422 1686 1539 1715 summa
1548 1688 1689 1727 gravitate
1699 1706 1707 1720 ,
1728 1686 1829 1725 &jam
1842 1686 1872 1716 id
1882 1688 1973 1716 aetatis
1985 1707 1993 1719 ‚
2016 1686 2049 1715 ὃς
2059 1695 2165 1726 parens

1204 1723 1287 1760 ess'et,
1299 1726 1439 1768 obstupuit
1447 1727 1561 1756 hominu
1570 1726 1687 1769 improbi
1695 1726 1782 1757 disto.
1802 1728 1912 1758 Instare
1923 1728 2067 1757 Rubrius.
2079 1731 2167 1758 Tum

1206 1769 1257 1799 ille
1269 1790 1277 1803 ,
1289 1779 1321 1799 ut
1332 1769 1445 1810 aliquid
1456 1769 1662 1809 responderet,
1675 1771 1793 1811 negavit
1802 1772 1897 1800 moris
1907 1768 1965 1799 effe
1976 1771 2162 1803 Graecorurn,

1204 1820 1237 1841 ut
1256 1813 1288 1841 in
1304 1813 1449 1842 convivio
1457 1813 1593 1841 virorum
1611 1812 1820 1841 accumberent
1835 1811 1986 1841 mulieres.
2021 1809 2080 1841 Hic
2098 1821 2165 1841 tum
2208 1838 2214 1849 χ

1204 1854 1278 1883 alius
1287 1863 1326 1883 ex
1335 1854 1392 1883 alia
1402 1863 1481 1893 parte
1492 1864 1497 1882 ;
1508 1857 1523 1880 9
1535 1852 1701 1884 Enimvero
1711 1853 1869 1883 ferendum
1882 1855 1941 1883 hoc
1948 1863 2011 1883 non
2021 1852 2064 1883 est
2076 1864 2081 1882 :
2099 1855 2166 1883 Vo-

1207 1905 1319 1925 carun
1339 1905 1476 1925 MULIER
1490 1915 1498 1928 ‚
1519 1895 1550 1925 δε
1561 1893 1647 1925 simu]
1658 1895 1748 1925 servis
1758 1895 1816 1925 suis
1827 1895 1962 1926 Rubrius
1973 1915 1981 1929 ,
2002 1895 2177 1933 utjanuam«

1202 1937 1374 1967 clauderent
1384 1957 1392 1970 ,
1415 1937 1447 1967 δε
1458 1935 1511 1977 ipsi
1520 1936 1554 1966 ad
1564 1936 1644 1966 fores
1653 1935 1812 1967 assisterent
1823 1957 1830 1971 ,
1852 1939 1985 1977 imperat.
2008 1937 2099 1979 Qod
2111 1937 2164 1967 ubi

1203 1979 1254 2008 ille
1264 1979 1426 2012 intellexit,
1437 1979 1467 2009 id
1479 1981 1536 2020 agi,
1551 1988 1637 2020 atque
1646 1978 1676 2008 id
1686 1980 1790 2018 parari,
1803 1988 1835 2009 ut
1846 1978 1915 2009 filiae
1926 1979 1983 2009 suae
1990 1980 2036 2008 vis
2045 1977 2166 2008 asterre-

1204 2030 1251 2050 tur
1263 2032 1268 2050 :
1287 2021 1386 2051 servos
1397 2021 1462 2050 suos
1473 2021 1546 2051 adse
1556 2029 1657 2051 vocat:
1677 2022 1722 2050 his
1732 2022 1857 2061 imperat
1866 2041 1875 2055 ,
1896 2021 1963 2061 utfi’
1973 2021 2064 2062 ipficm
2074 2020 2165 2061 negli-

1199 2070 1273 2102 gant
1281 2074 1293 2091 .·
1311 2061 1405 2092 filiam
1416 2061 1577 2093 defendant
1588 2073 1593 2091 1
1614 2071 1748 2092 excurrat
1756 2063 1862 2103 aliquis
1873 2082 1881 2096 ,
1901 2065 1953 2103 qui
1971 2064 2028 2092 hoc
2044 2071 2161 2093 tanturn

1205 2104 1395 2135 ¹0dornestici
1406 2105 1478 2134 mali
1489 2103 1554 2134 filio
1564 2105 1617 2134 suo
1629 2106 1756 2133 nuntiet.
1777 2108 1786 2123 ¹
1794 2104 1928 2134 'Clamor
1938 2106 2050 2133 interea
2059 2102 2093 2133 fit
2103 2112 2163 2135 tota

1204 2147 1300 2176 domo
1311 2158 1320 2180 3
1338 2148 1523 2186 pugnainter
1531 2146 1631 2176 servos
1643 2145 1770 2178 Rubrii,
1781 2155 1867 2186 atque
1877 2146 2011 2185 hospitis.
2033 2144 2163 2187 JaSiatur

1203 2188 1289 2218 domi
1299 2189 1356 2218 suae
1368 2191 1376 2206 ¹
1383 2191 1397 2206 ²
1405 2189 1451 2217 vir
1459 2187 1622 2227 primus,&
1634 2187 1728 2216 homo
1736 2186 1970 2217 honestissimus.
1980 2197 2034 2227 pro
2044 2188 2072 2217 se
2081 2189 2163 2228 quis-

1203 2240 1261 2270 que
1272 2239 1378 2259 manus
1389 2228 1489 2259 affert:
1501 2239 1574 2270 aqua
1584 2228 1713 2269 denique
1723 2227 1877 2259 ferventia
1888 2229 2005 2259 Rubrio
2015 2229 2079 2269 ipso
2090 2230 2162 2260 Phi-

1203 2272 1343 2301 lodamus
1359 2270 1558 2310 perfunditur.
1592 2272 1664 2300 Haec
1675 2270 1725 2299 ubi
1737 2269 1803 2299 filio
1813 2272 1946 2301 nuntiata
1955 2271 2039 2301 sunt:
2061 2270 2160 2302 statim

1203 2315 1392 2342 exanimatus
1402 2311 1436 2342 ad
1447 2312 1535 2342 aedeis
1543 2312 1700 2341 contendit
1710 2332 1717 2345 ,
1731 2321 1763 2342 ut
1774 2312 1805 2342 &
1815 2314 1883 2342 vitae
1892 2314 1991 2352 parm,
2002 2313 2034 2342 &
2043 2313 2162 2352 pudici-

1204 2356 1251 2384 tiae
1262 2355 1369 2384 sororis
1380 2354 1567 2384 succurreret.
1596 2356 1711 2383 Omnes
1722 2354 1829 2384 eodem
1839 2356 1944 2384 animo
1953 2355 2159 2394 Lampsaceni,

1205 2395 1291 2425 simul
1302 2405 1335 2426 ut
1344 2396 1402 2425 hoc
1410 2395 1597 2428 audiverunt,
1608 2394 1690 2435 quod
1699 2405 1750 2425 eos
1762 2404 1826 2425 tum
1839 2396 2009 2426 Philodami
2019 2396 2160 2437 dignitaS,

1205 2447 1268 2468 tum
1279 2438 1387 2477 injuriet
1394 2438 1558 2478 magnitudo
1578 2437 1737 2471 movebat,
1758 2437 1792 2468 ad
1804 2437 1894 2468 aedeis
1902 2437 1997 2468 noan
2008 2448 2162 2468 convene-

2079 2489 2159 2510 runt.

1236 2558 1263 2585 8.
1286 2562 1451 2593 Etiamfi'ium
1463 2579 1470 2590 ,
1485 2560 1536 2590 &cn
1556 2563 1628 2585 mittit
1637 2560 1670 2586 ad
1678 2560 1782 2594 cenam]
1805 2559 1847 2584 Sic
1857 2559 2019 2586 Gulielmius
2030 2562 2044 2586 i:
2055 2560 2158 2593 Cujacii

1200 2594 1280 2620 libro.
1301 2595 1415 2630 Vulgata
1426 2615 1432 2626 ‚
1455 2603 1483 2620 ut
1492 2598 1645 2629 etiamfilium
1657 2615 1664 2627 ‚
1675 2597 1724 2626 &c
1745 2600 1847 2621 mitteret
1865 2596 1898 2620 ad
1912 2604 2001 2621 cenam.
2021 2596 2049 2621 δε
2061 2595 2093 2621 fic
2102 2596 2138 2623 est
2150 2615 2160 2628 ,

1201 2631 1281 2657 etiam
1293 2631 1361 2657 Pall.
1381 2633 1407 2657 ἃ*
1420 2631 1485 2657 edit.
1499 2632 1646 2657 veterrima:
1655 2631 1834 2658 destituuntur
1845 2631 1885 2657 illi
1894 2639 1921 2656 ut
1933 2651 1941 2662 ,
1960 2630 2002 2657 sed
2013 2638 2099 2657 tamen
2112 2632 2159 2659 ha-

1200 2667 1276 2698 bent,
1287 2670 1397 2693 mitteret.
1419 2668 1506 2702 itaque
1518 2667 1584 2693 nulli
1596 2667 1705 2693 dubium
1717 2668 1763 2699 est,
1779 2666 1971 2693 emendandum
1982 2666 2076 2697 adhuc3
2087 2671 2160 2693 etiam

1195 2706 1275 2737 filirlm
1286 2722 1294 2734 ‚
1312 2704 1362 2734 (ly-c.
1381 2707 1471 2729 mittere
1481 2704 1515 2729 ad
1522 2713 1603 2729 cenam
1613 2723 1622 2736 ‚
1642 2713 1690 2740 pro
1699 2705 1807 2729 mittebat
1817 2723 1825 2735 ‚
1846 2713 1896 2729 non
1908 2703 2021 2730 insolens
2033 2703 2159 2739 loquendi

1203 2746 1282 2765 ratio.

1236 2783 1265 2810 9.
1285 2775 1537 2809 Enimverbfercndum
1546 2777 1586 2801 hoc
1594 2786 1638 2801 non
1648 2776 1706 2810 effi]
1727 2776 1791 2802 Non
1803 2774 1871 2802 male
1883 2773 1984 2809 Cujacii
1995 2774 2080 2802 codex
2092 2794 2100 2808 ,
2119 2777 2161 2802 hoc

1201 2811 1294 2845 quidem
1304 2821 1347 2836 71071
1357 2813 1400 2836 eff.

1242 2856 1282 2872 10.
1303 2849 1422 2879 Domistici
1429 2849 1487 2872 mali
1489 2849 1541 2881 filio
1543 2847 1585 2880 fito
1595 2848 1716 2881 nuntiem]
1730 2848 1879 2874 pronomen
1885 2848 1993 2881 fimmon
2005 2847 2077 2874 estin
2088 2845 2158 2875 Pau.

1199 2890 1245 2909 aut
1257 2883 1320 2908 olim
1333 2882 1458 2918 impreffis
1471 2893 1479 2913 ;
1491 2890 1646 2918 poteratque
1658 2883 1749 2909 abess'e.

1243 2928 1283 2944 11.
1301 2919 1517 2951 Cl.m¹0›-&dom0‚·
1532 2926 1611 2951 pugna
1629 2923 1691 2944 inter
1701 2919 1810 2953 scr-vos]
1830 2918 1918 2944 Libris
1928 2919 1999 2955 prius
2010 2919 2100 2945 aberat
2117 2918 2160 2945 di-

1201 2954 1256 2980 &io
1268 2974 1276 2987 ‚
1291 2962 1381 2987 pugna.
1402 2964 1458 2981 eam
1468 2955 1576 2990 exJulii
1587 2954 1725 2981 Rufiniani
1745 2954 1813 2981 libro
1831 2955 1925 2981 intulit
1942 2955 2057 2991 primum
2068 2956 2160 2983 Hoto-

1203 3000 1307 3017 manus.

1243 3035 1284 3052 η.
1305 3029 1447 3059 errimm
1455 3028 1485 3058 ἐγ
1492 3029 1552 3053 homo
1566 3027 1751 3060 honessiffimm]
1765 3027 1830 3052 Haec
1840 3027 1875 3053 est
1887 3026 1968 3053 leStio
1978 3036 2082 3063 quoque
2092 3026 2161 3055 Pau.

1204 3064 1231 3089 ὃς
1243 3061 1304 3089 edd.
1315 3063 1491 3089 exoletarum.
1513 3072 1572 3089 nam
1585 3062 1738 3088 Vitftoi-'iana
1750 3082 1758 3094 ,
1776 3066 1819 3088 viz·
1826 3066 1925 3095 optimus
1937 3082 1946 3095 ,
1962 3064 2062 3095 &homo
2078 3065 2161 3096 bonel?-

1207 3098 1380 3124 Lambiniana
1390 3108 1423 3125 ex
1435 3099 1527 3125 Nonio
1537 3118 1546 3132 ,
1565 3101 1748 3133 vlrprimarm:
1756 3099 1785 3132 (ἔγ
1793 3100 1854 3126 hamo
1862 3101 1946 3135 honest.
1974 3099 2081 3136 vulgata
2092 3117 2101 3132 ,
2119 3101 2165 3125 vir

1205 3138 1303 3170 optimus
1312 3135 1341 3168 ἐγ
1349 3137 1522 3172 honesttffimun
2135 3171 2151 3196 Ι

2100 3178 2124 3198 1·
2147 3177 2166 3197 Ι
