2337 3400
177 117 278 183 '948
603 100 1105 155 MsTuLnr't

185 207 231 227 tus
250 206 298 228 es,
329 189 534 224 mandavisses.
559 197 623 219 tum
643 189 669 218 is
700 187 779 217 mihi
796 183 968 225 respondit.
996 183 1024 213 se
1043 182 1144 223 ipsum

187 240 252 276 ejus
268 239 367 275 operis
388 237 396 252 ¹
417 242 471 261 n-s
490 241 561 262 xvr.
580 228 802 260 conduROrem
822 225 926 258 fuisse:
948 224 996 257 sed
1007 234 1034 254 te
1046 222 1145 264 postea

188 279 283 308 multa
298 272 440 305 addidiss'e
453 273 487 303 ad
508 282 602 312 opus.
620 271 698 300 nihil
718 269 753 300 ad
773 271 920 310 pretium:
943 269 1038 307 itaque
1055 265 1087 296 id
1113 265 1142 295 se

190 316 329 347 omisisse
356 316 434 344 Mihi
447 315 567 344 hercule
579 313 663 343 valde
673 312 784 352 placet,
804 319 833 340 te
843 310 893 339 illa
908 329 917 342 ‚
939 318 970 338 ut
980 306 1142 338 constitue-

188 361 238 389 bas
250 379 256 391 ‚
269 358 373 387 addere
386 367 390 385 ι
403 365 585 396 quamquain
596 365 628 384 ea
641 354 714 383 villa
725 373 732 386 ,
745 362 810 393 qua:
823 361 903 382 nunc
914 350 955 380 est
968 369 976 383 ,
989 358 1141 389 tamquam

188 400 377 440 philosophia
387 398 504 432 videtur
520 395 577 426 ess'c
594 417 602 430 ‚
630 405 696 436 quae
712 395 854 435 'obiurget
876 401 1038 422 ceterarum
1058 390 1144 420 villa—

188 452 256 472 ium
275 440 423 480 insaniam.
453 442 673 469 Verumtamen
701 435 776 467 illud
812 434 948 465 additum
973 431 1143 463 delectabit.

188 485 369 523 Topiarium
389 480 524 513 laudavi3
547 482 585 509 ita
603 480 707 508 omnia
716 475 978 508 convestitli'e'dera
997 494 1005 508 ‚
1026 474 1083 515 qua
1093 473 1145 503 ba-

189 523 245 554 sim
263 524 360 556 villae,
381 523 437 563 qua
457 522 690 552 intercolumnia
702 519 940 551 ambulationis2
961 526 991 546 ut
1017 517 1146 556 denique

189 567 237 596 illi
257 566 368 606 palliati
386 566 542 603 topiariam
557 562 651 593 facere
663 562 821 604 videantur
833 579 842 594 ‚
862 560 1053 590 &hederam
1072 567 1145 594 ven-

191 616 270 646 tlere.
302 616 361 653 jam
390 602 596 649 ὶὸηὸυπρλῳ
627 613 705 642 nihil
726 610 831 644 alsius,
863 611 941 641 nihil
969 606 1142 638 muscosius.

193 656 293 687 Habes
315 656 374 686 sere
400 654 437 685 de
461 654 558 684 “rebus
581 653 706 684 rusticis.
746 654 898 683 Urbanam
924 651 1143 690 expolitionem

193 708 277 739 urget
298 698 350 727 ille
366 696 490 737 quidem
505 715 513 728 ,
534 696 566 725 &
585 696 765 725 Philotimus
787 695 819 724 &
836 695 978 724 Cincius:
997 691 1045 722 scd
1058 694 1145 721 etiam

191 742 253 780 ipse
274 738 377 770 crebio
402 738 560 767 interviso:
584 737 664 778 quod
676 735 911 770 estfacilefactu.
940 733 1145 775 Qatnobrem

162 794 176 825 3
195 792 225 812 ea
236 792 264 811 te
274 781 509 812 curaliberatum
520 779 603 809 volo.
636 782 683 808 De
702 780 847 807 Cicerone
869 770 952 818 qubd
975 786 1024 804 me
1035 775 1148 814 semper

193 833 278 863 rogas
298 843 305 856 ,
335 822 458 862 ignosco
476 820 617 861 equidem
639 820 713 856 tibi,
735 820 783 850 sed
806 830 837 850 tu
858 828 978 860 quoque
1000 818 1075 847 mihi
1096 826 1147 845 ve-

192 866 249 895 lim
270 864 412 906 ignoscas.
447 865 522 892 Non
551 865 635 894 enim
653 861 790 893 concedo
807 861 884 893 tibi,
915 862 981 900 plus
1001 868 1033 888 ut
1059 858 1146 887 illurn

191 917 292 939 ames,
314 915 403 947 quam
416 905 474 944 ipse
485 914 564 934 amo.
597 908 693 944 Atque
714 906 830 933 utinam
842 901 1000 932 hisdiebus
1014 902 1045 929 in
1057 902 1145 939 Arpi-

193 951 275 982 nati,
301 947 382 988 quod
402 947 433 976 &
457 947 517 986 ipse
544 949 694 985 cupierat,
727 945 758 974 &
778 955 833 984 ego
854 953 917 973 non
938 943 1061 975 minus,
1085 950 1150 971 rne-

191 1001 263 1021 cum
282 987 390 1019 fuiss'ct.
414 987 504 1028 Qud
529 988 565 1027 ad
588 988 807 1026 Pomponiam:
830 984 914 1015 sitibi
932 984 1150 1017 videtur,scri-

193 1032 244 1063 bas
262 1032 354 1062 velim
368 1051 376 1062 ,
399 1029 469 1059 cum
494 1028 597 1069 aliquo
615 1030 784 1061 exibimus,
813 1036 858 1057 eat
879 1027 1038 1056 nobiscum
1050 1045 1058 1059 ‚
1076 1034 1149 1063 pue-

194 1083 323 1114 rumque
333 1072 432 1102 ducat.
450 1071 595 1101 clamores
606 1068 733 1100 efficiam
749 1089 757 1103 ,
778 1067 797 1098 fi
821 1079 890 1098 eum
903 1077 1024 1097 mecum
1041 1067 1150 1096 habue-

193 1126 228 1146 ro
247 1114 391 1145 otiosum.
426 1123 495 1143 nam
508 1115 615 1142 Romae
626 1111 784 1152 respirandi
796 1121 859 1141 non
869 1109 1014 1139 estlocus.
1049 1108 1083 1138 Id
1103 1116 1152 1136 me

191 1158 249 1188 {cis
268 1155 351 1186 antea
369 1157 456 1196 gratis
478 1154 532 1184 tibi
558 1152 616 1183 effe
643 1154 826 1194 pollicitum.
858 1152 940 1193 Qid
959 1152 1040 1181 hunc
1067 1157 1152 1189 putas
1191 1155 1209 1184 p

193 1197 331 1229 tantaabs
345 1206 371 1227 te
382 1195 608 1226 mihimercede
627 1194 793 1236 prope-sita?
816 1197 916 1224 Venio
937 1201 1018 1222 nunc
1033 1191 1066 1221 ad
1088 1199 1151 1220 tuas

196 1241 326 1271 litteras:
351 1247 422 1279 quas
435 1238 569 1277 pluribus
580 1237 712 1277 epistolis
723 1238 819 1275 accepi
833 1256 841 1269 ,
860 1235 934 1265 dum
946 1235 1012 1265 sum
1024 1235 1054 1262 in
1067 1235 1153 1271 Arpi-

192 1284 270 1312 nati.
294 1290 364 1311 nam
375 1281 452 1309 mihi
464 1289 524 1309 uno
535 1279 583 1309 die
599 1289 657 1309 tres
669 1279 735 1309 sunt
746 1278 865 1308 redditae
879 1296 887 1310 ,
908 1276 1074 1316 &quidem
1087 1293 1094 1306 ³
1119 1282 1150 1302 ut

193 1323 372 1354 videbantur
386 1342 394 1355 ,
414 1321 523 1351 eodem
544 1320 593 1350 abs
614 1330 639 1350 te
663 1320 736 1350 datae
756 1328 890 1359 ternpore
910 1329 915 1347 :
937 1328 995 1348 uria
1013 1315 1151 1357 pluribus

194 1365 311 1398 verbis,
337 1367 369 1394 in
389 1374 445 1404 qua
464 1362 598 1402 primum
619 1371 696 1395 erat,
716 1361 798 1403 quod
815 1358 1152 1400 antiquiordiesintuis

191 1405 293 1438 fuisset
309 1407 451 1445 adscripta
460 1406 585 1437 litteris,
605 1403 697 1450 quam
717 1407 749 1433 in
769 1403 897 1433 Caesaris.
931 1402 990 1432 ²1d
1001 1400 1071 1430 facit
1090 1401 1151 1438 Op-

193 1451 262 1489 pius
273 1457 504 1488 nonnumquam
525 1445 705 1479 necessario,
726 1454 776 1479 ut,
796 1444 867 1475 curn
889 1443 1055 1474 tabellarios
1077 1450 1150 1471 con·

195 1489 325 1521 stituerit
343 1491 480 1522 mittere,
506 1488 676 1528 litterasque
706 1488 722 1518 a
750 1487 840 1517 nobis
865 1486 1027 1525 acceperit,
1054 1483 1152 1522 aliqua

193 1542 225 1562 re
245 1541 327 1561 nova
353 1530 558 1570 impediatur,
591 1530 624 1559 δε
650 1527 812 1559 necessarii)
832 1525 946 1560 serius,
967 1526 1057 1567 quarn
1078 1534 1152 1554 con-

197 1573 348 1606 stituerat,
370 1574 487 1601 mittat:
529 1580 626 1611 neque
655 1580 711 1600 nos
739 1570 814 1600 datis
832 1569 894 1608 jam
913 1567 1050 1608 epistolis
1069 1565 1150 1595 diem

197 1614 380 1645 commutari
396 1622 547 1642 curemus.
569 1610 680 1642 Scribis
699 1610 736 1641 de
755 1611 873 1641 caesaris
898 1611 1020 1640 summo
1038 1609 1072 1637 in
1094 1616 1151 1636 nos

201 1665 314 1687 amore.
338 1654 463 1684 hunc&
481 1663 512 1684 tu
528 1653 647 1683 fovebis
663 1674 671 1686 ,
696 1652 729 1683 δε
745 1662 821 1685 nos,
840 1651 1079 1692 quibuscumque
1093 1658 1148 1688 po-

202 1699 348 1729 terimus,
367 1696 455 1725 rebus
479 1695 667 1736 augebimus.
690 1697 737 1724 De
748 1694 911 1733 Pompejo,
933 1693 966 1722 δε
983 1691 1060 1723 facio
1080 1691 1151 1720 dili-

197 1748 317 1780 genter,
336 1737 369 1767 &
390 1736 496 1767 faciam
507 1736 588 1776 quod
610 1746 727 1766 mones.

196 1778 430 1811 manfionistuae
449 1787 527 1819 grata
544 1776 604 1811 est,
625 1777 655 1806 id
675 1787 730 1817 ego
753 1777 874 1806 summo
893 1785 965 1805 meo
984 1775 1105 1806 dolore,
1119 1774 1151 1802 δε

196 1820 361 1854 desiderio,
386 1829 486 1850 tamen
514 1829 553 1849 ex
574 1828 654 1858 parte
675 1817 799 1859 gaudeo.
819 1820 854 1846 In
876 1816 1096 1856 Hippodamis‚
1119 1815 1152 1844 δε

197 1906 271 1947 ligo.
311 1907 416 1935 Nemo
437 1902 563 1933 istorum
582 1898 643 1935 est,
675 1904 749 1943 quin
768 1899 820 1931 abs
850 1909 877 1930 te
895 1908 1007 1936 munus
1026 1919 1036 1932 ,
1063 1897 1151 1928 fundi

186 1946 362 1982 ‚suburbani
387 1944 503 1978 instar,
531 1943 690 1983 exspeseet.
741 1943 918 1973 Trebatium
934 1939 1017 1971 'vero
1045 1949 1150 1970 meum

198 1988 281 2030 quod
293 1987 348 2018 isto
357 1987 529 2019 admisceas,
541 1986 618 2015 nihil
632 1985 684 2015 est.
698 1988 761 2026 Ego
771 1985 859 2014 illum
871 1983 906 2013 ad
919 1983 1061 2014 Caesarem
1074 1980 1151 2015 misi,

180 2154 289 2198 0vero,
310 2156 362 2194 qui
383 2153 426 2184 est
446 2153 528 2183 istius
541 2156 582 2182 rei
602 2152 874 2193 (quemadmodum
892 2150 1006 2191 scribis)
1023 2150 1151 2184 adiutor,

193 2199 233 2237 ‚in
243 2196 340 2227 oculis
349 2194 423 2225 fero.
439 2195 632 2226 Trebonium
644 2204 748 2224 meum
761 2194 776 2223 a
786 2202 812 2223 te
823 2195 924 2225 amari,
937 2201 1025 2232 teque
1036 2191 1150 2224 abillo,

197 2237 373 2278 pergaudeo.
397 2239 444 2266 De
466 2236 616 2266 tribunatu
635 2235 716 2276 quod
739 2235 859 2268 scribis,
881 2244 936 2275 ego
959 2233 1030 2263 vero
1050 2234 1154 2262 norni-

198 2363 278 2393 diam
299 2362 479 2402 objurgavrt.
510 2362 538 2392 Si
550 2363 598 2391 cui
616 2360 753 2400 praeterea
769 2362 883 2399 petiero
903 2359 946 2398 (id
963 2358 1044 2399 quod
1063 2360 1153 2388 ctiam

199 2407 299 2445 Oppio
315 2403 398 2436 dixi,
419 2411 450 2433 ut
469 2401 504 2432 ad
524 2402 612 2431 illum
628 2402 777 2441 scriberet)
795 2401 882 2431 facile
901 2402 995 2440 patiar
1013 2401 1090 2429 mihi
1102 2409 1154 2428 ne-

198 2457 259 2488 gari
272 2466 280 2479 ‚
290 2448 436 2486 quoniam
447 2444 493 2474 illi
508 2464 516 2477 ,
529 2447 541 2470 3
556 2445 608 2484 qui
619 2441 671 2473 sibi
683 2442 803 2472 molesti
818 2443 894 2475 sunt,
907 2441 959 2471 sibi
971 2442 1069 2482 negari
1081 2441 1095 2469 a
1106 2450 1153 2469 me
1171 2453 1173 2462 2

199 2498 264 2519 non
279 2486 364 2517 facile
375 2488 540 2527 patiuntur.
552 2498 554 2500 >
564 2488 627 2526 Ego
646 2487 783 2515 Curtium
794 2484 836 2522 (id
848 2483 928 2524 quod
940 2481 992 2522 ipsi
1001 2483 1077 2521 dixi)
1089 2490 1153 2510 non

199 2527 295 2560 modo
318 2531 490 2569 rogatione,
509 2527 556 2557 sed
576 2529 665 2557 etiam
686 2525 862 2556 testimonio
873 2534 924 2555 tuo
937 2525 990 2554 dili
1014 2534 1031 2554 o
1044 2543 1052 2557 ,
1071 2521 1155 2564 quod

198 2572 384 2602 litteris‘iuis
409 2566 539 2599 studium
556 2569 638 2598 iliius
657 2571 690 2598 in
711 2567 834 2598 salutern
847 2566 978 2597 nostram
1001 2565 1077 2596 acile
1089 2573 1156 2605 per-
1174 2595 1176 2599 Α

198 2614 291 2654 spexi.
316 2615 363 2642 De
380 2612 559 2642 Britannicis
577 2611 664 2640 rebus
688 2612 819 2651 cognovi
842 2619 880 2639 ex
901 2610 959 2638 tuis
976 2609 1085 2638 litteris
1105 2607 1155 2636 ni-
1175 2627 1176 2638 i

199 2656 245 2684 hil
267 2653 324 2684 else
344 2674 352 2687 ‚
375 2664 430 2684 nec
450 2652 533 2693 quod
559 2661 730 2683 metuamus
752 2665 761 2686 3
790 2655 847 2681 nec
867 2650 948 2691 quod
967 2649 1156 2691 gaudeamus.

200 2699 249 2726 De
258 2695 386 2736 publicis
394 2696 525 2736 negotiis
536 2713 544 2727 ‚
565 2704 630 2735 quae
642 2697 688 2724 vis
696 2693 731 2724 ad
743 2703 771 2724 te
783 2694 934 2723 Tironem
947 2691 1070 2722 scribere
1081 2710 1090 2724 ,
1102 2699 1157 2720 ne-

200 2737 360 2779 gligentius
370 2737 406 2768 ad
425 2746 453 2768 te
463 2737 531 2766 ante
550 2736 713 2767 scribebam
725 2755 733 2770 ,
751 2733 835 2776 quod
852 2735 957 2766 omnia
969 2753 977 2768 ,
1003 2734 1134 2765 minima
1148 2750 1158 2766 2

1182 195 1332 234 maxima,
1355 185 1391 216 ad
1402 187 1545 233 Caesarem
1565 191 1644 220 mitti
1664 190 1802 223 sciebam.
1839 188 1984 231 Refer-ipsi
2004 189 2135 231 epistolae
2153 199 2178 232 4

1182 238 1332 274 maximae.
1357 227 1435 258 Audi
1449 237 1530 258 nunc
1543 229 1580 259 de
1593 233 1779 262 minuscula:
1796 235 1829 264 in
1839 243 1896 273 qua
1905 236 2039 273 primum
2051 231 2137 263 estde

1181 269 1278 300 Clodii
1290 270 1325 299 ad
1338 268 1480 299 Caesarem
1492 270 1647 303 litteris,in
1657 282 1719 312 quo
1728 275 1847 304 Caesaris
1858 273 2016 306 consilium
2027 274 2133 314 probo,

1179 310 1261 352 qucd
1276 311 1331 341 tibi
1344 309 1544 342 amantiffime
1567 316 1679 351 petenti
1692 317 1811 345 veniam
1827 326 1888 346 non
1899 316 1980 347 dedit
1991 335 1999 349 ,
2026 318 2068 345 uti
2089 314 2140 344 ul-

1182 355 1246 383 lum
1258 352 1291 383 ad
1304 353 1386 382 illam
1397 354 1516 383 Furiam
1527 353 1651 385 verbum
1665 354 1839 386 rescriberet.
1863 358 2001 388 Alterum
2014 356 2056 387 est
2075 360 2092 384 4
2101 355 2138 386 de

1182 395 1329 424 Calventii
1340 394 1427 434 Marii
1439 396 1582 424 oratione.
1607 393 1689 434 quod
1699 395 1916 434 scribis,⁴miror
1928 410 1933 427 ;
1946 399 1999 429 tibi
2010 399 2135 438 placere,

1182 446 1231 475 me
1250 435 1285 465 ad
1303 445 1371 464 eum
1392 435 1548 477 rescribere
1569 455 1577 468 ‚
1605 436 1768 475 praesertim
1786 437 1856 468 curn
1874 440 1959 470 illam
1979 450 2073 470 nemo
2094 440 2137 469 le-

1183 478 1284 508 &urus
1295 475 1346 510 sit,
1370 474 1390 506 sl
1409 486 1464 517 ego
1485 478 1563 506 nihil
1580 475 1753 517 rescripsero
1765 498 1773 511 ‚
1788 476 1894 510 meam
1907 483 1937 510 in
1957 474 2138 522 illumpoe-

1183 522 1206 550 ri
1226 528 1335 549 omnes
1353 538 1360 551 ,
1382 527 1535 558 tamquam
1555 517 1683 552 distata,
1705 519 1880 558 perdiscant.
1914 523 2021 552 Li'oros
2040 531 2138 555 meos,

1183 570 1259 602 quos
1270 559 1419 599 exspectas
1432 562 1613 594 3'iiichoavi:
1637 560 1685 590 sed
1704 560 1853 591 conficere
1872 572 1935 592 non
1955 562 2072 602 possum
2090 565 2138 594 his

1185 601 1300 633 diebus.
1327 601 1484 632 Orationes
1496 596 1663 642 efflagitatas
1679 612 1733 642 pro
1742 598 1850 633 Scauro
1865 624 1874 638 ,
1896 604 1929 633 ὃς
1947 613 2000 643 pro
2017 606 2139 636 Plancio

1185 645 1308 674 absolvi.
1330 644 1442 674 Po'e'tna
1452 643 1487 674 ad
1499 644 1642 674 Caesarem
1655 663 1663 676 ‚
1679 645 1761 684 quod
1771 646 1996 685 composueram
2013 665 2021 679 ,
2038 647 2142 684 incidi.

1186 686 1260 724 Tibi
1272 686 1353 726 quod
1366 695 1460 725 rogas,
1474 682 1617 725 quoniam
1627 684 1678 724 ipsi
1683 686 1777 724 fontes
1780 688 1844 726 jam
1849 687 1956 728 sitiunt
1968 707 1976 720 ,
1989 685 2082 727 siquid
2089 689 2144 718 ha-

1187 728 1266 758 bebo
1281 728 1364 767 spatii
1377 747 1385 760 ,
1399 727 1532 757 scribam.
1562 728 1662 757 V‘enio
1672 728 1707 757 ad
1720 730 1846 758 tertiam.
1874 728 1999 759 Balbum
2010 723 2145 769 quodais

1186 770 1300 800 mature
1325 770 1458 798 Romam
1467 769 1544 799 bene
1553 766 1733 799 comstatum
1746 768 1801 800 effe
1812 769 1972 800 venturum
1984 791 1993 804 ,
2005 768 2146 801 mecum-

1185 822 1242 854 que
1254 809 1364 841 ass'idue
1377 810 1467 851 usque
1478 810 1512 840 ad
1527 810 1567 840 id.
1581 811 1675 851 Majas
1685 810 1868 845 futuruin‚id
1878 814 1954 842 mihi
1964 821 2145 852 pergratum,

1186 853 1476 895 perquejucundum
1492 854 1556 882 erit.
1586 852 1676 895 Qod
1687 863 1734 882 me
1747 856 1779 883 in
1796 854 1897 884 eadem
1911 853 2033 894 epistola
2044 874 2052 887 ,
2073 853 2146 884 sicut

1188 896 1260 936 saepe
1271 894 1353 925 antea
1368 915 1376 928 ,
1404 895 1568 924 cohortaris
1589 895 1624 924 ad
1647 894 1848 925 ambitionem
1864 916 1872 930 ,
1895 895 1927 926 ὃς
1950 895 1985 926 ad
1998 896 2147 929 laborem,

1188 937 1295 968 faciam
1307 936 1459 977 equidem.
1479 936 1526 966 sed
1547 939 1691 975 QUANDO
1702 946 1859 967 VlVEMUs
1873 941 1884 966 ?
1902 940 2011 978 Qarta
2020 936 2149 977 epistola

1191 981 1268 1009 mihi
1280 979 1391 1008 reddita
1401 976 1441 1007 est
1464 978 1509 1007 ld.
1525 981 1590 1018 Sep.
1614 988 1703 1018 quam
1722 988 1747 1008 a.
1762 979 1790 1009 d.
1823 989 1911 1008 1111.
1932 979 1978 1008 Id.
1997 982 2080 1010 SeXt.
2101 989 2140 1010 ex

1189 1022 1343 1051 Britannia
1353 1019 1482 1049 dederas.
1503 1022 1539 1048 In
1553 1029 1585 1048 ea
1594 1020 1671 1049 nihil
1682 1020 1749 1050 sane
1761 1030 1821 1052 era:
1837 1023 1910 1051 novi
1924 1041 1931 1054 ‚
1950 1030 2053 1060 praeter
2070 1023 2140 1051 Eri-

1189 1071 1320 1102 gonam:
1344 1070 1435 1101 quani
1456 1059 1476 1090 fi
1497 1060 1533 1089 ab
1547 1062 1645 1099 Oppio
1666 1069 1822 1100 accepero,
1842 1063 1970 1092 scribam
1979 1062 2011 1092 ad
2026 1072 2052 1092 te
2065 1062 2140 1102 quid

1191 1105 1327 1133 sentiam.
1352 1112 1407 1131 nec
1425 1101 1551 1134 dubito,
1573 1103 1649 1142 quin
1671 1104 1750 1132 mihi
1770 1105 1910 1142 piacitura
1921 1103 1962 1134 sit.
1987 1107 2042 1137 Et,
2058 1102 2148 1144 ¹quod

1213 1146 1319 1173 iaeterii
1333 1164 1340 1177 ,
1362 1142 1398 1173 de
1421 1153 1459 1172 eo
1476 1162 1484 1176 ,
1502 1153 1594 1183 quem
1614 1142 1750 1183 scripsisti
1771 1145 1806 1175 de
1817 1145 1944 1175 Milonis
1956 1145 2057 1185 plausu
2079 1146 2159 1175 scria

1190 1184 1273 1226 psisse
1290 1185 1325 1215 ad
1346 1185 1488 1215 Caesarem
1502 1195 1507 1213 ι
1528 1195 1582 1226 ego
1595 1183 1665 1214 vero
1676 1184 1763 1215 facile
1774 1188 1868 1226 patior
1880 1189 1917 1216 ita
1929 1187 2070 1224 Caesarem,
2081 1188 2149 1217 exi-

1190 1228 1308 1257 stimare
1319 1247 1328 1260 ,
1349 1226 1438 1256 illum
1450 1226 1539 1266 quam
1555 1228 1728 1257 maximum
1751 1226 1837 1258 fuifl'e
1855 1228 1989 1267 plausum
2002 1238 2008 1257 :
2021 1229 2148 1268 &pror-

1190 1270 1236 1300 sus
1250 1271 1289 1298 ita
1300 1268 1375 1298 fuit:
1398 1268 1541 1298 &tamen
1561 1269 1614 1298 illc
1624 1269 1752 1309 plausus,
1763 1272 1815 1310 qui
1826 1270 1872 1299 illi
1883 1269 1981 1303 datur,
1995 1271 2146 1310 quodam-

1192 1309 1286 1341 modo
1317 1308 1388 1340 nobis
1425 1310 1543 1339 videtur
1562 1310 1632 1340 dari.
1664 1311 1793 1341 Reddita
1814 1310 1857 1341 est
1876 1313 1964 1341 etiam
1984 1312 2062 1341 mihi
2077 1322 2146 1352 per-

1190 1362 1274 1383 vetus
1295 1351 1440 1392 epistola,
1463 1351 1511 1381 sed
1535 1351 1598 1381 sero
1619 1352 1721 1386 allata,
1743 1354 1775 1382 in
1792 1363 1849 1393 qua
1868 1353 1905 1383 de
1918 1352 1980 1383 aedc
2000 1354 2145 1388 Telluris,

1191 1395 1223 1425 3:
1242 1393 1278 1424 de
1299 1395 1415 1434 porticu
1430 1393 1525 1423 Catuli
1539 1403 1588 1423 me
1612 1393 1769 1424 admones.
1804 1393 2008 1435 fitutiumque
2018 1394 2150 1437 diligen-

1190 1446 1241 1467 ter.
1265 1436 1300 1465 ad
1320 1435 1453 1466 Telluris
1464 1435 1587 1475 quidem
1598 1437 1779 1466 etiamtuam
1799 1436 1923 1466 statuam
1937 1437 2045 1467 locavi.
2066 1439 2148 1468 Item

1193 1479 1230 1508 de
1242 1479 1336 1507 hortis
1352 1497 1360 1511 ,
1376 1476 1457 1517 quod
1471 1486 1520 1506 me
1535 1476 1680 1508 admones
1693 1489 1700 1510 ;
1722 1488 1776 1508 nec
1786 1477 1831 1507 fui
1843 1488 1989 1518 umquam
2001 1478 2086 1509 valde
2095 1488 2150 1509 cu-

1190 1519 1279 1560 pidus
1293 1539 1301 1551 ,
1324 1519 1450 1548 &nunc
1460 1518 1570 1547 domus
1594 1518 1757 1557 suppeditat
1776 1521 1853 1549 mihi
1873 1521 2032 1550 hortorum
2051 1530 2149 1551 amoe-

1191 1563 1329 1590 nitatem.
1340 1562 1474 1589 Romam
1486 1559 1556 1589 cum
1568 1558 1713 1589 venissem
1727 1560 1826 1590 a-d.xr
1836 1570 1847 1590 t
1857 1571 1881 1590 1.
1897 1562 1963 1591 Kal.
1974 1561 2082 1591 oaob.
2093 1562 2148 1592 ab·

1191 1602 1323 1633 solutum
1336 1599 1451 1631 offendi
1463 1602 1494 1630 in
1504 1600 1618 1630 aedibus
1633 1603 1690 1631 tuis
1710 1600 1845 1636 refilum3
1864 1602 1946 1642 quod
1968 1604 2052 1643 supra
2068 1613 2146 1633 con-

1190 1645 1285 1674 clavia
1304 1652 1365 1672 non
1387 1643 1535 1682 placuerat
1553 1643 1608 1672 tibi
1628 1641 1685 1672 esse
1704 1644 1872 1673 multorum
1883 1643 2087 1685 fastigiorum:
2115 1644 2149 1675 id

751 1734 843 1776 Qod
854 1735 910 1764 tibi
920 1744 986 1764 mea
997 1731 1149 1773 permissio
1171 1750 1173 1773 ἶ

1192 1695 1255 1716 non
1267 1683 1390 1714 honeste
1405 1686 1498 1724 vergit
1518 1686 1549 1713 in
1568 1682 1682 1714 ted-“tum
1706 1684 1860 1715 inferioris
1870 1689 2010 1726 porticus.
2044 1688 2150 1716 Cicero

1193 1726 1294 1756 noster
1307 1746 1315 1759 ‚
1347 1726 1419 1755 dum
1442 1735 1497 1766 ego
1515 1725 1618 1755 absum
1633 1746 1641 1758 ‚
1663 1735 1728 1756 non
1748 1725 1868 1757 cefiavit
1883 1727 1961 1767 apud
1982 1729 2146 1758 rhetorem.

1193 1770 1239 1797 De
1252 1768 1316 1805 ejus
1337 1766 1506 1796 eruditione
1517 1765 1598 1807 quod
1610 1766 1724 1796 labores
1735 1787 1743 1801 ‚
1765 1768 1843 1798 nihil
1856 1767 1897 1798 est
1914 1789 1922 1801 ‚
1942 1771 2087 1808 quoniam
2098 1771 2148 1799 in-

1191 1811 1316 1849 genium
1329 1810 1391 1847 ejus
1410 1807 1490 1837 nosti
1504 1818 1508 1835 :
1531 1807 1663 1837 studium
1674 1819 1728 1849 ego
1743 1809 1843 1839 video.
1867 1818 1960 1839 cetera
1980 1811 2044 1848 ejus
2054 1811 2146 1840 susci-

197 1863 358 1894 nonnullis
378 1862 445 1891 aliis
466 1859 640 1891 arcess'endis
663 1881 672 1894 ,
701 1859 775 1900 quid
797 1860 910 1901 cogites
931 1879 940 1892 ,
977 1867 1041 1887 non
1062 1856 1152 1886 intel-
1171 1851 1173 1879 ἶ
1191 1853 1242 1890 pio
1255 1871 1264 1883 2
1285 1859 1317 1879 ut
1327 1859 1376 1879 me
1387 1858 1488 1889 putem
1500 1848 1632 1889 praestare
1642 1850 1758 1880 debere.
1789 1851 1953 1881 Gabinium
1974 1861 2031 1882 tres
2050 1852 2146 1883 adhuc
2162 1864 2183 1894 5

1191 1891 1338 1937 faotiones
1356 1890 1527 1931 postulant:
1559 1893 1595 1929 L.
1608 1892 1774 1926 Lentulus,
1802 1892 1935 1922 flaminis
1961 1896 1996 1923 F.
2017 1896 2068 1934 qui
2085 1895 2148 1933 jam

1195 1934 1231 1963 de
1244 1932 1393 1967 maiestate
1403 1932 1579 1972 postulavit:
1601 1935 1641 1963 Ti
1667 1936 1750 1964 Nero
1761 1944 1830 1964 cum
1846 1935 1934 1966 bonis
1945 1935 2152 1976 subscriptori-

1172 1974 1174 1990 ¹¹
1191 1975 1247 2005 bus
1262 1987 1266 2004 2
1287 1977 1321 2004 C.
1335 1977 1507 2004 Memmius
1517 1974 1618 2004 tribun
1641 1976 1680 2015 pi.
1692 1985 1762 2007 cum
1774 1978 1810 2006 L.
1823 1978 1980 2016 Capitone.
1995 1977 2031 2007 ad
2042 1977 2151 2007 urbem

198 2033 251 2071 qui
262 2030 409 2069 mihijam
420 2026 566 2059 satisfecit.
590 2026 671 2067 fiipsi
683 2030 785 2058 minus
797 2046 805 2060 ,
815 2024 947 2066 praestare
958 2024 1035 2054 nihil
1045 2024 1151 2053 debeo:
1172 2033 1174 2061 ᾗ
1191 2015 1306 2047 accessit
1317 2027 1341 2047 a.
1355 2017 1383 2046 d.
1398 2026 1464 2046 xu.
1476 2019 1541 2046 Kal.
1555 2016 1612 2046 0&
1626 2017 1678 2046 ›br.
1689 2018 1767 2047 nihil
1779 2027 1892 2058 turpius
1903 2038 1911 2052 ,
1926 2028 1980 2049 nec
1994 2018 2150 2049 desertius.

199 2082 286 2113 teque
297 2073 370 2101 item
380 2070 416 2100 ab
429 2080 465 2100 eo
475 2069 599 2100 vindico
610 2089 617 2102 ‚
633 2069 665 2099 δε
675 2069 781 2099 libero.
797 2067 902 2116 'Qod
910 2066 1011 2097 scribis
1023 2067 1050 2095 te
1059 2069 1074 2096 a
1087 2068 1133 2096 ΟΞ
1142 2081 1153 2086 -
1172 2082 1174 2101 ;

198 2115 258 2145 sare
267 2112 404 2154 quotidie
425 2113 491 2152 plus
508 2111 613 2152 diligi,
637 2109 848 2141 immortaliter
868 2108 994 2150 gaudeo.
1026 2107 1152 2137 Balbum
1172 2133 1174 2138 .

1193 2059 1243 2089 sed
1254 2058 1431 2097 hisjudjciis
1451 2059 1528 2088 nihil
1551 2059 1646 2089 audeo
1667 2058 1851 2090 sconfidere.
1875 2059 1966 2101 Qod
1986 2063 2058 2091 Cato
2081 2070 2147 2091 non

1190 2101 1308 2132 valebat
1324 2121 1332 2134 ,
1361 2100 1455 2130 adhuc
1479 2100 1514 2129 de
1536 2102 1672 2140 pecuniis
1689 2101 1861 2141 repetundis
1880 2111 1944 2132 non
1969 2112 2029 2133 erat
2046 2101 2152 2142 postu·

1191 2144 1278 2174 latus.
1302 2143 1463 2182 pompejus
1481 2142 1496 2172 a
1517 2151 1566 2172 me
1584 2143 1669 2172 valde
1687 2144 1844 2173 contendit
1864 2143 1901 2173 de
1919 2143 2017 2174 redit-u
2036 2146 2069 2174 in
2086 2152 2153 2184 gra-

1173 2187 1175 2198 '
1192 2187 1286 2215 tiam:
1307 2184 1354 2215 sed
1373 2183 1467 2213 adhuc
1485 2185 1564 2213 nihil
1584 2184 1729 2224 profecit:
1748 2195 1822 2219 nec,
1842 2183 1964 2215 fiullam
1979 2194 2091 2225 partem
2111 2184 2154 2213 li-

1195 2226 1313 2256 bertatis
1331 2225 1461 2258 tenebo,
1480 2224 1628 2265 proficiet.
1659 2229 1741 2256 Tuas
1760 2227 1870 2257 litteras
1885 2228 2079 2257 vehementer
2096 2235 2154 2256 ex-

198 2283 292 2310 natim
304 2280 512 2319 petiviCurtio
527 2298 536 2311 ,
558 2278 590 2310 &
608 2278 686 2308 mibi
700 2277 761 2317 ipse
776 2277 872 2307 Cacsar
885 2277 1154 2306 nominatim-reur-
1173 2271 1175 2296 ἶ
1193 2267 1309 2309 Γρεᾶο.
1333 2267 1424 2309 Qod
1436 2267 1536 2297 scribis
1550 2266 1700 2298 teaudiffe
1716 2278 1749 2298 in
1768 2268 1994 2299 candidatorum
2012 2268 2154 2298 consula-

197 2324 242 2352 tio
252 2330 386 2361 paratum
396 2318 454 2350 effe
462 2318 621 2359 rescripsit,
641 2320 852 2359 meamque,in
872 2317 1003 2359 rogando
1024 2327 1155 2345 verecmz-
1172 2326 1175 2337 -

1194 2313 1276 2340 rium
1294 2311 1427 2340 coitione
1449 2319 1499 2339 me
1519 2308 1712 2343 interfuisse,-
1734 2305 1764 2340 sd
1781 2309 1889 2339 falsum
1913 2309 1964 2340 est.
1997 2309 2151 2349 ejusmodi

1195 2354 1278 2382 enim
1299 2350 1454 2391 pastiones
1476 2352 1508 2380 in
1529 2361 1563 2381 ea
1581 2353 1716 2381 coitione
1735 2350 1819 2381 fa&ae
1838 2351 1926 2384 sunt,
1960 2361 2033 2392 quas
2050 2350 2154 2391 postea

1198 2395 1366 2422 Memmius
1376 2391 1516 2432 patefecit
1527 2412 1536 2426 ‚
1548 2401 1581 2422 ut
1589 2402 1683 2422 nemo
1697 2392 1781 2422 honus
1791 2391 1928 2423 intereffe
1946 2393 2096 2423 debuerit:
2118 2391 2155 2423 &

1196 2433 1283 2463 simul
1296 2435 1374 2463 mihi
1392 2433 1650 2464 committendum
1669 2444 1734 2464 non
1749 2433 1808 2464 fuit
1820 2455 1828 2468 ‚
1860 2444 1892 2464 ut
1905 2435 1951 2464 his
1968 2433 2155 2465 coitionibus

1196 2473 1366 2505 interessem
1379 2494 1389 2508 ,
1400 2474 1510 2515 quibus
1520 2474 1653 2505 Meflalla
1665 2475 1872 2506 excluderetur
1885 2487 1890 2505 :
1901 2477 1950 2506 cui
1961 2476 2084 2516 quitlem
2099 2485 2154 2506 ve-

1172 2518 1174 2527 *
1198 2518 1355 2546 ‘trementer
1367 2515 1511 2546 satisfacio
1529 2516 1615 2546 rebus
1638 2517 1803 2548 omnibus:
1833 2526 1867 2548 ut
1887 2518 2036 2552 arbitror,
2059 2518 2153 2547 etiam

1199 2559 1363 2588 Memmio.
1386 2558 1528 2588 Domitio
1541 2556 1593 2598 ipfi
1607 2559 1701 2589 multa
1711 2560 1773 2600 jam
1787 2558 1846 2589 feci
1857 2578 1866 2592 ‚
1877 2569 1943 2600 quae
1955 2559 2153 2599 voluit,quae-

1198 2610 1257 2641 que
1267 2600 1282 2630 a
1293 2610 1341 2629 me
1352 2601 1468 2639 petivit.
1491 2602 1633 2630 Scaurum
1647 2599 1797 2630 beneficio
1809 2600 1991 2631 defensionis
2001 2600 2085 2631 valde
2097 2600 2156 2629 ob-

1199 2644 1298 2683 ligavi.
1322 2641 1419 2671 adhuc
1428 2649 1488 2671 erat
1497 2641 1583 2672 valde
1594 2642 1743 2672 incertum
1757 2661 1765 2675 ,
1786 2642 2099 2683 &quandocomitia‚
2119 2639 2156 2670 δε

1198 2686 1248 2725 qui
1265 2692 1346 2713 coss.
1370 2682 1463 2713 futuri
1477 2681 1579 2713 ess'ent.
1603 2683 1681 2714 curn
1693 2684 1771 2714 hanc
1778 2684 1843 2723 jam
1856 2682 2012 2723 epistolam
2024 2682 2157 2721 compli-

1179 2729 1181 2762 ἓ
1201 2734 1299 2758 carem
1314 2745 1324 2760 ,
1345 2723 1517 2755 tabellarii‘a
1536 2723 1624 2755 vobis
1643 2734 1790 2756 venerunt
1798 2735 1823 2757 a.
1833 2724 1862 2755 d.
1875 2723 2001 2755 itt-Kal.
2016 2726 2094 2763 Sept.
2108 2724 2157 2753 vi-

2042 2770 2155 2802 cefimo

244 2930 265 2946 ι.
286 2922 605 2956 HS.XV1.C0nduHorem.]
624 2921 705 2948 Haud
724 2922 802 2948 aliter
820 2920 906 2948 editus
927 2922 942 2947 ii
961 2919 1101 2951 Vi&orio;
1123 2920 1150 2946 ὃ(
1172 2923 1175 2931 ’

202 2956 341 2992 respondet
352 2959 405 2983 Pal.
417 2968 456 2994 pr.
466 2962 492 2984 δ(
505 2966 592 2994 quart.
614 2968 672 2984 nam
686 2958 734 2985 stc.
746 2965 847 2992 :ic-tert.
862 2957 934 2990 §pm-is
944 2966 996 2982 ccc
1011 2966 1044 2982 xv
1053 2966 1073 2982 1.
1084 2956 1150 2981 aad.

202 2992 337 3033 quomodo
348 2993 432 3019 Aldus
442 2993 525 3021 senior
538 3014 546 3026 ‚
565 2994 609 3021 nisi
620 2994 691 3030 quod
713 2992 857 3030 praemittat
875 2996 1024 3019 numerabis,
1044 2999 1071 3018 at
1081 2991 1151 3018 filius

202 3028 355 3067 publicavit,
367 3032 412 3053 Jls'.
423 3039 449 3053 x.
459 3038 485 3054 ω
495 3031 558 3055 cond.
571 3030 716 3056 Lambinus
732 3039 768 3055 ns
780 3038 828 3056 xvi
842 3038 891 3055 cm
903 3030 968 3054 cond.

237 3073 265 3090 2.
284 3064 484 3096 Idfacnoppuu,
494 3066 561 3098 eyn]
574 3065 680 3093 Habent
691 3065 757 3093 istud
768 3064 989 3101 quidem‘ultimae
1001 3063 1131 3090 editiones
1145 3073 1151 3090 :
1172 3061 1174 3102 i

200 3098 242 3126 sed
255 3099 407 3139 vetustiores
419 3101 446 3124 ὅ(
459 3099 514 3137 mes.
535 3101 614 3126 nostri
625 3100 770 3136 praeferunt
780 3104 870 3137 Appius
882 3110 891 3134 5
911 3100 990 3128 credo
1001 3120 1009 3134 ‚
1020 3099 1092 3136 quod
1103 3109 1151 3128 no-

199 3144 259 3165 men
270 3135 339 3164 istud
355 3136 434 3172 vulgo
445 3142 535 3164 notius
547 3136 641 3164 altero.

1232 2926 1258 2954 3.
1279 2919 1378 2954 ,Qtejfibi
1388 2917 1557 2951 molestifimt.]
1575 2914 1719 2943 Lambinus
1729 2915 1797 2947 mihi,
1808 2912 1850 2942 sed
1859 2914 1951 2941 invitis
1961 2913 2156 2942 omnibus-edd.

1195 2956 1221 2981 &
1234 2955 1309 2981 libris
1320 2953 1468 2989 pluteariis.

1235 2998 1262 3023 4.
1282 2994 1316 3016 De
1326 2991 1438 3014 Calventi
1447 2989 1526 3014 Marii
1535 2985 1663 3020 aratione]
1685 2986 1762 3012 Nihil
1774 2993 1878 3015 mutant
1887 2986 1944 3014 ruff.
1955 2985 2156 3023 itaque-nonest

1195 3024 1423 3062 quodlLambinus
1432 3023 1541 3049 inclinet
1554 3022 1579 3048 in
1590 3023 1692 3047 Cal-aeni
1701 3025 1788 3049 Marii.

1234 3071 1260 3095 5.
1279 3060 1406 3093 confidere.
1423 3058 1489 3090 Qod
1498 3060 1555 3084 Cam
1564 3067 1608 3083 non
1619 3059 1727 3088 valebat,
1737 3058 1843 3093 adhuc]
1866 3057 2085 3094 InterpuiJRione
2094 3066 2156 3084 mu.

1195 3104 1249 3124 tata
1269 3094 1374 3132 egregie
1395 3093 1427 3120 fic
1447 3093 1533 3122 locum
1553 3094 1622 3123 huuc
1641 3093 1795 3125 reitituebat
1824 3094 1964 3124 Turnebus
1981 3093 2052 3124 libio
2069 3102 2156 3129 xxrvf

1158 3157 1161 3163 .
1203 3142 1260 3169 cap.
1274 3140 1320 3168 39.
1334 3127 1475 3159 Adversas.
2132 3130 2143 3143 s

2087 3149 2164 3194 15th
