2339 3379
541 156 844 204 Hermum>
881 152 1130 200 Appium
1165 150 1554 211 PULCHRUM,
1587 157 1823 205 Liaiii.

217 250 295 276 meae
306 246 414 283 partes.
439 238 510 270 ¹Sic
526 237 588 272 est,
608 237 664 268 tibi
674 236 830 277 persuade,
847 234 1030 267 cariffimum
1053 245 1079 266 te
1098 236 1176 265 mihi

219 283 290 319 esse,
299 293 369 316 cum
381 290 500 322 propter
509 280 620 310 multas
630 280 785 310 suavitates
793 280 910 320 ingenii
920 298 928 312 ‚
944 277 1038 308 officii
1047 297 1056 310 ,
1068 278 1175 307 huma-

220 328 322 358 nitatis
334 333 390 356 tuae
400 343 409 358 ‚
421 331 485 354 tum
496 321 579 363 quod
592 330 630 351 ex
641 323 699 352 tuis
708 321 813 351 litteris
821 341 829 354 ,
846 321 878 351 &
889 329 927 350 ex
938 320 1104 350 multorum
1119 318 1177 348 ser-

221 366 368 400 monibus
387 364 525 405 intelligo
535 383 543 398 ,
559 365 664 393 omnia
673 383 682 396 .
701 373 766 404 quae
777 362 792 393 a
811 373 860 392 me
871 360 1004 402 profeffli
1012 361 1080 391 sunt
1089 362 1123 389 in
1135 368 1174 392 te,

220 404 422 441 tibiaccidiss'e
432 403 601 446 gratissima.
628 406 719 445 Qiod
728 415 799 435 cum
810 406 849 435 ita
867 403 919 437 sit,
938 401 1090 443 perficiam
1106 410 1177 441 pro-

219 449 302 482 ἱεᾶο
313 469 323 483 ‚
337 457 370 478 ut
380 448 465 488 longi
483 449 627 486 temporis
643 447 759 477 usuram
771 466 780 480 ‚
797 456 854 487 qua
871 447 1020 476 caruimus
1031 462 1040 476 ,
1058 446 1073 462 ²
1084 445 1177 472 inter-

218 489 309 523 miffa
317 488 416 520 nostra
425 488 644 519 consuetudine
652 508 663 521 ‚
677 488 709 518 &
718 489 807 529 gratia
820 498 825 517 :
844 488 877 518 &
885 486 1038 517 crebritate
1049 504 1058 518 ‚
1071 484 1104 515 ἅτ
1114 493 1178 514 ma-

219 531 380 575 gnitudine
398 529 570 561 officiorum
591 540 732 560 meorum
748 530 870 561 sarciam
886 539 892 557 :
911 527 1003 568 idque
1019 536 1069 556 me
1087 526 1176 566 (quo-

219 576 305 606 niam
323 583 355 603 tu
371 575 411 603 ita
420 573 479 613 vis)
498 581 571 612 puto
580 582 645 602 non
665 574 760 602 invita
778 573 917 601 Minerva
932 568 990 599 effe
1006 567 1175 598 fafiturum:

218 625 311 657 quam
320 614 445 656 quidem
456 624 511 655 ego
524 612 544 643 fi
552 613 630 644 forte
641 613 677 644 de
687 616 746 643 tuis
758 613 890 643 sumsero
899 631 908 645 ,
928 620 992 640 non
1002 610 1101 640 solum
1112 608 1177 639 Pal-

219 658 305 691 lada,
326 656 375 687 sed
392 658 482 686 etia-m
493 655 625 696 Appiada
634 655 812 686 nominabo.
841 654 942 686 Cilix,
963 651 1086 681 libertus
1096 659 1176 697 tuus.

219 708 306 730 antea
314 699 394 728 mihi
404 696 506 728 minus
523 697 694 728 fuitnotus:
716 696 764 727 sed
777 696 895 726 utmihi
906 692 1035 723 reddidit
1051 692 1066 722 a
1078 701 1105 722 te
1124 691 1176 721 lit-

219 750 294 772 teras
303 760 312 775 ,
323 741 425 780 plenas
434 739 467 769 &
476 741 599 773 amoris,
609 739 642 768 &
652 737 746 768 officii
757 758 766 770 ,
786 734 913 766 mirifice
924 735 984 774 ipse
995 733 1048 764 suo
1063 733 1177 763 sermo-

219 792 260 814 ne
270 782 440 813 subsecutus
449 780 492 811 est
502 783 719 811 humanitatem
730 780 893 808 litterarum
903 773 1176 821 tuarum.Jucunda

219 825 299 854 mihi
309 825 373 864 ejus
389 825 484 853 oratio
493 822 567 856 fuit,
584 831 656 852 cum
667 821 704 850 de
717 821 821 849 animo
831 827 902 850 tuo,
927 816 964 847 de
972 815 1179 849 sermonibus,

218 876 297 907 quos
307 865 344 896 de
356 875 404 895 me
414 864 534 894 haberes
544 863 682 904 quotidie
690 881 698 894 ‚
713 861 791 890 mihi
803 867 939 890 narraret.
958 857 1038 899 Qid
1049 859 1155 898 quaeris
1167 859 1178 886 ?

219 907 319 938 Biduo
336 905 432 937 faetus
442 904 486 935 est
496 906 573 934 mihi
589 903 762 933 familiaris:
786 904 826 932 ita
844 910 964 934 tamen,
982 909 1015 930 ut
1032 901 1177 930 Phaniam

219 949 306 980 valde
325 947 378 978 fim
395 945 607 977 desiderat-urus
628 956 635 974 :
661 954 753 985 quem
771 953 842 973 cum
859 945 992 973 Romam
1020 943 1177 975 remittes,

219 990 302 1033 quod
312 991 358 1030 (ut
365 987 551 1029 putabamus)
562 987 697 1017 celeriter
705 996 768 1015 eras
776 984 908 1016 faeiurus
919 1003 928 1017 ‚
946 983 1093 1014 omnibus
1104 984 1131 1012 ei
1141 983 1177 1013 de

219 1032 321 1066 rebus,
331 1039 404 1071 quas
413 1031 470 1069 agi,
481 1038 552 1069 quas
563 1030 657 1058 curari
667 1027 682 1057 a
692 1038 741 1057 me
751 1027 847 1060 voles,
860 1025 999 1056 mandata
1009 1025 1060 1055 des
1071 1025 1175 1055 velim.

218 1073 421 1105 L.Valerium
432 1092 441 1105 ‚
450 1070 697 1110 jurisconsultum
710 1089 719 1102 ‚
742 1069 827 1099 valde
838 1067 894 1098 tibi
903 1066 1109 1098 commendo:
1131 1065 1181 1097 sed

217 1116 261 1146 ita
269 1116 360 1146 etiam
371 1133 381 1147 ,
399 1110 419 1142 si
429 1122 494 1143 non
501 1111 780 1152 estjureconsiiltus.
808 1108 921 1140 Melius
930 1111 1017 1139 enim
1026 1110 1055 1138 ei
1073 1117 1177 1139 cavere

218 1157 293 1188 volo
303 1175 312 1190 ,
331 1155 421 1197 quam
434 1155 568 1194 ipsealiis
578 1153 661 1184 solet.
685 1152 780 1182 Valde
790 1152 950 1181 hominem
961 1150 1068 1191 diligo.
1088 1149 1131 1180 est
1141 1159 1179 1180 ex

219 1200 299 1229 meis
314 1195 489 1228 domesticis
498 1205 584 1236 atque
604 1196 723 1224 intimis
740 1192 948 1223 familiaribus.
976 1201 1109 1222 omnino
1120 1191 1175 1222 tibi

219 1242 279 1282 agit
287 1240 409 1281 gratias:
425 1237 566 1268 sedidem
576 1236 693 1269 scribit,
707 1235 906 1265 measlitteras
918 1235 1089 1264 maximum
1101 1233 1178 1274 apud

221 1289 251 1313 te
260 1280 380 1321 pondus
391 1279 551 1310 habituras.
577 1278 612 1309 Id
629 1287 699 1308 eum
709 1287 748 1307 ne
757 1276 839 1308 failat
849 1286 876 1307 te
886 1278 977 1307 etiam
986 1284 1072 1316 atque
1086 1278 1178 1307 etiam

220 1332 307 1364 rogo.
326 1321 410 1353 Vale.

289 1377 430 1407 M.T.c.
461 1375 795 1407 PROCONSUL‚
822 1374 972 1404 APPIO
999 1373 1111 1403 PUL-

489 1417 655 1449 CHRO,
683 1417 782 1446 IMP.
817 1418 845 1446 S.
863 1418 906 1445 D.

310 1470 370 1499 ΠΜ
385 1467 417 1498 &
427 1475 530 1497 contra
541 1466 730 1497 voluntatem
745 1476 843 1497 meam
856 1486 864 1500 ‚
886 1466 919 1497 δε
933 1474 1037 1507 praeter
1055 1466 1179 1506 opinio—

295 1516 298 1519 '
312 1519 383 1540 nem
393 1506 560 1541 accidisset,
577 1515 611 1538 ut
625 1509 783 1539 mihicum
803 1510 933 1548 imperio
943 1511 975 1538 in
990 1510 1177 1547 provinciam

217 1551 368 1594 proficisci
379 1548 494 1582 neceffe
503 1547 584 1584 esset,
595 1551 627 1580 in
635 1550 751 1584 multis,
765 1549 799 1581 &
809 1552 896 1580 variis
907 1549 1057 1580 molestiis
1067 1569 1076 1583 ‚
1092 1551 1179 1590 ‘cogi-

218 1592 442 1634 tationibusque
451 1593 541 1626 meis,
554 1593 615 1624 haec
625 1599 683 1623 una
689 1592 860 1622 consolatio
870 1591 1040 1622 occurrebat
1050 1611 1058 1625 ‚
1071 1593 1083 1619 3
1095 1591 1177 1632 quod

217 1645 258 1667 ne
280 1645 318 1666 ue
330 1634 387 1665 tibi
398 1635 560 1667 amicitior,
570 1634 662 1675 quam
675 1642 730 1675 ego
740 1632 806 1664 sum
816 1654 826 1668 ,
844 1632 1001 1675 quisquam
1011 1631 1105 1674 poffet
1114 1633 1178 1664 suc-

217 1687 253 1709 ce
276 1687 323 1707 ere
335 1687 342 1706 2
361 1686 459 1717 neque
469 1685 524 1718 ego
534 1676 570 1706 ab
584 1676 650 1706 ullo
658 1677 848 1716 provinciam
859 1678 1001 1716 accipere,
1012 1677 1064 1716 qui
1075 1675 1179 1706 mallet

217 1728 287 1750 eam
300 1718 379 1748 mihi
390 1717 482 1759 quam
503 1718 640 1748 maxime
659 1726 757 1759 aptam
768 1738 777 1752 ,
795 1718 1034 1759 explicatamque
1052 1716 1176 1748 tradere.

219 1760 312 1832 QbOd
325 1758 346 1789 fi
358 1769 391 1790 tu
399 1769 520 1800 quoque
533 1759 660 1790 eandem
670 1760 707 1790 de
719 1769 788 1791 mea
805 1760 959 1791 voluntate
970 1769 1036 1801 erga
1053 1769 1082 1790 te
1092 1760 1175 1800 spem

218 1802 258 1832 ha
280 1811 311 1831 es
321 1821 330 1834 ‚
342 1810 376 1832 ea
385 1809 414 1831 te
423 1799 562 1841 Ρτοὶεᾶὸ
574 1811 742 1842 numquam
751 1801 844 1833 fallet.
867 1805 894 1832 A
902 1810 931 1833 te
941 1804 1078 1832 maximo
1088 1812 1176 1842 opere

218 1852 275 1884 pro
288 1841 386 1873 nostra
401 1843 518 1873 summa
532 1844 750 1884 conjunffione
762 1863 770 1878 ,
789 1853 899 1885 tuaque
911 1842 1050 1884 fingulari
1066 1844 1176 1874 huma-

220 1886 315 1916 nitate
323 1903 333 1918 ,
345 1886 435 1914 etiam
444 1893 530 1925 atque
540 1886 628 1915 etiam
639 1886 739 1926 quaeso
749 1905 758 1919 ‚
771 1886 804 1916 δε
812 1894 882 1926 peto
892 1905 901 1919 ‚
913 1893 946 1915 ut
955 1904 964 1918 ,
982 1883 1177 1925 quibuscum-

219 1935 280 1968 que
288 1926 378 1957 rebus
387 1928 509 1966 poteris,
522 1926 647 1966 (poteris
655 1935 754 1957 autern
764 1926 917 1967 plurimis)
926 1927 1176 1966 prospicias,con·

221 1969 299 2000 sulas
309 1967 474 1998 rationibus
487 1970 577 1997 meis.
599 1967 693 1998 Vides
704 1987 713 2001 ‚
735 1978 772 1998 ex
787 1968 1039 1998 senatusconsulto
1051 1970 1176 2008 provin-

218 2012 298 2042 ciam
308 2008 367 2040 efl'e
385 2008 563 2040 habendam.
586 2007 607 2039 fi
617 2019 682 2039 eam
692 2012 710 2036 4
719 2009 827 2051 (quoad
846 2011 910 2050 ejus
925 2008 1020 2040 facere
1030 2010 1176 2051 potueris)

217 2051 311 2093 quarn
330 2049 581 2091 expeditiffimam
602 2052 679 2081 mihi
701 2051 853 2082 tradideris
863 2072 872 2086 ,
890 2050 1007 2082 facilior
1022 2053 1077 2082 erit
1097 2053 1176 2081 mihi

217 2091 300 2134 quasi
313 2092 451 2123 decursus
467 2095 530 2123 mei
550 2095 705 2133 temporis.
727 2093 810 2136 Qid
830 2095 862 2123 in
879 2104 917 2123 eo
934 2103 1042 2134 genere
1060 2092 1175 2124 efficere

215 2133 306 2175 poffis
315 2155 324 2168 ‚
336 2136 378 2164 tui
387 2133 505 2164 consilii
514 2134 566 2168 est,
591 2138 654 2176 Ego
665 2143 692 2165 te
702 2154 711 2169 ‚
723 2135 804 2177 quod
815 2136 871 2165 tibi
882 2138 984 2166 veniet
995 2137 1028 2165 in
1039 2144 1174 2165 mentem

217 2186 286 2207 mea
297 2174 434 2206 interess'e
445 2196 454 2209 ‚
475 2176 561 2206 valde
579 2187 664 2218 rogo.
687 2177 827 2208 Pluribus
847 2177 946 2207 verbis
962 2177 996 2207 ad
1016 2186 1044 2208 te
1067 2177 1175 2207 scribe-

212 2226 280 2250 rem
289 2237 300 2252 ‚
322 2217 343 2247 fi
353 2227 403 2249 aut
422 2226 471 2248 tua
480 2218 651 2249 humanitas
661 2219 833 2260 longiorem
842 2221 1013 2250 orationem
1023 2218 1176 2260 exspecta-

183 1391 207 1418 2

1217 247 1262 269 ret
1272 249 1277 267 z
1299 246 1351 269 aut
1360 238 1392 269 id
1404 237 1469 269 fieri
1478 236 1579 270 nostra
1587 240 1721 270 amicitia
1730 247 1878 280 pateretur
1890 236 1963 271 z‘aut
1971 247 2017 270 tes
2027 239 2115 271 verba
2125 240 2180 281 de'„

1217 278 1351 311 fideraret
1364 300 1373 314 ,
1392 290 1426 311 ac
1438 290 1500 311 non
1513 289 1569 320 pro
1587 281 1616 311 se
1635 282 1696 321 ipsa
1713 282 1895 323 loqueretur.
1919 285 1988 313 Hoc
2010 282 2104 313 velim
2126 283 2181 312 tib²

1216 321 1399 360 persuadeas,
1417 326 1430 349 5
1439 321 1460 352 fi
1473 322 1639 353 rationibus
1653 325 1730 353 meis
1740 324 1897 364 provisum
1908 322 1968 354 effe
1985 324 2181 357 intellexero.

1217 372 1358 434 magnam
1368 372 1396 394 te
1404 373 1443 395 ex
1452 373 1500 398 eo,
1513 363 1547 395 &
1558 373 1731 405 perpetuam
1742 366 1929 406 voluptatem
1937 364 1996 397 effe
2009 374 2179 407 capturum·

1249 414 1263 434 a
1278 414 1304 434 e.
2158 421 2166 426 „

1351 457 1396 486 M.
1409 458 1446 486 T.
1462 459 1494 487 C.
1519 459 1670 488 APPIO
1691 460 1990 493 PULCHRO,s.
2007 462 2047 490 D.

1339 511 1420 531 natr-
1428 503 1661 544 Kalend-Junias
1671 503 1862 535 Brundisium
1873 504 1944 536 cum
1958 503 2136 539 veniffem,⁶
2145 507 2183 543 Q.

1224 506 1308 582 A
1316 542 1566 584 ,Fabius‚legatus
1576 554 1654 579 tum,
1668 547 1745 576 mihi
1754 546 1859 586 praesto
1867 546 2004 589 fuit,eaq;
2017 557 2066 577 me
2077 557 2114 577 ex
2125 550 2185 577 tuis

1220 582 1372 613 mandatis
1383 587 1517 617 monuit.
1531 595 1596 625 quae
1604 596 1667 616 non
1677 588 1771 618 modo
1786 590 1863 618 mihi
1873 608 1882 623 ,
1895 589 1930 619 ad
1941 598 2033 630 quem
2051 590 2184 629 pertine-

1220 625 1292 654 bant
1301 644 1310 658 ,
1329 624 1379 655 sed
1399 626 1541 656 universo
1556 627 1669 657 senatui
1690 638 1835 660 venerant
1851 632 1884 660 in
1902 640 2038 661 mentem
2055 650 2063 664 ,
2084 629 2183 670 praefi*

1219 665 1272 696 dio
1295 664 1424 696 firmiori
1446 676 1522 707 opus
1540 666 1597 697 ess‘e
1615 668 1650 698 ad
1674 668 1759 699 istam
1778 673 1977 710 provinciam.
2012 672 2180 703 Censebant

1220 708 1305 737 enim
1316 717 1425 737 omnes
1434 707 1496 738 fere
1508 728 1516 741 ,
1529 711 1604 738 utin
1615 710 1698 739 Italia
1718 711 1960 751 supplementum
1974 716 2050 744 meis
2061 734 2070 748 ,
2086 713 2119 744 &
2130 715 2183 744 Bi-

1220 748 1285 778 buli
1295 749 1465 791 legionibus
1476 750 1658 780 scriberetur.
1682 751 1717 781 Id
1728 762 1797 782 cum
1809 755 1958 795 Sulpicius
1970 775 1977 789 ‚
1988 755 2104 789 consul,
2116 756 2182 795 pas·

1222 791 1324 820 surum
1338 791 1367 821 se
1386 800 1524 832 negaret,
1545 792 1640 823 multa
1651 801 1707 822 nos
1726 794 1850 834 quidem
1868 796 1965 835 questi
1985 797 2103 827 sumus:
2127 796 2179 828 sed

1220 841 1318 862 tantus
1334 832 1497 863 consensus
1514 834 1631 863 senatus
1650 833 1725 868 fuit,
1745 844 1777 864 ut
1789 841 1900 867 mature
1912 836 2178 877 proficisceremur.

1220 873 1386 914 parendum
1398 883 1429 904 ut
1439 873 1545 904 fuerit:
1562 876 1660 916 itaque
1670 875 1810 906 fecimus.
1836 880 1940 912 Nunc,
1952 880 2031 920 quod
2043 881 2059 910 a
2069 889 2095 910 te
2105 880 2180 921 petii

1221 917 1328 946 litteris
1342 917 1393 949 iis,
1407 926 1479 957 quas
1492 919 1602 947 Romae
1617 917 1776 948 tabellariis
1786 921 1845 948 tuis
1856 920 1924 950 dedi
1937 940 1945 954 ‚
1957 921 2051 950 velim
2062 923 2115 951 tibi
2126 931 2180 951 cu-

1222 967 1261 988 rae
1273 956 1325 991 sit,
1337 966 1390 991 ut,
1405 968 1470 998 quae
1491 957 1645 988 succeffori
1664 959 1912 1000 conjunffiffimo
1924 981 1932 994 ‚
1952 963 1984 991 &
2000 962 2179 993 amiciffimo

1222 999 1419 1030 commodare
1429 999 1525 1040 potest
1535 1002 1559 1030 is
1571 1020 1579 1034 ‚
1598 1002 1649 1041 qui
1662 1003 1850 1041 provinciam
1862 1003 1949 1034 tiadit
1960 1023 1968 1037 ‚
1986 1008 2001 1031 7
2011 1014 2044 1034 ea
2053 1014 2106 1044 pro
2120 1014 2181 1034 no-

1223 1040 1279 1072 stra
1289 1038 1538 1072 consociatiffima
1549 1043 1702 1073 voluntate
1711 1064 1719 1078 ‚
1734 1054 1812 1078 cura,
1823 1055 1855 1074 ac
1866 1044 2023 1087 diligentia
2034 1054 2083 1076 tua
2091 1055 2180 1075 com-1

1220 1082 1364 1124 pleStare:
1380 1092 1412 1113 ut
1422 1093 1529 1114 omnes
1540 1084 1707 1126 intelligant
1720 1106 1728 1119 ,
1749 1096 1804 1116 nec
1813 1096 1863 1116 me
1871 1086 2181 1118 benivolentioricui-

1222 1134 1313 1166 quam
1325 1124 1477 1155 succedere
1491 1146 1499 1159 ,
1518 1136 1573 1156 nec
1584 1134 1611 1155 te
1632 1129 1768 1157 amiciori
1785 1126 1914 1167 potuisse
1923 1130 2111 1169 provinciam
2123 1138 2183 1159 tra-

1222 1168 1303 1197 dere.
1317 1169 1366 1197 Ex
1374 1168 1412 1196 iis
1421 1167 1543 1201 litteris,
1554 1177 1679 1208 quarum
1691 1169 1725 1199 ad
1736 1179 1785 1199 me
1793 1171 1971 1210 exemplum
1983 1169 2097 1205 misisti,
2107 1180 2181 1212 quas

1221 1210 1254 1238 in
1264 1207 1366 1239 senatu
1376 1210 1490 1242 recitari
1499 1208 1620 1239 voluisti
1634 1230 1641 1243 ,
1654 1209 1691 1240 sic
1700 1211 1908 1243 intellexeram
1920 1233 1928 1245 ,
1942 1213 2109 1253 permultos
2122 1215 2139 1242 a
2149 1223 2179 1242 te

1223 1250 1336 1280 milites
1356 1248 1414 1280 effe
1434 1249 1589 1281 dimissos:
1612 1252 1661 1282 sed
1680 1254 1756 1282 mihi
1770 1253 1876 1283 Fabius
1894 1253 1978 1284 idem
1989 1253 2177 1285 demonstra·—

1220 1294 1265 1322 vit
1275 1312 1284 1325 ‚
1300 1292 1330 1322 id
1341 1301 1369 1322 te
1381 1291 1518 1333 cogitass'e
1528 1292 1622 1324 facere
1636 1304 1642 1322 2
1660 1294 1708 1324 sed
1718 1304 1788 1324 cum
1799 1295 1860 1334 ipse
1871 1295 1887 1325 a
1897 1304 1924 1326 te
1935 1296 2114 1330 discederet,
2128 1298 2177 1326 in·

1219 1343 1334 1376 regrum
1347 1334 1482 1365 militum
1501 1344 1664 1366 numerum
1682 1334 1780 1366 fuisse.
1802 1336 1837 1367 Id
1848 1335 1869 1366 si
1878 1339 1919 1368 ita
1928 1336 1989 1367 est:
2007 1347 2175 1378 pergratum

1223 1377 1302 1406 mihi
1314 1375 1420 1407 feceris
1430 1396 1438 1410 ‚
1460 1375 1480 1406 fi
1490 1376 1558 1407 istas
1567 1379 1690 1418 exiguas
1699 1379 1798 1419 copias
1811 1397 1821 1412 ,
1839 1389 1911 1420 quas
1924 1378 2054 1410 habuisti
2063 1398 2071 1413 ‚
2083 1380 2176 1420 quam

1221 1417 1351 1448 minime
1368 1419 1563 1449 imminueris
1576 1429 1581 1447 ·.
1605 1415 1619 1438 ⁸
1636 1429 1693 1460 qua
1711 1419 1748 1450 de
1768 1430 1798 1450 re
1817 1420 2071 1452 senatusconsulto
2081 1441 2089 1454 ‚
2109 1430 2176 1461 quae.

1219 1458 1296 1490 fac‘ta
1305 1460 1382 1493 sunt,
1393 1459 1428 1490 ad
1438 1469 1465 1490 te
1475 1459 1562 1491 missa
1570 1459 1626 1491 effe
1637 1461 1771 1492 arbitror.
1788 1462 1939 1503 Equidem
1948 1472 2002 1502 pro
2012 1472 2059 1495 eo,
2072 1465 2177 1503 quanti

1218 1510 1246 1531 te
1256 1500 1335 1533 facio
1345 1521 1355 1534 ,
1386 1501 1513 1542 uidquid
1526 1501 1630 1532 feceris
1640 1523 1649 1536 ,
1660 1503 1840 1543 approbabo.
1862 1503 1919 1534 Sed
1930 1513 1958 1534 te
1969 1513 2089 1544 quoque
2097 1513 2174 1534 con-2

1222 1542 1284 1573 fido
1293 1542 1364 1574 eafa
1398 1553 1486 1573 urum
1499 1563 1508 1576 ,
1520 1553 1584 1584 quae
1595 1546 1672 1574 mihi
1682 1545 1834 1586 intelliges
1844 1545 1980 1588 inprime
1989 1543 2046 1575 esse
2055 1555 2177 1576 accoma

1221 1584 1352 1615 mod-ata.
1376 1587 1441 1626 Ego
1448 1587 1484 1615 C.
1494 1587 1693 1625 Pomptinum
1707 1606 1715 1620 ‚
1734 1587 1865 1628 legatum
1883 1596 1987 1617 meum
1999 1606 2009 1621 ‚
2029 1585 2180 1616 Brundisii

1219 1625 1429 1667 exspefflbam
1441 1637 1446 1656 1
1458 1636 1589 1668 eumque
1599 1636 1665 1658 ante
1677 1628 1807 1658 Kalend.
1815 1630 1887 1670 Jun.
1899 1626 2091 1659 Brundisium
2102 1638 2180 1658 ven-

1219 1677 1320 1699 turum
1331 1668 1466 1699 arbitror.
1477 1671 1538 1709 Qi
1546 1679 1618 1699 cuin
1629 1671 1755 1708 venerit,
1767 1673 1782 1696 9
1794 1680 1859 1711 quae
1867 1672 2004 1712 primum
2013 1669 2177 1712 navigandi

1219 1710 1310 1741 nobis
1317 1709 1441 1741 facultas
1448 1710 1513 1742 data
1523 1713 1578 1742 erit
1587 1731 1596 1746 ‚
1610 1719 1739 1742 utemur.
1761 1713 1845 1743 Vale.

1306 1775 1309 1776 ⁷
1328 1764 1423 1794 MT.
1436 1765 1471 1794 C.
1502 1765 1656 1794 APPIO
1686 1765 1952 1798 PULCHRo,
1975 1767 2004 1796 S.
2021 1766 2062 1795 D.

1293 1807 1401 1836 Rima
1418 1815 1512 1836 nonas
1525 1806 1596 1847 Jun.
1607 1815 1678 1837 cum
1689 1804 1780 1836 essem
1800 1805 1946 1836 Brundisii
1957 1827 1966 1841 ‚
1989 1807 2100 1837 litteras
2115 1815 2178 1837 tuas

1293 1849 1407 1887 accepi:
1429 1847 1541 1888 quibus
1554 1856 1613 1878 erat
1623 1848 1763 1887 scriptum
1775 1868 1784 1881 ,
1801 1857 1828 1878 te
1839 1849 1874 1878 L.
1888 1848 1999 1878 Clodio
2011 1847 2175 1882 mandasse,

1219 1888 1385 1928 quaeilluin
1403 1898 1525 1919 mecum
1544 1889 1629 1930 loqui
1644 1889 1747 1920 velles.
1771 1892 1850 1920 Eum
1869 1889 1937 1920 sane
1957 1889 2176 1930 exspeaabam

1220 1939 1253 1959 ut
1270 1939 1303 1959 ea
1319 1949 1329 1963 ,
1357 1939 1425 1971 quae
1441 1930 1458 1960 a
1473 1938 1505 1960 te
1522 1929 1657 1964 afferret,
1706 1931 1775 1961 uam
1794 1932 1931 1971 primum
1950 1932 2175 1972 cognoscerem.

1220 1973 1327 2000 Meum
1338 1970 1471 2002 studium
1481 1981 1548 2013 erga
1557 1981 1596 2005 te,
1609 1972 1642 2002 &
1652 1982 1671 2002 o
1708 1974 1790 2002 cium
1800 1992 1809 2006 ‚
1821 1971 1936 2004 tametsi
1943 1974 2050 2004 multis
2056 1974 2119 2014 jam
2130 1982 2179 2003 re·

1219 2012 1276 2042 bus
1288 2013 1373 2053 spero
1384 2013 1440 2043 tibi
1452 2012 1511 2043 effe
1521 2016 1677 2054 cognitum
1690 2024 1697 2043 ι
1719 2022 1820 2044 tamen
1830 2016 1864 2045 in
1879 2016 1917 2044 iis
1931 2014 2066 2046 maxime
2074 2014 2179 2046 decla-

1219 2054 1301 2089 rabo,
1313 2055 1423 2095 quibus
1431 2055 1599 2095 plurimum
1612 2053 1772 2096 significare
1781 2065 1918 2096 potuero,
1930 2066 2010 2088 tuam
2020 2057 2101 2087 mihi
2112 2058 2178 2087 exi-

1220 2095 1440 2130 stimationem,
1452 2096 1485 2127 δε
1494 2096 1670 2138 dignitatem
1680 2096 1856 2128 cariffimam
1867 2096 1935 2129 esse.
1951 2101 2031 2129 Mihi
2042 2099 2074 2130 &
2082 2100 2180 2138 Qa-

1220 2137 1288 2168 bius
1307 2139 1492 2179 virgilianus
1502 2158 1510 2173 ‚
1530 2139 1564 2168 &
1583 2141 1616 2169 C.
1629 2139 1747 2170 Flaccus
1757 2159 1766 2174 ‚
1787 2142 1824 2170 L.
1845 2142 1879 2170 F.
1900 2140 1934 2171 ὃ(
1951 2139 2178 2182 diligentissime

1220 2181 1265 2210 M.
1275 2178 1418 2210 O&avius
1429 2200 1438 2214 ‚
1455 2182 1512 2210 Cn.
1527 2183 1558 2210 F.
1570 2180 1787 2211 demonstravit
1796 2201 1805 2216 ,
1827 2191 1878 2211 me
1890 2181 1906 2212 a
1915 2191 1944 2213 te
1953 2183 2079 2223 plurimi
2095 2181 2178 2212 fieri:

1217 2221 1300 2262 quod
1309 2231 1428 2262 egomet
1438 2222 1543 2252 multis
1554 2226 1741 2264 argumentis
1747 2224 1811 2263 jam
1822 2233 1906 2254 antea
1913 2224 2078 2264 judicatam
2089 2244 2098 2258 ‚
2113 2232 2180 2254 ma-

2027 2275 2177 2306 ximeque

252 2330 276 2348 r.
292 2324 329 2347 Sic
338 2323 372 2347 ei‘i‘
388 2323 431 2346 ribi
445 2321 560 2354 persuade
571 2340 580 2352 ,
597 2323 737 2355 cariffimuni
750 2331 770 2348 te
781 2324 840 2348 mihi
856 2322 922 2356 effe]
943 2320 1167 2347 Aiiimosiffimam
1211 2322 1279 2355 lum)
1300 2323 1398 2349 tolerat
1417 2322 1547 2359 superflua
1565 2325 1768 2352 exem-uentibus
1788 2324 1846 2352 inss‘.
1865 2325 1935 2352 Pali.
1946 2324 1996 2352 sec.
2011 2315 2169 2351 teffGrut·

212 2357 279 2383 hanc
291 2356 433 2383 lectionem
443 2356 561 2393 produco
572 2366 604 2383 ex
617 2357 684 2384 Pali.
695 2365 758 2384 tert.
770 2358 858 2394 quint.
869 2358 909 2383 cui
921 2356 938 2382 si
948 2356 1082 2392 displicet,
1093 2366 1169 2383 incn-

213 2400 270 2420 tem
279 2396 352 2420 certe
361 2392 424 2420 beta
433 2392 628 2428 languidiorem
639 2393 727 2420 habet.
749 2394 870 2429 vulgofic
879 2395 939 2418 enim
948 2394 992 2418 tibi·
999 2393 1122 2426 peifimdc.

252 2437 280 2455 2.
299 2429 431 2462 Intermiffa
439 2431 517 2462 nostra
525 2429 686 2462 consuetudine
695 2431 724 2461 &¹
738 2430 848 2463 gratia.]
870 2429 976 2465 Optimi
986 2429 1089 2455 codices
1102 2428 1169 2455 Pali.

214 2463 266 2492 sec.
277 2471 342 2491 tert.
361 2465 443 2490 Grut.
463 2473 496 2490 ne
506 2465 645 2500 vestigium
663 2465 760 2493 habent
780 2466 893 2492 duarum
914 2474 1010 2491 vocum
1028 2466 1058 2496 ἐγ
1070 2468 1171 2498 gratia.-

214 2509 279 2536 quas
290 2507 376 2527 tamen
388 2499 537 2527 necessarias
548 2500 599 2527 esse
610 2510 650 2528 res
661 2509 762 2528 monet.
786 2502 878 2528 verum
890 2499 956 2526 illud
968 2503 1102 2527 celebritate
1112 2501 1171 2527 lon-

214 2537 275 2572 gius
286 2535 438 2572 praeferrem
448 2535 489 2562 'illi
501 2538 626 2564 crebritate
638 2557 646 2569 ‚
660 2538 677 2564 fi
689 2538 808 2564 melioris
814 2537 957 2563 commatis
968 2536 1051 2563 codex
1063 2537 1170 2563 accede-

214 2579 274 2600 ret:
296 2571 357 2598 solis
368 2571 450 2598 Peck.
461 2572 517 2598 Pai.
528 2573 615 2608 quint.
626 2573 745 2600 editione
754 2574 838 2610 prima
852 2592 860 2604 ,
880 2572 935 2607 ejus
946 2572 1070 2599 leffionis
1080 2580 1171 2609 patro-

214 2609 267 2634 nis.
287 2615 405 2634 ceterum
416 2608 498 2634 m-iror
507 2617 554 2634 cur
565 2609 699 2636 ViRorius
710 2617 755 2636 aut
767 2609 839 2635 Rob.
850 2609 942 2644 steph.
953 2608 1067 2634 ediderit
1078 2619 1122 2635 non
1131 2612 1171 2634 in-

213 2651 291 2670 venta
308 2647 460 2672 eminet-va:
476 2642 570 2671 doceat
589 2654 631 2672 nie
646 2645 773 2682 quispiam
793 2645 902 2672 istorum
921 2643 1096 2680 satageorum.
1119 2643 1170 2671 Sed

213 2681 405 2720 Μαψλάκια
416 2705 425 2718 ,
441 2683 505 2714 Διὸς
525 2682 685 2720 ΚόρχνΘΘ.

215 2728 218 2734 ’
251 2733 265 2761 3
273 2745 277 2751 .
285 2726 353 2759 Qud
359 2734 430 2759 neque
439 2727 483 2750 tihi
492 2727 635 2760 amicitiam]
656 2726 776 2762 Antiqua
787 2725 839 2752 haec
849 2724 943 2757 lec‘lio²
955 2724 996 2751 {ed
1007 2735 1038 2752 au
1049 2724 1110 2752 ideo
1120 2726 1171 2752 mi-

214 2769 263 2787 nus
273 2761 468 2788 Ciceroniana?
487 2762 512 2787 O
527 2770 570 2788 vos
583 2771 705 2789 verveces
723 2763 768 2798 qui
782 2761 814 2787 ad
835 2761 948 2788 restrum
959 2769 1063 2797 captum
1083 2771 1112 2787 ac
1127 2762 1172 2796 ju-

216 2795 312 2824 diciuin
328 2797 457 2833 refingitis
477 2797 553 2824 istum
575 2798 672 2825 virum.
695 2798 729 2824 fic
739 2797 812 2825 estin
824 2797 891 2824 Pan.
903 2807 943 2833 pr.
954 2796 1003 2823 sec.
1016 2804 1079 2824 tert.
1091 2799 1173 2824 Grut.

218 2839 327 2868 eamque
336 2832 429 2870 ipsam,
441 2833 488 2860 nisi
498 2833 578 2860 failor
588 2834 678 2870 prodit
687 2843 716 2861 ac
726 2833 941 2869 stabilitJui-etns
953 2833 1033 2860 lib.iv
1041 2854 1046 2859 .
1058 2832 1172 2859 Misceil.

218 2866 252 2892 ad
262 2869 410 2903 Symmach.
422 2870 471 2905 Ep.
484 2878 511 2903 5.
525 2869 620 2905 vulgo,
629 2873 758 2898 eAmici'or.
778 2869 811 2896 fic
822 2869 895 2905 epist.
906 2869 956 2895 sec.
969 2869 1035 2895 Pali.
1047 2868 1096 2894 sec.
1107 2877 1172 2896 tert.

220 2902 301 2929 Grut.
311 2914 351 2930 nec
358 2912 380 2930 te
390 2907 516 2932 amicitiori
519 2907 616 2940 potuisse
622 2909 771 2939 provintiam
785 2907 888 2932 tradere.
909 2905 942 2932 sic
957 2905 1030 2941 epist.
1044 2914 1069 2939 5.
1092 2904 1171 2932 iidem

218 2936 296 2964 codd,
305 2943 415 2966 nminem
420 2943 514 2975 potuisti
521 2951 562 2967 nec
572 2944 629 2968 mihi
638 2945 800 2973 amicitiamn,
814 2943 864 2973 <ly-r.

254 2981 283 3007 4.
301 2975 384 3007 Qud
391 2977 440 3008 ejus
450 2978 531 3010 facere
544 2979 673 3013 potuerim]
692 2978 757 3011 94:¹11
767 2977 857 3014 sequar
869 2977 913 3003 hic
926 2997 933 3009 ,
948 2977 1044 3003 hoerco.
1061 2977 1116 3003 Pal.
1129 2987 1168 3013 pr.

534 3013 539 3018 “
578 3013 628 3040 sec.
649 3015 753 3041 :imanu
764 3013 875 3040 secunda
887 3033 895 3044 ‚
914 3013 1173 3054 qiiai·t.quiiit.qimd

217 3009 297 3045 quoad
304 3010 342 3035 vis
353 3011 435 3043 facere
447 3019 531 3044 potuer

217 3045 432 3079 quampiam.
444 3048 460 3073 zi.
469 3020 565 3082 qnihil}
572 3049 720 3084 paullulum
732 3057 836 3077 mutant
848 3050 928 3076 I‘eck.
940 3049 1004 3075 edit.
1016 3059 1102 3084 prim:
1112 3050 1171 3083 quod

215 3081 366 3120 qtjidemfat-
375 3088 439 3107 tei-t.
463 3082 508 3108 uod
513 3084 629 3119 equlfac.
639 3086 720 3112 Grut.
731 3095 780 3121 qna
789 3088 838 3120 ejus
841 3087 894 3120 fac.
925 3094 963 3112 uae
974 3085 1038 3112 mihi
1047 3086 1166 3112 omnium

216 3115 324 3142 videtui·
335 3091 497 3145 sincerissiyma
508 3129 513 3144 z
535 3128 593 3146 nam
603 3121 681 3154 quoad
687 3121 709 3155 ej
715 3131 742 3148 us
753 3121 880 3157 glossema
890 3096 937 3149 ea.

257 3160 282 3182 5.
301 3154 328 3177 Si
336 3153 467 3178 rationibus
475 3154 528 3179 meis
535 3156 654 3188 provifiam
670 3159 711 3190 effe
726 3158 883 3193 intellexero]
905 3157 992 3195 Vulgo
1009 3168 1014 3185 :
1037 3159 1169 3184 raetiunibus

215 3187 272 3215 περὶ(
282 3186 298 3215 ἁ
310 3195 330 3215 ιε
338 3189 467 3224 Ρωτψυη.
486 3189 582 3218 Lamb.
597 3193 717 3228 provisum
726 3192 741 3220 ti
749 3200 774 3221 te
794 3194 835 3229 effe
851 3196 954 3224 inultm,
974 3193 1018 3224 sed
1029 3195 1088 3232 quis
1101 3202 1168 3230 ‘rina-

1214 2358 1404 2385 stewechiano
1417 2363 1428 2386 ,ἲ

1251 2395 1280 2420 6.
1303 2396 1440 2429 &Fabius
1451 2397 1556 2428 Legarui-
1570 2396 1653 2430 turm]
1673 2397 1759 2423 Nolui
1770 2397 1914 2424 immutare
1933 2397 1997 2424 hanc
2008 2395 2151 2428 leiffloucm
2166 2406 2176 2423 t

1215 2430 1277 2457 licet
1287 2440 1327 2466 pr.
1345 2430 1412 2457 edit.
1423 2430 1495 2457 Viti.
1506 2431 1563 2458 Pul.
1575 2442 1616 2468 pr.
1627 2440 1692 2460 tert.
1705 2435 1786 2460 Grut.
1798 2434 1884 2460 Vatic.
1896 2433 2062 2468 totidemque
2073 2431 2178 2459 Guliel.

1215 2467 1351 2502 ingerant,
1361 2469 1539 2500 QFabianue.
1551 2467 1618 2494 illud
1630 2470 1758 2500 „Qfabim
1766 2477 1934 2506 propugnant
1947 2468 2014 2495 Pali.
2024 2468 2074 2494 sec.
2088 2475 2179 2504 quart.

1216 2504 1303 2539 quint.
1319 2502 1374 2539 ipse
1385 2505 1481 2529 cicero
1493 2503 1609 2539 Epistola
1628 2504 1746 2540 sequenti
1759 2516 1765 2531 :
1788 2505 1831 2531 ubi
1852 2508 1887 2536 gi.
1897 2507 1964 2530 Fabii
1973 2506 2099 2537 Virgiliam'
2117 2513 2176 2530 iuc-

1216 2539 1334 2565 minerit.
1353 2539 1444 2575 paullo
1453 2539 1508 2575 post
1519 2548 1609 2566 omnes
1620 2540 1678 2566 inss'.
1689 2541 1769 2567 nostri
1782 2560 1790 2572 ,
1811 2541 1878 2567 ut&
1889 2541 2021 2567 stewech.
2031 2539 2179 2568 ass'everant

1215 2585 1265 2615 qua⁸
1273 2585 1317 2601 non
1328 2577 1387 2601 mihi
1398 2594 1406 2606 ,
1428 2577 1462 2600 ad
1469 2577 1711 2609 qucmpei-iinebam5
1731 2583 1821 2604 emoto
1831 2576 1879 2603 illo
1889 2577 1968 2610 »ιαὼς
1987 2583 2081 2603 contra
2101 2576 2176 2612 vulgi

1216 2611 1364 2647 opiniones.

1252 2655 1279 2681 7.
1300 2650 1338 2673 Ea
1344 2654 1387 2679 pro
1396 2648 1473 2680 nqstra
1491 2647 1675 2681 conficiatiffima
1683 2649 1808 2674 voluntate
1819 2668 1827 2680 ,
1850 2657 1910 2675 cura
1927 2657 1956 2675 ac
1965 2649 1990 2676 d.
2001 2648 2038 2683 c.]
2062 2649 2106 2675 Sic
2115 2657 2176 2675 me—

1215 2682 1295 2709 liores
1305 2683 1408 2709 codices
1420 2682 1499 2708 nosti-i
1515 2693 1520 2708 z
1545 2682 1644 2709 Medic.
1664 2683 1769 2710 Vitior.
1781 2684 1848 2710 l‘ail.
1860 2694 1901 2721 pr.
1913 2684 1964 2711 sec.
1984 2692 2073 2720 quart.
2084 2685 2175 2721 quint.

1215 2719 1302 2745 Vatic.
1314 2728 1359 2745 cur
1370 2717 1515 2744 Lambinus
1527 2727 1556 2744 ac
1569 2719 1704 2746 Manutius
1718 2720 1903 2756 antiquislimae
1912 2721 1973 2748 huic
1983 2720 2093 2747 leffioni
2114 2721 2176 2747 vul-

1213 2764 1316 2790 garem,
1328 2756 1504 2788 constantiffima
1513 2756 1638 2781 voluntate
1651 2765 1705 2789 erga
1715 2763 1747 2789 te,
1757 2766 1816 2783 cura
1827 2776 1836 2789 ‚
1845 2758 1899 2788 ὡς.
1918 2755 2061 2794 pi·aefei·aiit
2074 2776 2082 2790 ‚
2093 2757 2176 2784 velim

1215 2790 1280 2817 stire
1292 2790 1404 2817 caulam.

1252 2830 1278 2856 8.
1297 2830 1353 2863 Qu*
1371 2831 1397 2855 de
1416 2839 1440 2856 re
1448 2831 1645 2865 Senatuscnfidzo
1663 2841 1712 2866 qun
1723 2833 1795 2866 faHa
1807 2833 1892 2868 firm]
1911 2835 1953 2861 Ita
1971 2841 2086 2870 quatuor
2106 2833 2176 2860 Pali.

1216 2867 1298 2893 Grut.
1311 2866 1443 2893 stewech.
1455 2866 1491 2892 ita
1501 2874 1589 2894 tamen
1602 2875 1630 2894 ut
1640 2868 1746 2895 :iuribus
1757 2870 1822 2895 meis
1834 2879 1885 2896 non
1897 2870 2002 2906 ingrata
2011 2869 2110 2896 accidat
2119 2870 2178 2906 pri—

1217 2902 1251 2927 mi
1264 2902 1349 2929 i’alat.
1361 2902 1518 2929 collocatio:
1541 2903 1590 2936 qim*
1609 2904 1635 2928 de
1645 2914 1669 2929 re
1677 2914 1726 2939 qux
1741 2907 1813 2938 faHa
1825 2906 1884 2939 fient
1897 2907 2092 2940 senatusconfialto
2106 2907 2140 2931 ad
2155 2913 2179 2932 re

1216 2939 1282 2971 misti«
1291 2940 1332 2972 effe
1350 2940 1464 2964 arbitror.
1484 2938 1566 2974 vulgo
1576 2943 1679 2966 senaim
1693 2942 1796 2975 confidta
1807 2960 1816 2974 ,
1834 2942 1859 2968 in
1871 2951 1948 2978 quain
1960 2941 2105 2970 lcistionem
2117 2942 2175 2970 Pal.

1216 2981 1305 3009 quart.
1317 2974 1492 3009 interpolatus
1503 2975 1549 3001 est.
1773 3002 1776 3008 ,

1250 3023 1278 3055 9.
1298 3016 1354 3047 Qae
1366 3018 1471 3048 primum
1489 3016 1623 3048 navigandi
1634 3017 1697 3042 nobis
1712 3019 1820 3050 facultas
1829 3019 1888 3046 dara
1898 3022 1944 3045 erit
1954 3038 1962 3050 ,
1981 3019 2099 3053 memma]
2126 3018 2176 3045 Li-

1213 3049 1362 3086 quidiffima
1379 3050 1460 3076 ieffio
1472 3051 1524 3077 haec
1534 3059 1590 3078 erat
1610 3052 1636 3078 iii
1657 3052 1724 3079 Pall.
1743 3053 1877 3090 prioribus
1915 3063 2021 3082 uanior.
2041 3064 2068 3081 ιιι
2090 3054 2174 3080 Peck.

1213 3088 1294 3113 Grut.
1305 3096 1335 3112 ac
1346 3086 1478 3113 stewech.
1490 3088 1556 3113 item
1567 3089 1711 3116 Vaticano:
1736 3099 1813 3126 quam
1825 3094 1840 3117 a
1862 3065 1984 3117 Vigenna
2012 3093 2117 3127 quoque
2133 3091 2176 3116 iii-

1213 3130 1317 3149 ventam
1328 3129 1407 3158 :itque
1419 3121 1517 3149 editam
1531 3122 1618 3150 video.
1639 3124 1778 3161 vulgatum
1789 3126 1865 3159 alias,
1874 3129 1927 3161 Q?
1936 3137 1987 3152 cum
1998 3130 2093 3152 venerit
2105 3146 2112 3157 ‚
2124 3135 2177 3151 cum

1209 3161 1311 3191 primum
1318 3159 1453 3192 navi'gandi
1462 3161 1641 3194 nobisfeicultas
1651 3161 1712 3188 data
1722 3165 1780 3196 erit,
1789 3162 1819 3190 ea*
1827 3170 1930 3192 uecnmr.
1940 3162 2022 3200 aliqui
2034 3161 2091 3190 mss.
2102 3160 2178 3196 quam

1207 3198 1327 3230 primum:
1345 3198 1418 3232 acque
1429 3195 1509 3225 male.

1589 3232 1694 3262 Oooo
2091 3235 2177 3261 1.Duo

2204 468 2219 481 ¹·

2197 1774 2219 1804 4
