2379 3400
187 455 224 479 21

196 1948 241 1971 22
255 1940 334 1968 tonis
355 1937 428 1967 fere.

247 121 371 181 1264

241 211 315 232 num
338 202 424 241 igitur
443 207 475 227 eti
490 194 655 227 defiderant
671 192 872 223 adolescentes
891 193 901 219 ἒ
925 190 991 220 sunt
1009 187 1189 218 &ineuntis

241 241 453 272 adolescentiae.
468 247 541 267 num
553 247 585 266 ea
596 237 654 274 jam
668 233 804 264 constans
815 234 938 273 requirit
947 240 1015 260 aetas
1025 250 1034 263 ,
1050 239 1114 269 quae
1126 237 1190 257 me-

243 284 291 312 dia
310 283 437 310 dicitur?
457 280 522 308 sunt
539 280 628 307 etiam
649 278 736 314 hujus
752 276 853 304 aetatis.
878 283 914 303 ne
929 283 961 302 ea
974 272 1098 312 quidem
1112 279 1192 310 quae-

244 323 373 358 runturi
385 319 543 351 fenerante.
568 319 635 348 sunt
646 326 778 346 extrema
795 315 929 355 quaedarn
942 313 1040 343 studia
1057 310 1194 342 senectu-

246 367 293 394 tis.
317 372 386 403 ergo
399 381 407 395 ‚
420 371 452 390 ut
462 362 648 399 superiorum
659 367 778 388 aetatum
791 357 885 386 studia
894 355 1055 388 occidunt,
1066 352 1104 383 fic
1114 354 1194 383 occi-

243 405 319 434 dunt
328 406 417 433 etiam
430 401 598 432 senestutis.
612 400 692 441 quod
702 399 773 429 cum
785 398 898 431 evenit.
911 397 1024 427 satietas
1039 397 1107 425 vitae
1117 403 1194 425 tem-

244 455 298 486 pus
319 454 469 474 maturum
489 445 595 473 mortis
611 440 707 471 affert.
750 440 898 480 Equidem
919 448 983 468 non
1001 437 1112 470 video,
1131 445 1194 468 cur,

244 486 316 527 quid
338 486 398 526 ipse
415 485 540 515 sentiam
561 484 597 514 de
614 493 732 515 morte,
752 492 816 511 non
834 480 958 511 audeam
976 479 1065 509 vobis
1077 478 1194 508 dicere:

245 527 328 568 quod
340 537 375 557 eo
385 526 496 556 melius
505 527 581 555 mihi
591 535 709 555 cernere
719 524 825 553 videor
834 543 843 557 ‚
852 521 914 562 quo
924 522 959 551 ab
969 531 1001 551 ea
1010 520 1133 560 propius
1144 519 1196 548 ab·

245 571 322 600 sum.
346 572 408 609 Ego
419 568 531 598 vestros
543 576 636 607 patres
648 586 656 599 ‚
672 569 702 596 P.
714 567 814 605 Scipio
825 585 833 598 ,
855 573 945 603 tuque
955 583 965 596 ‚
977 565 1008 592 C.
1022 562 1097 592 Laeli
1108 581 1116 594 ‚
1137 561 1194 591 cla-

244 609 390 644 riffimos,
413 611 549 650 mihique
567 606 761 639 amicissimos
773 628 782 640 ,
801 608 905 636 vivere
922 605 1064 635 arbitro-r:
1088 603 1195 633 &earn

245 653 368 693 quidem
382 653 473 682 vitam
486 673 493 685 ‚
504 661 570 691 quae
579 649 621 680 est
631 650 690 679 sola
701 651 760 678 vita
771 647 965 677 nominanda.
989 648 1070 675 Nam
1084 664 1094 678 ‚
1108 655 1127 673 n
1137 655 1159 674 o
1170 655 1195 674 M

248 696 351 724 sumus
361 696 394 723 in
405 695 450 722 his
460 690 563 722 inclufi
572 691 767 730 compagibus
777 691 920 728 corporis,
931 690 1056 717 munere
1067 686 1196 727 quodam

247 734 438 768 neceffitatis‚
461 734 493 763 &
523 735 582 763 ravi
592 743 680 772 opere
691 730 907 772 perfungimur.
931 729 973 759 est
984 731 1065 758 enirn
1076 729 1196 757 animus

247 776 370 807 caelestis
383 786 420 806 ex
436 776 496 806 altit
510 785 575 805 imo
590 774 749 805 domicilio
763 770 930 812 deprefl'uS,
949 768 1072 810 &quasi
1081 770 1200 799 demer-

246 819 294 849 sus
316 820 348 847 in
367 826 472 848 terram
483 837 492 849 ‚
513 817 615 847 locum
626 816 737 846 divinae
748 823 856 844 natura:
869 833 876 847 ,
897 813 1197 852 aeternitatique-con-

247 862 380 890 trarium.
403 859 459 889 Sed
475 868 493 888 c
503 868 525 887 R
534 868 553 887 Ε
562 868 609 888 no
621 878 629 891 ‚
649 857 720 887 deos
733 856 930 886 immortaleis
943 852 1067 893 sparfiss'e
1079 855 1198 882 animos

248 904 413 941 incorpora
423 901 552 930 humana
565 920 573 933 ,
585 909 617 929 ut
628 898 719 928 essent
728 919 736 931 ,
746 899 797 938 qui
808 906 895 927 terras
907 899 1058 926 tueremur
1068 914 1075 927 ‚
1087 896 1198 934 quique
1218 909 1220 938 Ξ

247 941 411 973 caelestium
422 942 559 972 ordinem
571 940 806 979 contemplantes
817 958 825 972 ‚
842 939 1033 968 imitarentur
1046 946 1114 966 eum
1131 938 1199 966 vitae
1218 940 1220 943 “

249 984 344 1014 modo
355 1004 363 1017 ,
376 993 462 1024 atque
472 982 645 1013 constantia.
666 992 720 1011 nec
731 990 780 1010 me
792 980 889 1010 solum
901 980 986 1011 ratio,
997 988 1029 1008 ac
1040 978 1200 1017 disputatio

248 1026 374 1065 impulit
386 1046 393 1058 ,
414 1035 445 1055 ut
456 1027 496 1054 ita
505 1024 672 1054 crederem:
694 1023 742 1052 sed
754 1022 895 1052 nobilitas
905 1023 993 1050 etiam
1007 1020 1197 1049 summorum

247 1067 497 1108 philosophorum
513 1086 522 1100 ,
546 1066 578 1095 ὅτ.
598 1065 766 1095 auctoritas.
797 1063 964 1093 Audiebam
983 1062 1198 1101 Pythagoram,

248 1109 522 1149 Pythagoreosquc,
543 1108 654 1138 incolas
671 1106 755 1147 piene
775 1104 912 1138 nostros,
930 1105 982 1145 qui
1000 1101 1201 1133 effentltalici

246 1151 402 1192 philosophi
414 1150 566 1190 quondam
584 1150 750 1180 nominati,
772 1156 939 1187 numquam
949 1142 1090 1175 dubitass‘e
1103 1163 1110 1177 ‚
1131 1143 1199 1185 quin

250 1202 286 1222 ex
307 1193 437 1232 univerfiz
456 1200 544 1221 mente
560 1191 661 1220 divina
676 1188 810 1220 delibatos
827 1190 935 1219 animos
951 1186 1119 1216 haberemus.
1150 1185 1202 1215 de-

253 1233 494 1264 monstrabantur
512 1234 590 1263 mihi
609 1242 749 1273 praererea
766 1241 832 1272 quae
840 1235 972 1261 Socrates
986 1229 1124 1268 supremo
1133 1230 1203 1257 vita:

250 1277 299 1306 die
309 1276 345 1306 de
357 1276 583 1305 immortalitate
592 1277 765 1304 animorum
777 1270 951 1303 disseruisset
961 1290 969 1305 ,
987 1274 997 1289 ¹
1011 1273 1051 1303 is,
1071 1270 1121 1310 qui
1131 1267 1204 1298 ess'et

250 1315 477 1357 sapientissimus
495 1317 615 1346 oraculo
634 1316 788 1356 Apollinis
806 1314 964 1354 judicatus.
987 1312 1068 1353 Qid
1089 1311 1204 1341 multa?

250 1357 290 1389 fic
300 1360 375 1388 mihi
387 1357 508 1398 persuasi
519 1378 527 1392 ‚
547 1357 584 1387 sic
596 1358 691 1388 sentio
703 1378 712 1391 ‚
732 1367 751 1386 c
761 1367 783 1387 u
794 1366 821 1385 M
839 1367 858 1385 τ
869 1364 892 1384 A
901 1365 950 1384 NT
960 1363 982 1383 A
995 1354 1128 1384 celeritas
1139 1352 1202 1383 ani-

253 1410 374 1431 morum
394 1399 427 1430 sit
438 1421 446 1433 ,
467 1409 543 1430 tanta
557 1400 704 1429 memoria
717 1399 934 1438 praeteritorum
945 1416 954 1430 ,
973 1395 1204 1438 futurorumque

251 1442 428 1483 prudentia,
439 1450 566 1471 totartes
576 1461 583 1475 ‚
596 1450 684 1471 tantae
693 1441 832 1472 scienti-22,
844 1448 890 1469 tot
899 1441 1035 1471 inventa,
1047 1446 1111 1466 non
1122 1434 1204 1476 posse

253 1493 319 1513 eam
339 1493 474 1513 naturam
491 1503 500 1516 ‚
518 1493 584 1524 quae
606 1486 675 1512 ²res
693 1491 740 1512 eas
758 1483 929 1513 contineat,
949 1478 1007 1510 ess'e
1027 1479 1184 1508 mortalem
1200 1487 1205 1506 :

251 1534 381 1564 cumque
402 1524 516 1563 semper
532 1526 656 1564 agitetur
675 1525 813 1556 animm,
834 1532 888 1552 nec
899 1522 1083 1561 principium
1102 1528 1206 1549 motus

253 1565 377 1598 habeat,
396 1567 465 1605 quia
478 1566 505 1595 se
518 1567 577 1604 ipse
588 1574 706 1594 moveat
718 1575 723 1593 :
744 1574 782 1593 ne
795 1563 886 1593 finem
897 1562 1021 1602 quidem
1033 1561 1205 1590 habiturum

255 1605 313 1636 effe
325 1615 424 1636 motus
435 1626 443 1639 ,
462 1608 530 1646 quia
540 1615 706 1645 numquam
717 1605 815 1644 seipse
826 1603 859 1634 sit
869 1602 1036 1633 relicturus.
1060 1602 1093 1631 &
1104 1620 1112 1634 ,
1130 1599 1205 1630 curn

253 1647 380 1687 simplex
392 1650 486 1677 animi
501 1656 601 1677 natura
614 1645 703 1680 esset,
722 1656 818 1685 neque
829 1645 949 1675 haberet
959 1646 992 1673 in
1003 1642 1204 1714 sessquidquam

255 1688 418 1719 admistum
437 1689 532 1728 dispar
549 1689 593 1718 sui
603 1709 614 1721 ‚
635 1698 720 1728 atque
733 1686 873 1717 diffimile
884 1705 893 1720 ,
911 1696 975 1715 non
985 1695 1023 1724 po
1051 1696 1066 1713 e
1077 1693 1146 1713 eum
1158 1683 1206 1712 di-

255 1731 338 1760 vidi:
359 1731 441 1770 quod
461 1729 480 1758 fi
500 1740 563 1760 non
577 1728 681 1769 poffir2
702 1738 764 1759 non
777 1726 860 1767 poffe
880 1728 1017 1756 interire:
1037 1734 1207 1765 magnoque

254 1771 315 1801 ess'e
324 1781 500 1812 argumento
510 1791 518 1804 ,
535 1780 687 1800 nommsss
705 1771 775 1800 scire
785 1769 924 1808 pleraque
934 1768 1002 1797 ante
1016 1787 1025 1800 ,
1042 1775 1132 1806 quam
1144 1766 1206 1794 nati

254 1812 322 1846 sint,
333 1812 412 1853 quod
422 1813 483 1852 jam
493 1814 587 1852 pueri,
601 1812 671 1841 curn
684 1812 770 1841 arteis
782 1808 931 1840 difficileis
941 1809 1065 1840 discant,
1077 1809 1117 1836 ita
1125 1807 1204 1836 cele-

253 1857 325 1885 riter
335 1864 379 1884 res
392 1853 640 1884 innumerabileis
649 1854 809 1892 arripiant,
822 1860 853 1881 ut
863 1861 911 1880 eas
921 1860 983 1880 non
993 1859 1057 1879 tum
1068 1847 1206 1888 primum

254 1898 384 1936 accipere
394 1895 550 1926 videantur
559 1914 567 1928 ,
580 1894 628 1925 sed
639 1894 808 1926 reminisci,
821 1893 853 1923 δε
863 1893 1017 1922 recordari.
1036 1894 1048 1918 3
1059 1892 1133 1920 Haec
1143 1890 1207 1920 Pla-

474 1936 562 1977 Apud
579 1938 816 1976 Xenophontem
838 1943 937 1964 autern
961 1936 1094 1963 moriens
1116 1934 1209 1971 Cyrus

257 1980 354 2018 major
365 1999 374 2012 ‚
393 1980 456 2009 haec
469 1979 552 2009 dicit.
577 1978 675 2007 Nolite
683 1976 839 2009 arbitrari,
859 1973 873 2003 ὃ
889 1976 961 2004 mihi
979 1973 1127 2013 chariffimi
1135 1973 1207 2012 filii,

257 2032 319 2054 me,
340 2019 404 2049 crim
421 2016 439 2049 ὰ
458 2019 533 2049 vobis
545 2018 677 2059 diftaeffern
689 2038 697 2053 ‚
717 2019 873 2059 nusquam,
892 2024 946 2046 aur
955 2015 1139 2054 nauumfore.
1162 2025 1208 2043 nec
1227 2012 1229 2036 ἱ

252 2063 327 2092 enim
339 2083 346 2096 ‚
356 2063 424 2091 dum
433 2073 508 2091 eram
517 2060 658 2101 vobifium
670 2081 678 2094 ,
689 2061 816 2091 animum
827 2069 920 2087 meum
930 2057 1065 2087 videbam
1075 2056 1139 2095 :sed
1147 2065 1210 2084 eum

259 2104 308 2141 effe
321 2115 349 2132 m
359 2105 407 2133 hoc
417 2111 538 2144 corpore,
560 2113 594 2131 ex
604 2103 635 2131 1⁴13
644 2101 720 2131 rebm
731 2122 739 2136 ‚
758 2111 828 2142 quas
838 2100 969 2141 gerebam
979 2120 988 2133 ‚
1007 2096 1208 2137 intelligebatis.

256 2146 370 2174 eundem
389 2146 480 2185 igitur
498 2145 546 2182 effe
563 2144 712 2177 creditore,
734 2145 821 2172 ctiam
829 2143 856 2183 fi
867 2143 974 2171 nudum
987 2139 1125 2169 videbitis.
1149 2141 1210 2167 Nec

256 2186 322 2216 verb
339 2188 476 2216 clarorum
496 2188 624 2215 virorum
637 2184 702 2227 poft'
715 2193 830 2214 mortem
843 2185 951 2213 honores
962 2188 1167 2224 permanerent,
1185 2179 1213 2220 fi

255 2228 332 2258 nihil
339 2238 430 2258 eorum
442 2229 560 2269 ipsorum
570 2228 660 2256 animi
669 2227 799 2266 efficerent
811 2246 820 2260 ‚
839 2230 856 2252 4
865 2236 919 2266 quo
929 2223 1040 2254 diutius
1049 2224 1212 2252 memoriam

253 2271 303 2311 sui
314 2278 474 2300 teneremm.
489 2270 570 2299 Mihi
579 2269 692 2310 quidem
702 2266 1020 2309 numquampersuaderi
1030 2266 1135 2313 potnit,
1147 2264 1212 2309 aiii-

257 2446 293 2465 ru
300 2436 434 2465 liberatus
443 2456 451 2469 ‚
461 2444 547 2476 purus
558 2435 592 2467 &-
603 2443 707 2474 integer
718 2434 765 2471 effi
775 2433 892 2475 coepiſjet
900 2452 909 2466 ,
921 2440 984 2461 tum
993 2431 1042 2469 effi:
1050 2431 1212 2472 sapientem.

301 2679 323 2696 1.
334 2673 357 2696 Is
367 2672 408 2704 qui
417 2670 653 2702 effetshpientffmut
662 2666 780 2700 oraculo]
797 2666 891 2692 Mouet
901 2663 1062 2691 Gulielmius
1073 2662 1130 2688 rnss‘.
1141 2670 1215 2687 omn.

260 2704 373 2738 adjicere
383 2707 433 2738 effit
443 2705 602 2737 omniumsap.
622 2713 706 2739 neque
715 2703 793 2728 aliter
803 2701 836 2727 dc
848 2700 942 2736 viginti
963 2699 1066 2734 aliquot
1076 2697 1126 2724 suis
1138 2697 1215 2723 testa-

263 2747 307 2765 tur
317 2741 400 2767 Aldus
413 2742 515 2776 Nepos.
534 2739 603 2766 abest
615 2747 702 2765 tamen
713 2738 770 2764 Pal.
780 2738 878 2773 primo.
899 2735 966 2762 haud
977 2742 1064 2761 tamen
1076 2733 1215 2759 disconve-

263 2776 315 2801 nit.
335 2779 461 2802 Ceterum
482 2775 559 2802 facile
581 2783 686 2811 paterer
704 2793 712 2806 ,
738 2783 771 2799 eo
788 2773 897 2799 admiffo
915 2770 1014 2797 auferri
1035 2778 1088 2796 tres
1110 2768 1216 2794 voculas

264 2812 364 2845 priores
378 2831 385 2843 ,
404 2812 423 2837 is
432 2814 474 2846 qui
482 2812 545 2844 effer.
564 2820 623 2837 nam
638 2819 685 2836 cur
697 2809 836 2835 videantur
849 2807 984 2841 adjeffitia
994 2805 1044 2832 esse
1057 2824 1065 2837 ‚
1082 2805 1149 2831 facit
1160 2804 1215 2830 Pal.

264 2845 370 2872 secund.
382 2848 406 2872 iu
419 2856 470 2881 quo
483 2846 572 2872 visitur
584 2866 592 2878 ‚
610 2847 630 2873 ,²5
639 2847 691 2879 effi!
699 2849 740 2879 qul
748 2847 848 2871 omnium
854 2843 989 2877 safiennff.
999 2845 1033 2868 ef?
1042 2843 1134 2867 oraculo
1145 2859 1153 2873 ‚
1164 2840 1216 2871 &⁶-

265 2889 355 2916 quart.
366 2882 435 2908 eiiini
448 2891 505 2907 cuni
517 2881 604 2914 habet,
614 2883 634 2908 is
644 2884 756 2916 quierat.

303 2925 331 2942 2.
351 2920 394 2942 Res
404 2926 443 2941 cm
452 2919 595 2952 contineat]
619 2918 807 2952 Hittorpianus
818 2918 953 2941 continuat.

324 2972 329 2978 .
350 2957 400 2978 Haec
409 2952 514 2977 'Plato-m
526 2954 603 2987 sere]
625 2954 690 2979 Non
702 2954 788 2980 minus
800 2952 857 2978 heic
868 2951 969 2977 variant
980 2948 1048 2975 Pali.
1058 2957 1092 2984 qu
1098 2948 1139 2974 :iiii
1151 2946 1215 2973 Aidi

265 2961 345 3016 codd.
357 2996 414 3014 uam
428 2996 467 3021 pr.
486 2986 629 3014 adsentitur
641 2988 749 3019 lestioni
771 2996 847 3023 quani
859 2986 973 3023 publico.
993 2984 1042 3011 sec.
1061 2985 1138 3010 habet
1150 3002 1158 3015 ‚
1173 2985 1219 3009 haec

263 3024 371 3050 Platonis
384 3024 450 3055 sunt.
461 3029 524 3047 tert.
535 3026 585 3048 llxc
594 3025 663 3048 ‘Plato
672 3026 753 3054 noster.
763 3030 863 3059 quartt.
873 3023 988 3056 Haecsunt
997 3024 1066 3046 Plat.
1075 3021 1133 3051 sere.

303 3067 330 3092 4.
351 3061 400 3091 Qu
409 3060 502 3084 diutim·
514 3060 689 3091 mcmorlamsui
700 3060 852 3092 teneremus]
874 3059 938 3084 Non
949 3057 1023 3093 pejor
1034 3055 1114 3082 leffio
1129 3056 1217 3081 Maur.

266 3095 285 3123 fi
297 3105 346 3122 non
359 3094 463 3125 melior,
473 3094 611 3131 quojusti‘m
621 3103 687 3120 mum.
701 3095 741 3129 fici
750 3102 884 3121 mcrentur.
903 3093 1050 3130 Xenophon
1062 3103 1069 3119 ι
1090 3095 1105 3119 ἀ
1114 3093 1219 3125 mdiv&

272 3132 293 3158 οἱ
301 3132 379 3169 diuza}
389 3132 461 3166 >ineius
471 3131 538 3163 new.
555 3129 621 3156 Gul.

539 114 758 161 M.T.C.
807 113 983 156 Cri-ro
1032 109 1256 165 MAJOR
1306 121 1414 151 sau
1466 122 1536 153 niz
1592 108 1867 158 SENECT.

1231 188 1296 215 illac
1303 188 1398 216 omnia
1408 207 1416 221 ,
1426 186 1496 216 unde
1505 195 1567 217 orta
1573 188 1644 227 sunt
1655 199 1663 214 -·
1677 189 1788 217 animus
1797 192 1972 232 auremflilus
1984 213 1991 226 ,
2003 204 2049 223 nec
2057 192 2121 222 cam
2130 193 2187 222 ad·

1232 227 1275 256 eft'
1288 248 1296 261 ,
1313 238 1363 274 'nec
1372 227 1436 258 ciem
1444 228 1577 267 discedit,
1597 228 1724 270 apparet.
1746 231 1819 269 Jam
1837 233 1898 261 verb
1917 235 2031 268 videtu,
2054 233 2182 272 ritliiiesl}

1232 276 1315 298 morti
1326 278 1385 298 tam
1393 270 1501 310 fimile,
1514 271 1746 310 quamsbmnum.
1770 274 1876 313 „Atqui
1885 273 2081 305 dormientium
2090 277 2181 305 animi

1231 310 1356 340 maxime
1363 311 1504 340 declarant
1511 312 1695 341 divinitatem
1704 313 1797 352 suam.
1806 314 1900 342 multa
1911 316 1983 344 enim
1995 327 2058 346 cum
2070 317 2179 356 remiffL

1235 351 1358 384 &liberi
1367 353 1437 392 fiant
1447 352 1554 390 futura
1562 354 1740 394 prospiciunt.
1764 357 1811 383 Ex
1821 365 1875 396 quo
1886 356 2068 396 intelligitur,
2085 360 2182 400 quales

1226 394 1327 433 futuri
1333 394 1391 434 sint
1400 415 1408 427 ,
1425 394 1488 423 cam
1499 395 1612 436 [eplane
1621 397 1732 436 corporis
1741 397 1864 425 vinculis
1874 398 2071 427 relaxaverint.
2095 400 2182 440 Qa-

1235 445 1262 463 re
1272 455 1280 468 ‚
1296 435 1324 475 fi
1332 437 1382 464 hac
1393 437 1436 464 ita
1445 436 1515 474 sant
1524 456 1531 469 ‚
1539 436 1580 476 sic
1589 446 1633 466 me
1640 437 1752 466 colitote
1762 445 1796 466 ut
1805 438 1894 466 deum.
1912 438 1957 479 fin
1967 449 2022 468 una
2031 439 2074 469 es?
2083 442 2182 470 inreri-

1235 484 1315 505 turm
1324 478 1435 506 animus
1447 487 1510 506 cum
1519 485 1624 518 corpore
1632 497 1641 511 ‚
1660 489 1709 508 vos
1722 486 1815 508 tamen
1823 479 1883 508 deos
1893 488 2012 509 verentes
2022 500 2030 513 ,
2048 483 2100 521 qai
2114 482 2183 511 hanc

1240 528 1346 547 omnem
1354 519 1591 559 pulchritudinem
1599 527 1714 548 tuentur
1724 540 1731 553 ,
1752 521 1786 552 ώ-
1798 529 1896 561 regunt
1905 541 1913 554 ‚
1934 522 2095 550 memoriam
2103 522 2185 559 nostri

1236 557 1299 599 pre,
1320 561 1509 600 inviolateque
1522 560 1685 599 servabitis.
1717 564 1813 601 Cyrus
1830 563 1955 602 quidem
1967 565 2182 594 haecmoriens.

1240 604 1306 631 Nos
1319 599 1351 638 (fi
1364 602 1469 641 placet)
1481 601 1580 632 nostra
1588 602 1752 632 videamus.
1796 606 1856 633 NE
1866 613 1893 633 M
1902 614 1921 634 o
1939 614 2082 645 umquam
2094 605 2184 639 mihi,
2199 598 2248 645 23*

1240 644 1340 682 Scipio
1351 662 1359 675 ,
1377 643 1584 682 persuadebit,
1602 652 1652 673 aut
1660 653 1771 683 patrem
1783 653 1868 675 tuum
1881 646 2016 676 Paullum
2028 666 2036 680 ,
2051 655 2099 676 aut
2108 646 2186 676 duos

1236 693 1308 713 avos
1319 703 1327 717 ‚
1345 684 1483 714 Paullum
1496 705 1504 718 ,
1526 685 1560 714 &
1570 684 1746 715 Africanum
1759 706 1768 720 ‚
1787 695 1835 716 aut
1844 685 1975 717 Africani
1985 696 2096 727 patrem
2109 707 2116 721 ,
2137 696 2189 718 aut

1238 735 1373 765 patruum
1388 746 1397 758 ,
1417 735 1466 756 aut
1484 727 1597 756 multos
1612 726 1794 766 pra-,stanteis
1809 729 1909 762 vii-ou
1927 739 2003 768 quos
2013 727 2186 759 enumerare

1240 778 1302 802 rio-n
1314 767 1355 797 est
1365 766 1478 798 necesse
1488 787 1495 800 ,
1509 777 1586 798 tanta
1596 767 1652 798 effe
1662 778 1785 800 conatos
1796 789 1803 803 ,
1814 779 1879 809 quae
1888 770 1923 799 ad
1933 769 2110 810 posteritatis
2121 780 2187 800 me-

1239 812 1368 839 moriam
1378 811 1577 849 pertinerent:
1597 808 1652 839 nifi
1669 812 1774 840 animo
1791 821 1962 845 cernerent,
1984 808 2186 851 posteritatem

1239 855 1252 879 5
1262 851 1298 881 ad
1313 851 1338 881 se
1353 852 1509 890 pertinere.
1532 854 1581 881 An
1590 851 1689 881 censes
1700 852 1744 890 (ut
1756 852 1792 882 de
1807 862 1856 882 me
1868 854 1932 892 ipso
1942 853 2054 894 aliquid
2072 863 2156 883 MOR
2166 863 2187 882 E

1241 893 1345 922 senum
1358 894 1480 933 glorier)
1499 902 1549 922 me
1563 902 1660 923 tantos
1673 894 1785 923 labores
1802 894 1927 925 diurnos
1938 914 1945 928 ‚
1965 894 2189 935 nofiturnosque

1240 935 1324 965 domi
1335 954 1343 968 ,
1367 935 1541 974 militiaeque
1559 935 1759 974 suscepturum
1778 934 1865 965 fuiss'e
1877 956 1885 969 ,
1907 935 1927 965 si
1946 936 2054 966 iisdem
2074 935 2188 966 finibus

1238 977 1364 1017 gloriam
1375 985 1472 1005 meam
1485 995 1493 1008 ,
1510 976 1619 1016 quibus
1630 978 1722 1006 vitam
1734 975 1823 1006 ess'em
1836 979 2045 1008 terminaturus
2058 980 2070 1007 ?
2085 987 2188 1008 nonne

1240 1018 1350 1047 melius
1363 1017 1462 1047 multo
1474 1015 1592 1050 fuiss'eu
1613 1018 1740 1048 otiosam
1754 1027 1868 1048 aetatem
1881 1038 1890 1051 ‚
1911 1019 1943 1048 &
1957 1021 2088 1059 quietam
2100 1039 2109 1052 ,
2128 1017 2189 1048 fine

1240 1060 1303 1089 ullo
1315 1058 1424 1092 labore,
1435 1059 1468 1088 δε
1478 1061 1675 1089 contentione
1685 1059 1832 1089 traducere
1842 1062 1853 1089 ?
1864 1059 1911 1090 sed
1922 1061 2022 1090 nescio
2033 1059 2189 1101 quomodo

1240 1111 1292 1131 AN
1303 1111 1314 1129 1
1327 1110 1353 1129 M
1364 1110 1385 1130 υ
1396 1111 1408 1130 s
1428 1102 1543 1141 erigens
1559 1100 1587 1130 se
1597 1121 1605 1134 ‚
1625 1100 1826 1140 posteritatem
1841 1101 1956 1141 semper
1972 1103 2011 1132 ita
2027 1102 2189 1142 prospicie-

1242 1144 1307 1176 bat,
1329 1140 1406 1182 quafi
1418 1161 1426 1175 ‚
1446 1142 1516 1172 curn
1529 1140 1690 1172 excessisset
1703 1142 1720 1172 ὲ
1734 1144 1793 1172 vita
1804 1162 1812 1176 ‚
1834 1152 1900 1173 tum
1918 1143 2047 1183 denique
2058 1143 2191 1173 vil-{turus

1241 1183 1332 1217 esset,
1346 1184 1427 1224 quod
1438 1184 1561 1224 quidem
1573 1186 1605 1214 ni
1615 1186 1654 1213 ita
1665 1184 1693 1214 se
1703 1184 1822 1214 haberet
1833 1205 1842 1218 ‚
1857 1194 1889 1214 ut
1899 1186 1993 1215 animi
2003 1184 2190 1215 immortales

1242 1224 1353 1259 ess'ent,
1373 1225 1451 1255 haud
1468 1227 1578 1265 optimi
1594 1227 1734 1266 cujusque
1760 1228 1882 1256 animus
1900 1226 2036 1256 maxime
2055 1225 2071 1245 ⁶
2087 1226 2122 1256 ad
2132 1228 2192 1255 im-

1242 1268 1400 1298 mortalem
1417 1267 1545 1307 gloriam
1566 1269 1718 1298 niteretur.
1749 1267 1830 1309 Qid
1843 1288 1851 1301 .
1869 1267 1951 1308 quod
1966 1276 2193 1297 sAP1EN1‘1551-
2220 1263 2224 1266 ⁴

1245 1319 1311 1340 MUS
1329 1309 1454 1350 quisque
1472 1307 1639 1349 aequiffimo
1652 1311 1756 1340 animo
1770 1311 1916 1341 moritur,
1936 1308 2120 1339 stultiffimus
2134 1309 2194 1338 ini-

1243 1349 1404 1392 quiffimo?
1420 1353 1533 1380 Nonne
1542 1350 1631 1380 vobis
1639 1350 1756 1381 videtur
1765 1353 1885 1380 animus
1896 1353 1932 1384 is,
1942 1353 1994 1391 qui
2008 1351 2074 1390 plus
2083 1358 2193 1383 cernat.

1246 1391 1407 1433 &longius
1417 1411 1424 1425 ,
1437 1392 1546 1425 videre,
1561 1392 1589 1422 se
1599 1392 1634 1422 ad
1644 1393 1769 1423 meliora
1778 1391 1923 1432 proficisci
1935 1403 1940 1421 :
1952 1393 2004 1422 ille
2014 1401 2110 1424 autem
2121 1411 2129 1425 ‚
2140 1400 2196 1421 cu-

1243 1437 1290 1477 jus
1301 1433 1432 1464 obtusior
1444 1432 1476 1463 sit
1485 1436 1561 1463 acies
1572 1453 1580 1468 ‚
1600 1443 1664 1463 non
1677 1434 1798 1464 videre?
1819 1434 1967 1474 Equidem
1979 1432 2084 1463 efferor
2095 1432 2195 1464 studio

1243 1485 1338 1517 patres
1348 1474 1459 1505 vestros
1470 1494 1478 1509 ‚
1492 1484 1568 1515 quos
1578 1475 1659 1505 colui
1670 1494 1679 1508 ,
1688 1476 1724 1505 »δε
1733 1475 1825 1505 dilexi
1837 1494 1846 1507 ‚
1858 1474 1979 1507 videndi
1991 1495 2000 1508 ‚
2014 1485 2109 1515 neque
2119 1473 2191 1504 vero

1244 1527 1296 1548 eos
1307 1516 1406 1548 solum
1416 1518 1579 1546 convenire
1588 1526 1661 1546 aveo
1672 1535 1679 1549 ‚
1692 1526 1767 1555 quos
1778 1516 1840 1555 ipse
1849 1518 1979 1554 cognovi
1989 1527 1998 1550 ς
2011 1516 2137 1545 sedilios
2148 1524 2194 1544 et-

1244 1561 1304 1589 iarn
1317 1578 1326 1591 ‚
1346 1558 1382 1587 de
1398 1557 1507 1597 quibus
1524 1557 1647 1590 audivi,
1667 1558 1700 1587 &
1714 1558 1790 1598 legi,
1812 1557 1915 1596 &ipse
1928 1555 2096 1596 conscripsi.
2121 1555 2192 1594 Quo

1243 1599 1367 1640 quidem
1380 1609 1428 1628 me
1441 1597 1679 1638 proficiscentem
1690 1598 1768 1628 haud
1778 1599 1846 1628 sane
1858 1600 1924 1638 quis
1933 1597 2021 1628 facile
2031 1599 2192 1630 retraxerit,

1243 1646 1257 1670 7
1270 1650 1369 1680 neque
1393 1649 1542 1679 tamquam
1552 1641 1666 1671 Peliam
1685 1642 1843 1669 recoxerit.
1866 1642 1983 1677 Quoi)
2000 1638 2021 1668 si
2039 1641 2105 1679 quis
2122 1638 2195 1668 deus

1243 1683 1322 1712 mihi
1331 1682 1476 1721 largiatur,
1490 1690 1567 1710 utex
1579 1681 1631 1710 hac
1643 1689 1725 1710 aetate
1734 1680 1945 1719 repuerascam,
1960 1680 1992 1710 &
2004 1682 2037 1710 in
2047 1681 2132 1710 cunis
2145 1689 2197 1709 va-

1242 1721 1422 1764 giam,valde
1432 1722 1631 1751 recusem2nec
1642 1720 1713 1751 verb
1723 1723 1829 1754 velim,
1840 1720 1918 1761 quasi
1927 1722 2050 1752 decurso
2059 1721 2150 1760 spatio
2159 1717 2197 1750 ad

1245 1773 1373 1795 carceres
1384 1766 1399 1793 a
1407 1763 1485 1793 calce
1494 1764 1637 1793 revocari.
1660 1771 1746 1801 Qui)
1761 1764 1843 1792 enirn
1855 1762 1941 1793 habet
1951 1764 2010 1793 vita
2020 1761 2201 1792 commodi?

1247 1806 1322 1847 quid
1343 1814 1406 1834 non
1425 1806 1526 1844 potius
1544 1803 1675 1834 laboris?
1694 1803 1743 1834 sed
1755 1804 1856 1834 habeat
1866 1804 1945 1834 sane.
1968 1803 2055 1834 habet
2065 1803 2143 1833 certe
2157 1811 2200 1833 ta-

1248 1857 1319 1877 men
1332 1867 1341 1880 ,
1361 1846 1580 1876 autsatietatem
1594 1865 1603 1879 ,
1624 1854 1673 1875 aut
1684 1845 1823 1875 modum.
1847 1854 1910 1875 non
1925 1845 2008 1875 lubet
2024 1847 2106 1875 enim
2122 1845 2202 1875 mihi

1247 1889 1399 1930 deplorare
1407 1889 1512 1921 vitam,
1523 1887 1605 1928 quod
1616 1887 1706 1918 multi
1718 1887 1750 1917 ὃς
1760 1889 1782 1917 ii
1791 1885 1874 1917 docti
1884 1906 1893 1920 ,
1905 1887 1978 1927 saepe
1985 1886 2130 1918 fecerunt.
2145 1895 2200 1916 ne-

1246 1941 1305 1972 que
1324 1940 1374 1960 me
1386 1927 1493 1959 vixiffe
1506 1930 1645 1968 poenitet:
1669 1930 1814 1969 quoniam
1826 1929 1866 1958 ita
1877 1930 1963 1962 vixi,
1982 1937 2013 1959 ut
2023 1938 2086 1958 non
2096 1926 2203 1958 frustra

1247 1983 1296 2002 me
1308 1981 1412 2001 natum
1422 1970 1612 2001 existimem:
1634 1970 1667 2000 δε
1677 1980 1715 2000 ex
1726 1973 1787 2001 vita
1796 1972 1836 2000 ita
1845 1969 1965 2000 discedo
1975 1990 1984 2003 ‚
1998 1979 2150 2010 tamquam
2163 1978 2203 1999 ex

1247 2014 1379 2053 hospitio
1389 2032 1397 2046 ‚
1416 2021 1643 2055 non‘tamquam
1653 2021 1691 2042 ex
1699 2012 1806 2042 domo.
1829 2011 2042 2042 commorandi
2053 2013 2135 2041 enim
2147 2020 2201 2040 na-

1245 2065 1310 2086 tura
1319 2054 1517 2085 diversorium
1530 2053 1617 2084 nobis
1628 2073 1637 2088 ‚
1652 2063 1716 2083 non
1726 2053 1877 2085 habitandi
1886 2053 1979 2084 dedit.
2005 2056 2031 2083 O
2041 2060 2202 2083 PRAECLA-

1252 2106 1329 2127 Rom
1343 2096 1424 2126 diem
1439 2115 1448 2130 ,
1466 2097 1538 2126 cum
1549 2095 1584 2125 ad
1602 2095 1677 2125 illud
1688 2095 1828 2125 divinum
1840 2097 2012 2125 animorum
2022 2095 2204 2127 concilium,

1250 2147 1424 2178 coetumque
1433 2135 1601 2177 proficiscar
1609 2157 1618 2170 ‚
1628 2135 1758 2178 cumque
1768 2147 1806 2166 ex
1817 2137 1869 2166 hac
1878 2137 1962 2166 turba
1971 2157 1979 2170 ,
1990 2136 2023 2166 δε
2033 2136 2206 2167 colluvione

1251 2179 1420 2210 discedam!
1441 2177 1610 2219 proficiscar
1626 2180 1709 2209 enim
1727 2188 1792 2208 non
1809 2178 1844 2213 ad
1861 2188 1913 2208 eos
1930 2178 2030 2208 solum
2047 2179 2149 2211 viros,
2168 2176 2205 2206 de
2224 2194 2226 2196 v

1251 2221 1362 2262 quibus
1372 2229 1439 2250 ante
1449 2221 1531 2250 dixi:
1544 2220 1593 2250 sed
1606 2221 1695 2250 etiam
1706 2220 1741 2250 ad
1748 2222 1895 2250 Catonem
1910 2229 2011 2250 meum
2023 2240 2032 2254 ‚
2043 2229 2102 2260 quo
2113 2227 2207 2248 nemo

1230 2286 1232 2294 .
1251 2266 1299 2293 vir
1308 2263 1418 2293 melior
1429 2271 1514 2292 natus
1523 2260 1566 2292 est
1578 2281 1587 2295 ,
1599 2271 1692 2292 nemo
1703 2263 1807 2302 pietate
1818 2261 2000 2301 praestantior
2011 2272 2017 2290 2
2036 2263 2121 2301 cujus
2130 2260 2145 2290 a
2158 2267 2207 2289 me

259 2323 318 2341 mos
327 2333 336 2345 ‚
353 2312 422 2340 dum
432 2313 459 2340 in
470 2310 622 2350 corporibus
632 2310 711 2348 effint
720 2308 884 2339 mortalibus
897 2329 904 2342 ,
927 2318 1024 2337 vivere
1034 2318 1046 2334 .·
1065 2316 1129 2335 cum
1139 2305 1214 2344 exis·
1232 2327 1233 2332 ,

256 2353 320 2393 sent
329 2363 363 2382 ex
374 2354 404 2382 iu
412 2374 419 2387 ‚
432 2354 533 2382 emori:
546 2363 591 2380 nec
601 2352 664 2380 vero
675 2360 738 2381 tum
748 2352 876 2380 animum
886 2349 934 2387 effe
951 2349 1120 2390 infipientem
1130 2368 1139 2380 ,
1151 2345 1214 2375 ciam
1232 2367 1233 2390 ἦ

260 2405 295 2424 ex
306 2394 443 2434 insipienti
451 2403 555 2436 corpore
564 2393 706 2439 evasiffit:
718 2392 767 2432 fed
775 2392 839 2421 ciam
848 2393 922 2421 omni
931 2391 1106 2420 admixtione
1117 2396 1210 2429 corpo·
1232 2391 1233 2397 ¹

1254 2314 1361 2344 corpus
1371 2313 1536 2334 crematum
1547 2302 1606 2333 est:
1627 2304 1708 2344 quod
1724 2312 1858 2333 CONTRA
1870 2303 1971 2333 decuit
1980 2303 2015 2334 ab
2025 2303 2080 2332 illo
2091 2310 2205 2332 meum.

1254 2349 1373 2377 animus
1387 2346 1458 2377 vero
1473 2355 1536 2375 non
1550 2355 1600 2374 me
1608 2345 1744 2375 deserens
1756 2365 1764 2378 ,
1785 2345 1833 2375 sed
1844 2344 2008 2384 respestans
2021 2364 2030 2378 ,
2052 2346 2082 2374 in
2094 2353 2125 2373 ea
2135 2352 2206 2383 pro-

1254 2387 1335 2419 feEto
1346 2388 1409 2417 loca
1418 2385 1540 2417 disceffit
1550 2406 1559 2419 ‚
1573 2386 1634 2426 quo
1645 2388 1723 2416 mihi
1733 2384 1786 2426 ipsi
1795 2387 1932 2416 cernebat
1942 2384 1999 2416 efl'e
2008 2385 2207 2416 veniendum-

1232 2438 1234 2472 3
1254 2439 1343 2470 quem
1356 2438 1412 2469 ego
1423 2438 1526 2458 meum
1537 2429 1636 2458 casum
1644 2428 1764 2466 fortiter
1773 2427 1847 2458 ferre
1856 2428 1937 2458 visus
1947 2427 2028 2457 sum:
2047 2437 2111 2457 non
2124 2423 2207 2467 quod

258 2480 367 2519 -Atque
380 2486 467 2506 eriam
477 2497 485 2511 ,
505 2476 568 2506 ciam
579 2477 691 2504 hominu
700 2484 804 2505 natura
813 2483 900 2504 morte
909 2473 1070 2511 diffiilvitur
1080 2492 1088 2505 ,
1109 2479 1214 2500 cetera·
1232 2477 1234 2502 ς
1478 2469 1485 2472 “

256 2529 322 2549 rum
333 2518 600 2564 rarumperspicuum
610 2516 663 2552 εἶτ’,
675 2516 730 2559 qui>
739 2527 852 2560 quaque
860 2517 999 2556 discedant
1007 2526 1019 2542 .·
1029 2513 1131 2543 abeunt
1142 2514 1215 2542 enim
1232 2514 1233 2521 ¹

1253 2481 1342 2511 aequo
1355 2472 1459 2500 animo
1470 2472 1597 2499 terrem:
1619 2469 1666 2499 sed
1677 2479 1726 2499 me
1739 2470 1799 2508 ipse
1809 2469 2000 2503 consolabar,
2020 2468 2208 2501 existiman&

1254 2522 1319 2543 non
1336 2512 1539 2553 longinquum
1553 2512 1630 2541 inter
1642 2521 1699 2541 nos
1710 2509 1870 2552 digressum
1882 2530 1890 2545 ‚
1915 2510 1948 2541 δε
1959 2509 2115 2541 discessum
2131 2508 2208 2580 figi-²·

1411 2567 1415 2570 ⁴
2183 2557 2208 2578 is

1298 2668 1323 2693 5.
1342 2660 1411 2692 Adfi
1418 2659 1560 2692 pertinere]
1581 2660 1622 2685 lta
1633 2658 1701 2684 Pall.
1713 2664 1838 2693 quatuor,
1857 2656 1994 2692 editioque
2009 2653 2133 2681 Vifitorii.
2144 2653 2211 2678 ‘Gu-

1258 2696 1374 2722 lielmius
1387 2702 1537 2721 revocatum
1548 2694 1667 2730 cupiebat
1676 2694 1741 2720 oliui
1754 2693 1890 2727 vulgatum
1903 2696 1917 2718 e
1929 2692 1985 2718 mss'.
1996 2690 2046 2717 suis
2059 2709 2067 2722 ‚
2087 2687 2211 2727 adfifflr‘

1255 2735 1372 2765 pertinere
1381 2742 1389 2756 .-
1409 2738 1532 2766 tanquam
1546 2731 1650 2756 Et'nnici
1661 2729 1762 2765 semper
1772 2728 1919 2754 liaelitaiitei·
1930 2727 2100 2763 loquerentur
2113 2724 2146 2748 de
2157 2731 2209 2748 ini-

1260 2767 1424 2794 mortalitate
1442 2767 1602 2793 animorum.
1622 2773 1649 2792 at
1672 2766 1782 2792 Catonis
1801 2771 1857 2790 tota
1875 2764 1962 2790 oratio
1979 2760 2138 2788 contrarium
2154 2758 2210 2783 cla-

1261 2811 1333 2830 mat:
1356 2801 1474 2841 Aldique
1493 2801 1651 2828 membranae
1670 2802 1788 2828 maxim-:1
1806 2807 1879 2836 parte
1897 2798 1935 2825 sui
1948 2817 1957 2830 ,
1975 2803 2038 2824 eunt
2055 2795 2082 2822 in
2096 2793 2209 2826 nostram

1260 2838 1428 2865 sententiam.

1295 2875 1323 2900 6.
1342 2875 1397 2901 <Ad
1404 2875 1557 2899 immortalem
1562 2873 1687 2906 gloriarm]

1258 2917 1331 2936 mem
1340 2911 1368 2940 ὼ
1374 2912 1472 2942 gloriam
1483 2928 1490 2940 ‚
1509 2912 1574 2942 cique
1578 2909 1700 2941 placebat.

1259 2947 1434 2981 aliorumque
1444 2944 1563 2979 scriptos.

1295 2990 1322 3016 7.
1346 2985 1425 3014 Neque
1434 2988 1548 3014 tanquam
1558 2983 1648 3005 Peliam
1657 2976 1796 3010 recoxerit.]
1817 2977 1859 3002 lta
1877 2974 2019 3010 legendum
2033 2972 2111 2999 facilc
2121 2971 2213 2999 adsen—

1260 3018 1327 3044 titur
1337 3016 1495 3042 doetiffimis
1507 3016 1570 3041 vii-is
1580 3014 1739 3040 Gulielmius
1751 3031 1760 3044 ‚
1778 3012 1866 3045 estque
1877 3012 1902 3036 t<
1915 3012 1968 3036 liaec
1979 3010 2065 3037 Plauti
2084 3008 2212 3040 imitatio,

1263 3063 1336 3080 more
1348 3053 1419 3078 illius
1430 3051 1514 3077 saeculi
1527 3069 1535 3081 ‚
1555 3059 1607 3084 quo
1617 3058 1650 3075 ex
1660 3059 1692 3075 eo
1702 3048 1880 3081 Comicojoca
1890 3046 1954 3073 stria
1964 3046 2007 3081 qui
2018 3045 2155 3081 politiores
2166 3048 2213 3070 au‘-

1262 3089 1383 3120 diebam,
1392 3085 1582 3123 depromebant
1593 3085 1691 3111 omnia.
1704 3084 1824 3110 videatur
1835 3084 1955 3109 Muretus
1967 3081 2060 3109 lib.vt.
2075 3080 2217 3108 Vni-iarum

1265 3134 1321 3162 cap.
1336 3133 1377 3153 xo.
1390 3125 1417 3151 Sc
1428 3131 1489 3151 :uite
1499 3121 1641 3158 eiiiiiJunii
1652 3120 1756 3157 Adag‘ia
1766 3122 1880 3148 centur.
1889 3127 1947 3145 vri.
1957 3117 2004 3153 76.

1718 2873 1780 2898 Duo
1790 2869 1930 2898 Gulielmii
1940 2866 2018 2893 codd.
2029 2866 2063 2892 ad
2069 2866 2211 2891 immmali-

1720 2909 1779 2943 Ego
1789 2906 1854 2933 nihil
1873 2912 1947 2931 muto
1966 2910 2057 2930 contra
2066 2901 2212 2933 Palatinos,

2129 3160 2154 3179 1.
2166 3152 2214 3177 Nee
