2337 3400
124 164 223 212 792
535 134 1040 183 MTULLM

121 230 152 257 in
174 226 335 256 aniicitiim
356 221 461 253 recepi.
503 219 660 248 Caecilium
681 236 690 250 ,
710 215 823 257 quibus
843 214 929 244 rebus
947 211 1078 254 possum,

122 277 207 299 tueor
229 266 395 302 dilgenter
421 264 513 290 Varro
534 259 674 290 satisfacit
694 259 793 288 nobis.
818 256 979 295 Pompe-ius
1001 263 1079 284 amat

124 319 191 340 nos,
206 302 344 345 carosqiic
356 303 451 333 habet.
474 301 591 332 credis?
611 302 729 341 inquies
740 298 845 329 :credo
856 298 990 337 :prorsus
1002 297 1080 326 mihi

122 348 284 390 persuadet.
308 345 355 375 sed
366 347 435 385 quia
445 365 452 377 ‚
476 353 508 374 ut
518 343 608 373 video
621 363 628 376 ,
640 342 811 383 pragmatici
824 341 966 369 homines
977 340 1082 368 omni—

123 392 178 421 bus
198 388 345 418 historicis
363 388 536 426 praeceptis,
560 383 690 416 versibus
713 384 843 423 denique
853 380 1080 420 caverejubent,

124 433 157 462 &
175 429 384 460 vetantcredere
397 439 407 455 .·
423 429 549 458 alterum
560 426 638 456 facio
649 446 658 459 ,
677 434 710 455 ut
722 434 842 455 caveam
858 435 866 457 3
883 423 1009 453 alterum
1020 441 1028 455 ,
1051 431 1083 451 ut

122 483 186 504 non
198 472 317 502 credam
331 491 338 504 ‚
364 470 457 500 facere
471 479 534 499 non
543 467 673 509 poffum.
696 466 820 497 Clodius
829 465 924 495 adhuc
935 465 1016 509 *mihi
1028 463 1082 493 de·

124 516 243 546 nuntiat
268 513 458 552 periculun13
479 507 779 550 Pompejusaffirmat
793 529 800 541 ,
819 517 883 537 non
893 504 1082 545 esscpericu-

127 558 192 587 lum
211 568 218 589 ·,
236 555 366 594 adjurat,
386 554 469 584 addit
491 556 581 594 etiam
595 572 603 585 ,
630 555 638 570 ¹
653 552 678 582 se
695 552 776 591 prius
790 549 922 580 occisum
939 549 974 577 iri
985 547 1020 576 ab
1031 556 1081 593 eo,

125 598 216 640 quam
235 607 283 626 me
309 596 455 626 violatum
474 596 524 624 iri.
545 593 681 624 traEAEatur
697 602 744 623 res
762 597 776 612 2
799 590 891 634 simul
904 588 1019 629 &quid
1029 597 1085 618 erit

125 643 197 671 certi
215 660 222 671 ,
236 638 359 669 scribam
371 637 406 667 ad
418 646 454 667 te.
472 635 494 666 si
507 634 766 677 eritpugnandum
779 654 786 667 ,
797 631 934 664 arcessam
944 631 980 674 ad
992 630 1085 660 socie-

125 692 216 713 tatem
227 681 349 710 laboris:
365 677 383 708 si
394 680 478 719 quies
490 677 658 711 dabitur.‚ab
669 677 933 706 Amaltheatenon
944 681 1086 702 commo-

127 724 217 754 vebo.
243 725 289 752 Dc
310 721 428 760 Repub.
440 720 570 750 breviter
582 719 616 750 ad
630 729 657 749 te
667 718 802 749 scribam.
818 718 880 756 jam
893 715 978 744 enim
989 715 1086 744 charta

124 766 185 806 ipsa
204 775 241 794 ne
262 773 317 794 nos
336 762 459 803 prodat,
478 761 665 802 pertimesco.
682 763 780 800 itaque
799 757 918 798 posthac
930 777 938 789 ,
960 754 980 785 sl
997 764 1085 785 erunt

127 816 206 845 mihi
218 815 299 854 plura
309 813 344 844 ad
360 821 387 843 te
400 811 562 845 scribenda,
574 805 789 850 οἰλὲκηῇβέλίοως
801 806 976 837 obscurabo.
995 808 1086 854 Nunc

127 857 251 898 quidem
270 866 354 886 novo
372 854 504 896 quodam
523 852 631 883 morbo
647 852 757 881 civitas
774 857 916 882 moritur,
938 857 970 878 ut
983 868 991 881 ‚
1012 856 1084 877 cum

128 908 236 929 omnes
248 908 279 928 ea
289 919 296 930 ‚
308 908 374 939 quae
385 898 453 927 sunt
464 895 526 926 afila
540 915 547 929 ,
559 893 735 933 improbent
747 912 755 926 ,
770 900 940 932 querantur,
953 890 1083 922 doleant,

127 943 253 971 varietas
271 943 304 970 in
321 950 350 969 re
360 939 442 968 nulla
456 936 506 970 sit,
526 934 852 977 apertequeloquantur
864 953 873 966 ,
895 932 999 971 &jam
1008 931 1084 961 clare

127 992 260 1023 gemant3
280 991 380 1012 tamen
401 979 550 1009 medicina
568 977 652 1007 nulla
671 974 816 1006 afferatur.
838 984 935 1015 neque
945 975 1030 1003 enim
1040 982 1085 1002 re-

127 1023 186 1054 sisti
198 1023 257 1054 sine
270 1024 476 1053 internecione
486 1018 568 1060 poss'e
578 1019 774 1049 arbitramur:
787 1027 841 1047 nec
851 1017 991 1046 videmus
1003 1035 1010 1048 ‚
1032 1016 1085 1054 qui

129 1065 199 1096 finis
210 1065 354 1097 cedendi,
373 1072 476 1104 praeter
485 1063 615 1092 exitium
628 1080 635 1093 ,
646 1059 766 1090 futurus
773 1057 817 1089 fit.
837 1057 973 1099 Bibulus,
984 1057 1086 1086 homi-

126 1118 202 1138 num
213 1107 411 1137 admiratione
422 1106 454 1134 δε
465 1103 672 1134 benivolentia
685 1121 694 1135 ‚
709 1103 742 1131 in
753 1100 829 1131 caelo
842 1099 894 1130 est.
917 1098 1014 1129 efficia
1023 1099 1088 1136 ejus

129 1150 162 1180 &
180 1151 345 1179 conciones
364 1146 533 1177 describunt
551 1145 583 1175 δε
607 1145 720 1185 legunt.
739 1152 823 1172 novo
841 1141 971 1182 quodam
981 1148 1086 1180 genere

128 1194 161 1221 in
182 1191 335 1221 summam
356 1189 482 1230 gloriam
503 1189 598 1218 venit.
621 1185 762 1226 populare
781 1193 863 1213 nunc
873 1179 1086 1213 nihiltamest‚

128 1233 219 1273 quam
239 1232 334 1261 odium
355 1230 537 1273 popularium
551 1240 562 1256 .·
589 1229 651 1258 haec
660 1226 721 1268 qu¹o
733 1225 787 1256 sint
798 1234 936 1264 eruptura
949 1243 957 1256 ‚
979 1225 1084 1271 timeo.

128 1275 178 1305 sed
190 1295 198 1307 ‚
223 1273 243 1303 si
261 1273 403 1313 dispicere
422 1272 495 1313 quid
506 1280 624 1311 coepero
638 1290 646 1302 ‚
669 1268 792 1299 scribam
804 1267 838 1297 ad
849 1276 875 1296 te
886 1274 1023 1306 apertius.
1034 1272 1085 1311 tu,

127 1315 149 1345 si
175 1326 224 1346 me
247 1325 326 1345 amas
342 1323 458 1344 tantum
470 1334 478 1347 ‚
499 1322 645 1354 quantum
658 1309 795 1351 proffflsto
809 1318 889 1338 amas
906 1320 914 1342 3
932 1306 1088 1346 expeditus

127 1358 220 1388 facito
232 1378 239 1391 ,
263 1367 296 1388 ut
307 1356 362 1390 sis,
382 1355 401 1385 si
414 1357 577 1386 inclamaro
589 1374 596 1388 ,
610 1363 641 1384 ut
650 1361 790 1383 accurras.
813 1350 862 1381 sed
873 1350 913 1380 do
924 1358 1042 1390 operam
1055 1348 1087 1377 Sc

130 1400 207 1430 dabo
218 1420 226 1433 ‚
248 1410 284 1429 ne
295 1399 329 1429 fit
342 1396 465 1428 necess'e.
486 1396 576 1438 Qod
588 1395 755 1435 scripseram
767 1414 776 1426 ,
791 1401 819 1423 tc
828 1393 953 1422 Furium
965 1391 1087 1430 scriptu-

130 1451 219 1475 rum·‚
241 1441 318 1471 nihil
338 1438 452 1470 necesse
471 1439 513 1470 est
537 1449 623 1469 tuum
642 1446 757 1467 nomen
776 1443 901 1465 mutare.
921 1432 1088 1463 mefaciam

133 1484 263 1513 Laelium
277 1503 284 1516 ,
310 1483 344 1512 &
362 1491 390 1512 te
411 1483 543 1512 Atticum
561 1492 570 1515 ς
588 1489 686 1520 neque
703 1486 858 1508 utarxmeo
878 1475 1087 1516 chirographo,

133 1535 230 1565 neque
242 1523 346 1565 sign03
364 1522 387 1552 -fi
396 1522 492 1553 modo
504 1529 591 1552 erunt
599 1520 752 1562 ejusmodi
762 1519 865 1548 litterae
876 1538 885 1551 ‚
896 1526 966 1558 quas
975 1519 1007 1546 in
1018 1517 1088 1545 alie-

131 1576 209 1597 num
229 1565 361 1596 incidere
380 1565 490 1595 nolim.
515 1563 668 1594 Diodotus
687 1569 825 1591 mortuus
834 1559 1089 1598 est21eliquitno—

135 1609 181 1638 bis·
202 1617 254 1637 11-s
275 1605 393 1637 fortasse
415 1610 428 1633 3
447 1608 568 1636 centies.
590 1605 724 1635 Comitia
733 1602 857 1632 Bibulus
866 1610 936 1630 cum
949 1599 1087 1630 Archilo-

137 1651 209 1679 chio
219 1648 319 1679 edicio
329 1650 361 1678 in
371 1657 438 1678 ante
451 1648 533 1678 diem
546 1657 596 1677 xv.
611 1646 667 1676 Kal
691 1643 847 1675 Novemb.
858 1641 985 1672 distuli-t.
999 1644 1025 1671 A
1037 1642 1091 1669 Vi-

135 1692 187 1721 bio
206 1691 299 1720 libros
315 1691 425 1730 accepi.
441 1691 528 1729 po'e'ta
548 1692 684 1728 ineptus:
705 1690 722 1713 4
736 1686 784 1716 sed
796 1694 896 1715 tamen
907 1685 980 1714 scit?
1000 1682 1089 1713 nihil:

137 1733 185 1764 fied
198 1732 241 1762 est
251 1732 455 1762 noninutilis.
476 1731 611 1761 describo
624 1730 656 1759 &
668 1731 800 1759 remitto.

225 1776 227 1778 ’
376 1775 568 1803 CICERO
589 1772 806 1802 ATTICO,
827 1771 854 1799 S.

232 1818 256 1845 Ε
277 1815 397 1853 Repub.
417 1814 489 1855 quid
500 1823 555 1853 ego
567 1813 622 1843 tibi
632 1813 800 1842 subtiliter?
820 1819 880 1840 tota
889 1810 1091 1849 periit:atque

232 1858 290 1887 hoc
299 1857 340 1886 est
351 1857 507 1888 miserior,
520 1854 611 1896 quam
622 1852 769 1894 reliquisti
781 1873 788 1885 ,
800 1851 883 1892 qubd
893 1860 959 1880 tum
971 1849 1090 1879 videba-

137 1909 184 1928 tur
194 1898 344 1938 ejusmodi
354 1898 526 1929 dominatio
534 1898 688 1927 civitatem
699 1892 876 1935 oppressiss'e,
886 1890 1092 1933 quaejucunda

136 1938 208 1971 ess'et
219 1941 407 1972 multitudini
418 1960 426 1974 ,
443 1940 532 1970 bonis
544 1947 645 1969 autem
657 1940 695 1967 itu
706 1935 831 1967 molesta
843 1956 850 1970 ,
873 1944 906 1965 ut
918 1944 1020 1965 tamen
1032 1932 1092 1963 sine

134 1984 268 2022 pernicie
278 1995 286 2017 3
298 1993 380 2012 nunc
389 1982 510 2022 repente
522 1990 604 2012 tanto
613 1982 645 2010 in
656 1979 729 2009 odio
740 1977 782 2008 est
790 1977 947 2011 omnibus,
960 1984 1091 2017 utquor-

136 2024 203 2055 sum
214 2033 351 2064 eruptura
362 2023 395 2054 sit
405 2044 413 2058 ,
434 2025 619 2054 horreamus.
638 2032 707 2052 narn
722 2020 905 2051 iracundiam
917 2039 925 2052 ,
948 2027 1035 2058 atque
1046 2019 1095 2047 in-

137 2069 367 2106 temperantiam
388 2066 511 2096 illorum
531 2066 634 2095 sumus
652 2065 767 2103 experti
786 2083 794 2096 ,
815 2064 867 2102 qui
886 2063 993 2091 Catoni
1012 2060 1092 2092 irati,

138 2109 243 2137 omnia
263 2108 465 2147 perdiderunt.
486 2107 534 2138 sed
554 2109 593 2136 ita
611 2104 716 2135 lembus
729 2106 772 2134 uti
788 2102 1094 2135 videbanturvenem's,

138 2158 174 2179 ut
195 2148 277 2189 poss'e
294 2150 466 2180 videremus
482 2147 543 2179 fine
560 2148 664 2178 dolore
675 2148 808 2177 interire.
829 2155 912 2176 nunc
921 2142 992 2175 verb
1004 2143 1097 2174 sibilis

139 2191 221 2231 vulgi
235 2211 243 2223 ‚
265 2191 455 2222 sermonibus
466 2189 663 2221 honestorum
680 2209 688 2223 ,
708 2187 832 2218 fremitu
842 2188 934 2218 Italiae
946 2195 1097 2216 vereorne

140 2233 313 2263 exarserint.
333 2232 472 2274 equidem
483 2232 645 2273 sperabam,
662 2230 776 2270 utsaepe
786 2232 876 2260 etiarn
888 2229 971 2269 loqui
983 2237 1095 2260 tecum,

139 2273 272 2304 solebam
283 2294 293 2308 ,
321 2274 357 2305 sic
368 2273 457 2305 orbem
472 2277 561 2313 Reip.
571 2272 628 2304 esse
639 2272 841 2308 conversum,
855 2279 889 2301 ut
897 2272 951 2301 vix
963 2270 1096 2300 sonitum

141 2316 243 2347 audire
256 2336 263 2349 ‚
278 2318 331 2347 vix
343 2314 512 2357 impreffam
523 2315 650 2345 orbitam
662 2313 764 2347 videre
775 2312 943 2353 poss'emus:
960 2312 992 2341 &
1001 2309 1101 2340 fuisset

140 2359 191 2392 ita,
202 2357 221 2387 fi
235 2359 377 2388 homines
389 2356 540 2388 transitum
553 2354 734 2395 tempestatis
748 2353 915 2394 exspectare
927 2351 1099 2394 potuifl‘ent:

142 2399 192 2430 scd
214 2398 286 2429 cum
306 2400 358 2429 diu
376 2399 492 2430 occulte
502 2396 704 2438 suspirafl'ent‚
724 2395 893 2436 posteajam
906 2404 1043 2435 gemere,
1063 2393 1100 2424 ad

141 2451 314 2471 exrremum
326 2441 398 2471 vero
413 2442 497 2482 loqui
508 2449 615 2470 omnes
628 2459 635 2472 ‚
648 2438 678 2468 &
691 2438 814 2466 clamare
823 2445 986 2477 coeperunt.
1004 2437 1101 2475 itaque

144 2482 197 2512 ille
216 2485 331 2513 amicus
353 2482 473 2515 noster,
494 2482 627 2512 insolens
652 2479 804 2512 infamiae,
829 2479 944 2518 semper
964 2480 995 2507 in
1015 2476 1103 2506 laude

142 2524 271 2554 versatus
283 2544 291 2558 ‚
303 2523 518 2555 circumfluens
528 2524 633 2565 gloria,
646 2521 833 2552 deformatus
845 2529 980 2559 corpore,
992 2517 1103 2548 fractus

142 2568 267 2599 animo,
288 2566 349 2607 quo
370 2567 398 2597 se
415 2566 548 2597 conferat
566 2565 658 2595 nescit
679 2573 684 2592 :
704 2560 888 2603 progressum
908 2562 1104 2601 praecipitem,

146 2606 370 2639 inconstantem
387 2609 519 2639 reditum
529 2607 613 2638 videt
627 2617 632 2636 :
649 2605 747 2636 bonos
756 2606 902 2635 mimicos
913 2603 1019 2638 habet,
1045 2604 1105 2631 im-

185 2766 208 2782 ῐ-
225 2761 253 2783 Sc
268 2763 338 2791 prim
346 2761 440 2792 occificm
450 2762 482 2785 iri
492 2760 522 2784 ab
530 2759 580 2792 em]
594 2759 695 2794 Junius
707 2766 809 2789 vocem,
820 2761 862 2788 iri,
874 2757 946 2785 delet
958 2777 966 2790 ,
986 2757 1104 2793 dicitque

148 2792 205 2829 mss.
225 2793 318 2822 lia-bere
336 2797 406 2831 occisa
416 2799 448 2822 iri
460 2814 468 2827 ,
488 2795 529 2821 (ed
549 2798 581 2820 iri
594 2814 602 2827 ,
621 2804 654 2822 ex
674 2794 800 2821 solutiore
819 2794 941 2821 litteram
953 2813 961 2826 ,
980 2794 1032 2821 effe
1041 2803 1104 2820 con-

147 2827 260 2855 fectum.

184 2872 211 2902 2...
234 2867 344 2896 Simul&
353 2867 435 2901 quiri]
448 2867 489 2893 Ita
499 2867 579 2893 etiam
591 2866 761 2901 legitJunius
771 2875 805 2892 ex
818 2865 876 2892 mss.
888 2865 958 2892 Pall.
969 2866 1105 2892 Manutius

148 2899 454 2935 conjicit,fimnlntqnid.
475 2903 634 2938 ang.fimul
641 2903 707 2936 quid.

186 2943 217 2975 35.
232 2938 350 2974 §antii-en]
377 2939 429 2964 Hic
437 2938 564 2965 mendum
575 2938 680 2965 latitare
690 2937 775 2965 credit
786 2938 922 2967 Manutius
933 2957 941 2970 ‚
952 2938 992 2970 ὅτ,
1003 2945 1106 2970 centum,

149 2979 268 3002 coniicit.

186 3002 213 3038 42.
232 3007 278 3031 Sed
286 3014 362 3031 tamen
373 3008 441 3039 scit?
460 3011 535 3035 nihil.-
550 3009 593 3041 fid
601 3010 661 3043 eth]
683 3009 751 3037 Bofii
771 3009 943 3041 eonieftura5
965 3008 1047 3043 Vulg.
1067 3018 1107 3034 nec

149 3043 277 3083 fammfi‘if
287 3044 384 3072 nihl&
395 3046 437 3068 eff.
457 3044 483 3070 in
495 3045 648 3079 quibusdam
660 3045 734 3072 libris
744 3046 951 3082 pro,sed1amen,
964 3044 1006 3071 vel
1016 3054 1056 3070 nee
1065 3052 1108 3070 ta-

150 3087 212 3108 men,
224 3078 333 3112 legitur,
345 3079 372 3108 εἷ]
381 3084 468 3104 tamen.
781 3104 785 3108 ,

150 3148 155 3154 .
186 3122 212 3146 5-
230 3114 335 3147 Lapsus,
345 3112 561 3147 quamprogrefflas,
570 3117 671 3150 potius]
697 3117 781 3145 Paule,
792 3117 871 3146 aliter
891 3115 970 3147 vei-,ba
980 3115 1111 3145 collocata

148 3158 176 3176 m
186 3149 291 3184 vulgar.
302 3152 352 3179 l.p.
363 3151 532 3183 q.progrqffus-

184 3184 213 3217 6,
233 3187 337 3221 Transire
346 3186 489 3221 uquarum]
515 3186 756 3226 Vulg.ncqutamns.
861 3173 876 3186 *A

1119 132 1714 199 C1c,ERo*Nis'

1120 214 1231 255 probos
1250 214 1328 253 ipsos
1345 224 1409 244 non
1429 217 1553 246 amicos.
1577 227 1609 247 ac
1625 216 1695 247 vide
1705 215 1869 246 mollitiem
1880 213 1994 248 animi,
2010 222 2077 245 non

1121 258 1204 286 tenui
1219 257 1365 289 lacrimas,
1375 255 1447 286 cum
1458 257 1547 287 illum
1559 267 1626 288 ante
1641 269 1651 288 1
1660 268 1705 288 1x.
1718 258 1784 288 Kal.
1797 261 1877 288 Sext.
1889 256 1952 287 vidi
1962 256 1998 287 de
2008 256 2072 286 edi-

1125 298 1180 328 ἃιε
1190 298 1290 328 Bibuli
1301 299 1533 328 concionantem
1545 319 1553 332 ,
1573 301 1625 340 qui
1635 309 1718 329 antea
1731 300 1836 330 solitus
1845 297 1917 329 ess'et
1931 298 2034 339 jactare
2046 298 2076 329 se

1124 337 1417 380 magnificentissime
1430 339 1486 369 illo
1495 341 1528 369 in
1539 340 1606 370 loco
1616 360 1624 374 ,
1650 342 1770 371 summo
1780 351 1849 371 cum
1861 351 1963 371 amore
1973 341 2080 380 populi

1122 380 1239 412 cunetis
1256 380 1436 410 faventibus.
1453 381 1545 410 utille
1566 391 1630 411 tum
1642 383 1784 416 humilis,
1812 381 1997 413 utdemissus
2007 386 2080 412 erat?

1125 433 1157 453 ut
1168 423 1228 462 ipse
1240 424 1329 452 etiam
1343 421 1416 456 fibi,
1427 432 1489 452 non
1500 424 1535 452 iis
1547 422 1646 453 solum
1658 444 1667 456 ,
1680 425 1732 463 qui
1743 424 1861 454 aderant
1872 444 1881 457 ‚
1892 424 2080 464 displicebat?
2105 456 2111 461 ,

1126 464 1145 495 ὀ
1166 463 1371 505 Γρεὲὶεὶευίυπι
1392 466 1445 494 uni
1462 463 1561 494 Craffo
1577 465 1747 504 jucundum
1758 484 1766 499 ,
1788 468 1892 495 ceteris
1913 476 1974 495 non
1994 467 2080 495 item·

1126 517 1193 537 nam
1211 526 1220 539 ,
1241 508 1312 546 quia
1323 505 1469 536 deciderat
1479 516 1517 535 ex
1529 505 1610 536 astris
1622 526 1629 539 ,
1642 510 1655 534 θ’
1666 506 1760 544 lapsus
1774 526 1782 540 ‚
1800 516 1889 547 quam
1900 506 2093 547 progressus„

1126 548 1230 589 potius
1243 548 1398 577 videbatur
1412 558 1416 576 :
1430 548 1462 578 &
1473 568 1481 581 ,
1493 557 1524 577 ut
1533 548 1652 587 Apelles
1664 568 1672 581 ‚
1682 546 1702 577 fi
1712 551 1873 581 Venerem,
1885 557 1934 578 aut
1944 548 1964 578 si
1976 551 2082 579 Proto-

1125 599 1215 631 genes
1237 589 1367 629 Ialysum
1385 589 1474 619 illum
1495 590 1582 619 suum
1601 599 1686 619 caeno
1703 589 1836 619 oblitum
1856 589 1969 620 videret
1985 610 1994 623 ,
2018 599 2083 620 ma-

1125 642 1220 674 gnum
1234 651 1242 665 ‚
1254 631 1344 661 credo
1355 651 1363 664 ,
1376 632 1520 670 acciperet
1529 631 1667 661 dolorem
1679 642 1684 660 ι
1694 630 1733 660 fic
1743 641 1798 671 ego
1808 631 1900 664 hunc,
1912 631 2056 662 omnibus
2065 630 2083 662 *a

1128 684 1175 703 me
1189 672 1306 713 pictum
1319 672 1352 703 δε
1361 673 1494 712 politum
1508 675 1576 702 artis
1586 672 1751 706 coloribus,
1759 672 1856 702 subito
1866 671 2086 707 deformatum5

1128 725 1191 745 non
1213 714 1272 744 fine
1299 724 1411 754 magno
1432 714 1540 744 dolore
1557 714 1631 744 vidi.
1654 724 1836 755 quamquam
1847 723 1941 744 nemo
1951 714 2083 754 putabat,

1127 765 1246 797 propter
1255 756 1440 787 Clodianum
1450 758 1605 798 negotium
1618 776 1626 790 ,
1639 757 1743 793 meilli
1753 758 1888 786 amicum
1900 754 1957 786 effe
1966 755 2082 786 debere.

1128 809 1231 829 tamen
1250 807 1347 828 tantus
1366 797 1521 828 fuitamor
1536 818 1544 832 ‚
1565 798 1751 828 utres-hauriri
1762 798 1845 828 nulla
1857 796 2082 837 poss'etinjuria.

1128 843 1225 881 itaque
1243 840 1437 871 Archilochia
1462 841 1492 869 in
1511 840 1600 870 illum
1621 839 1718 870 edfflca
1735 839 1958 879 Bibulipopulo
1968 840 2005 868 ita
2015 838 2084 869 sunt

1126 882 1257 922 jucunda
1267 902 1274 914 ,
1288 891 1320 912 ut
1331 892 1401 912 eum
1416 882 1517 912 locum
1530 902 1538 916 ‚
1550 882 1602 912 ubi
1612 890 1834 921 proponuntur,
1844 891 1903 921 prae
1915 880 2086 910 multitudi-

1129 935 1166 954 ne
1177 934 1282 954 eorum
1293 943 1302 957 ‚
1321 926 1373 964 qui
1383 924 1485 965 legunt
1499 944 1507 957 ,
1528 922 1543 944 ⁶
1554 922 1670 957 transire
1681 932 1848 963 nequeant,
1861 921 1913 963 ipsi
1926 924 1962 952 ita
1972 921 2084 955 acerba,

1131 976 1164 996 ut
1175 966 1297 996 tabescat
1311 965 1427 999 dolore,
1443 967 1520 995 mihi
1533 965 1704 996 mehercule
1717 963 1852 998 molesta,
1865 963 1946 1005 quod
1958 964 1990 997 ὃς
1999 974 2083 998 eum,

1129 1018 1220 1048 quem
1230 1007 1342 1046 semper
1353 1007 1449 1036 dilexi
1462 1026 1469 1041 ,
1481 1009 1575 1037 nimis
1585 1008 1757 1037 excruciant
1768 1018 1777 1040 3
1789 1006 1820 1036 &
1835 1008 1930 1036 timeo
1940 1026 1949 1039 ,
1961 1015 2020 1036 tam
2032 1015 2085 1037 ve-

1131 1051 1258 1079 hemens
1268 1051 1331 1082 vir,
1356 1058 1478 1088 tamque
1488 1059 1551 1078 acer
1560 1050 1592 1078 in
1604 1048 1683 1078 ferro
1695 1068 1703 1082 ‚
1722 1048 1754 1078 &
1762 1057 1823 1078 tam
1834 1048 1967 1078 insuetus
1976 1055 2085 1078 contu-

1132 1091 1230 1120 meliae
1241 1110 1249 1124 ,
1262 1100 1299 1120 ne
1311 1092 1399 1119 omni
1409 1092 1505 1119 animi
1515 1091 1631 1129 impetu
1641 1090 1751 1123 dolori,
1764 1089 1964 1120 &iracundiae
1975 1098 2082 1129 pareat.

1132 1132 1233 1162 Bibuli
1251 1133 1303 1172 qui
1315 1130 1347 1161 sit
1356 1132 1456 1161 exitus
1467 1130 1584 1161 futurus
1595 1151 1602 1164 ‚
1623 1131 1734 1161 nescio.
1756 1139 1788 1161 ut
1799 1141 1880 1161 nunc
1891 1141 1935 1161 res
1947 1131 1974 1161 se
1985 1131 2085 1165 habet,

1132 1173 1301 1204 admirabili
1331 1174 1427 1214 gloria
1464 1172 1515 1203 est.
1547 1178 1561 1201 7
1571 1174 1648 1213 quin
1666 1172 1737 1203 cum
1756 1174 1880 1202 comitia
1895 1174 1927 1202 in
1947 1173 2085 1203 mensem

1132 1215 1257 1245 octobr.
1279 1212 1454 1248 distulisset,
1473 1213 1555 1254 quod
1575 1215 1648 1245 solet
1668 1224 1699 1244 ea
1722 1223 1766 1244 res
1783 1214 1888 1253 populi
1897 1214 2084 1244 voluntatem

1133 1256 1298 1290 ostendere,
1308 1265 1422 1296 putarat
1435 1256 1527 1286 Caesar
1538 1258 1674 1286 oratione
1684 1253 1821 1295 suapoffe
1832 1256 1950 1295 impelli
1961 1257 2088 1285 concio-

1133 1309 1223 1336 nem,
1257 1294 1272 1316 3
1284 1308 1314 1328 ut
1327 1300 1382 1328 iret
1393 1297 1428 1328 ad
1440 1298 1583 1328 Bibulum
1596 1310 1604 1332 ·,
1627 1298 1722 1327 multa
1732 1297 1802 1327 cum
1814 1295 2027 1328 seditiosiffime
2040 1297 2100 1330 di-,

1132 1351 1221 1374 cerer,
1233 1350 1341 1370 vocem
1353 1350 1522 1380 exprimere
1534 1349 1596 1369 non
1605 1342 1712 1379 potuit.
1730 1338 1804 1380 quid
1813 1341 1934 1379 quaeris?
1941 1339 2086 1373 sentiunt,

1133 1383 1161 1412 se
1177 1382 1293 1412 nullam
1314 1382 1405 1412 ullius
1422 1383 1511 1422 partis
1532 1382 1720 1411 voluntatem
1741 1390 1858 1411 tenere:
1881 1391 1918 1411 eo
1935 1382 2031 1422 magis
2041 1383 2089 1410 vis

1133 1425 1223 1462 nobs
1236 1423 1278 1453 est
1288 1423 1432 1453 timenda.
1457 1422 1583 1453 Clodius
1592 1424 1737 1452 inimicus
1747 1422 1788 1453 est
1798 1422 1901 1453 nobis.
1925 1422 2089 1462 Pompejus

1133 1464 1311 1499 confirmat,
1323 1475 1395 1496 eum
1406 1465 1484 1494 nihil
1494 1463 1552 1495 effe
1566 1463 1714 1495 faAEfflrum
1726 1473 1829 1494 contra
1843 1474 1901 1494 me.
1921 1465 2000 1494 mihi
2009 1465 2088 1504 peri-

1131 1508 1269 1538 culosum
1279 1507 1322 1539 est
1331 1506 1464 1537 credere:
1482 1506 1517 1539 ad
1529 1505 1724 1536 resistendum
1738 1516 1786 1535 rne
1797 1516 1875 1545 paro.
1899 1505 1995 1536 studia
2003 1506 2088 1545 spero

1134 1559 1183 1579 me
1204 1550 1321 1580 summa
1340 1548 1511 1579 habitururn
1522 1549 1664 1578 omnium
1675 1547 1830 1578 ordinum.
1852 1556 1880 1577 te
1888 1557 1958 1577 cum
1969 1557 2024 1586 ego
2033 1547 2088 1577 de-

1133 1590 1227 1621 sidero
1242 1610 1250 1624 ‚
1280 1599 1344 1621 tum
1364 1589 1437 1620 vero
1456 1600 1501 1620 res
1519 1590 1553 1624 ad
1572 1598 1690 1629 tempus
1708 1588 1784 1620 illud
1803 1598 1897 1619 vocat.
1917 1589 2088 1629 plurimum

1132 1632 1249 1663 consilii
1260 1651 1269 1666 ,
1289 1633 1404 1665 animi,
1425 1631 1550 1672 praesidii
1562 1632 1693 1672 denique
1707 1650 1715 1664 ‚
1743 1631 1819 1660 mihi
1830 1651 1839 1664 ‚
1853 1629 1872 1659 si
1887 1640 1914 1660 te
1924 1630 1958 1662 ad
1969 1639 2088 1670 tempus

1133 1675 1237 1705 videro
1250 1694 1258 1708 ,
1274 1672 1430 1704 accesserit.
1453 1677 1547 1704 Varro
1558 1671 1790 1703 mihisatisfacit.
1814 1672 2090 1712 Pompejusloqui-

1135 1726 1180 1746 tur
1196 1716 1353 1746 divinitus.
1371 1720 1386 1742 9
1401 1715 1486 1755 spero
1497 1725 1552 1744 nos
1562 1724 1611 1744 aut
1622 1714 1700 1744 certe
1709 1723 1779 1743 cum
1791 1714 1908 1744 summa
1919 1714 2022 1755 gloria,
2036 1721 2087 1744 aul:

1135 1761 1144 1777 ¹
1152 1761 1167 1776 0
1177 1756 1237 1787 sine
1249 1756 1388 1786 molestia
1397 1758 1486 1786 etiam
1497 1755 1681 1786 discessuros.
1706 1757 1767 1788 Tu,
1778 1755 1851 1795 quid
1860 1765 1923 1796 agas
1935 1754 2092 1795 ‚quemad-

1135 1798 1265 1831 modum
1276 1807 1303 1829 te
1313 1797 1446 1828 oblefflts
1457 1817 1466 1832 ‚
1489 1797 1562 1839 quid
1572 1806 1642 1828 cum
1653 1798 1803 1837 Sicyoniis
1814 1799 1906 1838 egeris
1916 1817 1926 1831 ‚
1950 1805 1982 1827 ut
1996 1797 2089 1827 sciam

1135 1851 1214 1872 cura.

1384 1890 1577 1922 CICERO
1598 1892 1795 1921 ATTICO
1815 1866 1845 1921 Sl

1262 1938 1346 1967 UAM
1356 1937 1468 1968 vellem
1480 1940 1589 1967 Romae
1601 1935 1752 1967 mansisses
1763 1947 1768 1966 :
1782 1934 1933 1967 manfiffies
1942 1934 2092 1976 profecib,

1263 1978 1282 2008 fi
1302 1980 1366 2010 haec
1382 1978 1448 2010 fore
1468 1977 1659 2019 putaffemus.
1678 1989 1747 2009 nam
1759 1979 1945 2009 Pulchellum
1956 1977 2103 2008 nostrum,

1136 2020 1284 2054 facillime
1301 2030 1484 2051 teneremus:
1501 2029 1551 2051 aut
1562 2021 1640 2051 certe
1651 2041 1660 2055 ‚
1679 2020 1755 2061 quid
1763 2019 1975 2051 essetfaecurus
1992 2039 2000 2054 ‚
2021 2020 2094 2050 scire

1136 2061 1298 2103 possemus.
1318 2072 1399 2093 nunc
1410 2063 1438 2093 se
1456 2073 1500 2093 res
1514 2061 1551 2093 slc
1571 2063 1676 2097 habet;
1694 2063 1817 2096 volitat,
1837 2060 1930 2096 furit,
1956 2058 2095 2092 nihilha-

1139 2105 1188 2135 bet
1197 2106 1279 2139 certi,
1291 2105 1398 2135 multis
1409 2104 1568 2135 denuntiat
1582 2117 1589 2139 3
1600 2104 1681 2145 quod
1691 2103 1751 2134 fors
1762 2104 1915 2138 obtulerit,
1931 2103 1962 2134 id
1975 2102 2096 2133 asturus

1139 2147 1269 2177 videtur.
1291 2146 1363 2177 etim
1389 2146 1473 2177 videt
1484 2167 1493 2180 ,
1517 2146 1578 2188 quo
1588 2145 1622 2176 fit
1632 2149 1664 2176 in
1674 2146 1746 2176 odio
1757 2145 1847 2176 status
1857 2146 1905 2176 hic
1915 2154 2013 2175 rerum
2025 2164 2034 2179 ‚
2058 2145 2095 2175 in

1140 2197 1210 2221 eos,
1234 2189 1288 2229 qui
1307 2189 1369 2218 haec
1387 2197 1529 2230 egerunt,
1552 2190 1702 2228 impetum
1721 2186 1852 2218 ἡδίω-υς
1871 2187 1999 2217 videtur.
2022 2186 2096 2216 cum

1140 2239 1239 2261 autem
1259 2231 1359 2260 rursus
1381 2240 1452 2270 opes
1463 2230 1496 2260 &
1505 2232 1570 2260 vim
1580 2232 1729 2260 exercitus
1739 2229 1921 2263 recordatur,
1947 2229 2097 2258 convertit

1142 2272 1169 2302 se
1190 2274 1222 2301 in
1237 2281 1304 2301 nos.
1328 2272 1418 2302 nobis
1428 2281 1527 2302 autem
1538 2269 1605 2312 ipfis
1613 2271 1685 2302 cum
1696 2274 1759 2300 vim
1771 2290 1779 2304 ‚
1801 2270 2022 2309 tumj'udicium
2036 2271 2098 2299 mi-

1142 2323 1238 2344 natur.
1261 2323 1331 2343 cum
1343 2315 1401 2345 hoc
1411 2314 1573 2353 Pompejus
1585 2315 1665 2354 egit,
1684 2313 1718 2342 ὃς
1729 2333 1737 2345 ,
1762 2321 1794 2342 ut
1807 2312 1841 2341 ad
1855 2322 1904 2342 me
1918 2312 1980 2352 ipse
1989 2310 2106 2341 refere-¹

1142 2356 1210 2388 bat,
1233 2354 1348 2393 (alium
1369 2357 1453 2385 enim
1477 2354 1572 2384 habeo
1583 2352 1875 2393 neminemtestem)
1903 2355 2100 2384 vehementer

1139 1940 1164 1956 11

1127 2404 1129 2407 ·
1144 2398 1214 2438 egit,
1225 2406 1296 2433 cum
1308 2396 1428 2429 diceret,
1438 2398 1471 2426 in
1481 2396 1600 2432 summa
1611 2396 1638 2426 se
1650 2394 1796 2435 perfidiae,
1809 2395 1840 2425 &
1849 2394 1962 2425 sceleris
1972 2396 2109 2431 infamia,-

1144 2438 1220 2470 fore,
1232 2436 1252 2466 si
1267 2439 1344 2467 mihi
1356 2438 1524 2477 periculum
1535 2447 1680 2468 crearetur
1691 2437 1727 2467 ab
1738 2447 1774 2467 eo
1786 2456 1794 2469 ‚
1815 2446 1907 2477 quem
1921 2437 1980 2478 ipse
1989 2437 2100 2467 armas-

1149 2478 1314 2512 set‚¹²cum
1328 2479 1483 2518 plebejum
1496 2478 1559 2509 fieri
1569 2477 1665 2519 paffus
1675 2477 1755 2508 ess‘et.
1769 2478 1847 2508 ¹³sed
1859 2477 1950 2510 fidem
1962 2477 2102 2519 recepiflb

1149 2519 1201 2551 sibi
1213 2521 1245 2550 &
1257 2520 1355 2560 ipsum
1366 2540 1374 2554 ‚
1395 2521 1428 2551 δε
1438 2523 1571 2561 Appium
1586 2520 1621 2550 de
1633 2530 1699 2550 me:
1712 2521 1787 2550 hanc
1798 2518 1817 2549 si
1828 2521 1879 2550 ille
1890 2531 1953 2550 non
1964 2521 2107 2557 servaret,

1150 2564 1188 2592 ita
1207 2562 1337 2592 laturum
1353 2582 1362 2596 ‚
1382 2570 1416 2593 ut
1434 2572 1542 2593 omnes
1557 2562 1774 2602 intelligerent,
1798 2561 1938 2592 nihilsibi
1947 2559 2107 2603 antiquius

1149 2605 1281 2635 amicitia
1299 2603 1399 2635 nostra
1418 2602 1516 2635 fuifl‘c.
1535 2605 1598 2635 haec
1617 2624 1626 2638 ,
1646 2604 1679 2635 &
1697 2606 1731 2634 in
1748 2613 1814 2635 eam
1830 2604 2007 2635 sententiam
2028 2613 2100 2633 cum

1980 2655 1983 2660 ¹
2005 2645 2100 2677 multa

1149 2794 1156 2820 l
1183 2766 1211 2820 ζ.
1233 2759 1324 2794 Qim]
1347 2759 1413 2818 fliaec
1425 2759 1453 2784 Β(
1463 2757 1572 2794 Malasp.
1584 2757 1737 2792 conjectura
1747 2758 1774 2783 δε
1785 2755 1900 2785 Crustll.
1910 2755 2104 2790 Decurtatique

1160 2795 1189 2820 ec
1206 2794 1231 2820 io
1241 2795 1293 2821 est:
1318 2803 1349 2820 vu
1387 2814 1392 2820 .
1433 2797 1453 2820 i.

1185 2830 1213 2856 8.
1232 2833 1263 2855 Ut
1269 2832 1316 2855 iret
1325 2804 1502 2863 adggibqiitlum]
1523 2828 1644 2858 Placeret
1654 2827 1737 2863 magis
1747 2827 1844 2854 Fulvio
1862 2825 1909 2854 nisi
1927 2833 2106 2863 repugnarent

1150 2865 1209 2892 mff.
1219 2873 1246 2891 ut
1255 2868 1301 2892 iret
1311 2869 1337 2892 in
1346 2867 1465 2891 Bibulum.

1184 2910 1201 2937 9
1208 2922 1213 2927 .
1232 2905 1300 2935 Spero
1309 2910 1350 2927 nos
1360 2907 1403 2927 aut
1412 2900 1471 2925 certi)
1480 2907 1531 2924 eum
1541 2900 1637 2933 filmma
1650 2900 1728 2931 gloria
1738 2916 1746 2930 ‚
1766 2898 1888 2934 autfine]
1909 2899 2020 2926 Veteres
2030 2898 2091 2926 libri
2093 2917 2115 2932 ,-

1149 2947 1200 2963 cum
1219 2946 1252 2962 ua
1256 2938 1333 2968 gloria
1342 2943 1385 2962 aut
1395 2939 1466 2961 etiam
1476 2936 1536 2968 fine.

1189 2982 1231 2999 10.
1250 2975 1304 2998 sinc
1313 2973 1412 3004 molestia
1421 2971 1519 3004 eriam]
1540 2972 1621 2995 Edam
1631 2968 1699 2995 abest
1711 2970 1726 2996 ὰ
1739 2969 1812 3005 vulg.

1189 3017 1230 3035 ιι.
1249 3009 1327 3040 Qum
1335 3007 1417 3032 vellem
1434 3006 1647 3039 Romaemanfisfcs‚·
1669 3007 1784 3039 manfiffis
1798 3006 1931 3040 prasina]
1960 3005 2105 3033 Lambinus

1150 3054 1175 3079 q.
1186 3053 1214 3070 v.
1224 3047 1254 3070 R.
1264 3053 1296 3068 m.
1307 3049 1334 3068 ut
1343 3042 1580 3075 manstfflsprvsefflu
1600 3041 1671 3076 quod
1683 3041 1772 3067 laudat
1787 3042 1875 3068 Belius
1886 3061 1895 3073 ,
1908 3042 1953 3069 nisi
1965 3042 2033 3078 quod
2045 3050 2107 3078 par-

1150 3080 1234 3106 tiam
1246 3098 1254 3111 ,
1273 3078 1377 3112 rejicit:
1402 3077 1547 3112 vulg.q.v.
1561 3080 1589 3106 R.
1601 3087 1632 3102 m.
1645 3077 1705 3110 qumi
1721 3078 1796 3111 egisses
1809 3097 1817 3108 ‚
1836 3086 1894 3113 quae
1911 3077 1964 3104 duo
1977 3078 2108 3114 postrema

1150 3114 1233 3142 abeffe
1243 3113 1276 3141 ab
1285 3113 1400 3148 antiquis
1411 3112 1486 3138 libris
1497 3113 1524 3138 8<
1534 3111 1665 3139 subaudiri
1676 3113 1756 3148 posse,
1767 3114 1860 3140 testatu
1867 3123 1878 3140 r
1888 3114 2035 3142 Manutius.

1194 3159 1237 3177 ιι.
1257 3152 1315 3175 Cum
1321 3149 1524 3183 plebcjumfieri]
1546 3148 1627 3184 Vulg.
1639 3151 1835 3183 qucrnplehrjum,
1843 3150 1893 3182 &a

1192 3193 1235 3221 ¹3-
1259 3185 1339 3212 fidem
1349 3184 1478 3220 recesiffi]
1500 3184 1647 3213 Lambinus
1659 3185 1732 3220 fidem
1744 3185 1835 3220 dedtſje.

2017 3230 2028 3248 ι
2036 3240 2042 3247 .
2051 3222 2108 3247 Tim

2108 1896 2155 1922 22
