2379 3400
252 75 371 139 1318
641 70 1164 118 M.Tu1,1„11

248 154 368 184 adhuc&
382 154 467 183 nobis
478 152 701 182 hereditarium.
725 150 805 180 Cum
818 159 916 180 autem
929 151 1142 190 Karthaginem
1156 148 1209 180 de-

250 197 374 227 leveris,
396 195 582 233 triumphum
604 195 716 233 egeris,
734 192 896 233 censorque
914 192 1023 225 suem,
1045 193 1077 222 ὃς
1095 192 1206 221 obieris

251 238 360 277 legatus
379 238 539 275 AEgyptum
552 254 560 267 ,
581 237 697 273 Syriam
712 254 720 267 ,
742 233 839 264 Afiam
856 254 864 268 ,
886 236 1032 263 Graeciam
1047 253 1056 267 ‚
1078 231 1207 274 deligEre

250 287 358 307 iterum
373 286 433 305 cos.
446 276 549 305 absens
560 295 568 308 ‚
595 276 768 316 bellumque
780 279 951 306 maximum
962 274 1104 305 conficies
1116 293 1124 308 ,
1139 277 1206 304 Nu-

252 327 393 347 mantiam
407 317 572 347 exscindes·
594 317 650 348 Sed
668 316 739 347 curn
759 320 816 347 eris
825 328 911 348 curru
923 318 1105 357 Capitolium
1119 318 1206 346 inve·

251 360 315 389 <stus
330 378 337 391 ,
359 356 493 402 offendes
512 367 595 399 remp.
612 359 1121 400 perturbat·am.confii'itsnepotumei.
1147 360 1207 388 Hic

252 410 281 430 tu
295 420 302 432 ,
324 402 462 429 Atricane
476 420 483 433 .
505 400 642 431 ostendas
662 401 814 440 oportebit
832 403 931 441 patriae
944 420 951 434 ‚
973 405 1078 430 lumen
1099 402 1206 433 animi,

252 442 377 485 ingenii.
390 439 566 472 consiliioue
579 444 632 472 tui.
647 444 702 473 Sed
714 444 778 482 ejus
791 445 935 483 temporis
946 444 1105 482 ancipitem
1119 443 1208 472 video

251 486 329 526 quali
339 488 466 513 istorum
478 486 568 514 viam.
587 494 657 516 nam
672 484 743 515 cum
753 495 821 515 aetas
831 494 879 515 tua
888 486 1023 525 septenos
1034 483 1128 514 oclies
1139 484 1210 514 solis

252 524 400 554 antiaecus
412 545 420 557 ,
434 525 602 567 reditusque
612 528 803 560 converterit,
817 527 937 568 duoque
948 527 978 556 hi
988 529 1119 560 numeri,
1131 535 1213 567 quo-

252 575 320 595 rum
337 575 457 607 uterque
478 568 581 607 plenus
593 589 601 601 ‚
622 569 694 599 alter
710 569 799 599 altera
816 569 852 599 de
864 569 947 599 causa
961 588 969 602 ,
990 569 1110 598 habetur
1121 588 1130 602 ‚
1151 570 1210 598 cir-

251 618 336 638 cuitu
356 610 482 639 naturali
505 610 658 640 summam
681 611 737 642 tibi
755 610 874 641 fatalem
892 610 1094 641 confecerint:
1130 612 1162 639 in
1183 618 1210 639 te

255 659 352 691 unum
366 669 375 683 ,
396 659 481 691 atque
501 662 532 681 in
553 662 638 682 tuum
658 663 773 683 nomen
786 673 793 686 ,
814 653 842 683 se
861 661 922 683 tota
931 653 1210 682 convertetcivitas:

252 701 281 722 te
293 692 407 722 senatus
418 712 426 725 ‚
439 702 465 722 te
477 703 585 724 omnes
598 695 672 725 boni
683 714 691 728 ‚
704 704 731 725 te
742 695 834 728 socii,
854 704 882 726 te
893 696 993 725 Latini
1004 693 1211 724 intuebuntur:

254 743 286 763 tu
301 735 357 762 eris
373 743 458 764 unus
470 755 477 768 ,
498 746 534 765 iu
549 745 615 774 Qio
629 746 786 767 ΝιτΑτυκ
800 746 978 768 mvn-Aris
993 745 1094 765 SALUS
1107 756 1115 769 ‚
1130 745 1160 765 ac
1175 744 1212 764 ne

256 776 371 809 multa,
393 775 519 807 diclator
537 788 633 819 remp.
653 778 816 810 constituas
836 788 971 819 oportet,
995 777 1212 817 fiimpiaspro-

252 819 441 857 pinquorum
461 829 569 850 manus
592 819 740 861 effugeris.
765 819 824 851 Hic
842 821 913 852 cum
936 818 1126 850 exclamasset
1147 820 1210 848 Lae-

253 860 312 889 lius
323 880 330 893 ‚
344 860 615 903 ingemuiffefflque
626 865 715 893 ceteri
726 863 952 893 vehementius:
966 863 1074 892 leniter
1082 860 1215 891 arridens

254 904 355 942 Scipio
366 923 375 936 ‚
396 904 504 942 Qaeso
516 924 524 937 ,
545 906 664 945 inquit,
687 914 723 934 ne
736 915 785 934 me
795 905 811 934 ἐ
829 905 936 935 somno
947 905 1083 934 excitetis
1094 923 1102 937 ,
1115 903 1146 933 &
1155 912 1213 942 pax

219 945 232 978 3
257 941 290 972 sit
306 945 391 975 rebus
405 955 410 974 :
432 945 531 976 audite
541 955 644 977 cetera.
666 946 722 977 Sed
733 946 796 987 quo
807 945 853 980 sis,
865 946 1004 977 Africane
1015 965 1024 980 ‚
1045 946 1169 975 alacrior
1178 944 1214 974 ad

254 987 413 1017 tutandum
425 997 518 1027 remp.
531 986 568 1018 sic
580 988 696 1018 habeto.
714 991 740 1018 Ο
749 999 775 1018 M
785 997 806 1018 Ν
819 998 830 1018 1
841 999 858 1018 n
868 999 890 1019 u
900 998 912 1018 s
925 1008 932 1022 ,
944 990 995 1028 qui
1007 989 1130 1028 patriam
1139 996 1214 1017 con-

256 1026 415 1074 servarint,
429 1029 597 1068 adjuverint
607 1050 614 1064 ‚
630 1032 786 1064 auxerint,
800 1039 914 1060 certum
926 1029 985 1060 effe
995 1031 1026 1059 in
1035 1030 1109 1060 caelo
1121 1038 1153 1058 ac
1164 1028 1214 1058 de-

256 1072 379 1100 nnitum
394 1071 496 1101 locum
510 1090 518 1105 ‚
540 1071 591 1101 ubi
608 1072 761 1103 beatiaevo
773 1072 957 1112 sempiterno
969 1071 1114 1102 fruantur.
1139 1070 1217 1100 nihil

257 1110 301 1141 est
311 1115 393 1142 enim
406 1113 452 1142 illi
463 1115 591 1153 principi
603 1117 671 1144 Deo
682 1135 691 1148 ,
712 1116 765 1156 qui
775 1124 902 1144 omnem
916 1115 995 1144 hunc
1008 1113 1157 1143 mundum
1169 1122 1217 1141 re-

252 1155 297 1193 git
306 1174 314 1187 ,
337 1155 416 1195 quod
426 1155 549 1196 quidem
562 1158 687 1186 interris
698 1155 765 1190 fiat,
787 1158 935 1197 acceptius
946 1175 954 1190 ‚
973 1155 1063 1196 quarn
1073 1154 1216 1188 concilia,

253 1198 407 1237 coetusque
426 1198 590 1227 hominurn
602 1218 611 1232 ‚
626 1199 692 1237 jure
705 1199 825 1232 sociati,
846 1209 912 1239 quae
921 1198 1054 1227 civitates
1063 1197 1216 1237 appellan-

255 1246 321 1267 tur:
343 1239 446 1268 harum
456 1238 568 1268 restores
579 1259 586 1273 ,
607 1240 643 1273 (ἓν
655 1240 856 1280 conservatores
874 1240 937 1269 hinc
949 1238 1067 1281 profesti
1077 1260 1085 1273 ,
1106 1240 1159 1267 huc
1173 1248 1215 1267 re-

254 1288 416 1310 vertuntur.
442 1280 501 1311 Hic
515 1291 587 1321 ege,
608 1281 659 1312 etsi
676 1292 755 1312 eram
773 1283 943 1323 perterritus
956 1301 964 1315 ,
984 1290 1118 1311 nontam
1133 1290 1215 1311 metu

252 1324 363 1352 moi-tis
376 1343 383 1356 ‚
394 1323 486 1364 quarn
498 1322 672 1354 insidiarum
683 1324 698 1354 a
710 1326 787 1354 meis
796 1344 805 1358 ‚
819 1322 941 1365 quaefivi
951 1332 1050 1354 tamen
1066 1343 1074 1356 ,
1088 1325 1217 1353 viveret-

253 1372 293 1393 ne
302 1364 362 1404 ipse
372 1365 404 1395 &
417 1365 534 1395 Paullus
545 1375 624 1405 pater
633 1386 641 1399 ,
658 1366 691 1396 ὃς
700 1367 750 1397 alii
761 1386 769 1400 ‚
786 1376 863 1407 quos
873 1375 928 1396 nos
940 1363 1085 1402 exstinstos
1094 1365 1215 1395 arbitra-

254 1414 366 1436 remur.
389 1406 493 1437 Immo
505 1406 576 1437 vero
586 1427 594 1440 ,
613 1409 715 1449 inquit
728 1428 736 1442 ‚
760 1418 787 1438 ιι
803 1417 935 1439 vivum·
946 1427 954 1442 ‚
976 1411 985 1427 ¹
996 1410 1097 1448 quiex
1107 1417 1216 1446 corpo-

255 1456 325 1477 rum
342 1449 491 1483 vinculis,
512 1457 663 1490 tamquam
683 1451 699 1480 ἐ
717 1460 832 1481 carcere
845 1471 853 1485 ‚
872 1451 1068 1480 evolaverunt
1086 1460 1092 1478 τ
1123 1449 1219 1480 vestra

255 1488 329 1519 verb
339 1509 347 1523 2
359 1500 423 1531 quae
435 1491 611 1521 diciturvita
623 1512 631 1525 ,
649 1502 737 1522 mons
750 1491 801 1522 est.
824 1494 898 1533 quin
910 1501 941 1522 tu
950 1491 1071 1532 aspicias
1081 1490 1115 1522 ad
1127 1499 1153 1521 te
1164 1501 1211 1521 ve-

257 1533 395 1561 nientem
408 1533 545 1562 Paullum
564 1542 686 1572 patrem.
719 1536 819 1575 Qem
839 1543 872 1563 ut
886 1534 970 1566 vidi,
990 1533 1130 1574 equidem
1149 1535 1214 1563 vim

255 1574 447 1604 lacrimarum
466 1573 605 1613 profudi:
637 1575 692 1604 Ille
712 1585 812 1605 autem
832 1585 882 1604 me
901 1575 1080 1614 complexus
1096 1594 1105 1607 ‚
1129 1582 1215 1614 atque

255 1614 392 1646 osculans
404 1613 476 1645 flere
487 1615 671 1655 prohibebat.
695 1619 793 1656 Atque
806 1626 860 1656 ego
871 1625 901 1646 ut
913 1615 1048 1656 primum
1061 1635 1068 1649 ,
1089 1614 1161 1645 fletu
1172 1626 1217 1645 re-

257 1655 354 1698 preffo
363 1676 371 1690 ‚
383 1656 469 1697 loqui
482 1656 564 1697 poss'e
573 1660 651 1697 coepi
663 1678 671 1691 ‚
683 1659 793 1698 Qaeso
806 1678 813 1692 ‚
828 1661 955 1698 inquam
968 1677 975 1691 ‚
985 1666 1065 1697 pater
1075 1656 1216 1687 sanffiffi-

258 1709 309 1729 me
324 1718 332 1732 ,
343 1707 428 1739 atque
438 1701 556 1738 optime
566 1718 574 1733 ‚
595 1701 740 1739 quoniam
751 1700 814 1729 haec
823 1698 865 1728 est
875 1701 934 1728 vita
945 1718 953 1731 ,
978 1701 1022 1736 (ut
1040 1697 1216 1728 Africanum

255 1741 347 1771 audio
358 1740 466 1780 dicere)
476 1741 551 1780 quid
563 1750 666 1770 moror
675 1742 707 1770 in
717 1743 801 1769 terris
812 1760 819 1772 ‚
840 1742 915 1780 quin
928 1740 984 1769 huc
995 1739 1030 1768 ad
1045 1748 1099 1768 vos
1115 1741 1217 1768 venire

257 1785 404 1823 properolr
419 1785 492 1811 Non
501 1781 543 1812 est
553 1784 610 1815 ita,
623 1781 793 1821 inquitille.
819 1791 888 1810 NISI
903 1789 986 1810 DEUS
1002 1790 1029 1810 is
1041 1800 1049 1813 ‚
1065 1781 1149 1819 cujus
1162 1782 1218 1812 hoc

257 1825 407 1864 templum
418 1823 460 1854 est
472 1834 564 1854 omne
575 1843 582 1857 ‚
594 1825 675 1864 quod
686 1823 835 1863 conspicis
845 1843 853 1856 ,
866 1821 928 1852 istis
941 1832 967 1852 te
978 1825 1110 1861 corporis
1121 1821 1219 1852 custo-

257 1866 316 1896 diis
327 1866 495 1896 liberaverit
507 1885 515 1900 ,
526 1867 583 1895 huc
594 1865 649 1895 tibi
659 1865 755 1895 aditus
765 1863 862 1905 patere
873 1874 936 1894 non
946 1863 1052 1904 potest.
1076 1865 1218 1894 homines

257 1911 341 1938 enirn
356 1908 421 1938 sunt
437 1909 489 1937 hac
503 1908 565 1948 lege
579 1909 729 1948 generati,
749 1909 801 1947 qui
816 1915 968 1936 tuerentur
981 1906 1069 1936 illum
1079 1906 1218 1946 globum,

258 1960 349 1991 quem
363 1953 393 1980 in
407 1951 464 1980 hoc
474 1951 589 1990 templo
599 1949 738 1979 medium
749 1949 845 1981 vides,
858 1958 923 1989 quae
935 1955 1010 1977 terra
1020 1948 1129 1978 dicitur
1143 1948 1220 1978 :his-

259 2002 317 2033 que
331 1994 452 2022 animus
466 1992 552 2021 datus
564 1991 606 2022 est
620 2001 657 2021 ex
669 1991 730 2020 illis
740 1991 932 2031 sempiternis
942 1990 1063 2031 ignibus
1076 2009 1085 2023 ,
1106 2000 1172 2030 quae
1182 1988 1220 2019 si-

258 2035 327 2064 dera
338 2053 346 2067 ‚
359 2035 391 2064 &
402 2033 497 2065 stellas
508 2036 620 2064 vocatis
634 2045 638 2062 ;
653 2043 718 2074 quae
728 2032 861 2074 globosae
873 2052 881 2065 ,
893 2032 926 2061 &
937 2031 1074 2062 rotundae
1086 2051 1095 2065 ,
1108 2033 1221 2062 divinis

257 2078 397 2106 animatae
417 2075 570 2105 mentibus
584 2095 592 2109 ‚
616 2076 745 2105 circulos
767 2074 835 2105 suos
848 2093 857 2108 ‚
880 2074 1036 2114 orbeisque
1056 2072 1223 2105 conficiunt

256 2119 406 2148 celeritate
420 2117 562 2147 mirabili.
586 2119 683 2158 Qare
695 2117 727 2147 δε
739 2116 794 2147 tibi
805 2136 814 2151 ‚
834 2116 941 2149 Publi,
962 2116 995 2146 &
1005 2118 1062 2156 piis
1076 2116 1223 2146 omnibus

260 2159 435 2190 retinendus
445 2158 487 2189 est
495 2163 615 2189 animus
624 2161 657 2189 in
668 2157 803 2189 custodia
811 2159 1014 2198 corporis:nec
1024 2156 1135 2194 injuss'u
1146 2158 1221 2196 ejus,

261 2200 350 2242 aquo
367 2202 418 2231 ille
431 2201 473 2232 est
489 2201 575 2231 vobis
588 2202 673 2231 datus
685 2221 693 2233 ‚
715 2210 752 2230 ex
767 2202 931 2230 hominum
952 2202 1013 2230 vita
1030 2200 1222 2241 migrandum

262 2243 306 2274 est
321 2263 329 2277 ,
346 2254 377 2273 ne
387 2253 489 2273 mamm
499 2244 654 2272 humanum
674 2246 688 2262 ²
697 2242 869 2283 affignarum
878 2241 896 2271 *a
908 2244 968 2271 Deo
980 2241 1111 2282 defugiffi
1125 2242 1224 2271 videa-

265 2286 348 2315 mini.
372 2285 427 2316 Sed
438 2284 474 2315 sic
487 2306 495 2319 ,
510 2287 611 2325 Scipio
622 2305 630 2319 ‚
648 2294 678 2315 ut
689 2295 758 2315 avus
769 2285 819 2315 hic
829 2293 896 2314 tuus
906 2303 914 2318 ‚
932 2293 963 2314 ut
974 2294 1029 2325 ego
1041 2303 1050 2317 ,
1092 2286 1160 2314 uite
1171 2294 1224 2325 ge-

265 2330 319 2358 nui
334 2348 342 2361 ,
355 2337 543 2366 JusrrriAM
557 2328 622 2357 cole
634 2347 642 2361 ‚
658 2327 690 2357 ὃς
700 2329 860 2367 pietatem:
880 2336 946 2367 qu¹ae
959 2346 967 2359 ,
987 2325 1059 2356 cum
1071 2295 1104 2356 gt
1118 2336 1223 2367 magna

263 2371 297 2399 in
316 2369 487 2410 parentibus
498 2389 507 2402 ,
528 2369 560 2399 &
571 2370 748 2410 propinquis
760 2388 768 2402 ‚
791 2377 853 2398 tum
872 2369 902 2398 in
917 2369 1008 2408 patria
1020 2370 1155 2398 maxima
1163 2367 1224 2398 est:

262 2421 296 2441 ea
310 2412 391 2445 vira,
413 2412 465 2440 via
480 2409 524 2440 ess}
537 2412 566 2440 in
579 2411 673 2440 caelum
684 2431 692 2445 ,
713 2410 792 2441 &in
806 2411 887 2440 hunc
897 2419 1010 2440 coetum
1024 2419 1150 2444 eorum,
1171 2410 1224 2450 qui

260 2454 324 2493 jam
344 2455 505 2487 vixerunt,
527 2453 695 2492 &corpore
713 2453 821 2486 laxati,
841 2453 930 2481 illum
949 2452 1088 2482 incolunt
1106 2452 1221 2484 locum,

263 2505 355 2535 quem
375 2494 457 2524 vides
473 2505 479 2524 z
501 2504 562 2525 erat
580 2504 680 2525 autem
700 2495 725 2523 is
743 2491 980 2533 splendidiffimo
999 2493 1128 2523 candore
1148 2495 1226 2523 inter

266 2537 403 2566 flammas
418 2540 429 2563 3
440 2539 533 2566 circus
543 2537 663 2567 elucens
675 2557 682 2570 ,
696 2545 785 2576 quern
799 2545 852 2565 vos
864 2555 871 2569 ‚
885 2544 916 2565 ut
925 2535 941 2565 a
952 2537 1048 2565 Graiis
1059 2534 1221 2574 accepistis,

264 2578 354 2608 orbem
363 2577 486 2608 [dicum
497 2581 686 2619 nuncupatis:
695 2587 734 2609 ex
743 2587 804 2619 quo
813 2579 918 2608 omnia
928 2578 1005 2607 mihi
1014 2577 1224 2618 contemplan-

1258 69 1806 118 Crcnnonrs

1244 151 1266 180 ti
1277 150 1411 189 praeclara
1422 158 1516 180 cetera
1526 170 1535 184 ,
1549 149 1581 180 &
1593 149 1743 180 mirabilia
1751 148 1937 183 videbantur.
1956 159 2146 184 erantautern
2159 161 2202 185 επ

1248 192 1339 222 stellae
1349 211 1357 225 ‚
1373 201 1444 232 quas
1455 201 1620 232 numquam
1632 201 1669 222 ex
1681 193 1738 221 hoc
1748 191 1816 221 loco
1824 192 1974 224 vidit-nus:
1990 195 2022 225 &
2031 206 2071 226 eae
2083 198 2204 236 magni-

1249 233 1368 263 tudines
1378 235 1520 263 omnium
1533 252 1541 266 ‚
1554 243 1625 274 quas
1635 232 1692 263 effe
1702 242 1868 272 numquam
1881 234 2014 273 suspicati
2025 237 2126 267 sumus
2141 248 2146 267 :
2162 246 2202 268 ex

1248 275 1360 315 quibus
1379 283 1438 305 erat
1452 276 1501 305 illa
1515 277 1644 305 minima
1655 295 1664 308 ,
1684 284 1751 315 quae
1761 275 1949 305 ultimacaelo
1960 295 1968 309 ‚
1989 279 2204 309 citimaterris:

1250 318 1316 346 luce
1334 316 1448 347 lucebat
1465 318 1569 347 aliena.
1594 315 1745 346 stellarum
1755 325 1853 346 autem
1864 317 1948 355 globi
1960 326 2040 348 terrae
2051 323 2206 361 magnitu-

1250 358 1354 388 dinem
1365 357 1453 388 facile
1464 358 1634 388 vincebant.
1655 360 1723 400 Jam
1735 358 1796 398 ipsa
1810 367 1884 388 terra
1897 360 1935 388 ita
1946 359 2022 388 mihi
2033 368 2126 401 parva
2140 363 2205 403 visit

1250 399 1294 430 ess}
1305 420 1313 434 ,
1335 409 1365 430 ut
1377 410 1425 430 me
1435 402 1555 440 imperii
1566 399 1659 430 nostri
1668 420 1677 433 ‚
1697 409 1759 440 quo
1771 399 1851 440 quasi
1862 398 1999 441 pund‘ium
2009 411 2073 440 ejus
2084 405 2206 445 attingi.

1253 452 1337 476 muS,
1349 444 1516 482 poeniteret.
1562 444 1661 483 Qam
1671 451 1740 471 cum
1752 443 1844 482 magis
1856 451 1988 472 intuerer
1999 461 2007 475 ‚
2019 444 2126 484 Qaeso
2138 464 2146 477 ,
2157 448 2203 476 in-
2220 450 2243 482 4

1252 486 1317 525 quit
1328 484 1486 514 Africanus
1498 505 1506 518 ,
1518 485 1674 525 quousque
1684 484 1770 513 humi
1779 482 1876 514 defixa
1887 492 1933 514 tua
1943 493 2031 513 mens
2040 486 2114 513 erit?
2125 495 2208 518 non-

1255 536 1292 556 ne
1306 526 1430 566 adspicis
1440 545 1449 560 ,
1467 536 1533 567 quae
1547 527 1580 556 in
1595 526 1706 565 templa
1719 527 1855 555 veneris?
1872 535 1984 558 novem
1999 525 2054 556 tibi
2068 526 2205 562 orbibus,

1251 568 1300 598 vel
1321 567 1423 608 potius
1441 569 1539 610 globis
1551 588 1560 601 ,
1577 571 1740 597 4connexa
1759 567 1826 597 sunt
1843 569 1964 597 omnia:
1986 577 2117 608 quorum
2129 578 2206 600 unus

1255 609 1297 640 est
1306 609 1430 640 caeiestis
1443 630 1451 644 ,
1468 612 1602 640 eirtimus
1612 630 1620 644 ,
1636 611 1688 650 qui
1705 610 1836 649 reliquos
1849 611 1969 639 omneis
1982 609 2206 650 compleffitur.

1255 652 1391 682 summus
1404 652 1465 691 ipse
1475 655 1559 682 Deus
1571 671 1579 684 ‚
1593 661 1686 680 arcens
1695 670 1703 684 ‚
1717 650 1752 684 &-
1761 651 1899 680 continens
1908 658 2024 680 ceteros:
2044 653 2075 681 in
2086 661 2146 692 quo
2159 654 2209 682 in-

1257 693 1309 724 fixi
1323 694 1390 724 sunt
1402 694 1460 727 illi,
1470 696 1523 734 qui
1537 694 1702 724 volvuntur
1713 713 1721 726 ,
1741 691 1890 723 stellarum
1902 693 2004 723 cursus
2015 693 2210 733 sempiterni:

1254 738 1303 766 cui
1321 734 1446 775 subjeEli
1463 736 1533 766 sunt
1548 735 1659 776 septem
1672 754 1680 768 ,
1700 736 1752 775 qui
1770 735 1922 765 versantur
1941 732 2020 766 retro
2032 754 2040 768 ‚
2059 738 2210 767 contrario

1257 787 1354 812 motu,
1365 787 1451 818 atque
1462 778 1570 807 caelum
1583 798 1591 810 ‚
1602 786 1640 807 ex
1649 777 1760 817 quibus
1771 786 1867 806 unum
1877 776 2002 816 globum
2014 775 2137 815 poffidet
2147 778 2208 812 illa,

1254 830 1344 861 quam
1356 822 1388 849 in
1399 821 1481 850 terris
1492 819 1661 849 Saturniam
1672 819 1843 848 nominant.
1866 818 1975 849 deinde
1988 817 2031 848 est
2044 819 2209 851 hominum

1254 864 1356 903 generi
1368 865 1381 888 ἰ
1390 861 1545 902 prosperus
1555 862 1587 891 &
1599 861 1728 891 salutaris
1738 860 1790 892 ille
1802 859 1900 902 fulgor
1909 881 1917 894 ‚
1928 862 1980 902 qui
1991 860 2190 899 diciturJovu
2198 872 2211 889 .-

1255 914 1320 934 tum
1333 905 1439 934 rutilus
1450 923 1458 937 ‚
1471 903 1683 944 horribilisque
1693 905 1776 933 terris
1789 922 1797 936 ‚
1806 899 1921 943 ⁶quem
1933 903 2090 931 Martium
2099 903 2209 934 dicitis:

1239 945 1365 976 ·deinde
1378 945 1476 976 subter
1490 945 1622 975 mediam
1637 945 1697 975 fere
1716 946 1871 984 regionem
1882 944 1931 974 Sol
1944 944 2062 975 obtinet
2072 963 2081 977 ‚
2100 944 2163 975 dux
2177 946 2212 977 86

1256 990 1392 1028 princeps
1402 1006 1411 1021 ,
1423 987 1456 1017 ὅ(
1465 987 1635 1017 moderator
1646 986 1800 1016 luminum
1810 987 2008 1026 reliquorum,
2021 996 2109 1016 mens
2118 996 2213 1018 mun-

1256 1030 1287 1060 di
1300 1049 1308 1063 ‚
1324 1030 1544 1069 &temperatio
1556 1049 1565 1062 ,
1587 1036 1667 1059 tanta
1677 1027 1887 1069 magnitudine
1898 1047 1907 1061 ‚
1926 1035 1958 1057 ut
1966 1027 2072 1058 cun&a
2083 1028 2132 1059 sua
2145 1029 2212 1060 luce

1256 1070 1400 1104 illustret,
1416 1071 1448 1100 &
1460 1072 1619 1110 compleat.
1642 1071 1724 1100 hunc
1733 1071 1899 1100 utcomites
1908 1070 2132 1110 consequuntur
2142 1090 2151 1105 ,
2168 1073 2214 1101 al-

1256 1122 1298 1144 ter
1309 1115 1412 1143 Veneris
1422 1133 1430 1147 ‚
1445 1113 1516 1143 alter
1524 1112 1664 1143 Mercurii
1674 1111 1774 1142 cursus
1787 1123 1792 1141 ε
1812 1114 1844 1141 in
1854 1110 2024 1152 infimoque
2033 1111 2104 1142 orbe
2115 1115 2211 1148 Luna,

1255 1155 1344 1186 radiis
1356 1155 1427 1185 solis
1436 1155 1555 1185 accensa
1564 1175 1571 1188 ,
1582 1155 1778 1185 convertitur.
1801 1153 1878 1183 infra
1889 1162 1990 1184 autern
1998 1155 2060 1193 jam
2072 1154 2149 1184 nihil
2158 1154 2212 1189 est.

1256 1196 1310 1228 nisi
1322 1197 1446 1227 mortale
1458 1197 1491 1226 &
1499 1196 1645 1227 caducum
1656 1216 1665 1230 ‚
1684 1205 1788 1236 praeter
1796 1197 1915 1225 animos
1925 1197 2025 1236 generi
2036 1197 2212 1231 hominum,

1256 1249 1382 1270 munere
1399 1239 1526 1269 deorum
1540 1239 1634 1269 datos.
1658 1238 1741 1278 supra
1759 1238 1862 1268 lunam
1883 1238 1951 1268 sunt
1969 1246 2078 1268 aeterna
2098 1239 2214 1269 omnia.

1257 1291 1326 1312 nam
1347 1292 1381 1312 ea
1392 1301 1399 1314 ‚
1420 1291 1487 1322 quae
1499 1280 1543 1311 est
1555 1281 1655 1311 media
1666 1300 1675 1314 ‚
1695 1280 1728 1310 &
1741 1289 1820 1310 nona
1834 1279 1922 1309 tellus
1933 1299 1942 1312 ,
1963 1289 2060 1320 neque
2074 1289 2216 1312 movetur

1257 1324 1289 1354 δε
1308 1322 1415 1353 infima
1431 1322 1492 1357 est,
1513 1323 1547 1353 &
1562 1325 1594 1353 in
1609 1332 1674 1354 eam
1693 1321 1831 1352 feruntur
1848 1323 1954 1352 omnia
1972 1321 2026 1352 suo
2042 1331 2117 1353 nutu
2136 1331 2217 1362 pon-

1256 1366 1333 1396 dera.
1378 1368 1452 1407 Qae
1462 1364 1534 1395 cum
1544 1367 1676 1395 intuerer
1686 1363 1807 1404 stupens
1817 1383 1826 1397 ,
1847 1373 1880 1393 ut
1891 1373 1940 1394 me
1951 1365 2065 1405 recepi,
2085 1369 2100 1394 7
2111 1363 2215 1406 Qid?
2230 1371 2253 1402 5

1255 1408 1305 1438 hic
1316 1427 1325 1442 ‚
1346 1409 1468 1448 inquam
1480 1427 1488 1441 ‚
1509 1409 1576 1448 quis
1591 1406 1651 1440 est,
1673 1416 1726 1447 qui
1743 1406 1878 1446 complet
1893 1407 1988 1436 aureis
2006 1416 2087 1437 meas
2104 1415 2214 1441 tantus.

1257 1450 1290 1480 &
1309 1459 1368 1480 tam
1386 1450 1472 1479 duim
1486 1449 1594 1488 sbnws?
1616 1451 1677 1478 Hic
1689 1446 1750 1481 est,
1770 1449 1871 1488 inquit
1887 1448 1940 1477 ille
1952 1467 1961 1480 ,
1980 1449 2032 1488 qui
2049 1447 2215 1478 intervallis

1256 1491 1439 1530 conjun6lms
1461 1490 1644 1530 imparibus,
1673 1489 1723 1519 sed
1740 1498 1839 1518 tamen
1854 1498 1908 1527 pro
1921 1498 1979 1519 rata
2004 1491 2145 1529 portione
2164 1489 2214 1520 di-

1257 1532 1374 1563 stinffls
1386 1553 1394 1566 ,
1416 1532 1548 1571 impulsu
1561 1551 1569 1564 ,
1591 1531 1625 1560 &
1637 1538 1724 1560 motu
1743 1530 1876 1569 ipsorum
1896 1530 2016 1560 orbium
2033 1529 2214 1562 conficitur:

1257 1585 1308 1615 qui
1318 1583 1399 1603 acuta
1407 1583 1477 1603 cum
1488 1572 1625 1613 gravibus
1634 1581 1801 1610 temperans
1810 1590 1818 1604 ,
1837 1573 1935 1602 varios
1945 1572 2128 1612 aequabiliter
2136 1581 2213 1603 con-

1257 1625 1362 1646 centus
1384 1613 1487 1644 efficit.
1515 1624 1571 1644 nec
1588 1615 1671 1642 enim
1688 1611 1805 1643 silentio
1818 1622 1890 1643 tanti
1901 1622 2003 1643 motus
2017 1615 2133 1644 incitari
2142 1613 2214 1653 pos·

1259 1657 1326 1687 sunt
1337 1676 1345 1689 ,
1359 1655 1392 1686 &
1401 1665 1503 1685 natura
1512 1654 1568 1684 fert
1580 1675 1589 1687 ,
1601 1661 1635 1682 ut
1648 1660 1773 1683 extrema
1782 1663 1816 1682 ex
1825 1655 1917 1683 altera
1924 1662 2004 1694 parte
2007 1655 2138 1695 graviter
2150 1674 2158 1689 ‚
2175 1663 2211 1684 ex

1258 1698 1349 1726 altera
1369 1703 1467 1725 autem
1485 1696 1568 1724 acute'
1578 1695 1685 1734 sonent.
1709 1697 1808 1735 Qam
1829 1696 1869 1725 ob
1887 1696 2002 1726 causam
2014 1697 2152 1726 summus
2162 1695 2226 1727 ille‘

1260 1735 1274 1758 ⁸
1285 1740 1355 1769 coeli
1366 1737 1490 1768 stellifer
1497 1738 1569 1768 curs
1565 1737 1697 1776 us,cujus
1706 1734 1860 1766 conversio
1870 1735 1912 1767 est
1920 1739 2212 1772 concitatior,acuto,'

1260 1781 1293 1811 &
1311 1782 1442 1810 excitato
1460 1789 1601 1809 movetur
1620 1779 1714 1808 sono:
1731 1777 1903 1819 gravissimo
1916 1787 2014 1811 autem
2028 1780 2212 1814 hiclunaris,

1259 1831 1346 1863 atque
1357 1820 1493 1852 infimus.
1518 1830 1587 1851 nam
1598 1830 1683 1854 terra,
1694 1829 1775 1850 nona
1785 1840 1794 1853 ,
1814 1820 1986 1851 'immobilis
2001 1831 2139 1855 manens,
2151 1823 2214 1852 ima

1260 1864 1327 1894 sede
1337 1864 1454 1904 semper
1466 1864 1554 1893 haeret
1565 1883 1574 1896 ,
1594 1862 1754 1902 complexa
1764 1861 1902 1892 medium
1914 1863 2021 1893 mundi
2032 1864 2145 1893 locum.
2168 1863 2216 1894 illi

1260 1914 1359 1936 autem
1382 1905 1454 1935 οξὶο
1472 1905 1591 1938 cursus,
1611 1906 1644 1934 in
1662 1904 1772 1945 quibus
1792 1904 1897 1934 eadem
1917 1905 1966 1935 vis
1988 1904 2030 1935 est
2045 1905 2214 1939 9duorum‚

1263 1949 1424 1981 Mercurii,
1445 1947 1478 1977 <Sc
1490 1948 1635 1980 Veneris,
1660 1955 1788 1976 SEPTEM
1800 1944 1936 1976 efficiunt
1946 1946 2106 1977 distin&os
2121 1949 2217 1978 inter-

1261 1990 1346 2020 vallis
1358 1990 1464 2019 sonos:
1479 1990 1532 2029 qui
1544 1997 1796 2021 numerusrerum
1810 1990 1954 2018 omnium
1963 1987 2026 2019 fere
2042 1988 2152 2019 modus
2161 1987 2215 2019 est.

1285 2032 1344 2062 uod
1354 2030 1428 2061 αόὁῖὶ
1439 2032 1558 2060 homines
1567 2040 1654 2060 nervu
1664 2030 1794 2063 imitati,
1816 2039 1902 2070 atque
1911 2031 2046 2061 cantibus
2057 2051 2066 2064 ,
2078 2039 2219 2070 aperuere

1262 2042 1316 2104 libi
1335 2074 1466 2104 reditum
1485 2075 1517 2103 in
1540 2074 1622 2102 hunc
1639 2073 1759 2102 locum:
1774 2070 1844 2102 sicut
1860 2073 1930 2105 alii,
1951 2072 2218 2113 quipraestantibus

1262 2117 1394 2157 ingeniis
1429 2117 1461 2145 in
1491 2117 1552 2145 vita
1571 2115 1704 2144 humana
1723 2113 1825 2143 divina
1836 2112 1933 2150 studia
1947 2115 2116 2144 coluerunt.
2148 2116 2218 2145 Hoc

1263 2158 1364 2189 sonitu
1392 2157 1520 2197 oppletae
1547 2165 1630 2186 aures
1649 2157 1815 2186 hominum
1835 2155 2054 2186 obsurduerunt
2073 2166 2080 2186 :
2099 2165 2152 2186 nec
2173 2155 2218 2187 est

1264 2201 1344 2231 ullus
1356 2199 1492 2230 hebetior
1502 2199 1601 2229 sensus
1612 2199 1645 2228 in
1655 2197 1756 2228 vobis:
1771 2195 1843 2227 ficut
1853 2197 1906 2228 ubi
1919 2201 2011 2228 Nilus
2023 2198 2058 2228 ad
2071 2199 2120 2228 illa
2130 2217 2138 2231 ‚
2150 2206 2218 2238 quae

1264 2241 1412 2282 Catadupa
1427 2242 1644 2274 nominantur,
1665 2241 1829 2280 praecipitat
1846 2249 1884 2269 ex
1892 2238 2039 2270 altiffimis
2049 2239 2218 2274 montibus,

1263 2294 1295 2315 ea
1302 2293 1375 2325 gens
1386 2304 1394 2317 ‚
1418 2293 1484 2324 quae
1498 2282 1587 2312 illum
1601 2281 1703 2312 locum
1713 2282 1820 2312 accolit
1829 2301 1837 2315 ‚
1859 2291 1966 2321 proper
1977 2281 2218 2323 magnitudinem

1266 2327 1380 2356 sonitus
1394 2345 1402 2359 ,
1423 2325 1507 2355 sensu
1524 2323 1665 2354 audiendi
1683 2333 1770 2354 caret.
1793 2325 1854 2353 Hic
1871 2322 1943 2353 vero
1961 2332 2057 2354 tantus
2073 2323 2116 2354 est
2126 2326 2219 2354 totius

1266 2368 1374 2398 mundi
1385 2365 1585 2398 incitatiffima
1595 2363 1790 2396 conversione
1801 2366 1917 2395 sonitus
1927 2385 1935 2399 ‚
1947 2375 1980 2395 ut
1987 2375 2056 2396 cum
2068 2374 2151 2396 aures
2161 2366 2219 2395 ho·-

1265 2412 1386 2440 minum
1406 2418 1506 2449 capere
1531 2418 1594 2438 non
1613 2406 1738 2447 poffint:
1756 2406 1948 2438 ficutintueri
1959 2407 2052 2437 solem
2061 2407 2220 2438 adversum

1265 2454 1398 2492 nequitis
1409 2470 1417 2485 ,
1440 2450 1562 2491 ejusque
1581 2450 1670 2480 radiis
1687 2450 1764 2479 acies
1774 2449 1867 2480 vestra
1878 2468 1887 2482 ,
1910 2448 2066 2490 sensusque
2077 2450 2218 2480 vincitur.

1267 2496 1340 2523 Haec
1360 2503 1415 2533 ego
1434 2492 1602 2525 admirans,
1625 2489 1792 2521 referebam
1815 2500 1915 2521 tamen
1931 2491 2039 2521 oculos
2056 2491 2092 2521 ad
2110 2499 2218 2521 terram

1266 2535 1445 2564 identidem.
1482 2537 1566 2564 Tum
1587 2531 1761 2567 Africanus,
1783 2534 1905 2566 Sentio,
1930 2534 2048 2573 inquit,
2068 2541 2095 2562 te
2117 2532 2216 2563 sedem
2234 2535 2257 2569 6

1263 2579 1353 2608 etiarn
1372 2586 1452 2608 nunc
1472 2577 1637 2607 hominum
1649 2584 1682 2605 ac
1693 2575 1823 2605 domum
1832 2576 2046 2616 contemplari:
2058 2584 2122 2616 quae
2132 2572 2152 2603 fi
2163 2574 2219 2604 tibi

2124 2623 2220 2657 parva

310 2731 334 2748 x.
352 2724 399 2755 ΩΨ
408 2733 435 2749 ex
445 2730 563 2755 corporum
572 2721 662 2747 vinclis
674 2741 681 2753 ,
691 2720 759 2754 &c.]
782 2719 903 2746 Palatino
914 2719 964 2746 sec.
978 2728 1030 2746 non
1041 2717 1111 2745 :idest
1127 2717 1220 2744 vocula

267 2766 307 2788 ex,
318 2759 457 2793 paulloque
472 2759 525 2794 post
537 2757 602 2783 'illud
615 2753 747 2783 e‘adl'itum
758 2755 803 2793 ipsi
816 2757 830 2782 a
842 2765 918 2782 manu
930 2756 1084 2791 posteriorc.

305 2802 333 2819 2.
352 2797 494 2827 Affignarum
504 2793 519 2819 ὴ
528 2797 586 2824 Deo,
597 2793 727 2827 defugffl]
749 2792 834 2819 Palat.
845 2796 902 2823 Deo,
911 2793 955 2825 ipsi
961 2793 1075 2825 defhgiffe.

306 2838 332 2865 3.
352 2832 562 2864 circumlinens]
585 2831 663 2856 stc&
683 2829 763 2856 nostri
776 2828 833 2855 mss.
851 2830 879 2854 &
898 2828 1002 2855 admifit
1021 2829 1045 2854 in
1061 2833 1219 2853 contextum

270 2865 302 2892 P.
319 2864 462 2891 »sistor-ius.
477 2866 567 2901 vulgg.
578 2869 670 2892 elmens
680 2867 792 2891 circulus.

305 2908 334 2934 4.
354 2902 526 2933 Comexasunt
535 2902 638 2935 omnia]
659 2903 702 2928 sic
715 2902 797 2927 l’alat.
809 2909 849 2937 pr.
860 2901 886 2926 &
897 2899 1010 2927 aliorum
1023 2899 1126 2935 aliquot
1136 2906 1223 2925 mem-

268 2936 368 2965 branae,
381 2946 427 2962 iiec
438 2936 469 2961 ab
479 2946 509 2961 eo
520 2935 673 2964 abhorrebat
685 2937 770 2964 Aldus
783 2937 883 2972 Nepos.

308 2983 332 3007 5.
351 2975 480 3005 'Pr-isperus
490 2973 664 3007 elz-salutarim]
692 2975 729 2999 lta
741 2974 767 2999 Sc
782 2973 837 2999 Pal.
849 2972 898 2999 (ec.
910 2982 962 2999 non
978 2974 1084 3006 prosper.

302 3010 330 3035 6.
349 3009 421 3041 Qun
434 3010 551 3034 Martium
564 3008 666 3041 diaria]
687 3008 766 3034 Haud
778 3009 855 3035 aliter
865 3012 879 3036 e
891 3008 941 3035 suis
953 3009 1115 3035 Gulielmius
1127 3026 1135 3040 ‚
1154 3016 1224 3043 quo-

267 3044 350 3073 modo
362 3047 386 3069 ἃ
402 3044 468 3069 Pali.
480 3051 574 3078 quippe
587 3044 698 3078 vulgati,
710 3048 817 3070 Martem

1260 2717 1490 2753 invenitqueitem
1501 2717 1526 2742 in
1539 2714 1589 2742 suis
1607 2714 1745 2742 Manutius
1757 2714 1859 2749 Nepos.
1881 2713 1989 2749 Vulgati
2001 2732 2010 2745 ,
2028 2713 2087 2746 Qis
2103 2714 2160 2744 hic,
2176 2713 2218 2737 in-

1262 2763 1344 2787 quam,
1355 2754 1418 2787 quis,
1428 2754 1480 2784 glyc.

1300 2790 1326 2814 8.
1347 2790 1504 2822 Coelistellifcr
1512 2787 1621 2821 cursim]
1644 2786 1704 2813 Mfl'.
1715 2786 1796 2813 nostri
1806 2795 1898 2812 omnes
1909 2785 2072 2818 habentstelli
2083 2791 2127 2811 cr3
2148 2788 2176 2808 ut
2187 2781 2217 2807 8:

1263 2825 1370 2852 testatus
1380 2825 1416 2851 est
1427 2824 1513 2851 Aldus
1524 2824 1557 2850 de
1577 2823 1627 2850 suis
1639 2823 1723 2850 tribus
1736 2831 1744 2853 ;
1763 2821 1903 2856 asseritque
1919 2822 1982 2847 item
2002 2819 2054 2854 legi
2073 2819 2099 2844 in
2111 2817 2217 2844 Boethii

1265 2861 1422 2888 membranis
1434 2860 1566 2887 Suffridus
1579 2860 1661 2886 Petri.
1682 2858 1932 2895 publicatistelliferi‚
1943 2865 2028 2882 minus
2039 2853 2138 2894 lepide.
2173 2889 2178 2894 ⁸

1298 2906 1327 2932 9.
1347 2901 1452 2924 Duorum
1462 2896 1617 2926 Mercurii&
1627 2894 1854 2928 ½n02·is,sept2m.]
1874 2891 2019 2918 obsecutus
2029 2890 2083 2916 lum
2096 2889 2217 2930 Palatino

1265 2935 1352 2969 primo
1364 2934 1396 2960 {ic
1408 2932 1525 2964 habenti,
1536 2932 1647 2966 ejiciunt
1658 2932 1702 2958 alii
1717 2930 1869 2959 Mercurii&
1878 2927 1970 2954 Veneris
1982 2946 1989 2957 ,
2008 2935 2065 2962 quae
2076 2927 2101 2951 8<
2114 2926 2219 2961 aliquot

1267 2970 1323 2996 mss.
1335 2970 1426 2996 uostris
1438 2968 1541 2995 absunt.
1561 2968 1602 2994 led
1615 2977 1666 2994 non
1680 2966 1756 2992 Video
1776 2974 1823 2990 ciii·
1832 2963 1920 2990 haberi
1941 2962 2052 2988 debeant
2063 2971 2111 2998 pro
2124 2961 2218 2997 gluffa.

1266 3007 1317 3032 sine
1328 3007 1364 3032 eis
1376 3006 1444 3032 enim
1459 3005 1529 3031 locus
1540 3003 1661 3030 omnibus
1672 3002 1707 3028 est
1717 2999 1920 3029 obscurissimus,
1933 2998 1978 3024 nili
1990 2998 2156 3025 astronomis.
2175 3006 2218 3023 ro-

1265 3043 1367 3069 centius
1380 3042 1479 3077 vulgati
1491 3040 1647 3077 praeferunt,
1658 3039 1755 3063 duomm
1765 3038 1882 3061 Mercurii
1891 3035 1919 3065 (ἶγ
1928 3035 2020 3060 Veneris
2030 3036 2146 3060 modorum
2155 3045 2164 3066 ,-
2174 3031 2218 3059 scd.

301 3090 328 3117 7.
351 3080 434 3115 Qid?
453 3081 490 3105 hic
498 3081 596 3114 inquam
605 3081 656 3113 qm
666 3082 700 3106 eil
712 3098 720 3112 ,
738 3081 804 3114 &axj
827 3082 867 3108 lta
877 3084 891 3108 e
902 3080 1008 3114 uostris,
1019 3080 1081 3108 libri
1094 3080 1223 3117 quinque,
1260 3089 1289 3107 ca
1298 3079 1430 3116 postrema
1439 3087 1492 3106 vox
1501 3076 1570 3104 abest
1582 3076 1609 3102 &
1620 3073 1715 3103 nostris
1726 3074 1753 3100 δε
1763 3071 1952 3100 ‚Gulielmiaiiis
1966 3070 2100 3099 omuibus.

2116 3113 2127 3132 ι
2133 3124 2138 3130 .
2152 3109 2221 3131 'Par-
