2337 3400
152 123 244 184 568
551 114 1058 165 MTuL211

151 205 300 234 lunzatem
311 202 413 233 habui:
422 220 429 233 ‚
441 208 639 238 nonturpem,
651 195 796 227 remansio
806 197 896 226 etiam
909 193 1107 225 necessitatem

154 245 261 281 liunsst
269 255 321 273 nn.
346 247 423 284 Ergo
434 244 493 271 liaec
503 241 564 270 duo
574 249 709 280 tempora
717 248 816 268 carent
825 240 952 268 crimine
966 248 971 266 z
994 246 1104 268 unum,

155 288 227 316 611111
240 286 280 316 est
292 287 401 325 legatus
414 282 581 322 profec'ms:
597 281 733 313 alterum,
745 279 817 309 cum
828 279 1003 320 efflagitatus
1013 278 1028 308 a
1039 287 1109 318 pro-

155 330 266 359 vincia,
279 324 448 366 prepositus
459 323 565 354 Africae
575 322 625 352 est.
637 324 776 352 Tertium
789 321 831 351 cst
839 330 1034 361 tempu5‚qu0
1045 318 1111 360 post

157 370 318 399 adventum
330 368 399 396 Vari
413 368 445 396 in
460 364 559 396 Africa
574 363 689 394 restitit.
712 363 793 404 quod
810 361 829 392 si
844 361 886 392 est
896 361 1108 394 criminosum,

157 410 315 448 mci-ffitatu
329 411 445 438 crimen
454 406 496 437 est
507 427 514 440 ‚
529 416 591 436 non
601 406 773 435 voluntatis.
797 407 846 434 An
855 405 906 433 ille
918 424 926 437 ‚
942 402 961 432 fi
972 401 1112 443 potuiffet

157 452 242 481 illinc
254 451 316 480 ullo
336 450 429 479 modo
447 449 570 479 evadere
583 468 590 481 ‚
614 451 622 466 ¹
636 449 731 478 Uticte
748 445 858 485 potuis,
882 446 971 486 quam
983 448 1110 476 Romae:

156 502 225 522 cum
241 495 270 522 P.
287 495 396 524 Accio,
417 491 507 531 quim
525 500 593 520 curn
611 487 847 519 concordiffimis
863 486 1020 518 fratribus:
1038 496 1110 517 cum

157 535 262 564 alienis
273 532 329 563 ess'c
342 554 349 566 ,
369 532 456 572 quim
476 541 548 562 cum
569 532 626 561 suis
640 528 808 560 maluisset?
830 528 901 559 cum
926 529 986 569 ipsa
1004 529 1112 568 legatio

156 576 245 615 plena
258 573 393 605 desiderii
405 595 413 606 ,
428 584 459 603 ac
476 572 687 604 sollicitudinis
698 570 805 605 fuisset,
820 581 940 611 propter
950 571 1110 601 incredibi-

157 618 219 648 lem
230 616 378 657 quendsrn
393 625 515 646 tritium
527 624 661 644 amorem
673 633 681 646 ‚
702 615 751 643 hic
763 623 849 654 aequo
867 616 971 643 animo
982 610 1040 642 else
1058 622 1112 652 po-

158 660 226 691 tuit,
240 659 309 688 belli
322 658 447 687 discidio
457 656 608 687 dzstracffls
617 656 632 686 a
641 655 799 685 fratribus?
821 655 952 684 Nullum
963 656 1054 696 igitur
1063 655 1114 684 ba—

159 700 223 732 bes,
237 700 340 732 Caesn‘,
351 699 446 729 adliuc
459 709 488 728 111
501 701 558 740 Q
571 699 691 738 Ligario
702 695 818 737 signum
827 697 930 726 alienae
939 696 955 726 a
965 705 992 726 te
1002 695 1113 725 volun-

157 745 235 772 tatis.
259 742 343 780 cujus
353 751 405 781 ego
418 741 534 771 causam
545 738 746 770 animadverte
758 759 765 772 ,
777 738 888 779 quaeso,
903 741 917 757 2
927 747 984 779 qua
994 735 1053 768 fide
1062 737 1115 767 de-

160 782 282 814 fendam
296 803 303 815 ‚
323 792 393 812 cum
407 782 503 822 prodo
517 791 626 812 meam.
651 783 676 810 O
688 781 880 810 clementiam
893 779 1111 812 admirabilem,
1131 772 1133 781 ¹

159 835 245 865 atque
257 827 344 854 omni
357 824 441 854 laude
453 845 461 857 ,
472 824 680 856 praedicatione
690 843 698 856 2
710 823 816 851 litteris
825 841 832 855 ‚
847 820 1112 860 monumentisque

159 866 376 896 decorandum!
402 868 448 895 M.
460 859 564 896 Cicero
574 864 650 904 apud
662 873 689 893 te
703 862 856 897 defendit,
869 863 961 893 alium
972 864 1006 892 in
1016 872 1050 893 ea
1059 871 1114 892 vo-
1132 877 1134 886 ›

159 908 272 938 luntate
291 917 356 938 non
365 906 451 938 fuisse
462 928 470 941 ‚
491 909 523 937 in
538 917 594 947 qua
610 905 738 945 seipsum
754 904 913 935 confitetur
929 903 1035 934 fuisse:
1058 913 1114 934 nec

160 959 224 981 tuas
243 958 346 980 tat-itas
360 950 541 990 cogitationes
557 947 727 978 extimescit
741 958 746 975 :
769 957 825 977 nec
836 946 908 987 quid
926 946 982 976 tibi
1004 945 1041 975 de
1053 945 1114 975 alio

127 998 143 1032 3
161 992 305 1026 audienti,
316 992 354 1022 de
365 992 393 1022 se
406 992 468 1031 ipso
478 999 619 1023 occurrat,
632 988 819 1019 reformidat.
842 988 935 1021 Vide,
949 987 1039 1029 quam
1050 996 1114 1016 non

160 1033 358 1064 reformidem
372 1044 376 1062 z
400 1033 470 1062 vide
481 1053 489 1065 ‚
506 1041 612 1072 quanta
623 1032 675 1060 lux
691 1031 872 1060 liberalitatis
887 1050 895 1064 ‚
916 1030 948 1060 &
967 1029 1115 1069 sapientiae

159 1084 219 1106 tuae
230 1077 305 1106 mihi
319 1074 394 1114 apud
407 1084 433 1104 te
443 1074 554 1104 dicenti
565 1073 725 1103 oboriatur.
750 1075 762 1099 3
771 1081 918 1112 quantum
927 1080 1045 1111 potero,
1060 1079 1116 1099 vo-

163 1127 198 1147 ce
207 1117 387 1147 contendam
400 1137 408 1149 ‚
426 1125 457 1146 ut
467 1116 525 1145 1106
535 1117 663 1155 populus
675 1116 834 1144 Romanus
843 1114 989 1144 exaudiat.
1013 1112 1116 1142 Susce-

162 1168 217 1200 pto
225 1159 316 1192 bello,
328 1158 422 1188 Caesar
431 1178 438 1191 ‚
449 1156 531 1199 gesto
541 1166 630 1187 etiam
641 1166 679 1186 ex
690 1165 797 1195 magna
805 1164 893 1196 parte,
906 1155 990 1184 nulla
999 1154 1031 1182 vi
1048 1162 1116 1183 coa-

163 1200 230 1230 Erus
241 1221 250 1234 ,
267 1199 407 1240 4judicio
418 1209 449 1229 ac
459 1199 613 1230 voluntate
625 1197 660 1228 ad
670 1207 703 1228 ea
712 1206 792 1227 arma
801 1195 954 1237 profefihis
963 1195 1040 1228 sum,
1050 1203 1116 1234 quae

157 1251 243 1273 crant
254 1242 347 1272 lini-ita
355 1250 459 1272 contra
468 1250 506 1272 te.
532 1239 618 1281 Apud
628 1249 719 1280 quem
731 1240 820 1279 igitur
831 1241 887 1268 hoc
896 1238 987 1269 dico?
1006 1245 1117 1275 nempe

160 1284 238 1324 apud
251 1294 332 1317 eum,
343 1285 475 1324 quicum
487 1284 545 1313 hoc
559 1284 651 1315 sciret,
663 1290 763 1311 tamen
776 1290 825 1310 me
835 1300 844 1314 ‚
859 1288 1016 1320 antequam
1028 1277 1116 1310 vidit,

160 1326 334 1365 reipublicae
342 1324 486 1355 reddidit:
508 1326 560 1365 qui
569 1324 605 1355 ad
616 1333 666 1353 me
674 1332 712 1353 ex
724 1325 853 1364 AEgypto
864 1322 974 1351 litteras
984 1318 1073 1353 mifit,
1087 1327 1118 1351 ut

162 1366 256 1398 essem
270 1367 352 1397 idem
364 1386 373 1400 ,
393 1365 574 1407 quifuiss'em
588 1376 593 1395 :
616 1367 668 1406 qui
682 1375 753 1394 cum
768 1364 828 1404 ipse
838 1365 999 1403 imperator
1010 1364 1043 1391 in
1054 1370 1118 1392 toto

162 1411 295 1449 imperio
304 1409 410 1449 populi
420 1410 555 1439 Romani
565 1417 642 1437 unus
652 1404 723 1437 esset
736 1426 745 1440 ,
758 1404 814 1436 esse
826 1415 875 1435 me
885 1405 1010 1436 alterum
1020 1401 1119 1444 passus

162 1450 224 1481 est:
248 1450 263 1480 a
272 1461 333 1491 quo
342 1470 351 1484 ‚
372 1452 430 1480 hoc
444 1450 507 1490 ipso
528 1452 560 1480 C.
571 1449 661 1480 Pansa
679 1449 757 1478 mihi
779 1449 923 1477 nuntium
941 1445 1119 1486 perferente,

164 1491 319 1523 concessos
328 1491 432 1522 fasceis
449 1493 593 1522 laureatos
606 1492 689 1521 tenui
704 1510 712 1525 ,
735 1489 832 1530 quoad
844 1489 989 1518 tenendos
999 1489 1100 1527 putavi
1114 1496 1120 1516 :

167 1535 221 1575 qui
233 1534 309 1563 mihi
321 1543 386 1564 tum
395 1533 524 1574 denique
534 1533 562 1563 se
582 1536 595 1560 5
599 1531 724 1574 salutem
737 1532 853 1574 putavit
862 1529 982 1560 reddere
994 1549 1004 1563 ‚
1024 1528 1045 1560 fi
1055 1539 1121 1559 cam

166 1576 260 1606 nullis
271 1575 425 1615 spoliatam
436 1583 620 1605 ornamentis
630 1573 772 1603 redderet.
795 1571 884 1606 Vide,
895 1571 1007 1612 quaeso,
1017 1570 1122 1602 Tube-

165 1627 212 1651 ro,
228 1627 261 1647 ut
271 1637 279 1651 ,
294 1616 393 1658 quide
403 1626 474 1647 meo
487 1615 567 1647 ἱειᾶο
577 1613 593 1635 ⁶
605 1624 669 1645 non
681 1614 820 1644 dubitem
827 1609 925 1644 dicere
936 1633 946 1646 ,
965 1613 1002 1643 de
1012 1612 1123 1654 Ligarii

168 1668 235 1689 non
248 1658 372 1688 audeam
381 1656 531 1688 confiteri.
554 1660 650 1697 Atque
663 1657 724 1686 haec
732 1664 887 1696 propterea
893 1654 930 1685 de
937 1665 987 1684 me
995 1655 1080 1688 dixi,
1091 1662 1125 1684 ut

169 1701 249 1730 mihi
259 1700 392 1733 Tubero,
404 1698 478 1729 cum
489 1699 525 1730 de
536 1699 561 1729 se
573 1699 676 1729 eadem
686 1698 830 1731 dicerem,
842 1697 1016 1739 ignosceret.
1040 1696 1087 1736 cuj
1092 1705 1125 1725 us

169 1752 226 1784 ego
239 1741 390 1772 industriae
398 1761 406 1774 ‚
426 1741 588 1782 gloriaeque
597 1740 683 1771 faveo
692 1759 700 1774 ‚
727 1740 776 1770 vel
789 1748 909 1779 propter
924 1740 1125 1779 propinquam

169 1784 362 1824 cognationem
376 1803 385 1816 ‚
403 1783 451 1812 vel
467 1781 549 1823 quod
561 1783 624 1822 ejus
643 1782 768 1823 ingenio
780 1801 789 1814 ‚
810 1780 971 1823 studiisque
980 1779 1124 1812 delector,

169 1828 220 1855 vel
232 1824 315 1866 quod
324 1823 444 1854 laudem
454 1824 651 1854 adolescentis
664 1824 827 1864 propinqui
837 1821 979 1855 existimo
989 1823 1081 1852 etiarn
1091 1819 1127 1851 ad

171 1877 278 1897 meum
290 1867 421 1907 aliquem
439 1864 573 1895 fructum
584 1864 757 1895 redundare.
780 1863 836 1893 Sed
846 1865 904 1893 1106
920 1872 1020 1905 qnaero
1029 1883 1038 1898 ‚
1059 1863 1128 1903 quis

170 1918 256 1950 putet
268 1906 325 1939 effe
333 1909 450 1938 crimen
460 1927 468 1941 ‚
487 1905 575 1937 fuisse
593 1908 627 1936 in
645 1905 746 1936 Africa
764 1907 943 1946 Ligarium?
965 1914 1075 1944 nempe
1090 1905 1128 1937 is,

171 1951 225 1991 qui
236 1950 337 1990 &ipse
350 1951 383 1979 in
393 1949 498 1980 eadem
510 1948 608 1979 Africa
617 1946 673 1977 esse
686 1947 800 1980 voluit,
817 1947 850 1977 &
860 1945 1049 1988 prohibitum
1069 1946 1097 1976 se
1114 1945 1131 1975 a
1148 1945 1150 1955 '

172 1994 293 2032 Ligario
303 1993 454 2032 queritur,
475 1991 508 2021 δε
525 1990 605 2021 certe
623 1998 726 2020 contra
739 1988 838 2030 ipsum
849 1989 994 2019 Caesarem
1014 1987 1056 2018 est
1069 1997 1131 2017 con-

170 2032 277 2075 greffus
288 2042 425 2064 armatus-
449 2032 530 2074 Qid
541 2035 638 2065 enim,
651 2031 785 2064 Tubero,
796 2029 947 2061 districlus
958 2030 1010 2060 ille
1021 2039 1088 2060 tuus
1098 2031 1131 2059 in

173 2078 235 2106 acie
246 2075 405 2110 Pharsalica
414 2075 530 2116 gladius
541 2073 663 2116 agebat?
685 2073 770 2113 cujus
780 2073 854 2102 latus
864 2072 917 2102 ille
927 2081 1033 2102 mucro
1050 2079 1132 2111 pete-

174 2118 244 2149 bat?
266 2119 320 2159 qui
339 2117 440 2148 sensus
459 2126 517 2149 erat
530 2124 685 2148 armorum
704 2114 846 2146 tuorum?
866 2123 933 2156 quae
952 2123 1002 2144 tua
1018 2123 1106 2144 mens
1123 2116 1133 2143 ?
1152 2109 1153 2147 Ῐ
1177 2124 1231 2156 pro
1241 2113 1324 2147 fratis
1332 2114 1423 2148 salute
1431 2113 1670 2149 obsecrantium,
1683 2114 1869 2148 misereatur:
1890 2123 1994 2144 nonne
2002 2120 2131 2144 omnem

218 2233 226 2249 ι
235 2244 240 2249 .
261 2228 412 2263 Uttfaepotitar
420 2236 490 2259 quam
499 2227 579 2261 R:m.]
602 2226 669 2252 Pali.
681 2235 710 2261 pi·
718 2247 723 2251 .
735 2225 786 2251 lec.
798 2232 863 2251 tert.
875 2235 926 2252 non
937 2225 1083 2260 agnoscunt
1091 2234 1133 2259 po-

176 2263 227 2285 tssm·
238 2278 245 2290 ²
256 2259 394 2296 abluitque
406 2263 484 2288 ctiam
497 2263 607 2289 l'uteani
618 2262 687 2288 libro
697 2263 723 2288 δε
736 2262 868 2288 Modianis
881 2271 889 2293 3
909 2262 936 2287 &
948 2260 1070 2297 prose-Cio
1084 2271 1135 2288 non

180 2294 353 2323 desideratur.

217 2340 246 2357 2.
264 2333 320 2365 gQa
331 2334 381 2367 file
389 2334 509 2366 defendam
521 2352 529 2365 ‚
539 2334 590 2359 essm
597 2334 665 2366 prodo
674 2333 774 2367 meam]
795 2332 969 2359 Gulielmiini
983 2340 1035 2359 tres
1048 2351 1056 2365 ,
1071 2333 1135 2360 itein

180 2367 244 2394 Put.
256 2378 306 2394 non
318 2370 461 2404 agnolcunt
472 2369 533 2394 cion.
552 2371 578 2395 δε
593 2369 696 2395 videtui·
708 2370 722 2394 ii
734 2369 844 2394 librario
856 2369 906 2394 'irre
916 2367 992 2394 iliise.

220 2411 246 2438 3.
265 2405 480 2438 Qamumpotero,
490 2414 545 2430 vace
553 2405 712 2439 contendam]
726 2404 870 2431 Lambinus
882 2378 984 2430 adlinilit
995 2413 1084 2435 vocem,
1094 2403 1136 2430 scd

182 2441 390 2475 repugnantibus
400 2441 474 2466 libris
493 2441 626 2467 omnibus.

217 2483 245 2508 4.
265 2476 360 2509 Judicio
372 2485 401 2503 ac
409 2477 559 2511 voluntate]
571 2476 664 2512 Abjcci
674 2485 820 2513 pronomen
832 2474 1050 2510 mco,jnbentibus
1060 2474 1138 2501 codd.

187 2511 334 2547 pluteuriis.

223 2555 250 2580 5.
272 2551 375 2573 Salutem
385 2548 442 2574 dare
455 2568 462 2579 ,
474 2550 499 2582 fi
509 2567 516 2580 ,
534 2548 585 2579 &a
605 2549 723 2583 dcdtffet]
746 2549 786 2575 Ita
796 2547 851 2575 fere
862 2557 954 2575 omnes
973 2547 1054 2574 nostri
1065 2546 1138 2573 libri.

187 2583 375 2643 vul6g0salurcm
386 2584 526 2617 reddere,fi,
537 2586 587 2616 &a
599 2585 712 2611 redderet.

246 2638 251 2644 .
273 2623 323 2644 Non
333 2620 433 2645 dubitem
444 2621 518 2645 dicere
530 2639 537 2652 ,
553 2621 578 2645 tlt*
588 2623 682 2653 Ligarii
698 2630 743 2646 non
761 2621 860 2646 audeam
872 2619 1001 2654 confiterh]
1023 2619 1065 2646 Sic
1084 2618 1141 2645 Pal.

188 2663 285 2685 nonus,
296 2655 403 2689 quintus
416 2675 423 2687 ,
434 2656 522 2683 sextus
534 2657 561 2682 δε
571 2657 675 2692 aliquot
685 2665 820 2692 praeterea.
840 2657 920 2682 ceteri
932 2656 1064 2682 omittunt
1074 2655 1143 2681 alte-

191 2698 249 2730 ran
260 2700 319 2715 non:
339 2690 445 2725 quidam
456 2700 582 2732 praeterea
592 2693 684 2723 dict-ru
706 2692 776 2729 quod
789 2693 913 2719 ultimum
932 2691 1026 2728 probat
1036 2690 1143 2718 11111161-

191 2734 271 2758 nnus,
283 2733 407 2762 tanquam
419 2727 572 2763 relpondeat
584 2737 606 2753 111
613 2728 640 2754 ss.
650 2728 715 2762 ejus,
727 2736 754 2754 ut
762 2738 810 2764 pro
821 2738 863 2754 an.

186 2764 189 2765 ⁷
229 2769 256 2795 7.
276 2765 326 2787 Hice
336 2772 379 2788 non
389 2764 448 2788 modo
456 2765 578 2790 mirabilia
584 2765 660 2797 ῥιπὶς
672 2765 717 2798 sed
720 2765 820 2798 prodigii
822 2766 897 2797 simile
906 2766 941 2789 eff
951 2782 959 2795 ,
969 2762 1031 2798 quod
1039 2762 1141 2796 dicim]

190 2797 234 2824 lta
254 2806 277 2822 111
283 2797 310 2823 ff.
324 2798 446 2824 Lambini
459 2818 466 2830 ‚
484 2800 522 2826 ita
535 2800 602 2826 l‘all.
622 2799 678 2826 fere
689 2809 790 2827 omnes.
810 2800 851 2826 sed
864 2807 951 2825 tamen
971 2809 1022 2825 non
1043 2798 1142 2835 pulsnm

192 2842 246 2860 non
257 2832 402 2860 exose-atari
413 2836 565 2870 stripuirain
577 2836 736 2872 exemplaris
747 2836 847 2863 Colon.
866 2837 892 2862 in
904 2844 957 2871 quo
967 2835 1054 2861 solum
1067 2846 1072 2861 ;
1095 2838 1145 2860 Η,εε

193 2869 349 2909 admirabilia
360 2871 418 2903 fimt
430 2890 437 2902 ,
449 2872 491 2904 fid
505 2873 604 2905 prodigii
615 2891 622 2904 ,
640 2873 692 2904 ὼε.
713 2871 819 2899 confide
837 2873 864 2898 δε
884 2871 1006 2898 Medium
1027 2871 1143 2897 nostrum

194 2905 346 2940 Novantiq.
361 2907 441 2941 Epist.
453 2915 591 2933 Lxxxvii.

235 2940 262 2966 8.
279 2943 485 2974 E,1·1ern1'1stifi1m
495 2952 577 2974 moses,
587 2944 657 2978 ufiJue
667 2944 699 2969 ad
700 2945 840 2977 sanguinem
848 2945 949 2969 incitari
952 2943 1008 2976 silet
1018 2943 1092 2967 odium
1101 2949 1143 2967 aut

192 2977 282 3001 levium
299 2978 453 3011 Grecorum]
477 2980 516 3004 lta
535 2979 652 3015 plerique
673 2980 731 3006 mll'.
751 2980 898 3006 nostrorum
912 2999 919 3010 ‚
938 2978 1021 3005 solum
1041 2978 1144 3004 fucinus

194 3021 284 3038 meum
303 3012 338 3038 cst
350 3012 418 3048 quod
429 3012 533 3039 detraxi
547 3015 649 3041 literam
661 3017 675 3041 :i
689 3017 762 3048 silent
799 3016 850 3041 nod
861 3014 952 3041 iisdem
972 3014 1057 3040 libris.
1079 3014 1144 3039 Vul-

192 3055 256 3109 Ξτιῐα
268 3059 273 3074 ;
297 3052 387 3074 externi
397 3059 468 3074 mores
478 3049 546 3082 usique
556 3051 659 3083 adjung.
670 3026 851 3084 excitur-eJhlent
860 3051 936 3076 odium
947 3057 1000 3079 aut,
1010 3050 1062 3080 ὡς.
1083 3051 1144 3075 Μο-

213 3085 253 3110 ius
266 3083 369 3119 legebat
381 3103 389 3115 ,
401 3086 606 3117 Extemi4siis11nt
617 3095 700 3117 mores,
710 3088 779 3121 usqne
789 3088 961 3120 adsanguincm
971 3089 1072 3112 Imitari
1078 3086 1126 3111 odio
1137 3094 1145 3115 ;

192 3127 238 3159 qut
246 3122 332 3145 levium
342 3123 385 3146 Gr.
405 3120 475 3156 quod
487 3121 565 3146 ctiam
578 3131 628 3147 non
639 3121 772 3149 damnem.
785 3132 843 3149 nain
854 3123 880 3147 ἃ
893 3133 907 3148 e
919 3121 1011 3148 nostris
1024 3121 1145 3148 nonnulli

188 3158 224 3184 lic
241 3155 367 3192 scriptum
390 3156 487 3185 habent
498 3165 507 3188 3
528 3156 623 3192 quibus
642 3164 729 3184 tamen
748 3158 872 3186 ominbus
890 3157 960 3185 adest
978 3157 1046 3185 illud
1059 3158 1146 3192 silent,

1139 106 1682 164 CICE÷RONIS

1151 198 1251 230 oculi?
1264 207 1372 229 manus
1382 200 1393 227 ?
1405 198 1491 229 ardor
1498 200 1593 230 animi
1605 203 1615 230 ?
1624 200 1696 242 quid
1708 198 1847 241 cupiebas
1859 199 1952 242 ?quid
1962 199 2082 242 optabas
2090 201 2106 231 ἔ

1152 242 1256 270 Nimis
1269 248 1378 281 urgeo:
1399 244 1589 272 commoveri
1607 243 1724 273 videtur
1740 243 1927 273 adolescens:
1946 243 1981 273 ad
1998 253 2046 274 me
2056 253 2103 274 re-

1150 292 1256 312 vertar.
1279 281 1386 312 iisdem
1406 283 1439 311 in
1457 284 1546 312 armis
1565 282 1619 313 fui.
1651 284 1732 325 Qud
1752 293 1853 315 autem
1872 285 1952 315 aliud
1971 287 2100 326 egimus,
2119 290 2142 323 4

1151 324 1287 357 Tubero,
1299 321 1366 368 nisi,
1378 331 1421 356 ut,
1432 323 1514 363 quod
1526 325 1574 354 hic
1582 325 1689 364 potest,
1701 336 1756 356 nos
1769 324 1942 366 possemus?
1995 336 2104 356 uorum

1151 367 1242 405 igitur
1252 367 1426 406 impunitas,
1446 365 1555 399 Caesar‚
1575 375 1632 396 tuae
1650 368 1819 398 clementiae
1836 369 1898 399 laus
1915 367 1976 402 est,
1997 377 2105 398 eorum

1151 407 1283 448 ipsorum
1308 406 1344 436 ad
1362 406 1566 436 crudelitatem
1589 416 1618 438 te
1633 418 1718 439 acuet
1735 414 1851 440 oratio?
1884 413 1980 450 Atque
1997 411 2028 440 in
2052 410 2106 440 hac
2136 422 2139 425 ·

1150 449 1234 479 causa
1243 448 1386 479 nonnihil
1396 447 1537 488 equidem
1548 468 1556 482 ‚
1568 448 1692 479 Tubero
1703 470 1712 483 ‚
1724 453 1813 480 etiam
1826 460 1905 483 tuam
1917 472 1925 486 ‚
1946 451 1994 482 sed
2005 452 2106 481 multo

1156 492 1249 532 magis
1269 492 1357 530 patris
1377 491 1421 520 tui
1439 489 1625 529 prudentiam
1642 490 1774 522 defidero
1786 503 1791 521 :
1814 492 1896 533 quod
1917 495 2013 523 homo
2031 492 2105 523 cum

1153 534 1277 573 ingenio
1288 551 1296 565 ‚
1319 541 1384 562 tum
1399 532 1490 561 etiam
1508 530 1645 562 doctrina
1660 534 1809 563 excellens
1825 544 1917 575 genus
1936 536 1993 565 hoc
2012 534 2105 565 caufae

1153 574 1235 615 quod
1250 572 1330 607 esset,
1342 583 1406 603 non
1417 573 1533 603 viderit.
1557 583 1638 606 nam,
1651 572 1671 602 si
1682 573 1800 604 vidisset
1810 595 1819 608 ‚
1830 578 1939 615 quovis
1953 574 2104 616 proferitb,

1154 620 1245 657 quam
1256 615 1312 646 isto
1326 614 1446 644 modoa
1462 623 1489 644 te
1508 616 1554 655 agi
1570 614 1727 645 maluisset.
1752 619 1856 655 Arguis
1865 617 2016 648 fatentem.
2041 626 2107 647 non

1156 657 1198 688 est
1209 658 1285 687 satis.
1309 656 1421 686 accusas
1432 665 1502 686 eum
1511 675 1520 689 ‚
1537 658 1588 697 qui
1599 656 1712 696 caufhm
1723 657 1809 686 habet
1819 677 1827 691 ,
1837 667 1888 688 aut
1897 678 1905 691 ,
1918 667 1950 688 ut
1959 669 2013 699 ego
2024 659 2106 693 dico,

1158 699 1316 729 meliorem
1327 698 1417 739 quam
1429 707 1459 728 tu
1472 709 1477 726 ·.
1489 707 1548 731 aut,
1561 706 1593 727 ut
1603 706 1633 727 tu
1644 700 1700 731 vis,
1711 708 1821 738 parem.
1830 703 1844 726 7
1854 702 1926 729 Haec
1938 709 2000 730 non
2010 700 2105 730 modo

1158 740 1307 771 mirabilia
1321 742 1405 773 sunt,
1420 740 1468 772 sed
1478 740 1607 779 prodigii
1624 737 1721 769 simile
1730 739 1773 770 est
1783 759 1791 773 ‚
1812 741 1893 781 quod
1903 741 2010 771 dicam.
2034 743 2111 771 Non

1155 782 1241 813 babet
1263 792 1328 812 earn
1345 784 1409 811 vim
1430 780 1482 811 ista
1499 781 1641 811 accusatio
1652 801 1661 815 ‚
1676 790 1709 811 ut
1723 783 1906 823 Qigarius
1922 782 2112 813 condemne-

1157 833 1214 858 tur,
1227 823 1275 854 sed
1287 832 1320 853 ut
1331 832 1458 854 necetur.
1472 825 1541 853 Hoc
1550 823 1610 864 egit
1618 825 1692 852 civis
1702 825 1794 854 Rom.
1804 833 1870 854 ante
1881 832 1908 854 te
1918 833 2020 854 nemo.
2032 819 2046 842 8
2055 832 2110 853 ex—

1154 867 1231 896 terni
1253 864 1301 896 isti
1326 866 1392 895 sunt
1416 874 1525 895 mores.
1556 865 1648 905 usque
1663 866 1701 894 ad
1716 865 1883 906 fimgus'nem
1900 867 2018 896 incitari
2037 865 2111 896 solet

1154 907 1262 938 odium
1277 916 1324 937 aut
1333 908 1446 937 levium
1458 908 1892 940 Graecotum,autimmanium
1906 907 2110 937 barbarorum.

1156 959 1226 979 nam
1237 948 1310 990 quid
1322 948 1403 978 aliud
1411 951 1472 989 agis
1483 952 1494 977 ἒ
1519 958 1550 978 111
1561 950 1671 979 Rornae
1681 958 1717 978 ne
1730 947 1782 978 sit?
1799 959 1831 979 ut
1840 950 1934 979 domo
1943 952 2059 980 careat?
2073 958 2113 978 ne

1156 1001 1227 1020 cum
1237 992 1363 1030 optimis
1372 989 1508 1020 fratribus
1518 1010 1526 1024 ‚
1547 1000 1584 1019 ne
1596 999 1665 1020 cum
1677 991 1734 1020 hoc
1743 993 1782 1020 T.
1794 992 1910 1021 Brocho
1925 1011 1934 1024 ‚
1959 991 2113 1021 avunculo

1157 1032 1222 1065 suo,
1233 1042 1271 1062 ne
1280 1041 1351 1061 cum
1360 1033 1424 1070 ejus
1435 1030 1509 1064 filio,
1519 1031 1702 1061 consobrino
1712 1032 1776 1065 suo,
1788 1042 1825 1062 ne
1835 1033 1994 1063 nobiscum
2005 1034 2108 1062 vivat?

1156 1077 1171 1100 9
1182 1083 1220 1102 ne
1234 1072 1267 1102 sit
1282 1075 1314 1102 in
1328 1075 1439 1112 patria?
1460 1083 1536 1102 num
1547 1072 1611 1103 est?
1625 1076 1653 1092 ¹0
1662 1083 1736 1103 num
1747 1073 1843 1113 potest
1852 1077 1945 1115 magis
1960 1084 2056 1104 carere
2066 1074 2116 1103 his

1160 1113 1317 1146 omnibus,
1330 1114 1421 1154 quam
1431 1117 1528 1144 caret?
1551 1114 1635 1144 Italia
1645 1114 1834 1154 prohibetur,
1850 1117 1973 1146 exsulat.
1997 1118 2072 1145 Non
2081 1124 2115 1145 tu

1159 1166 1230 1197 ergo
1242 1157 1321 1185 1111116
1333 1157 1425 1195 patria
1434 1157 1547 1195 privare
1559 1175 1567 1188 ‚
1580 1164 1722 1197 quacaret
1732 1175 1740 1189 ,
1757 1157 1805 1186 sed
1815 1159 1875 1187 vita
1886 1178 1894 1190 ,
1909 1159 1965 1187 vis.
1986 1160 2025 1186 At
2036 1155 2115 1187 istud

1161 1208 1198 1227 ne
1207 1197 1286 1237 apud
1295 1206 1366 1226 eum
1377 1197 1500 1237 quidem
1513 1196 1689 1227 diStatorem
1700 1217 1708 1230 ,
1725 1199 1777 1238 qui
1786 1200 1919 1231 omneis,
1929 1208 1997 1239 quos
2007 1197 2120 1231 oderat,-

1160 1248 1257 1269 rnorte
1267 1238 1428 1272 multabat,
1448 1238 1605 1279 quisquam
1616 1240 1674 1279 egit
1684 1238 1740 1268 isto
1758 1239 1864 1270 modo.
1887 1244 1912 1260 ¹¹
1924 1240 1985 1280 ipse
1993 1239 2117 1280 jubebat

1159 1280 1269 1314 occidi,
1281 1280 1369 1310 nullo
1380 1279 1546 1320 postulante
1558 1290 1564 1309 2
1583 1283 1714 1321 praemiis
1726 1282 1816 1311 etiam
1827 1281 1981 1312 invitabat.
1998 1290 2064 1322 quae
2073 1289 2118 1310 ta-

1162 1333 1235 1353 men
1244 1321 1402 1353 crudelitas
1419 1322 1455 1353 ab
1476 1322 1585 1352 eodem
1595 1323 1710 1363 aliquot
1723 1325 1811 1353 annis
1821 1322 1906 1363 post,
1925 1332 2016 1364 quem
2037 1331 2119 1353 nunc

1158 1364 1312 1395 crudelem
1322 1362 1378 1394 esse
1389 1366 1434 1394 vis
1444 1363 1593 1393 vindicam
1604 1363 1655 1394 est.
1672 1366 1732 1405 Ego
1743 1363 1814 1394 vero
1824 1364 1901 1395 istud
1910 1375 1975 1395 non
1984 1361 2116 1405 postulo,
2133 1368 2155 1401 5

1161 1408 1291 1447 inquies.
1316 1408 1360 1436 Ita
1380 1416 1430 1436 me
1440 1406 1538 1436 hercle
1553 1403 1698 1436 existimo
1710 1426 1719 1439 ,
1739 1406 1861 1437 Tubero
1879 1408 1955 1437 novi
1975 1408 2059 1436 enim
2078 1413 2120 1440 te,

1161 1449 1236 1479 novi
1245 1456 1370 1488 patrem,
1382 1449 1456 1478 novi
1466 1446 1608 1481 domum,
1619 1456 1794 1489 nomenque
1802 1447 1935 1479 vestrum
1947 1459 1951 1476 z
1964 1446 2058 1478 studia
2067 1447 2124 1478 de-

1163 1492 1255 1531 nique
1267 1491 1394 1530 generis,
1405 1498 1437 1520 ac
1445 1487 1569 1519 familiae
1579 1487 1692 1523 vestrae,
1703 1491 1834 1524 virtutis,
1845 1490 2052 1523 humanitatis,
2064 1487 2124 1519 do-

1164 1531 1266 1562 &rinae
1276 1531 1473 1571 plurimarum
1484 1532 1593 1561 artium
1605 1550 1613 1563 2
1632 1539 1720 1572 atque
1738 1533 1923 1572 optimarum
1934 1551 1943 1566 ,
1965 1539 2037 1562 nom
2053 1530 2124 1562 sunt

1166 1574 1245 1603 mihi
1254 1574 1368 1603 omnia.
1390 1575 1489 1613 Itaque
1499 1581 1579 1602 certo
1590 1572 1660 1605 scio,
1675 1581 1731 1602 vos
1744 1582 1808 1603 non
1816 1581 1913 1613 petere
1924 1573 2099 1613 sanguinem
2111 1581 2119 1601 ε

1166 1614 1216 1646 sed
1227 1624 1332 1654 parum
1344 1614 1505 1646 attenditis.
1526 1623 1571 1644 res
1580 1615 1664 1644 enim
1674 1612 1712 1644 60
1721 1612 1830 1654 spestat
1841 1633 1850 1648 ,
1870 1623 1945 1644 urea
1954 1622 2042 1654 poena
2053 1632 2062 1647 ‚
2086 1614 2123 1644 in

1165 1666 1222 1698 qua
1243 1655 1339 1686 adhuc
1355 1657 1547 1698 QLigarius
1565 1653 1618 1689 sit,
1637 1664 1702 1685 non
1715 1655 1880 1686 videamini
1897 1654 1955 1686 effe
1975 1655 2123 1686 contenti.

1189 1708 1231 1731 uae
1242 1696 1285 1729 est
1294 1699 1384 1739 igitur
1391 1699 1447 1729 alia
1457 1717 1466 1731 ‚
1485 1705 1588 1737 praeter
1597 1700 1733 1726 mortem?
1751 1699 1782 1728 Si
1801 1699 1886 1728 enim
1896 1698 1929 1727 in
1945 1694 2052 1727 exsilio
2066 1695 2123 1730 est,

1166 1709 1251 1771 {cuti
1264 1738 1306 1769 est
1317 1759 1325 1773 ‚
1347 1739 1419 1780 quid
1438 1739 1567 1778 amplius
1584 1737 1748 1778 postulatis.
1773 1742 1800 1758 ¹²
1811 1749 1849 1769 an
1860 1758 1869 1773 ‚
1882 1748 1920 1768 ne
1930 1738 2096 1779 ignoscatur
2106 1739 2121 1767 ἓ

1168 1783 1227 1812 hoc
1235 1779 1307 1810 vero
1318 1781 1417 1810 multo
1426 1781 1568 1812 acerbius,
1581 1779 1739 1820 multoque
1750 1779 1792 1810 est
1804 1779 1919 1810 durius.
1938 1783 1948 1800 ¹
1957 1782 1969 1806 3
1978 1778 2059 1820 quod
2069 1787 2127 1809 nos

1169 1823 1257 1853 domi
1266 1824 1399 1862 petimus
1410 1841 1418 1856 ‚
1438 1821 1574 1862 precibus
1583 1841 1591 1855 ‚
1606 1821 1639 1851 &
1652 1821 1792 1861 lacrymis
1803 1842 1812 1855 ‚
1822 1820 1957 1861 prostrati
1975 1820 2010 1851 ad
2023 1819 2126 1861 pedes,

1169 1873 1234 1894 non
1245 1872 1304 1894 tam
1315 1862 1422 1894 nostrae
1431 1862 1523 1893 causae
1535 1860 1668 1896 fidentes,
1680 1873 1770 1903 quam
1783 1863 1873 1902 hujus
1884 1863 2082 1896 humanitati,
2094 1860 2126 1902 id

1172 1915 1210 1935 ne
1220 1907 1418 1946 impetremus
1428 1924 1437 1939 ,
1454 1904 1621 1944 pugnabis?
1644 1904 1677 1934 δε
1691 1908 1724 1934 111
1745 1904 1882 1935 nostrum
1899 1903 2130 1934 fletumirrum-

1170 1956 1222 1988 pes
1235 1950 1246 1977 ἓ
1265 1947 1298 1977 &
1309 1956 1365 1977 nos
1373 1948 1513 1987 jacenteis
1530 1946 1566 1976 ad
1576 1945 1665 1987 pedes
1677 1966 1685 1979 ‚
1707 1949 1737 1973 ¹4
1740 1947 1898 1988 ficpplicum
1908 1956 1971 1976 voce
1987 1945 2132 1986 prohibe-

1173 1990 1219 2019 bis
1232 1991 1243 2019 ?
1262 1991 1303 2023 Si,
1314 1998 1385 2020 cum
1396 1989 1453 2018 hoc
1464 1987 1550 2018 domi
1568 1988 1732 2020 faceremus
1743 2008 1752 2022 ‚
1772 1988 1853 2030 quod
1863 1988 1896 2018 &
1911 1987 2041 2018 fecimus
2052 2007 2060 2021 ‚
2081 1986 2128 2021 &‚

1175 2039 1207 2060 ut
1219 2030 1303 2071 spero
1312 2051 1321 2065 ‚
1341 2041 1406 2061 non
1416 2029 1521 2060 frustra
1529 2028 1657 2061 fecimus
1669 2050 1677 2064 ‚
1696 2039 1727 2060 tu
1740 2030 1899 2071 derepente
1906 2027 2054 2070 irrupiss‘es
2064 2049 2073 2063 ,
2093 2028 2129 2059 &-

1178 2075 1205 2100 ¹5
1216 2074 1345 2104 clamare
1352 2070 1498 2112 coepisses,
1511 2073 1717 2106 CAESAR,cave
1726 2073 1943 2112 ignoscas‚cave
1954 2080 1982 2101 te
1992 2070 2129 2104 fratrum,

1988 2153 2135 2185 humani-

1179 2225 1250 2260 quod
1261 2226 1353 2252 invitis
1364 2227 1401 2252 cis
1411 2226 1544 2261 expunxit
1553 2225 1651 2253 amicus
1662 2225 1708 2250 ille
1718 2223 1822 2253 noster-3
1834 2219 2055 2256 quemadmodum
2065 2218 2134 2256 ipse-

1180 2269 1236 2287 met
1246 2261 1357 2292 fatetur,
1366 2261 1439 2288 dieta
1451 2261 1576 2297 Epistola.
1613 2262 1716 2286 Exim-m*
1722 2261 1761 2291 isti
1777 2267 1851 2284 mores
1867 2259 1938 2291 ufique
1947 2257 1980 2282 ad
1990 2257 2133 2289 sanguinem

1181 2300 1283 2323 incitare
1295 2298 1370 2329 Jblmt
1380 2299 1454 2323 odium
1464 2304 1508 2322 aut
1516 2299 1604 2322 levium
1614 2299 1740 2321 Graecorum
1747 2301 1790 2320 aut
1800 2296 1937 2320 immanium
1946 2292 2131 2326 harbarorum]

1184 2334 1244 2359 Hoc
1254 2333 1289 2359 est
1302 2351 1310 2364 ‚
1334 2333 1405 2360 leves
1416 2332 1501 2358 Graeci
1511 2339 1556 2358 ant
1567 2332 1695 2357 immanes
1706 2329 1806 2356 barbari
1818 2348 1826 2361 ‚
1838 2338 1911 2355 more
1921 2327 2065 2356 istiusmodi
2076 2327 2134 2360 suo,

1182 2368 1256 2394 nobis
1268 2375 1382 2394 externo
1399 2369 1427 2394 &
1440 2367 1581 2403 peregrino
1593 2385 1600 2398 ‚
1620 2365 1704 2392 solent
1714 2365 1823 2392 incitare
1833 2365 1925 2392 odium
1935 2363 2014 2400 usque
2032 2363 2065 2391 ad
2075 2363 2134 2391 san-

1182 2404 1305 2439 guinem,
1317 2403 1420 2429 fervere
1429 2403 1491 2429 odio
1502 2403 1580 2438 usque
1590 2401 1620 2427 ad
1632 2400 1739 2428 caedem.
1762 2404 1863 2427 Gronov.

1221 2447 1250 2475 9.
1270 2440 1339 2473 Nefit
1348 2442 1464 2472 lupatria
1474 2443 1484 2465 ?
1503 2448 1559 2464 num
1568 2440 1602 2464 ef?
1612 2438 1645 2472 ἒ]
1666 2439 1706 2464 lta
1717 2437 1786 2463 Pali.
1798 2437 1834 2464 its
1843 2436 1954 2464 aliorum
1966 2435 2012 2462 seri
2034 2436 2066 2462 ti.
2075 2435 2137 2462 vnl-

1181 2483 1242 2501 ⁴⁷:tta
1255 2494 1263 2507 ,
1279 2483 1336 2500 num
1345 2478 1462 2508 lupatria
1470 2477 1524 2501 eff?
1542 2483 1619 2510 quam
1631 2472 1774 2500 lectionem
1791 2472 1928 2499 damnavit
1937 2473 1963 2498 δι
1975 2476 2024 2499 auc
2038 2472 2138 2499 oritate

1194 2511 1312 2538 ibrorum
1324 2510 1428 2537 (uorum
1441 2512 1470 2537 P.
1483 2510 1617 2537 Victorius
1629 2509 1697 2536 libro
1706 2518 1769 2536 xxi.
1787 2511 1850 2536 Var.
1863 2508 1926 2535 lest.
1936 2517 1992 2545 cap.
2005 2517 2046 2542 ¹5·

1223 2555 1265 2572 ιο.
1287 2549 1433 2579 Numpotcff
1441 2547 1512 2580 magis
1523 2565 1531 2577 ,
1548 2546 1615 2581 elya]
1638 2545 1798 2572 Gulielmius
1817 2544 1946 2582 praeponit
1958 2564 1966 2576 ‚
1979 2554 2023 2571 non
2035 2563 2043 2576 ,

1183 2583 1268 2610 exstat
1278 2582 1304 2608 in
1315 2582 1469 2618 quibusdam
1482 2581 1538 2608 niff.
1550 2590 1673 2618 tunquam
1683 2581 1783 2620 aptius,
1799 2590 1857 2607 cum
1869 2582 1955 2607 locum
1967 2580 2058 2606 conclu

1224 2628 1263 2644 11.
1284 2619 1432 2651 lpjejuhebat
1442 2619 1514 2644 occidi
1526 2637 1534 2650 ,
1543 2617 1763 2651 m‹!l0p0stulante.]
1787 2618 1860 2643 Hitt.
1871 2617 1899 2643 δε
1913 2617 1966 2643 Pal.
1979 2625 2062 2643 nonus
2074 2635 2082 2647 ,
2092 2618 2136 2641 ‘vi-

1184 2655 1263 2685 debat,
1274 2653 1344 2693 quod
1355 2654 1475 2691 placebat
1488 2654 1645 2684 Gulielmi03
1659 2660 1784 2688 tanquam
1796 2653 1897 2688 paverit
1908 2652 1998 2678 oculos
2010 2660 2062 2678 tam
2075 2651 2136 2677 hor-

1186 2689 1268 2717 rendo
1278 2689 1425 2725 ipen-&taenio
1437 2710 1444 2722 ,
1455 2690 1542 2725 itaque
1553 2688 1729 2725 distinguebat
1741 2708 1749 2721 ,
1768 2690 1812 2723 1th
1821 2690 1919 2714 videbat
1927 2688 2013 2714 occidi.-
2030 2689 2140 2720 nullopo-

1179 2728 1298 2760 stulame,
1305 2727 1408 2759 praemiis
1418 2729 1498 2758 ctiam,
1508 2727 1550 2756 &c
1580 2735 1631 2752 non
1642 2725 1736 2761 placet.

1228 2771 1268 2788 12.
1281 2766 1334 2789 tAn
1344 2772 1373 2788 ne
1382 2762 1537 2796 ignoftatur]
1559 2760 1619 2787 Mss.
1630 2761 1710 2788 nostri
1719 2761 1820 2794 ignoftat
1831 2764 1840 2787 ‚⁷
1851 2759 1935 2787 nihilo
1944 2758 2028 2795 pejus.
2046 2756 2139 2785 iisdem

1183 2798 1337 2833 jul-entibus
1349 2798 1433 2825 statim
1447 2797 1582 2833 vulgatum
1590 2799 1692 2830 gra-vim·
1703 2798 1803 2823 mutavi
1814 2797 1838 2822 in
1849 2796 1942 2821 Aurius.

1227 2843 1255 2870 13
1264 2854 1269 2859 .
1288 2835 1404 2867 Quidum·
1413 2834 1472 2859 dom!
1485 2836 1586 2867 petimus
1597 2852 1604 2863 ‚
1620 2834 1729 2864 precibus·
1747 2833 1776 2862 &-
1792 2831 1905 2857 laci-imis.
1917 2831 1931 2863 ]
1951 2829 2112 2857 Gulielmius
2123 2832 2139 2855 ὲ

1188 2869 1340 2897 Colonicnli
1351 2869 1455 2905 legebat
1466 2887 1474 2900 ,
1483 2869 1569 2902 quodne
1578 2876 1618 2893 nos
1628 2868 1687 2893 domi
1693 2869 1793 2900 perimm
1804 2886 1812 2898 ‚
1826 2868 1935 2899 precibus
1949 2886 1956 2897 ,
1966 2866 2080 2891 lacrimis.
2096 2873 2140 2899 pe-

1187 2907 1258 2932 timus
1268 2915 1316 2942 pro
1329 2909 1452 2940 petiimm.
1471 2905 1498 2930 &
1510 2904 1543 2930 sic
1552 2912 1657 2940 quoque
1668 2903 1730 2929 l'ut.
1741 2902 1809 2928 liber
1820 2921 1828 2934 ‚
1848 2901 1889 2928 sed
1901 2903 1921 2928 is
1932 2901 2090 2928 excludebat
2100 2902 2141 2927 do-

1190 2952 1232 2968 ”ll-

1228 2986 1270 3011 14.
1288 2980 1420 3011 supplicum
1428 2985 1483 3002 voce
1494 2974 1650 3008 ‘emm-chin]
1671 2973 1848 3010 Manustripta
1859 2972 1940 2999 leffio
1950 2973 2089 2999 Gulielmii
2100 2982 2147 2999 co-

1188 3013 1423 3047 dicnmsuppliciiaem
1434 3031 1442 3043 ‚
1462 3010 1535 3047 quod
1553 3009 1724 3047 adprobabat.
1743 3011 1808 3036 vern
1814 3019 1838 3036 111
1852 3010 1906 3036 Pal.
1927 3018 2011 3036 nonus
2024 3010 2126 3043 suppliti
2134 3019 2145 3041 ς

1189 3050 1274 3076 nihilo
1282 3048 1405 3085 profe'Cto
1415 3047 1498 3082 pejus.

1230 3094 1272 3119 ¹5·
1288 3087 1398 3110 Clamare
1407 3083 1502 3115 cepiffis
1515 3081 1608 3115 :Caefirr
1618 3101 1625 3113 ,
1636 3091 1692 3107 cmc
1702 3081 1877 3115 igmsccs,&c.]
1899 3080 1942 3106 Sic
1950 3079 2003 3106 duo
2014 3079 2145 3106 111111611-

1190 3120 1284 3147 lielmii
1297 3139 1305 3152 ,
1317 3120 1367 3146 line
1378 3119 1426 3145 illo
1435 3122 1464 3144 C.
1474 3118 1514 3150 &‚
1524 3127 1581 3143 mre
1591 3118 1682 3144 credar.
1703 3116 1775 3155 quod
1786 3117 1911 3145 ultimum
1920 3115 1988 3148 abest
1999 3117 2078 3146 etiarn
2094 3115 2146 3143 :ili-

1190 3163 1258 3193 quot
1268 3156 1336 3184 Pall.
1347 3155 1382 3184 cst
1393 3154 1492 3182 clamor
1503 3154 1640 3182 irruentis.

2060 2542 2136 2606 ‘quod

2079 2587 2117 2607 at.

2066 3189 2148 3226 ullae
