<?xml version="1.0" encoding="UTF-8"?>
<!DOCTYPE html PUBLIC "-//W3C//DTD XHTML 1.0 Transitional//EN"
    "http://www.w3.org/TR/xhtml1/DTD/xhtml1-transitional.dtd">
<html xmlns="http://www.w3.org/1999/xhtml" xml:lang="en" lang="en">
 <head>
  <title>
</title>
<meta http-equiv="Content-Type" content="text/html;charset=utf-8" />
  <meta name='ocr-system' content='tesseract 3.04.00' />
  <meta name='ocr-capabilities' content='ocr_page ocr_carea ocr_par ocr_line ocrx_word'/>
</head>
<body>
  <div class='ocr_page' id='page_1' title='image "./mtuliiciceroniso00cice_0742.png"; bbox 0 0 2337 3400; ppageno 0'>
   <div class='ocr_carea' id='block_1_1' title="bbox 167 143 1081 214">
    <p class='ocr_par' dir='ltr' id='par_1_1' title="bbox 167 143 1081 214">
     <span class='ocr_line' id='line_1_1' title="bbox 167 143 1081 214; baseline -0.014 -13"><span class='ocrx_word' id='word_1_1' title='bbox 167 153 266 214; x_wconf 79' lang='lat'>656</span> <span class='ocrx_word' id='word_1_2' title='bbox 576 143 1081 192; x_wconf 66' lang='lat' dir='ltr'>M.Tni,L11</span> 
     </span>
    </p>
   </div>
   <div class='ocr_carea' id='block_1_2' title="bbox 174 223 1148 519">
    <p class='ocr_par' dir='ltr' id='par_1_2' title="bbox 174 223 1148 519">
     <span class='ocr_line' id='line_1_2' title="bbox 174 223 1143 271; baseline -0.012 -7"><span class='ocrx_word' id='word_1_3' title='bbox 174 236 278 264; x_wconf 76' lang='lat' dir='ltr'>litterae</span> <span class='ocrx_word' id='word_1_4' title='bbox 293 230 465 271; x_wconf 79' lang='lat' dir='ltr'>proderunt.</span> <span class='ocrx_word' id='word_1_5' title='bbox 491 228 572 257; x_wconf 65' lang='lat' dir='ltr'>Nam</span> <span class='ocrx_word' id='word_1_6' title='bbox 589 224 625 255; x_wconf 88' lang='lat' dir='ltr'>ad</span> <span class='ocrx_word' id='word_1_7' title='bbox 642 225 775 256; x_wconf 79' lang='lat' dir='ltr'>senatum</span> <span class='ocrx_word' id='word_1_8' title='bbox 793 234 868 266; x_wconf 84' lang='lat' dir='ltr'>quas</span> <span class='ocrx_word' id='word_1_9' title='bbox 886 223 1012 254; x_wconf 82' lang='lat' dir='ltr'>Bibulus</span> <span class='ocrx_word' id='word_1_10' title='bbox 1032 224 1143 254; x_wconf 81' lang='lat' dir='ltr'>litteras</span> 
     </span>
     <span class='ocr_line' id='line_1_3' title="bbox 181 264 1141 311; baseline -0.009 -8"><span class='ocrx_word' id='word_1_11' title='bbox 181 274 270 306; x_wconf 87' lang='lat' dir='ltr'>misit,</span> <span class='ocrx_word' id='word_1_12' title='bbox 287 275 365 302; x_wconf 86' lang='lat' dir='ltr'>iniis</span> <span class='ocrx_word' id='word_1_13' title='bbox 376 290 383 304; x_wconf 90' lang='lat'>,</span> <span class='ocrx_word' id='word_1_14' title='bbox 395 269 476 311; x_wconf 85' lang='lat' dir='ltr'>quod</span> <span class='ocrx_word' id='word_1_15' title='bbox 489 270 567 298; x_wconf 90' lang='lat' dir='ltr'>mihi</span> <span class='ocrx_word' id='word_1_16' title='bbox 581 277 652 298; x_wconf 85' lang='lat' dir='ltr'>cum</span> <span class='ocrx_word' id='word_1_17' title='bbox 666 267 719 297; x_wconf 91' lang='lat' dir='ltr'>illo</span> <span class='ocrx_word' id='word_1_18' title='bbox 732 276 790 297; x_wconf 84' lang='lat' dir='ltr'>erat</span> <span class='ocrx_word' id='word_1_19' title='bbox 801 275 968 296; x_wconf 89' lang='lat' dir='ltr'>commune</span> <span class='ocrx_word' id='word_1_20' title='bbox 978 286 987 299; x_wconf 86' lang='lat'>‚</span> <span class='ocrx_word' id='word_1_21' title='bbox 1011 264 1065 295; x_wconf 85' lang='lat' dir='ltr'>fibi</span> <span class='ocrx_word' id='word_1_22' title='bbox 1085 265 1141 295; x_wconf 74' lang='lat' dir='ltr'>soli</span> 
     </span>
     <span class='ocr_line' id='line_1_4' title="bbox 183 307 1144 349; baseline -0.01 -3"><span class='ocrx_word' id='word_1_23' title='bbox 183 316 324 347; x_wconf 86' lang='lat' dir='ltr'>attribuit.</span> <span class='ocrx_word' id='word_1_24' title='bbox 351 313 377 343; x_wconf 86' lang='lat' dir='ltr'>se</span> <span class='ocrx_word' id='word_1_25' title='bbox 388 321 428 341; x_wconf 80' lang='lat' dir='ltr'>ait</span> <span class='ocrx_word' id='word_1_26' title='bbox 437 308 558 343; x_wconf 74' lang='lat' dir='ltr'>curasse,</span> <span class='ocrx_word' id='word_1_27' title='bbox 575 319 608 339; x_wconf 88' lang='lat' dir='ltr'>ut</span> <span class='ocrx_word' id='word_1_28' title='bbox 619 319 689 339; x_wconf 90' lang='lat' dir='ltr'>cum</span> <span class='ocrx_word' id='word_1_29' title='bbox 702 307 817 349; x_wconf 78' lang='lat' dir='ltr'>quaestu</span> <span class='ocrx_word' id='word_1_30' title='bbox 829 308 932 348; x_wconf 85' lang='lat' dir='ltr'>populi</span> <span class='ocrx_word' id='word_1_31' title='bbox 943 309 1069 347; x_wconf 90' lang='lat' dir='ltr'>pecunia</span> <span class='ocrx_word' id='word_1_32' title='bbox 1078 317 1144 347; x_wconf 86' lang='lat' dir='ltr'>per-</span> 
     </span>
     <span class='ocr_line' id='line_1_5' title="bbox 184 350 1146 394; baseline -0.007 -9"><span class='ocrx_word' id='word_1_33' title='bbox 184 364 358 388; x_wconf 83' lang='lat' dir='ltr'>mutaretur.</span> <span class='ocrx_word' id='word_1_34' title='bbox 382 352 463 394; x_wconf 79' lang='lat' dir='ltr'>quod</span> <span class='ocrx_word' id='word_1_35' title='bbox 483 361 582 382; x_wconf 85' lang='lat' dir='ltr'>autem</span> <span class='ocrx_word' id='word_1_36' title='bbox 595 361 700 381; x_wconf 89' lang='lat' dir='ltr'>meum</span> <span class='ocrx_word' id='word_1_37' title='bbox 721 359 780 380; x_wconf 80' lang='lat' dir='ltr'>erat</span> <span class='ocrx_word' id='word_1_38' title='bbox 796 352 951 390; x_wconf 87' lang='lat' dir='ltr'>proprium</span> <span class='ocrx_word' id='word_1_39' title='bbox 964 369 973 382; x_wconf 92' lang='lat'>‚</span> <span class='ocrx_word' id='word_1_40' title='bbox 996 358 1029 379; x_wconf 92' lang='lat' dir='ltr'>ut</span> <span class='ocrx_word' id='word_1_41' title='bbox 1048 350 1146 378; x_wconf 76' lang='lat' dir='ltr'>alariis</span> 
     </span>
     <span class='ocr_line' id='line_1_6' title="bbox 183 388 1146 437; baseline -0.007 -10"><span class='ocrx_word' id='word_1_42' title='bbox 183 396 401 437; x_wconf 75' lang='lat' dir='ltr'>Transpadanis</span> <span class='ocrx_word' id='word_1_43' title='bbox 423 397 634 435; x_wconf 82' lang='lat' dir='ltr'>utinegarem‚</span> <span class='ocrx_word' id='word_1_44' title='bbox 656 392 685 423; x_wconf 90' lang='lat' dir='ltr'>id</span> <span class='ocrx_word' id='word_1_45' title='bbox 706 394 795 422; x_wconf 88' lang='lat' dir='ltr'>etiam</span> <span class='ocrx_word' id='word_1_46' title='bbox 817 392 932 432; x_wconf 86' lang='lat' dir='ltr'>populo</span> <span class='ocrx_word' id='word_1_47' title='bbox 955 391 982 421; x_wconf 90' lang='lat' dir='ltr'>se</span> <span class='ocrx_word' id='word_1_48' title='bbox 1002 388 1146 421; x_wconf 75' lang='lat' dir='ltr'>remisiss&#39;e</span> 
     </span>
     <span class='ocr_line' id='line_1_7' title="bbox 182 434 1148 477; baseline -0.007 -8"><span class='ocrx_word' id='word_1_49' title='bbox 182 439 292 469; x_wconf 76' lang='lat' dir='ltr'>scribit.</span> <span class='ocrx_word' id='word_1_50' title='bbox 317 437 398 477; x_wconf 85' lang='lat' dir='ltr'>quod</span> <span class='ocrx_word' id='word_1_51' title='bbox 414 436 487 467; x_wconf 75' lang='lat' dir='ltr'>verb</span> <span class='ocrx_word' id='word_1_52' title='bbox 502 438 582 466; x_wconf 87' lang='lat' dir='ltr'>illius</span> <span class='ocrx_word' id='word_1_53' title='bbox 593 443 650 465; x_wconf 78' lang='lat' dir='ltr'>erat</span> <span class='ocrx_word' id='word_1_54' title='bbox 662 434 754 465; x_wconf 88' lang='lat' dir='ltr'>solius</span> <span class='ocrx_word' id='word_1_55' title='bbox 771 454 779 467; x_wconf 84' lang='lat'>,</span> <span class='ocrx_word' id='word_1_56' title='bbox 799 435 828 464; x_wconf 81' lang='lat' dir='ltr'>id</span> <span class='ocrx_word' id='word_1_57' title='bbox 839 443 961 464; x_wconf 87' lang='lat' dir='ltr'>mecum</span> <span class='ocrx_word' id='word_1_58' title='bbox 971 434 1148 474; x_wconf 85' lang='lat' dir='ltr'>communi-</span> 
     </span>
     <span class='ocr_line' id='line_1_8' title="bbox 181 477 1147 519; baseline -0.007 -8"><span class='ocrx_word' id='word_1_59' title='bbox 181 489 244 512; x_wconf 87' lang='lat' dir='ltr'>cat:</span> <span class='ocrx_word' id='word_1_60' title='bbox 270 483 462 519; x_wconf 72' lang='lat' dir='ltr'>EQn-issus</span> <span class='ocrx_word' id='word_1_61' title='bbox 484 481 734 509; x_wconf 75' lang='lat' dir='ltr'>AuxiLIARus,</span> <span class='ocrx_word' id='word_1_62' title='bbox 761 477 880 517; x_wconf 84' lang='lat' dir='ltr'>inquit,</span> <span class='ocrx_word' id='word_1_63' title='bbox 900 484 975 505; x_wconf 80' lang='lat' dir='ltr'>CUM</span> <span class='ocrx_word' id='word_1_64' title='bbox 995 484 1147 504; x_wconf 68' lang='lat' dir='ltr'>Amemus</span> 
     </span>
    </p>
   </div>
   <div class='ocr_carea' id='block_1_3' title="bbox 184 515 1171 558">
    <p class='ocr_par' dir='ltr' id='par_1_3' title="bbox 184 515 1171 558">
     <span class='ocr_line' id='line_1_9' title="bbox 184 515 1171 558; baseline -0.005 -7"><span class='ocrx_word' id='word_1_65' title='bbox 184 531 367 552; x_wconf 46' lang='lat' dir='ltr'>Fausta-*zu</span> <span class='ocrx_word' id='word_1_66' title='bbox 384 528 664 551; x_wconf 71' lang='lat' dir='ltr'>posTuLAREMth.</span> <span class='ocrx_word' id='word_1_67' title='bbox 688 517 766 548; x_wconf 89' lang='lat' dir='ltr'>Illud</span> <span class='ocrx_word' id='word_1_68' title='bbox 780 517 853 548; x_wconf 75' lang='lat' dir='ltr'>verb</span> <span class='ocrx_word' id='word_1_69' title='bbox 866 515 1071 558; x_wconf 88' lang='lat' dir='ltr'>pusillianimi</span> <span class='ocrx_word' id='word_1_70' title='bbox 1084 536 1093 550; x_wconf 90' lang='lat'>,</span> <span class='ocrx_word' id='word_1_71' title='bbox 1116 517 1149 547; x_wconf 75' lang='grc' dir='ltr'>δε</span> <span class='ocrx_word' id='word_1_72' title='bbox 1169 534 1171 540; x_wconf 75' lang='lat'>=</span> 
     </span>
    </p>
   </div>
   <div class='ocr_carea' id='block_1_4' title="bbox 182 558 1151 813">
    <p class='ocr_par' dir='ltr' id='par_1_4' title="bbox 182 558 1151 813">
     <span class='ocr_line' id='line_1_10' title="bbox 183 558 1147 604; baseline -0.005 -11"><span class='ocrx_word' id='word_1_73' title='bbox 183 564 245 604; x_wconf 88' lang='lat' dir='ltr'>ipsa</span> <span class='ocrx_word' id='word_1_74' title='bbox 256 562 581 602; x_wconf 76' lang='lat' dir='ltr'>malivolentiajejuni,</span> <span class='ocrx_word' id='word_1_75' title='bbox 589 569 675 601; x_wconf 83' lang='lat' dir='ltr'>atque</span> <span class='ocrx_word' id='word_1_76' title='bbox 686 561 796 594; x_wconf 84' lang='lat' dir='ltr'>inanis,</span> <span class='ocrx_word' id='word_1_77' title='bbox 807 558 890 601; x_wconf 75' lang='lat' dir='ltr'>quod</span> <span class='ocrx_word' id='word_1_78' title='bbox 901 559 1147 591; x_wconf 79' lang='lat' dir='ltr'>Ariobarzanem,</span> 
     </span>
     <span class='ocr_line' id='line_1_11' title="bbox 182 602 1150 647; baseline -0.005 -12"><span class='ocrx_word' id='word_1_79' title='bbox 182 608 253 647; x_wconf 80' lang='lat' dir='ltr'>quia</span> <span class='ocrx_word' id='word_1_80' title='bbox 267 606 381 635; x_wconf 81' lang='lat' dir='ltr'>senatus</span> <span class='ocrx_word' id='word_1_81' title='bbox 391 614 443 645; x_wconf 86' lang='lat' dir='ltr'>per</span> <span class='ocrx_word' id='word_1_82' title='bbox 462 613 512 633; x_wconf 89' lang='lat' dir='ltr'>me</span> <span class='ocrx_word' id='word_1_83' title='bbox 522 612 623 644; x_wconf 85' lang='lat' dir='ltr'>regern</span> <span class='ocrx_word' id='word_1_84' title='bbox 635 602 814 642; x_wconf 86' lang='lat' dir='ltr'>appellavit,</span> <span class='ocrx_word' id='word_1_85' title='bbox 833 602 972 642; x_wconf 80' lang='lat' dir='ltr'>mihique</span> <span class='ocrx_word' id='word_1_86' title='bbox 987 610 1150 631; x_wconf 88' lang='lat' dir='ltr'>commen-</span> 
     </span>
     <span class='ocr_line' id='line_1_12' title="bbox 183 641 1150 685; baseline -0.006 -8"><span class='ocrx_word' id='word_1_87' title='bbox 183 648 266 677; x_wconf 73' lang='lat' dir='ltr'>davit</span> <span class='ocrx_word' id='word_1_88' title='bbox 277 667 284 681; x_wconf 91' lang='lat'>‚</span> <span class='ocrx_word' id='word_1_89' title='bbox 299 646 352 677; x_wconf 84' lang='lat' dir='ltr'>iste</span> <span class='ocrx_word' id='word_1_90' title='bbox 373 648 403 676; x_wconf 90' lang='lat' dir='ltr'>in</span> <span class='ocrx_word' id='word_1_91' title='bbox 414 646 520 676; x_wconf 84' lang='lat' dir='ltr'>litteris</span> <span class='ocrx_word' id='word_1_92' title='bbox 531 654 594 674; x_wconf 88' lang='lat' dir='ltr'>non</span> <span class='ocrx_word' id='word_1_93' title='bbox 605 653 704 685; x_wconf 88' lang='lat' dir='ltr'>regem</span> <span class='ocrx_word' id='word_1_94' title='bbox 715 664 724 677; x_wconf 93' lang='lat'>,</span> <span class='ocrx_word' id='word_1_95' title='bbox 745 643 794 674; x_wconf 92' lang='lat' dir='ltr'>sed</span> <span class='ocrx_word' id='word_1_96' title='bbox 805 645 881 684; x_wconf 85' lang='lat' dir='ltr'>regis</span> <span class='ocrx_word' id='word_1_97' title='bbox 892 643 1103 673; x_wconf 80' lang='lat' dir='ltr'>Ariobarzanis</span> <span class='ocrx_word' id='word_1_98' title='bbox 1115 641 1150 671; x_wconf 89' lang='lat' dir='ltr'>fi-</span> 
     </span>
     <span class='ocr_line' id='line_1_13' title="bbox 184 683 1150 728; baseline -0.006 -10"><span class='ocrx_word' id='word_1_99' title='bbox 184 690 264 719; x_wconf 83' lang='lat' dir='ltr'>lium</span> <span class='ocrx_word' id='word_1_100' title='bbox 275 689 411 728; x_wconf 74' lang='lat' dir='ltr'>appellat.</span> <span class='ocrx_word' id='word_1_101' title='bbox 435 689 494 716; x_wconf 84' lang='lat' dir='ltr'>Hoc</span> <span class='ocrx_word' id='word_1_102' title='bbox 507 686 602 716; x_wconf 70' lang='lat' dir='ltr'>animo</span> <span class='ocrx_word' id='word_1_103' title='bbox 620 686 751 727; x_wconf 77' lang='lat' dir='ltr'>quifimt</span> <span class='ocrx_word' id='word_1_104' title='bbox 764 705 772 719; x_wconf 88' lang='lat'>,</span> <span class='ocrx_word' id='word_1_105' title='bbox 795 685 939 715; x_wconf 74' lang='lat' dir='ltr'>deteriores</span> <span class='ocrx_word' id='word_1_106' title='bbox 949 683 1029 723; x_wconf 76' lang='lat' dir='ltr'>fiunt</span> <span class='ocrx_word' id='word_1_107' title='bbox 1048 684 1150 726; x_wconf 83' lang='lat' dir='ltr'>rogari.</span> 
     </span>
     <span class='ocr_line' id='line_1_14' title="bbox 187 725 1151 769; baseline -0.004 -8"><span class='ocrx_word' id='word_1_108' title='bbox 187 731 244 762; x_wconf 85' lang='lat' dir='ltr'>Sed</span> <span class='ocrx_word' id='word_1_109' title='bbox 257 731 312 761; x_wconf 86' lang='lat' dir='ltr'>tibi</span> <span class='ocrx_word' id='word_1_110' title='bbox 326 740 443 759; x_wconf 88' lang='lat' dir='ltr'>morem</span> <span class='ocrx_word' id='word_1_111' title='bbox 454 727 523 769; x_wconf 85' lang='lat' dir='ltr'>geffi</span> <span class='ocrx_word' id='word_1_112' title='bbox 536 739 541 758; x_wconf 95' lang='grc'>·.</span> <span class='ocrx_word' id='word_1_113' title='bbox 565 729 676 758; x_wconf 84' lang='lat' dir='ltr'>litteras</span> <span class='ocrx_word' id='word_1_114' title='bbox 685 728 721 758; x_wconf 89' lang='lat' dir='ltr'>ad</span> <span class='ocrx_word' id='word_1_115' title='bbox 730 737 802 758; x_wconf 88' lang='lat' dir='ltr'>eum</span> <span class='ocrx_word' id='word_1_116' title='bbox 812 725 908 768; x_wconf 79' lang='lat' dir='ltr'>scripsi</span> <span class='ocrx_word' id='word_1_117' title='bbox 919 746 928 761; x_wconf 89' lang='lat'>,</span> <span class='ocrx_word' id='word_1_118' title='bbox 940 736 1011 767; x_wconf 87' lang='lat' dir='ltr'>quas</span> <span class='ocrx_word' id='word_1_119' title='bbox 1020 736 1090 757; x_wconf 90' lang='lat' dir='ltr'>cum</span> <span class='ocrx_word' id='word_1_120' title='bbox 1101 736 1151 757; x_wconf 89' lang='lat' dir='ltr'>ac-</span> 
     </span>
     <span class='ocr_line' id='line_1_15' title="bbox 185 769 722 813; baseline -0.009 -10"><span class='ocrx_word' id='word_1_121' title='bbox 185 775 309 813; x_wconf 80' lang='lat' dir='ltr'>ceperis,</span> <span class='ocrx_word' id='word_1_122' title='bbox 321 771 411 802; x_wconf 79' lang='lat' dir='ltr'>facies</span> <span class='ocrx_word' id='word_1_123' title='bbox 423 770 504 813; x_wconf 87' lang='lat' dir='ltr'>quod</span> <span class='ocrx_word' id='word_1_124' title='bbox 516 771 611 801; x_wconf 87' lang='lat' dir='ltr'>voles.</span> <span class='ocrx_word' id='word_1_125' title='bbox 635 769 722 800; x_wconf 86' lang='lat' dir='ltr'>Vale.</span> 
     </span>
    </p>
   </div>
   <div class='ocr_carea' id='block_1_5' title="bbox 125 829 1075 904">
    <p class='ocr_par' dir='ltr' id='par_1_5' title="bbox 125 829 1075 904">
     <span class='ocr_line' id='line_1_16' title="bbox 125 829 1075 868; baseline -0.006 -4"><span class='ocrx_word' id='word_1_126' title='bbox 125 830 165 864; x_wconf 79' lang='lat'>18</span> <span class='ocrx_word' id='word_1_127' title='bbox 261 829 1075 868; x_wconf 55' lang='lat' dir='ltr'>M.T.c.1MPERATORQ.,THERMO</span> 
     </span>
     <span class='ocr_line' id='line_1_17' title="bbox 398 873 903 904; baseline -0.01 -1"><span class='ocrx_word' id='word_1_128' title='bbox 398 873 800 904; x_wconf 82' lang='lat' dir='ltr'>PROCURATORI,</span> <span class='ocrx_word' id='word_1_129' title='bbox 823 873 903 900; x_wconf 83' lang='lat' dir='ltr'><strong>S.D.</strong></span> 
     </span>
    </p>
   </div>
   <div class='ocr_carea' id='block_1_6' title="bbox 187 920 1156 1174">
    <p class='ocr_par' dir='ltr' id='par_1_6' title="bbox 187 920 1156 1174">
     <span class='ocr_line' id='line_1_18' title="bbox 292 920 1154 962; baseline -0.003 -9"><span class='ocrx_word' id='word_1_130' title='bbox 292 925 446 954; x_wconf 63' lang='lat' dir='ltr'>Fricmsi</span> <span class='ocrx_word' id='word_1_131' title='bbox 471 931 575 952; x_wconf 84' lang='lat' dir='ltr'>meum</span> <span class='ocrx_word' id='word_1_132' title='bbox 593 931 660 962; x_wconf 82' lang='lat' dir='ltr'>erga</span> <span class='ocrx_word' id='word_1_133' title='bbox 679 920 865 951; x_wconf 78' lang='lat' dir='ltr'>Rhodonem</span> <span class='ocrx_word' id='word_1_134' title='bbox 878 940 887 953; x_wconf 68' lang='lat'>2</span> <span class='ocrx_word' id='word_1_135' title='bbox 916 929 1068 961; x_wconf 87' lang='lat' dir='ltr'>ceteraque</span> <span class='ocrx_word' id='word_1_136' title='bbox 1086 929 1154 950; x_wconf 85' lang='lat' dir='ltr'>mea</span> 
     </span>
     <span class='ocr_line' id='line_1_19' title="bbox 293 961 1153 1005; baseline -0.005 -10"><span class='ocrx_word' id='word_1_137' title='bbox 293 965 386 996; x_wconf 81' lang='lat' dir='ltr'>studia</span> <span class='ocrx_word' id='word_1_138' title='bbox 402 985 409 997; x_wconf 85' lang='lat'>,</span> <span class='ocrx_word' id='word_1_139' title='bbox 424 974 489 1005; x_wconf 80' lang='lat' dir='ltr'>quae</span> <span class='ocrx_word' id='word_1_140' title='bbox 503 963 600 993; x_wconf 85' lang='lat' dir='ltr'>tibiae</span> <span class='ocrx_word' id='word_1_141' title='bbox 611 963 670 992; x_wconf 80' lang='lat' dir='ltr'>tuis</span> <span class='ocrx_word' id='word_1_142' title='bbox 681 961 801 1002; x_wconf 85' lang='lat' dir='ltr'>praestiti</span> <span class='ocrx_word' id='word_1_143' title='bbox 813 982 821 995; x_wconf 91' lang='lat'>,</span> <span class='ocrx_word' id='word_1_144' title='bbox 833 962 889 992; x_wconf 89' lang='lat' dir='ltr'>tibi</span> <span class='ocrx_word' id='word_1_145' title='bbox 899 963 1021 992; x_wconf 88' lang='lat' dir='ltr'>homini</span> <span class='ocrx_word' id='word_1_146' title='bbox 1031 961 1153 1002; x_wconf 79' lang='lat' dir='ltr'>gratilli-</span> 
     </span>
     <span class='ocr_line' id='line_1_20' title="bbox 189 1003 1153 1049; baseline -0.007 -9"><span class='ocrx_word' id='word_1_147' title='bbox 189 1018 244 1040; x_wconf 85' lang='lat' dir='ltr'>mo</span> <span class='ocrx_word' id='word_1_148' title='bbox 257 1027 264 1040; x_wconf 86' lang='lat'>‚</span> <span class='ocrx_word' id='word_1_149' title='bbox 286 1016 365 1049; x_wconf 76' lang='lat' dir='ltr'>grata</span> <span class='ocrx_word' id='word_1_150' title='bbox 375 1005 432 1036; x_wconf 82' lang='lat' dir='ltr'>effe</span> <span class='ocrx_word' id='word_1_151' title='bbox 447 1006 641 1035; x_wconf 71' lang='lat' dir='ltr'>vehementer</span> <span class='ocrx_word' id='word_1_152' title='bbox 651 1003 780 1044; x_wconf 79' lang='lat' dir='ltr'>gaudeo:</span> <span class='ocrx_word' id='word_1_153' title='bbox 805 1005 944 1044; x_wconf 86' lang='lat' dir='ltr'>mihique</span> <span class='ocrx_word' id='word_1_154' title='bbox 956 1005 1029 1035; x_wconf 86' lang='lat' dir='ltr'>scito</span> <span class='ocrx_word' id='word_1_155' title='bbox 1046 1014 1079 1034; x_wconf 81' lang='lat' dir='ltr'>ln</span> <span class='ocrx_word' id='word_1_156' title='bbox 1090 1004 1153 1033; x_wconf 86' lang='lat' dir='ltr'>dies</span> 
     </span>
     <span class='ocr_line' id='line_1_21' title="bbox 189 1045 1154 1089; baseline -0.005 -9"><span class='ocrx_word' id='word_1_157' title='bbox 189 1050 384 1089; x_wconf 77' lang='lat' dir='ltr'>majoricurae</span> <span class='ocrx_word' id='word_1_158' title='bbox 404 1045 462 1077; x_wconf 80' lang='lat' dir='ltr'>effe</span> <span class='ocrx_word' id='word_1_159' title='bbox 481 1047 658 1088; x_wconf 83' lang='lat' dir='ltr'>dignitatem</span> <span class='ocrx_word' id='word_1_160' title='bbox 674 1055 775 1076; x_wconf 90' lang='lat' dir='ltr'>tuam:</span> <span class='ocrx_word' id='word_1_161' title='bbox 798 1056 863 1087; x_wconf 80' lang='lat' dir='ltr'>quae</span> <span class='ocrx_word' id='word_1_162' title='bbox 880 1045 1032 1086; x_wconf 73' lang='lat' dir='ltr'>quidema</span> <span class='ocrx_word' id='word_1_163' title='bbox 1051 1046 1154 1085; x_wconf 87' lang='lat' dir='ltr'>teipso</span> 
     </span>
     <span class='ocr_line' id='line_1_22' title="bbox 187 1086 1155 1129; baseline -0.005 -8"><span class='ocrx_word' id='word_1_164' title='bbox 187 1093 367 1129; x_wconf 81' lang='lat' dir='ltr'>integritate,</span> <span class='ocrx_word' id='word_1_165' title='bbox 381 1090 413 1120; x_wconf 88' lang='lat'>&amp;</span> <span class='ocrx_word' id='word_1_166' title='bbox 424 1089 584 1118; x_wconf 77' lang='lat' dir='ltr'>clementia</span> <span class='ocrx_word' id='word_1_167' title='bbox 596 1098 644 1118; x_wconf 85' lang='lat' dir='ltr'>tua</span> <span class='ocrx_word' id='word_1_168' title='bbox 655 1086 693 1117; x_wconf 90' lang='lat' dir='ltr'>sic</span> <span class='ocrx_word' id='word_1_169' title='bbox 702 1088 881 1128; x_wconf 85' lang='lat' dir='ltr'>amplificata</span> <span class='ocrx_word' id='word_1_170' title='bbox 890 1086 943 1121; x_wconf 86' lang='lat' dir='ltr'>est,</span> <span class='ocrx_word' id='word_1_171' title='bbox 956 1097 988 1118; x_wconf 86' lang='lat' dir='ltr'>ut</span> <span class='ocrx_word' id='word_1_172' title='bbox 998 1088 1075 1117; x_wconf 84' lang='lat' dir='ltr'>nihil</span> <span class='ocrx_word' id='word_1_173' title='bbox 1086 1086 1155 1117; x_wconf 88' lang='lat' dir='ltr'>addi</span> 
     </span>
     <span class='ocr_line' id='line_1_23' title="bbox 188 1129 1156 1174; baseline -0.004 -12"><span class='ocrx_word' id='word_1_174' title='bbox 188 1132 272 1174; x_wconf 83' lang='lat' dir='ltr'>pofl&#39;e</span> <span class='ocrx_word' id='word_1_175' title='bbox 283 1133 424 1162; x_wconf 83' lang='lat' dir='ltr'>videatur.</span> <span class='ocrx_word' id='word_1_176' title='bbox 447 1130 504 1161; x_wconf 84' lang='lat' dir='ltr'>Sed</span> <span class='ocrx_word' id='word_1_177' title='bbox 517 1131 595 1159; x_wconf 89' lang='lat' dir='ltr'>mihi</span> <span class='ocrx_word' id='word_1_178' title='bbox 607 1131 700 1170; x_wconf 88' lang='lat' dir='ltr'>magis</span> <span class='ocrx_word' id='word_1_179' title='bbox 711 1149 719 1162; x_wconf 92' lang='lat'>,</span> <span class='ocrx_word' id='word_1_180' title='bbox 741 1130 893 1171; x_wconf 85' lang='lat' dir='ltr'>magisque</span> <span class='ocrx_word' id='word_1_181' title='bbox 909 1129 1046 1170; x_wconf 82' lang='lat' dir='ltr'>quoridie</span> <span class='ocrx_word' id='word_1_182' title='bbox 1064 1129 1101 1158; x_wconf 91' lang='lat' dir='ltr'>de</span> <span class='ocrx_word' id='word_1_183' title='bbox 1113 1138 1156 1159; x_wconf 87' lang='lat' dir='ltr'>ra-</span> 
     </span>
    </p>
   </div>
   <div class='ocr_carea' id='block_1_7' title="bbox 190 1169 1178 1213">
    <p class='ocr_par' dir='ltr' id='par_1_7' title="bbox 190 1169 1178 1213">
     <span class='ocr_line' id='line_1_24' title="bbox 190 1169 1178 1213; baseline -0.006 -8"><span class='ocrx_word' id='word_1_184' title='bbox 190 1175 327 1205; x_wconf 85' lang='lat' dir='ltr'>tionibus</span> <span class='ocrx_word' id='word_1_185' title='bbox 338 1175 397 1203; x_wconf 88' lang='lat' dir='ltr'>tuis</span> <span class='ocrx_word' id='word_1_186' title='bbox 407 1173 559 1213; x_wconf 79' lang='lat' dir='ltr'>cogitanti,</span> <span class='ocrx_word' id='word_1_187' title='bbox 574 1172 668 1211; x_wconf 82' lang='lat' dir='ltr'>placet</span> <span class='ocrx_word' id='word_1_188' title='bbox 681 1171 759 1201; x_wconf 89' lang='lat' dir='ltr'>illud</span> <span class='ocrx_word' id='word_1_189' title='bbox 772 1181 877 1201; x_wconf 90' lang='lat' dir='ltr'>meum</span> <span class='ocrx_word' id='word_1_190' title='bbox 888 1169 1062 1204; x_wconf 83' lang='lat' dir='ltr'>confilium,</span> <span class='ocrx_word' id='word_1_191' title='bbox 1075 1169 1157 1211; x_wconf 90' lang='lat' dir='ltr'>quod</span> <span class='ocrx_word' id='word_1_192' title='bbox 1177 1173 1178 1177; x_wconf 79' lang='grc'>’</span> 
     </span>
    </p>
   </div>
   <div class='ocr_carea' id='block_1_8' title="bbox 190 1212 1158 1253">
    <p class='ocr_par' dir='ltr' id='par_1_8' title="bbox 190 1212 1158 1253">
     <span class='ocr_line' id='line_1_25' title="bbox 190 1212 1158 1253; baseline -0.005 -7"><span class='ocrx_word' id='word_1_193' title='bbox 190 1218 281 1247; x_wconf 84' lang='lat' dir='ltr'>initio</span> <span class='ocrx_word' id='word_1_194' title='bbox 292 1214 426 1245; x_wconf 85' lang='lat' dir='ltr'>Aristoni</span> <span class='ocrx_word' id='word_1_195' title='bbox 439 1212 558 1248; x_wconf 88' lang='lat' dir='ltr'>nostro,</span> <span class='ocrx_word' id='word_1_196' title='bbox 582 1223 614 1244; x_wconf 90' lang='lat' dir='ltr'>ut</span> <span class='ocrx_word' id='word_1_197' title='bbox 623 1212 658 1243; x_wconf 89' lang='lat' dir='ltr'>ad</span> <span class='ocrx_word' id='word_1_198' title='bbox 670 1223 719 1243; x_wconf 88' lang='lat' dir='ltr'>me</span> <span class='ocrx_word' id='word_1_199' title='bbox 729 1215 813 1245; x_wconf 87' lang='lat' dir='ltr'>venit</span> <span class='ocrx_word' id='word_1_200' title='bbox 822 1233 829 1247; x_wconf 85' lang='lat'>‚</span> <span class='ocrx_word' id='word_1_201' title='bbox 844 1212 963 1243; x_wconf 87' lang='lat' dir='ltr'>ostendi</span> <span class='ocrx_word' id='word_1_202' title='bbox 978 1223 983 1241; x_wconf 82' lang='lat'>2</span> <span class='ocrx_word' id='word_1_203' title='bbox 1006 1213 1121 1253; x_wconf 84' lang='lat' dir='ltr'>graveis</span> <span class='ocrx_word' id='word_1_204' title='bbox 1131 1220 1158 1241; x_wconf 87' lang='lat' dir='ltr'>te</span> 
     </span>
    </p>
   </div>
   <div class='ocr_carea' id='block_1_9' title="bbox 190 1252 1185 1297">
    <p class='ocr_par' dir='ltr' id='par_1_9' title="bbox 190 1252 1185 1297">
     <span class='ocr_line' id='line_1_26' title="bbox 190 1252 1185 1297; baseline -0.006 -9"><span class='ocrx_word' id='word_1_205' title='bbox 190 1258 397 1297; x_wconf 82' lang='lat' dir='ltr'>suscepturum</span> <span class='ocrx_word' id='word_1_206' title='bbox 408 1258 597 1288; x_wconf 81' lang='lat' dir='ltr'>inimicitias,</span> <span class='ocrx_word' id='word_1_207' title='bbox 611 1254 631 1285; x_wconf 88' lang='lat' dir='ltr'>fi</span> <span class='ocrx_word' id='word_1_208' title='bbox 641 1254 812 1287; x_wconf 77' lang='lat' dir='ltr'>adolescens</span> <span class='ocrx_word' id='word_1_209' title='bbox 822 1263 930 1294; x_wconf 89' lang='lat' dir='ltr'>potens</span> <span class='ocrx_word' id='word_1_210' title='bbox 942 1274 951 1287; x_wconf 88' lang='lat'>,</span> <span class='ocrx_word' id='word_1_211' title='bbox 973 1254 1005 1284; x_wconf 90' lang='lat'>&amp;</span> <span class='ocrx_word' id='word_1_212' title='bbox 1014 1253 1129 1283; x_wconf 86' lang='lat' dir='ltr'>nobilis</span> <span class='ocrx_word' id='word_1_213' title='bbox 1143 1252 1159 1283; x_wconf 73' lang='lat' dir='ltr'>a</span> <span class='ocrx_word' id='word_1_214' title='bbox 1182 1256 1185 1259; x_wconf 75' lang='grc'>’</span> 
     </span>
    </p>
   </div>
   <div class='ocr_carea' id='block_1_10' title="bbox 190 1295 1159 1717">
    <p class='ocr_par' dir='ltr' id='par_1_10' title="bbox 190 1295 1159 1717">
     <span class='ocr_line' id='line_1_27' title="bbox 190 1295 1158 1341; baseline -0.004 -12"><span class='ocrx_word' id='word_1_215' title='bbox 190 1308 218 1330; x_wconf 86' lang='lat' dir='ltr'>te</span> <span class='ocrx_word' id='word_1_216' title='bbox 230 1300 400 1341; x_wconf 79' lang='lat' dir='ltr'>ignominia</span> <span class='ocrx_word' id='word_1_217' title='bbox 408 1296 531 1329; x_wconf 46' lang='lat' dir='ltr'>affeetu-&lt;1</span> <span class='ocrx_word' id='word_1_218' title='bbox 543 1296 624 1327; x_wconf 86' lang='lat' dir='ltr'>esset.</span> <span class='ocrx_word' id='word_1_219' title='bbox 661 1296 802 1327; x_wconf 88' lang='lat' dir='ltr'>&amp;hercle</span> <span class='ocrx_word' id='word_1_220' title='bbox 814 1295 874 1326; x_wconf 83' lang='lat' dir='ltr'>sine</span> <span class='ocrx_word' id='word_1_221' title='bbox 892 1296 988 1326; x_wconf 92' lang='lat' dir='ltr'>dubio</span> <span class='ocrx_word' id='word_1_222' title='bbox 999 1296 1056 1325; x_wconf 86' lang='lat' dir='ltr'>erit</span> <span class='ocrx_word' id='word_1_223' title='bbox 1071 1297 1158 1337; x_wconf 87' lang='lat' dir='ltr'>igno-</span> 
     </span>
     <span class='ocr_line' id='line_1_28' title="bbox 191 1338 1156 1379; baseline -0.005 -8"><span class='ocrx_word' id='word_1_224' title='bbox 191 1343 298 1371; x_wconf 88' lang='lat' dir='ltr'>minia.</span> <span class='ocrx_word' id='word_1_225' title='bbox 322 1341 411 1371; x_wconf 88' lang='lat' dir='ltr'>habes</span> <span class='ocrx_word' id='word_1_226' title='bbox 429 1342 512 1370; x_wconf 86' lang='lat' dir='ltr'>enim</span> <span class='ocrx_word' id='word_1_227' title='bbox 534 1341 694 1369; x_wconf 82' lang='lat' dir='ltr'>neminem</span> <span class='ocrx_word' id='word_1_228' title='bbox 713 1340 837 1368; x_wconf 88' lang='lat' dir='ltr'>honoris</span> <span class='ocrx_word' id='word_1_229' title='bbox 852 1338 942 1379; x_wconf 87' lang='lat' dir='ltr'>gradu</span> <span class='ocrx_word' id='word_1_230' title='bbox 962 1338 1156 1378; x_wconf 83' lang='lat' dir='ltr'>superiorem.</span> 
     </span>
     <span class='ocr_line' id='line_1_29' title="bbox 190 1378 1157 1420; baseline -0.005 -7"><span class='ocrx_word' id='word_1_231' title='bbox 190 1384 248 1414; x_wconf 87' lang='lat' dir='ltr'>Ille</span> <span class='ocrx_word' id='word_1_232' title='bbox 257 1392 356 1413; x_wconf 86' lang='lat' dir='ltr'>autem</span> <span class='ocrx_word' id='word_1_233' title='bbox 367 1402 376 1415; x_wconf 86' lang='lat'>,</span> <span class='ocrx_word' id='word_1_234' title='bbox 396 1391 430 1412; x_wconf 87' lang='lat' dir='ltr'>ut</span> <span class='ocrx_word' id='word_1_235' title='bbox 440 1383 578 1412; x_wconf 85' lang='lat' dir='ltr'>omittam</span> <span class='ocrx_word' id='word_1_236' title='bbox 592 1381 784 1411; x_wconf 81' lang='lat' dir='ltr'>nobilitatem</span> <span class='ocrx_word' id='word_1_237' title='bbox 796 1400 804 1414; x_wconf 91' lang='lat'>,</span> <span class='ocrx_word' id='word_1_238' title='bbox 825 1380 883 1410; x_wconf 91' lang='lat' dir='ltr'>hoc</span> <span class='ocrx_word' id='word_1_239' title='bbox 894 1378 960 1420; x_wconf 89' lang='lat' dir='ltr'>ipso</span> <span class='ocrx_word' id='word_1_240' title='bbox 970 1380 1067 1409; x_wconf 88' lang='lat' dir='ltr'>vincit</span> <span class='ocrx_word' id='word_1_241' title='bbox 1075 1381 1157 1409; x_wconf 86' lang='lat' dir='ltr'>viros</span> 
     </span>
     <span class='ocr_line' id='line_1_30' title="bbox 192 1420 1158 1465; baseline -0.004 -10"><span class='ocrx_word' id='word_1_242' title='bbox 192 1427 339 1465; x_wconf 82' lang='lat' dir='ltr'>optimos,</span> <span class='ocrx_word' id='word_1_243' title='bbox 352 1424 554 1465; x_wconf 84' lang='lat' dir='ltr'>hominesque</span> <span class='ocrx_word' id='word_1_244' title='bbox 565 1421 841 1456; x_wconf 73' lang='lat' dir='ltr'>innocentissimos,</span> <span class='ocrx_word' id='word_1_245' title='bbox 854 1422 965 1463; x_wconf 81' lang='lat' dir='ltr'>legatos</span> <span class='ocrx_word' id='word_1_246' title='bbox 975 1430 1043 1452; x_wconf 80' lang='lat' dir='ltr'>tuos</span> <span class='ocrx_word' id='word_1_247' title='bbox 1054 1441 1063 1455; x_wconf 93' lang='lat'><em>‚</em></span> <span class='ocrx_word' id='word_1_248' title='bbox 1075 1420 1158 1462; x_wconf 92' lang='lat' dir='ltr'>quod</span> 
     </span>
     <span class='ocr_line' id='line_1_31' title="bbox 194 1464 1159 1506; baseline -0.004 -9"><span class='ocrx_word' id='word_1_249' title='bbox 194 1467 229 1496; x_wconf 90' lang='lat'>&amp;</span> <span class='ocrx_word' id='word_1_250' title='bbox 238 1477 302 1506; x_wconf 83' lang='lat' dir='ltr'>qua:</span> <span class='ocrx_word' id='word_1_251' title='bbox 308 1466 367 1496; x_wconf 90' lang='lat' dir='ltr'>stor</span> <span class='ocrx_word' id='word_1_252' title='bbox 378 1465 421 1496; x_wconf 90' lang='lat' dir='ltr'>est</span> <span class='ocrx_word' id='word_1_253' title='bbox 431 1486 439 1499; x_wconf 87' lang='lat'>,</span> <span class='ocrx_word' id='word_1_254' title='bbox 452 1466 484 1495; x_wconf 88' lang='lat'>&amp;</span> <span class='ocrx_word' id='word_1_255' title='bbox 495 1464 623 1506; x_wconf 87' lang='lat' dir='ltr'>quaestor</span> <span class='ocrx_word' id='word_1_256' title='bbox 637 1474 714 1495; x_wconf 79' lang='lat' dir='ltr'>tuus.</span> <span class='ocrx_word' id='word_1_257' title='bbox 739 1467 857 1494; x_wconf 87' lang='lat' dir='ltr'>Nocere</span> <span class='ocrx_word' id='word_1_258' title='bbox 868 1465 924 1494; x_wconf 90' lang='lat' dir='ltr'>tibi</span> <span class='ocrx_word' id='word_1_259' title='bbox 936 1464 1048 1494; x_wconf 85' lang='lat' dir='ltr'>irarum</span> <span class='ocrx_word' id='word_1_260' title='bbox 1058 1464 1159 1493; x_wconf 86' lang='lat' dir='ltr'>nemi-</span> 
     </span>
     <span class='ocr_line' id='line_1_32' title="bbox 194 1505 1158 1548; baseline -0.003 -10"><span class='ocrx_word' id='word_1_261' title='bbox 194 1517 266 1538; x_wconf 88' lang='lat' dir='ltr'>nem</span> <span class='ocrx_word' id='word_1_262' title='bbox 278 1507 359 1548; x_wconf 90' lang='lat' dir='ltr'>posse</span> <span class='ocrx_word' id='word_1_263' title='bbox 368 1508 530 1548; x_wconf 89' lang='lat' dir='ltr'>perspicio:</span> <span class='ocrx_word' id='word_1_264' title='bbox 557 1506 607 1537; x_wconf 89' lang='lat' dir='ltr'>sed</span> <span class='ocrx_word' id='word_1_265' title='bbox 624 1516 726 1537; x_wconf 90' lang='lat' dir='ltr'>tamen</span> <span class='ocrx_word' id='word_1_266' title='bbox 743 1508 813 1536; x_wconf 89' lang='lat' dir='ltr'>treis</span> <span class='ocrx_word' id='word_1_267' title='bbox 823 1505 943 1539; x_wconf 87' lang='lat' dir='ltr'>fratres,</span> <span class='ocrx_word' id='word_1_268' title='bbox 956 1506 1079 1536; x_wconf 89' lang='lat' dir='ltr'>summo</span> <span class='ocrx_word' id='word_1_269' title='bbox 1089 1506 1158 1536; x_wconf 92' lang='lat' dir='ltr'>loco</span> 
     </span>
     <span class='ocr_line' id='line_1_33' title="bbox 194 1547 1157 1589; baseline -0.004 -9"><span class='ocrx_word' id='word_1_270' title='bbox 194 1559 294 1583; x_wconf 81' lang='lat' dir='ltr'>natos,</span> <span class='ocrx_word' id='word_1_271' title='bbox 309 1558 459 1589; x_wconf 78' lang='lat' dir='ltr'>promt05,</span> <span class='ocrx_word' id='word_1_272' title='bbox 473 1558 538 1579; x_wconf 91' lang='lat' dir='ltr'>non</span> <span class='ocrx_word' id='word_1_273' title='bbox 552 1548 723 1582; x_wconf 85' lang='lat' dir='ltr'>indisertos,</span> <span class='ocrx_word' id='word_1_274' title='bbox 735 1557 763 1578; x_wconf 90' lang='lat' dir='ltr'>te</span> <span class='ocrx_word' id='word_1_275' title='bbox 775 1548 850 1578; x_wconf 92' lang='lat' dir='ltr'>nolo</span> <span class='ocrx_word' id='word_1_276' title='bbox 860 1547 967 1578; x_wconf 90' lang='lat' dir='ltr'>habere</span> <span class='ocrx_word' id='word_1_277' title='bbox 980 1551 1081 1581; x_wconf 77' lang='lat' dir='ltr'>iratOS‚</span> <span class='ocrx_word' id='word_1_278' title='bbox 1091 1547 1157 1587; x_wconf 82' lang='lat' dir='ltr'>jure</span> 
     </span>
     <span class='ocr_line' id='line_1_34' title="bbox 193 1589 1158 1633; baseline -0.003 -12"><span class='ocrx_word' id='word_1_279' title='bbox 193 1592 358 1632; x_wconf 77' lang='lat' dir='ltr'>praesertim</span> <span class='ocrx_word' id='word_1_280' title='bbox 371 1611 380 1625; x_wconf 87' lang='lat'>,</span> <span class='ocrx_word' id='word_1_281' title='bbox 399 1600 477 1633; x_wconf 87' lang='lat' dir='ltr'>quos</span> <span class='ocrx_word' id='word_1_282' title='bbox 486 1590 576 1621; x_wconf 92' lang='lat' dir='ltr'>video</span> <span class='ocrx_word' id='word_1_283' title='bbox 586 1590 728 1630; x_wconf 84' lang='lat' dir='ltr'>deinceps</span> <span class='ocrx_word' id='word_1_284' title='bbox 747 1589 885 1620; x_wconf 83' lang='lat' dir='ltr'>tribunos</span> <span class='ocrx_word' id='word_1_285' title='bbox 903 1589 984 1630; x_wconf 89' lang='lat' dir='ltr'>pleb.</span> <span class='ocrx_word' id='word_1_286' title='bbox 1002 1599 1054 1629; x_wconf 88' lang='lat' dir='ltr'>pei·</span> <span class='ocrx_word' id='word_1_287' title='bbox 1065 1590 1158 1619; x_wconf 92' lang='lat' dir='ltr'>trien-</span> 
     </span>
     <span class='ocr_line' id='line_1_35' title="bbox 194 1630 1158 1674; baseline -0.004 -10"><span class='ocrx_word' id='word_1_288' title='bbox 194 1634 286 1665; x_wconf 74' lang='lat' dir='ltr'>nium</span> <span class='ocrx_word' id='word_1_289' title='bbox 303 1632 378 1663; x_wconf 84' lang='lat' dir='ltr'>fore.</span> <span class='ocrx_word' id='word_1_290' title='bbox 402 1635 556 1674; x_wconf 79' lang='lat' dir='ltr'>Tempora</span> <span class='ocrx_word' id='word_1_291' title='bbox 565 1640 666 1662; x_wconf 80' lang='lat' dir='ltr'>autem</span> <span class='ocrx_word' id='word_1_292' title='bbox 687 1633 760 1671; x_wconf 89' lang='lat' dir='ltr'>reip.</span> <span class='ocrx_word' id='word_1_293' title='bbox 780 1631 878 1672; x_wconf 89' lang='lat' dir='ltr'>qualia</span> <span class='ocrx_word' id='word_1_294' title='bbox 888 1630 987 1662; x_wconf 88' lang='lat' dir='ltr'>futura</span> <span class='ocrx_word' id='word_1_295' title='bbox 1000 1630 1074 1665; x_wconf 84' lang='lat' dir='ltr'>sint,</span> <span class='ocrx_word' id='word_1_296' title='bbox 1091 1632 1158 1671; x_wconf 86' lang='lat' dir='ltr'>quis</span> 
     </span>
     <span class='ocr_line' id='line_1_36' title="bbox 196 1671 1158 1717; baseline -0.005 -10"><span class='ocrx_word' id='word_1_297' title='bbox 196 1675 269 1707; x_wconf 87' lang='lat' dir='ltr'>scit?</span> <span class='ocrx_word' id='word_1_298' title='bbox 291 1675 369 1705; x_wconf 90' lang='lat' dir='ltr'>mihi</span> <span class='ocrx_word' id='word_1_299' title='bbox 386 1674 511 1717; x_wconf 88' lang='lat' dir='ltr'>quidem</span> <span class='ocrx_word' id='word_1_300' title='bbox 531 1674 701 1704; x_wconf 87' lang='lat' dir='ltr'>turbulenta</span> <span class='ocrx_word' id='word_1_301' title='bbox 717 1672 856 1704; x_wconf 87' lang='lat' dir='ltr'>videntur</span> <span class='ocrx_word' id='word_1_302' title='bbox 871 1671 946 1704; x_wconf 85' lang='lat' dir='ltr'>fore.</span> <span class='ocrx_word' id='word_1_303' title='bbox 980 1675 1040 1703; x_wconf 93' lang='lat' dir='ltr'>Cur</span> <span class='ocrx_word' id='word_1_304' title='bbox 1057 1682 1113 1713; x_wconf 86' lang='lat' dir='ltr'>ego</span> <span class='ocrx_word' id='word_1_305' title='bbox 1131 1681 1158 1702; x_wconf 89' lang='lat' dir='ltr'>te</span> 
     </span>
    </p>
   </div>
   <div class='ocr_carea' id='block_1_11' title="bbox 195 1712 1179 1755">
    <p class='ocr_par' dir='ltr' id='par_1_11' title="bbox 195 1712 1179 1755">
     <span class='ocr_line' id='line_1_37' title="bbox 195 1712 1179 1755; baseline -0.003 -8"><span class='ocrx_word' id='word_1_306' title='bbox 195 1717 293 1747; x_wconf 88' lang='lat' dir='ltr'>velim</span> <span class='ocrx_word' id='word_1_307' title='bbox 305 1716 440 1749; x_wconf 76' lang='lat' dir='ltr'>incidere</span> <span class='ocrx_word' id='word_1_308' title='bbox 450 1717 616 1746; x_wconf 88' lang='lat' dir='ltr'>interrores</span> <span class='ocrx_word' id='word_1_309' title='bbox 627 1715 802 1745; x_wconf 82' lang='lat' dir='ltr'>tribunitios</span> <span class='ocrx_word' id='word_1_310' title='bbox 811 1735 821 1749; x_wconf 86' lang='grc'>,</span> <span class='ocrx_word' id='word_1_311' title='bbox 841 1715 1001 1755; x_wconf 84' lang='lat' dir='ltr'>praesertim</span> <span class='ocrx_word' id='word_1_312' title='bbox 1011 1725 1080 1745; x_wconf 88' lang='lat' dir='ltr'>cnm</span> <span class='ocrx_word' id='word_1_313' title='bbox 1101 1717 1111 1733; x_wconf 88' lang='lat'><em>¹</em></span> <span class='ocrx_word' id='word_1_314' title='bbox 1122 1712 1160 1744; x_wconf 82' lang='lat' dir='ltr'>si-</span> <span class='ocrx_word' id='word_1_315' title='bbox 1178 1725 1179 1729; x_wconf 55' lang='lat'>¹</span> 
     </span>
    </p>
   </div>
   <div class='ocr_carea' id='block_1_12' title="bbox 194 1755 1160 1881">
    <p class='ocr_par' dir='ltr' id='par_1_12' title="bbox 194 1755 1160 1881">
     <span class='ocr_line' id='line_1_38' title="bbox 195 1755 1159 1799; baseline -0.003 -10"><span class='ocrx_word' id='word_1_316' title='bbox 195 1769 234 1790; x_wconf 90' lang='lat' dir='ltr'>ne</span> <span class='ocrx_word' id='word_1_317' title='bbox 245 1758 421 1799; x_wconf 87' lang='lat' dir='ltr'>cujusquam</span> <span class='ocrx_word' id='word_1_318' title='bbox 437 1755 664 1798; x_wconf 81' lang='lat' dir='ltr'>reprehensione</span> <span class='ocrx_word' id='word_1_319' title='bbox 680 1756 850 1799; x_wconf 82' lang='lat' dir='ltr'>quaestoriis</span> <span class='ocrx_word' id='word_1_320' title='bbox 859 1757 961 1798; x_wconf 87' lang='lat' dir='ltr'>legatis</span> <span class='ocrx_word' id='word_1_321' title='bbox 978 1756 1159 1797; x_wconf 75' lang='lat' dir='ltr'>quaestorem</span> 
     </span>
     <span class='ocr_line' id='line_1_39' title="bbox 194 1797 1160 1842; baseline -0.004 -12"><span class='ocrx_word' id='word_1_322' title='bbox 194 1799 285 1842; x_wconf 80' lang='lat' dir='ltr'>poffis</span> <span class='ocrx_word' id='word_1_323' title='bbox 293 1799 459 1830; x_wconf 81' lang='lat' dir='ltr'>anteferre?</span> <span class='ocrx_word' id='word_1_324' title='bbox 482 1800 542 1840; x_wconf 85' lang='lat' dir='ltr'>Qi</span> <span class='ocrx_word' id='word_1_325' title='bbox 557 1797 577 1828; x_wconf 89' lang='lat' dir='ltr'>fi</span> <span class='ocrx_word' id='word_1_326' title='bbox 593 1799 721 1839; x_wconf 86' lang='lat' dir='ltr'>dignum</span> <span class='ocrx_word' id='word_1_327' title='bbox 741 1798 907 1838; x_wconf 84' lang='lat' dir='ltr'>majoribus</span> <span class='ocrx_word' id='word_1_328' title='bbox 924 1798 984 1828; x_wconf 85' lang='lat' dir='ltr'>suis</span> <span class='ocrx_word' id='word_1_329' title='bbox 1002 1798 1160 1838; x_wconf 86' lang='lat' dir='ltr'>praebuerit</span> 
     </span>
     <span class='ocr_line' id='line_1_40' title="bbox 195 1838 1159 1881; baseline -0.003 -9"><span class='ocrx_word' id='word_1_330' title='bbox 195 1843 241 1880; x_wconf 90' lang='lat' dir='ltr'>(ut</span> <span class='ocrx_word' id='word_1_331' title='bbox 252 1842 335 1881; x_wconf 82' lang='lat' dir='ltr'>spero</span> <span class='ocrx_word' id='word_1_332' title='bbox 345 1862 355 1874; x_wconf 86' lang='lat'>,</span> <span class='ocrx_word' id='word_1_333' title='bbox 376 1840 409 1870; x_wconf 91' lang='lat'>&amp;</span> <span class='ocrx_word' id='word_1_334' title='bbox 420 1842 503 1880; x_wconf 86' lang='lat' dir='ltr'>opto)</span> <span class='ocrx_word' id='word_1_335' title='bbox 515 1850 563 1870; x_wconf 84' lang='lat' dir='ltr'>tua</span> <span class='ocrx_word' id='word_1_336' title='bbox 573 1841 635 1870; x_wconf 84' lang='lat' dir='ltr'>laus</span> <span class='ocrx_word' id='word_1_337' title='bbox 652 1849 691 1870; x_wconf 79' lang='lat' dir='ltr'>ex</span> <span class='ocrx_word' id='word_1_338' title='bbox 701 1841 798 1881; x_wconf 87' lang='lat' dir='ltr'>aliqua</span> <span class='ocrx_word' id='word_1_339' title='bbox 811 1848 890 1879; x_wconf 88' lang='lat' dir='ltr'>parte</span> <span class='ocrx_word' id='word_1_340' title='bbox 904 1838 1004 1869; x_wconf 86' lang='lat' dir='ltr'>fuerit.</span> <span class='ocrx_word' id='word_1_341' title='bbox 1023 1838 1067 1869; x_wconf 84' lang='lat' dir='ltr'>sin</span> <span class='ocrx_word' id='word_1_342' title='bbox 1085 1838 1159 1879; x_wconf 90' lang='lat' dir='ltr'>quid</span> 
     </span>
    </p>
   </div>
   <div class='ocr_carea' id='block_1_13' title="bbox 210 1885 838 1896">
    <p class='ocr_par' dir='ltr' id='par_1_13' title="bbox 210 1885 838 1896">
     <span class='ocr_line' id='line_1_41' title="bbox 210 1885 838 1896; baseline 0 0"><span class='ocrx_word' id='word_1_343' title='bbox 210 1885 838 1896; x_wconf 95' lang='lat' dir='ltr'> </span> 
     </span>
    </p>
   </div>
   <div class='ocr_carea' id='block_1_14' title="bbox 195 1898 1166 2296">
    <p class='ocr_par' dir='ltr' id='par_1_14' title="bbox 195 1898 1160 2044">
     <span class='ocr_line' id='line_1_42' title="bbox 237 1898 1157 1931; baseline -0.002 -6"><span class='ocrx_word' id='word_1_344' title='bbox 237 1909 261 1925; x_wconf 85' lang='lat'>1.</span> <span class='ocrx_word' id='word_1_345' title='bbox 282 1902 335 1924; x_wconf 70' lang='lat' dir='ltr'>Sine</span> <span class='ocrx_word' id='word_1_346' title='bbox 354 1899 522 1931; x_wconf 75' lang='lat' dir='ltr'>reprehensione</span> <span class='ocrx_word' id='word_1_347' title='bbox 533 1898 655 1931; x_wconf 63' lang='lat' dir='ltr'>quaestoriiae</span> <span class='ocrx_word' id='word_1_348' title='bbox 672 1898 752 1929; x_wconf 76' lang='lat' dir='ltr'>legatis</span> <span class='ocrx_word' id='word_1_349' title='bbox 770 1899 898 1931; x_wconf 60' lang='lat' dir='ltr'>quaestorem</span> <span class='ocrx_word' id='word_1_350' title='bbox 913 1905 940 1929; x_wconf 91' lang='lat' dir='ltr'>p.</span> <span class='ocrx_word' id='word_1_351' title='bbox 960 1898 1002 1931; x_wconf 62' lang='grc' dir='ltr'>ιι]</span> <span class='ocrx_word' id='word_1_352' title='bbox 1024 1899 1065 1923; x_wconf 84' lang='lat' dir='ltr'>lta</span> <span class='ocrx_word' id='word_1_353' title='bbox 1076 1900 1111 1923; x_wconf 79' lang='lat' dir='ltr'>est</span> <span class='ocrx_word' id='word_1_354' title='bbox 1131 1898 1157 1923; x_wconf 77' lang='lat' dir='ltr'>in</span> 
     </span>
     <span class='ocr_line' id='line_1_43' title="bbox 195 1932 1160 1969; baseline -0.003 -8"><span class='ocrx_word' id='word_1_355' title='bbox 195 1934 270 1962; x_wconf 88' lang='lat' dir='ltr'>Med.</span> <span class='ocrx_word' id='word_1_356' title='bbox 283 1934 368 1960; x_wconf 63' lang='lat' dir='ltr'>Varie.</span> <span class='ocrx_word' id='word_1_357' title='bbox 378 1935 416 1960; x_wconf 76' lang='lat' dir='ltr'>ita</span> <span class='ocrx_word' id='word_1_358' title='bbox 426 1934 542 1960; x_wconf 74' lang='lat' dir='ltr'>restituit</span> <span class='ocrx_word' id='word_1_359' title='bbox 550 1933 646 1969; x_wconf 76' lang='lat' dir='ltr'>optim.</span> <span class='ocrx_word' id='word_1_360' title='bbox 657 1933 805 1959; x_wconf 59' lang='lat' dir='ltr'>Viifftorius.</span> <span class='ocrx_word' id='word_1_361' title='bbox 824 1933 851 1958; x_wconf 90' lang='lat' dir='ltr'>in</span> <span class='ocrx_word' id='word_1_362' title='bbox 863 1932 932 1959; x_wconf 75' lang='lat' dir='ltr'>Pan.</span> <span class='ocrx_word' id='word_1_363' title='bbox 943 1942 999 1959; x_wconf 90' lang='lat' dir='ltr'>om.</span> <span class='ocrx_word' id='word_1_364' title='bbox 1019 1933 1055 1960; x_wconf 86' lang='lat' dir='ltr'>est</span> <span class='ocrx_word' id='word_1_365' title='bbox 1066 1935 1160 1967; x_wconf 50' lang='lat' dir='ltr'>quaesto-</span> 
     </span>
     <span class='ocr_line' id='line_1_44' title="bbox 196 1968 1159 2001; baseline -0.002 -4"><span class='ocrx_word' id='word_1_366' title='bbox 196 1971 254 1997; x_wconf 69' lang='lat' dir='ltr'>riis:</span> <span class='ocrx_word' id='word_1_367' title='bbox 276 1969 339 1997; x_wconf 80' lang='lat' dir='ltr'>ficut</span> <span class='ocrx_word' id='word_1_368' title='bbox 350 1970 376 1995; x_wconf 88' lang='lat' dir='ltr'>in</span> <span class='ocrx_word' id='word_1_369' title='bbox 387 1971 562 2001; x_wconf 59' lang='lat' dir='ltr'>Gruteiuano,</span> <span class='ocrx_word' id='word_1_370' title='bbox 573 1969 658 1995; x_wconf 86' lang='lat' dir='ltr'>Peck.</span> <span class='ocrx_word' id='word_1_371' title='bbox 669 1969 696 1996; x_wconf 75' lang='grc' dir='ltr'>δε</span> <span class='ocrx_word' id='word_1_372' title='bbox 708 1968 791 1996; x_wconf 87' lang='lat' dir='ltr'>Polit.</span> <span class='ocrx_word' id='word_1_373' title='bbox 806 1968 876 1996; x_wconf 82' lang='lat' dir='ltr'>libro</span> <span class='ocrx_word' id='word_1_374' title='bbox 887 1977 896 2000; x_wconf 76' lang='lat'>5</span> <span class='ocrx_word' id='word_1_375' title='bbox 916 1975 946 1996; x_wconf 86' lang='lat' dir='ltr'>ut</span> <span class='ocrx_word' id='word_1_376' title='bbox 956 1968 1034 1996; x_wconf 75' lang='lat' dir='ltr'>facile</span> <span class='ocrx_word' id='word_1_377' title='bbox 1044 1969 1159 1997; x_wconf 78' lang='lat' dir='ltr'>alterum</span> 
     </span>
     <span class='ocr_line' id='line_1_45' title="bbox 197 2005 623 2044; baseline -0.002 -11"><span class='ocrx_word' id='word_1_378' title='bbox 197 2010 326 2044; x_wconf 75' lang='lat' dir='ltr'>ipropter</span> <span class='ocrx_word' id='word_1_379' title='bbox 335 2006 450 2033; x_wconf 78' lang='lat' dir='ltr'>alterum</span> <span class='ocrx_word' id='word_1_380' title='bbox 461 2005 623 2032; x_wconf 79' lang='lat' dir='ltr'>exoleverit.</span> 
     </span>
    </p>

    <p class='ocr_par' dir='ltr' id='par_1_15' title="bbox 199 2040 1163 2258">
     <span class='ocr_line' id='line_1_46' title="bbox 237 2040 1160 2082; baseline -0.001 -14"><span class='ocrx_word' id='word_1_381' title='bbox 237 2053 265 2069; x_wconf 84' lang='lat'>2.</span> <span class='ocrx_word' id='word_1_382' title='bbox 280 2043 358 2075; x_wconf 68' lang='lat' dir='ltr'>Qam</span> <span class='ocrx_word' id='word_1_383' title='bbox 367 2043 430 2068; x_wconf 68' lang='lat' dir='ltr'>nobis</span> <span class='ocrx_word' id='word_1_384' title='bbox 441 2043 495 2075; x_wconf 86' lang='lat' dir='ltr'>fors</span> <span class='ocrx_word' id='word_1_385' title='bbox 514 2041 656 2076; x_wconf 66' lang='lat' dir='ltr'>trihuiffet]</span> <span class='ocrx_word' id='word_1_386' title='bbox 679 2041 758 2069; x_wconf 83' lang='lat' dir='ltr'>Hanc</span> <span class='ocrx_word' id='word_1_387' title='bbox 775 2040 920 2068; x_wconf 61' lang='lat' dir='ltr'>lectionem</span> <span class='ocrx_word' id='word_1_388' title='bbox 932 2041 1012 2077; x_wconf 82' lang='lat' dir='ltr'>longe</span> <span class='ocrx_word' id='word_1_389' title='bbox 1030 2041 1160 2082; x_wconf 79' lang='lat' dir='ltr'>optimam</span> 
     </span>
     <span class='ocr_line' id='line_1_47' title="bbox 199 2077 1161 2114; baseline -0.003 -8"><span class='ocrx_word' id='word_1_390' title='bbox 199 2078 313 2106; x_wconf 75' lang='lat' dir='ltr'>tradidit</span> <span class='ocrx_word' id='word_1_391' title='bbox 325 2078 400 2106; x_wconf 80' lang='lat' dir='ltr'>nobis</span> <span class='ocrx_word' id='word_1_392' title='bbox 420 2078 476 2104; x_wconf 82' lang='lat' dir='ltr'>Pal.</span> <span class='ocrx_word' id='word_1_393' title='bbox 487 2087 528 2114; x_wconf 90' lang='lat' dir='ltr'>pr.</span> <span class='ocrx_word' id='word_1_394' title='bbox 539 2077 626 2103; x_wconf 80' lang='lat' dir='ltr'>Vatic.</span> <span class='ocrx_word' id='word_1_395' title='bbox 647 2077 761 2104; x_wconf 64' lang='lat' dir='ltr'>Victorii</span> <span class='ocrx_word' id='word_1_396' title='bbox 773 2077 866 2104; x_wconf 88' lang='lat' dir='ltr'>editio.</span> <span class='ocrx_word' id='word_1_397' title='bbox 879 2077 1030 2113; x_wconf 69' lang='lat' dir='ltr'>viilgofirs.</span> <span class='ocrx_word' id='word_1_398' title='bbox 1039 2077 1081 2104; x_wconf 82' lang='lat' dir='ltr'>{ed</span> <span class='ocrx_word' id='word_1_399' title='bbox 1094 2077 1161 2104; x_wconf 87' lang='lat' dir='ltr'>Pall.</span> 
     </span>
     <span class='ocr_line' id='line_1_48' title="bbox 199 2113 1161 2151; baseline -0.001 -10"><span class='ocrx_word' id='word_1_400' title='bbox 199 2125 242 2151; x_wconf 76' lang='lat' dir='ltr'>pr.</span> <span class='ocrx_word' id='word_1_401' title='bbox 253 2114 301 2141; x_wconf 77' lang='lat' dir='ltr'>sec,</span> <span class='ocrx_word' id='word_1_402' title='bbox 316 2122 380 2140; x_wconf 84' lang='lat' dir='ltr'>tert.</span> <span class='ocrx_word' id='word_1_403' title='bbox 392 2115 474 2140; x_wconf 89' lang='lat' dir='ltr'>Grut.</span> <span class='ocrx_word' id='word_1_404' title='bbox 483 2113 591 2140; x_wconf 67' lang='lat' dir='ltr'>accidere</span> <span class='ocrx_word' id='word_1_405' title='bbox 602 2123 653 2140; x_wconf 88' lang='lat' dir='ltr'>non</span> <span class='ocrx_word' id='word_1_406' title='bbox 665 2115 774 2139; x_wconf 70' lang='lat' dir='ltr'>accedere</span> <span class='ocrx_word' id='word_1_407' title='bbox 802 2113 855 2140; x_wconf 87' lang='lat' dir='ltr'>uod</span> <span class='ocrx_word' id='word_1_408' title='bbox 865 2114 929 2140; x_wconf 83' lang='lat' dir='ltr'>milii</span> <span class='ocrx_word' id='word_1_409' title='bbox 941 2114 975 2140; x_wconf 92' lang='lat' dir='ltr'>ob</span> <span class='ocrx_word' id='word_1_410' title='bbox 984 2114 1083 2141; x_wconf 80' lang='lat' dir='ltr'>causam</span> <span class='ocrx_word' id='word_1_411' title='bbox 1095 2113 1161 2140; x_wconf 88' lang='lat' dir='ltr'>inti-</span> 
     </span>
     <span class='ocr_line' id='line_1_49' title="bbox 201 2124 1162 2187; baseline -0.001 -10"><span class='ocrx_word' id='word_1_412' title='bbox 201 2161 273 2178; x_wconf 77' lang='lat' dir='ltr'>mam</span> <span class='ocrx_word' id='word_1_413' title='bbox 284 2150 402 2186; x_wconf 77' lang='lat' dir='ltr'>placebat</span> <span class='ocrx_word' id='word_1_414' title='bbox 421 2151 515 2185; x_wconf 80' lang='lat' dir='ltr'>magis.</span> <span class='ocrx_word' id='word_1_415' title='bbox 535 2150 625 2186; x_wconf 76' lang='lat' dir='ltr'>paullo</span> <span class='ocrx_word' id='word_1_416' title='bbox 637 2150 692 2187; x_wconf 85' lang='lat' dir='ltr'>post</span> <span class='ocrx_word' id='word_1_417' title='bbox 705 2124 848 2186; x_wconf 69' lang='lat' dir='ltr'>legendum</span> <span class='ocrx_word' id='word_1_418' title='bbox 861 2168 868 2181; x_wconf 90' lang='lat'><strong>‚</strong></span> <span class='ocrx_word' id='word_1_419' title='bbox 883 2152 960 2183; x_wconf 78' lang='lat' dir='ltr'>postea</span> <span class='ocrx_word' id='word_1_420' title='bbox 970 2159 1042 2184; x_wconf 76' lang='lat' dir='ltr'>quam</span> <span class='ocrx_word' id='word_1_421' title='bbox 1053 2152 1111 2176; x_wconf 80' lang='lat' dir='ltr'>mihi</span> <span class='ocrx_word' id='word_1_422' title='bbox 1127 2159 1162 2176; x_wconf 86' lang='lat' dir='ltr'>ex</span> 
     </span>
     <span class='ocr_line' id='line_1_50' title="bbox 202 2185 1163 2224; baseline -0.003 -9"><span class='ocrx_word' id='word_1_423' title='bbox 202 2187 403 2215; x_wconf 80' lang='lat' dir='ltr'>Pall.0.Gi·ut.</span> <span class='ocrx_word' id='word_1_424' title='bbox 422 2187 572 2213; x_wconf 83' lang='lat' dir='ltr'>editionum</span> <span class='ocrx_word' id='word_1_425' title='bbox 586 2186 770 2222; x_wconf 81' lang='lat' dir='ltr'>antiquislirnis</span> <span class='ocrx_word' id='word_1_426' title='bbox 789 2185 952 2224; x_wconf 82' lang='lat' dir='ltr'>optimisque</span> <span class='ocrx_word' id='word_1_427' title='bbox 971 2188 1038 2213; x_wconf 85' lang='lat' dir='ltr'>Ven.</span> <span class='ocrx_word' id='word_1_428' title='bbox 1050 2186 1077 2212; x_wconf 68' lang='grc' dir='ltr'>ὃ(</span> <span class='ocrx_word' id='word_1_429' title='bbox 1089 2185 1163 2212; x_wconf 62' lang='lat' dir='ltr'>Via.</span> 
     </span>
     <span class='ocr_line' id='line_1_51' title="bbox 206 2223 456 2258; baseline -0.004 -9"><span class='ocrx_word' id='word_1_430' title='bbox 206 2223 288 2258; x_wconf 76' lang='lat' dir='ltr'>vulgo</span> <span class='ocrx_word' id='word_1_431' title='bbox 295 2241 303 2253; x_wconf 86' lang='lat'>,</span> <span class='ocrx_word' id='word_1_432' title='bbox 310 2224 385 2254; x_wconf 60' lang='lat' dir='ltr'>postea</span> <span class='ocrx_word' id='word_1_433' title='bbox 395 2232 456 2248; x_wconf 83' lang='lat' dir='ltr'>cum.</span> 
     </span>
    </p>

    <p class='ocr_par' dir='ltr' id='par_1_16' title="bbox 240 2257 1166 2296">
     <span class='ocr_line' id='line_1_52' title="bbox 240 2257 1166 2296; baseline 0 -10"><span class='ocrx_word' id='word_1_434' title='bbox 240 2267 267 2295; x_wconf 80' lang='lat'>3.</span> <span class='ocrx_word' id='word_1_435' title='bbox 288 2260 373 2292; x_wconf 71' lang='lat' dir='ltr'>Mffu</span> <span class='ocrx_word' id='word_1_436' title='bbox 382 2259 476 2285; x_wconf 68' lang='lat' dir='ltr'>litteras</span> <span class='ocrx_word' id='word_1_437' title='bbox 492 2261 518 2285; x_wconf 83' lang='lat' dir='ltr'>in</span> <span class='ocrx_word' id='word_1_438' title='bbox 536 2259 649 2293; x_wconf 45' lang='lat' dir='ltr'>Cilicia]</span> <span class='ocrx_word' id='word_1_439' title='bbox 670 2259 714 2286; x_wconf 91' lang='lat' dir='ltr'>Sic</span> <span class='ocrx_word' id='word_1_440' title='bbox 730 2259 816 2296; x_wconf 68' lang='lat' dir='ltr'>nodex</span> <span class='ocrx_word' id='word_1_441' title='bbox 827 2257 902 2287; x_wconf 81' lang='lat' dir='ltr'>Med.</span> <span class='ocrx_word' id='word_1_442' title='bbox 913 2257 997 2286; x_wconf 86' lang='lat' dir='ltr'>editio</span> <span class='ocrx_word' id='word_1_443' title='bbox 1009 2257 1084 2286; x_wconf 65' lang='lat' dir='ltr'>visi.</span> <span class='ocrx_word' id='word_1_444' title='bbox 1095 2258 1166 2286; x_wconf 84' lang='lat' dir='ltr'>Pall.</span> 
     </span>
    </p>
   </div>
   <div class='ocr_carea' id='block_1_15' title="bbox 541 2324 1122 2387">
    <p class='ocr_par' dir='ltr' id='par_1_17' title="bbox 541 2324 1122 2387">
     <span class='ocr_line' id='line_1_53' title="bbox 541 2324 1122 2387; baseline 0.003 -2"><span class='ocrx_word' id='word_1_445' title='bbox 541 2324 630 2385; x_wconf 59' lang='lat' dir='ltr'>hl</span> <span class='ocrx_word' id='word_1_446' title='bbox 722 2325 1122 2387; x_wconf 81' lang='lat' dir='ltr'><strong>TULLII</strong></span> 
     </span>
    </p>
   </div>
   <div class='ocr_carea' id='block_1_16' title="bbox 207 2425 1160 2539">
    <p class='ocr_par' dir='ltr' id='par_1_18' title="bbox 207 2425 1160 2539">
     <span class='ocr_line' id='line_1_54' title="bbox 207 2425 1160 2539; baseline 0.002 -2"><span class='ocrx_word' id='word_1_447' title='bbox 207 2425 1160 2539; x_wconf 79' lang='lat' dir='ltr'>EPISTO</span> 
     </span>
    </p>
   </div>
   <div class='ocr_carea' id='block_1_17' title="bbox 1162 143 1705 192">
    <p class='ocr_par' dir='ltr' id='par_1_19' title="bbox 1162 143 1705 192">
     <span class='ocr_line' id='line_1_55' title="bbox 1162 143 1705 192; baseline 0.004 -2"><span class='ocrx_word' id='word_1_448' title='bbox 1162 143 1705 192; x_wconf 56' lang='lat' dir='ltr'>Cicer-tonis</span> 
     </span>
    </p>
   </div>
   <div class='ocr_carea' id='block_1_18' title="bbox 1165 221 2149 431">
    <p class='ocr_par' dir='ltr' id='par_1_20' title="bbox 1165 221 2149 431">
     <span class='ocr_line' id='line_1_56' title="bbox 1165 221 2145 258; baseline -0.001 -3"><span class='ocrx_word' id='word_1_449' title='bbox 1165 232 1168 251; x_wconf 66' lang='lat' dir='ltr'>t</span> <span class='ocrx_word' id='word_1_450' title='bbox 1187 223 1347 255; x_wconf 83' lang='lat' dir='ltr'>offenderit</span> <span class='ocrx_word' id='word_1_451' title='bbox 1361 233 1367 252; x_wconf 88' lang='lat'>:</span> <span class='ocrx_word' id='word_1_452' title='bbox 1384 221 1558 258; x_wconf 67' lang='lat' dir='ltr'>obitorum,</span> <span class='ocrx_word' id='word_1_453' title='bbox 1569 226 1648 255; x_wconf 83' lang='lat' dir='ltr'>nihil</span> <span class='ocrx_word' id='word_1_454' title='bbox 1659 223 1713 256; x_wconf 83' lang='lat' dir='ltr'>tibi</span> <span class='ocrx_word' id='word_1_455' title='bbox 1725 222 1899 255; x_wconf 79' lang='lat' dir='ltr'>offenderit.</span> <span class='ocrx_word' id='word_1_456' title='bbox 1947 232 1991 255; x_wconf 74' lang='lat' dir='ltr'>uae</span> <span class='ocrx_word' id='word_1_457' title='bbox 2001 221 2079 255; x_wconf 84' lang='lat' dir='ltr'>mihi</span> <span class='ocrx_word' id='word_1_458' title='bbox 2089 232 2145 254; x_wconf 81' lang='lat' dir='ltr'>ve-</span> 
     </span>
     <span class='ocr_line' id='line_1_57' title="bbox 1166 263 2146 307; baseline -0.002 -10"><span class='ocrx_word' id='word_1_459' title='bbox 1166 282 1168 301; x_wconf 50' lang='grc' dir='ltr'>,ι</span> <span class='ocrx_word' id='word_1_460' title='bbox 1188 267 1311 298; x_wconf 82' lang='lat' dir='ltr'>niebant</span> <span class='ocrx_word' id='word_1_461' title='bbox 1320 267 1353 295; x_wconf 86' lang='lat' dir='ltr'>in</span> <span class='ocrx_word' id='word_1_462' title='bbox 1365 275 1511 300; x_wconf 86' lang='lat' dir='ltr'>mentem,</span> <span class='ocrx_word' id='word_1_463' title='bbox 1522 275 1589 307; x_wconf 85' lang='lat' dir='ltr'>quae</span> <span class='ocrx_word' id='word_1_464' title='bbox 1599 266 1634 297; x_wconf 90' lang='lat' dir='ltr'>ad</span> <span class='ocrx_word' id='word_1_465' title='bbox 1645 275 1674 297; x_wconf 91' lang='lat' dir='ltr'>te</span> <span class='ocrx_word' id='word_1_466' title='bbox 1682 270 1828 307; x_wconf 77' lang='lat' dir='ltr'>peninere</span> <span class='ocrx_word' id='word_1_467' title='bbox 1839 267 1945 298; x_wconf 85' lang='lat' dir='ltr'>arbitra</span> <span class='ocrx_word' id='word_1_468' title='bbox 1960 263 2008 299; x_wconf 70' lang='lat' dir='ltr'>ar,</span> <span class='ocrx_word' id='word_1_469' title='bbox 2020 266 2102 307; x_wconf 88' lang='lat' dir='ltr'>quod</span> <span class='ocrx_word' id='word_1_470' title='bbox 2113 267 2146 296; x_wconf 90' lang='lat' dir='ltr'>in</span> 
     </span>
     <span class='ocr_line' id='line_1_58' title="bbox 1166 305 2149 351; baseline -0.002 -12"><span class='ocrx_word' id='word_1_471' title='bbox 1166 306 1168 351; x_wconf 59' lang='lat' dir='ltr'>J</span> <span class='ocrx_word' id='word_1_472' title='bbox 1189 309 1326 339; x_wconf 85' lang='lat' dir='ltr'>Ciliciam</span> <span class='ocrx_word' id='word_1_473' title='bbox 1339 305 1544 346; x_wconf 86' lang='lat' dir='ltr'>proficiscebar</span> <span class='ocrx_word' id='word_1_474' title='bbox 1554 327 1563 340; x_wconf 87' lang='lat'><em>‚</em></span> <span class='ocrx_word' id='word_1_475' title='bbox 1583 307 1751 339; x_wconf 81' lang='lat' dir='ltr'>existimavi</span> <span class='ocrx_word' id='word_1_476' title='bbox 1768 318 1819 339; x_wconf 91' lang='lat' dir='ltr'>me</span> <span class='ocrx_word' id='word_1_477' title='bbox 1837 310 1873 340; x_wconf 91' lang='lat' dir='ltr'>ad</span> <span class='ocrx_word' id='word_1_478' title='bbox 1891 318 1919 340; x_wconf 88' lang='lat' dir='ltr'>te</span> <span class='ocrx_word' id='word_1_479' title='bbox 1928 317 2064 349; x_wconf 85' lang='lat' dir='ltr'>oportere</span> <span class='ocrx_word' id='word_1_480' title='bbox 2077 307 2149 338; x_wconf 85' lang='lat' dir='ltr'>scri-</span> 
     </span>
     <span class='ocr_line' id='line_1_59' title="bbox 1190 348 2149 392; baseline -0.003 -11"><span class='ocrx_word' id='word_1_481' title='bbox 1190 351 1266 381; x_wconf 87' lang='lat' dir='ltr'>bere.</span> <span class='ocrx_word' id='word_1_482' title='bbox 1280 348 1427 389; x_wconf 82' lang='lat' dir='ltr'>Tu,quod</span> <span class='ocrx_word' id='word_1_483' title='bbox 1435 350 1544 390; x_wconf 81' lang='lat' dir='ltr'>egeris,</span> <span class='ocrx_word' id='word_1_484' title='bbox 1552 349 1583 378; x_wconf 90' lang='lat' dir='ltr'>id</span> <span class='ocrx_word' id='word_1_485' title='bbox 1594 350 1685 380; x_wconf 88' lang='lat' dir='ltr'>velim</span> <span class='ocrx_word' id='word_1_486' title='bbox 1697 350 1739 380; x_wconf 88' lang='lat' dir='ltr'>dii</span> <span class='ocrx_word' id='word_1_487' title='bbox 1750 352 1924 392; x_wconf 86' lang='lat' dir='ltr'>approbent.</span> <span class='ocrx_word' id='word_1_488' title='bbox 1934 348 2025 383; x_wconf 87' lang='lat' dir='ltr'>Sed,si</span> <span class='ocrx_word' id='word_1_489' title='bbox 2038 359 2088 379; x_wconf 91' lang='lat' dir='ltr'>me</span> <span class='ocrx_word' id='word_1_490' title='bbox 2097 358 2149 378; x_wconf 87' lang='lat' dir='ltr'>au-</span> 
     </span>
     <span class='ocr_line' id='line_1_60' title="bbox 1189 391 2149 431; baseline -0.007 -4"><span class='ocrx_word' id='word_1_491' title='bbox 1189 393 1263 427; x_wconf 72' lang='lat' dir='ltr'>dies&gt;</span> <span class='ocrx_word' id='word_1_492' title='bbox 1275 391 1382 421; x_wconf 86' lang='lat' dir='ltr'>vitabis</span> <span class='ocrx_word' id='word_1_493' title='bbox 1393 391 1579 424; x_wconf 65' lang='lat' dir='ltr'>immicstias,</span> <span class='ocrx_word' id='word_1_494' title='bbox 1591 391 1624 421; x_wconf 69' lang='grc' dir='ltr'>δε</span> <span class='ocrx_word' id='word_1_495' title='bbox 1634 391 1810 431; x_wconf 77' lang='lat' dir='ltr'>posteritatis</span> <span class='ocrx_word' id='word_1_496' title='bbox 1821 396 1885 424; x_wconf 87' lang='lat' dir='ltr'>otio</span> <span class='ocrx_word' id='word_1_497' title='bbox 1895 392 2045 424; x_wconf 88' lang='lat' dir='ltr'>consules.</span> <span class='ocrx_word' id='word_1_498' title='bbox 2063 391 2149 421; x_wconf 85' lang='lat' dir='ltr'>Vale.</span> 
     </span>
    </p>
   </div>
   <div class='ocr_carea' id='block_1_19' title="bbox 1241 451 2102 531">
    <p class='ocr_par' dir='ltr' id='par_1_21' title="bbox 1241 451 2102 531">
     <span class='ocr_line' id='line_1_61' title="bbox 1241 451 2102 484; baseline 0.002 -3"><span class='ocrx_word' id='word_1_499' title='bbox 1241 452 1385 482; x_wconf 74' lang='lat' dir='ltr'>M-T.C.</span> <span class='ocrx_word' id='word_1_500' title='bbox 1418 451 1518 479; x_wconf 89' lang='lat' dir='ltr'>IMP.</span> <span class='ocrx_word' id='word_1_501' title='bbox 1549 452 1789 482; x_wconf 84' lang='lat' dir='ltr'>c.COEL10.</span> <span class='ocrx_word' id='word_1_502' title='bbox 1817 455 1853 484; x_wconf 92' lang='lat' dir='ltr'>L.</span> <span class='ocrx_word' id='word_1_503' title='bbox 1874 456 1904 484; x_wconf 90' lang='lat' dir='ltr'>F.</span> <span class='ocrx_word' id='word_1_504' title='bbox 1928 453 2102 484; x_wconf 81' lang='lat' dir='ltr'><strong>CALDO</strong></span> 
     </span>
     <span class='ocr_line' id='line_1_62' title="bbox 1399 493 1939 531; baseline 0.002 -9"><span class='ocrx_word' id='word_1_505' title='bbox 1399 493 1682 531; x_wconf 72' lang='lat' dir='ltr'>QUAESTORI</span> <span class='ocrx_word' id='word_1_506' title='bbox 1712 496 1816 526; x_wconf 89' lang='lat' dir='ltr'><strong>DES.</strong></span> <span class='ocrx_word' id='word_1_507' title='bbox 1848 498 1876 526; x_wconf 89' lang='lat' dir='ltr'>S.</span> <span class='ocrx_word' id='word_1_508' title='bbox 1899 497 1939 525; x_wconf 93' lang='lat' dir='ltr'>D.</span> 
     </span>
    </p>
   </div>
   <div class='ocr_carea' id='block_1_20' title="bbox 1171 540 2163 1873">
    <p class='ocr_par' dir='ltr' id='par_1_22' title="bbox 1171 540 2163 1873">
     <span class='ocr_line' id='line_1_63' title="bbox 1201 540 2150 620; baseline 0.003 -47"><span class='ocrx_word' id='word_1_509' title='bbox 1201 542 1315 620; x_wconf 79' lang='lat' dir='ltr'>CU</span> <span class='ocrx_word' id='word_1_510' title='bbox 1327 553 1354 573; x_wconf 85' lang='lat' dir='ltr'>M</span> <span class='ocrx_word' id='word_1_511' title='bbox 1382 540 1598 584; x_wconf 75' lang='lat' dir='ltr'>optatissimum</span> <span class='ocrx_word' id='word_1_512' title='bbox 1628 544 1770 573; x_wconf 86' lang='lat' dir='ltr'>nuntium</span> <span class='ocrx_word' id='word_1_513' title='bbox 1790 543 1963 586; x_wconf 85' lang='lat' dir='ltr'>accepissem</span> <span class='ocrx_word' id='word_1_514' title='bbox 1982 566 1992 580; x_wconf 90' lang='lat'>‚</span> <span class='ocrx_word' id='word_1_515' title='bbox 2024 554 2053 576; x_wconf 89' lang='lat' dir='ltr'>te</span> <span class='ocrx_word' id='word_1_516' title='bbox 2071 546 2150 576; x_wconf 88' lang='lat' dir='ltr'>mihi</span> 
     </span>
     <span class='ocr_line' id='line_1_64' title="bbox 1285 582 2153 627; baseline 0.002 -11"><span class='ocrx_word' id='word_1_517' title='bbox 1285 584 1465 627; x_wconf 85' lang='lat' dir='ltr'>quaestorem</span> <span class='ocrx_word' id='word_1_518' title='bbox 1474 582 1612 625; x_wconf 76' lang='lat' dir='ltr'>obtigifl&#39;e</span> <span class='ocrx_word' id='word_1_519' title='bbox 1623 604 1631 618; x_wconf 87' lang='lat'>‚</span> <span class='ocrx_word' id='word_1_520' title='bbox 1651 595 1687 614; x_wconf 87' lang='lat' dir='ltr'>eo</span> <span class='ocrx_word' id='word_1_521' title='bbox 1696 585 1910 624; x_wconf 86' lang='lat' dir='ltr'>jucundiorem</span> <span class='ocrx_word' id='word_1_522' title='bbox 1921 588 1998 618; x_wconf 90' lang='lat' dir='ltr'>mihi</span> <span class='ocrx_word' id='word_1_523' title='bbox 2012 598 2077 618; x_wconf 83' lang='lat' dir='ltr'>earn</span> <span class='ocrx_word' id='word_1_524' title='bbox 2089 588 2153 618; x_wconf 85' lang='lat' dir='ltr'>sor-</span> 
     </span>
     <span class='ocr_line' id='line_1_65' title="bbox 1194 625 2153 668; baseline 0.001 -10"><span class='ocrx_word' id='word_1_525' title='bbox 1194 638 1256 659; x_wconf 86' lang='lat' dir='ltr'>tem</span> <span class='ocrx_word' id='word_1_526' title='bbox 1268 628 1420 668; x_wconf 80' lang='lat' dir='ltr'>sperabam</span> <span class='ocrx_word' id='word_1_527' title='bbox 1431 625 1496 657; x_wconf 78' lang='lat' dir='ltr'>fore</span> <span class='ocrx_word' id='word_1_528' title='bbox 1505 647 1514 660; x_wconf 85' lang='lat'>‚</span> <span class='ocrx_word' id='word_1_529' title='bbox 1533 637 1594 667; x_wconf 83' lang='lat' dir='ltr'>quo</span> <span class='ocrx_word' id='word_1_530' title='bbox 1602 626 1716 657; x_wconf 88' lang='lat' dir='ltr'>diutius</span> <span class='ocrx_word' id='word_1_531' title='bbox 1725 628 1758 656; x_wconf 93' lang='lat' dir='ltr'>in</span> <span class='ocrx_word' id='word_1_532' title='bbox 1776 630 1930 667; x_wconf 87' lang='lat' dir='ltr'>provincia</span> <span class='ocrx_word' id='word_1_533' title='bbox 1945 639 2067 660; x_wconf 88' lang='lat' dir='ltr'>mecum</span> <span class='ocrx_word' id='word_1_534' title='bbox 2077 628 2153 659; x_wconf 88' lang='lat' dir='ltr'>fuis-</span> 
     </span>
     <span class='ocr_line' id='line_1_66' title="bbox 1193 667 2153 711; baseline 0.001 -11"><span class='ocrx_word' id='word_1_535' title='bbox 1193 671 1248 701; x_wconf 85' lang='lat' dir='ltr'>ses.</span> <span class='ocrx_word' id='word_1_536' title='bbox 1277 672 1380 711; x_wconf 87' lang='lat' dir='ltr'>Magni</span> <span class='ocrx_word' id='word_1_537' title='bbox 1392 670 1475 699; x_wconf 87' lang='lat' dir='ltr'>enim</span> <span class='ocrx_word' id='word_1_538' title='bbox 1487 667 1786 699; x_wconf 81' lang='lat' dir='ltr'>videbatnrinteress&#39;e</span> <span class='ocrx_word' id='word_1_539' title='bbox 1796 689 1805 704; x_wconf 91' lang='lat'>‚</span> <span class='ocrx_word' id='word_1_540' title='bbox 1829 669 1865 700; x_wconf 88' lang='lat' dir='ltr'>ad</span> <span class='ocrx_word' id='word_1_541' title='bbox 1884 679 1949 700; x_wconf 89' lang='lat' dir='ltr'>eam</span> <span class='ocrx_word' id='word_1_542' title='bbox 1966 670 2153 701; x_wconf 84' lang='lat' dir='ltr'>neceffitudi·</span> 
     </span>
     <span class='ocr_line' id='line_1_67' title="bbox 1195 709 2154 753; baseline 0 -11"><span class='ocrx_word' id='word_1_543' title='bbox 1195 722 1267 742; x_wconf 88' lang='lat' dir='ltr'>nem</span> <span class='ocrx_word' id='word_1_544' title='bbox 1282 732 1290 745; x_wconf 86' lang='lat'><em>‚</em></span> <span class='ocrx_word' id='word_1_545' title='bbox 1307 715 1321 731; x_wconf 84' lang='lat'><em>2</em></span> <span class='ocrx_word' id='word_1_546' title='bbox 1335 721 1424 752; x_wconf 89' lang='lat' dir='ltr'>quam</span> <span class='ocrx_word' id='word_1_547' title='bbox 1444 711 1534 741; x_wconf 87' lang='lat' dir='ltr'>nobis</span> <span class='ocrx_word' id='word_1_548' title='bbox 1547 709 1608 740; x_wconf 86' lang='lat' dir='ltr'>fors</span> <span class='ocrx_word' id='word_1_549' title='bbox 1624 709 1787 744; x_wconf 77' lang='lat' dir='ltr'>tribuisset,</span> <span class='ocrx_word' id='word_1_550' title='bbox 1808 710 2056 742; x_wconf 84' lang='lat' dir='ltr'>consuetudinem</span> <span class='ocrx_word' id='word_1_551' title='bbox 2076 722 2154 753; x_wconf 88' lang='lat' dir='ltr'>quo-</span> 
     </span>
     <span class='ocr_line' id='line_1_68' title="bbox 1193 751 2155 796; baseline -0.001 -12"><span class='ocrx_word' id='word_1_552' title='bbox 1193 765 1251 796; x_wconf 87' lang='lat' dir='ltr'>que</span> <span class='ocrx_word' id='word_1_553' title='bbox 1263 755 1410 784; x_wconf 87' lang='lat' dir='ltr'>accedere.</span> <span class='ocrx_word' id='word_1_554' title='bbox 1429 751 1531 784; x_wconf 63' lang='lat' dir='ltr'>Postea</span> <span class='ocrx_word' id='word_1_555' title='bbox 1542 752 1633 792; x_wconf 77' lang='lat' dir='ltr'>quam</span> <span class='ocrx_word' id='word_1_556' title='bbox 1648 753 1725 782; x_wconf 88' lang='lat' dir='ltr'>mihi</span> <span class='ocrx_word' id='word_1_557' title='bbox 1737 753 1815 782; x_wconf 85' lang='lat' dir='ltr'>nihil</span> <span class='ocrx_word' id='word_1_558' title='bbox 1825 763 1922 793; x_wconf 86' lang='lat' dir='ltr'>neque</span> <span class='ocrx_word' id='word_1_559' title='bbox 1933 752 1948 783; x_wconf 71' lang='grc' dir='ltr'>ἐι</span> <span class='ocrx_word' id='word_1_560' title='bbox 1958 762 1985 783; x_wconf 90' lang='lat' dir='ltr'>te</span> <span class='ocrx_word' id='word_1_561' title='bbox 1996 754 2058 794; x_wconf 91' lang='lat' dir='ltr'>ipso</span> <span class='ocrx_word' id='word_1_562' title='bbox 2068 773 2077 787; x_wconf 88' lang='lat'>‚</span> <span class='ocrx_word' id='word_1_563' title='bbox 2099 763 2155 783; x_wconf 90' lang='lat' dir='ltr'>ne-</span> 
     </span>
     <span class='ocr_line' id='line_1_69' title="bbox 1193 794 2153 837; baseline -0.001 -11"><span class='ocrx_word' id='word_1_564' title='bbox 1193 806 1251 837; x_wconf 87' lang='lat' dir='ltr'>que</span> <span class='ocrx_word' id='word_1_565' title='bbox 1262 796 1298 826; x_wconf 79' lang='lat' dir='ltr'>ab</span> <span class='ocrx_word' id='word_1_566' title='bbox 1307 796 1370 826; x_wconf 89' lang='lat' dir='ltr'>ullo</span> <span class='ocrx_word' id='word_1_567' title='bbox 1379 795 1439 825; x_wconf 85' lang='lat' dir='ltr'>alio</span> <span class='ocrx_word' id='word_1_568' title='bbox 1450 795 1485 825; x_wconf 93' lang='lat' dir='ltr'>de</span> <span class='ocrx_word' id='word_1_569' title='bbox 1505 794 1633 825; x_wconf 83' lang='lat' dir='ltr'>adventu</span> <span class='ocrx_word' id='word_1_570' title='bbox 1644 802 1696 824; x_wconf 89' lang='lat' dir='ltr'>tuo</span> <span class='ocrx_word' id='word_1_571' title='bbox 1706 794 1896 825; x_wconf 77' lang='lat' dir='ltr'>scriberetur:</span> <span class='ocrx_word' id='word_1_572' title='bbox 1914 795 2036 826; x_wconf 84' lang='lat' dir='ltr'>verebar</span> <span class='ocrx_word' id='word_1_573' title='bbox 2045 815 2054 828; x_wconf 94' lang='lat'>‚</span> <span class='ocrx_word' id='word_1_574' title='bbox 2072 805 2110 825; x_wconf 92' lang='lat' dir='ltr'>ne</span> <span class='ocrx_word' id='word_1_575' title='bbox 2119 794 2153 825; x_wconf 86' lang='lat' dir='ltr'>id</span> 
     </span>
     <span class='ocr_line' id='line_1_70' title="bbox 1193 836 2154 878; baseline -0.002 -10"><span class='ocrx_word' id='word_1_576' title='bbox 1193 840 1232 869; x_wconf 89' lang='lat' dir='ltr'>ita</span> <span class='ocrx_word' id='word_1_577' title='bbox 1244 838 1369 870; x_wconf 85' lang='lat' dir='ltr'>caderet,</span> <span class='ocrx_word' id='word_1_578' title='bbox 1383 836 1476 877; x_wconf 85' lang='lat' dir='ltr'>(quod</span> <span class='ocrx_word' id='word_1_579' title='bbox 1487 838 1577 867; x_wconf 86' lang='lat' dir='ltr'>etiam</span> <span class='ocrx_word' id='word_1_580' title='bbox 1593 846 1674 866; x_wconf 88' lang='lat' dir='ltr'>nunc</span> <span class='ocrx_word' id='word_1_581' title='bbox 1683 837 1813 876; x_wconf 65' lang='lat' dir='ltr'>vercon)</span> <span class='ocrx_word' id='word_1_582' title='bbox 1823 847 1860 866; x_wconf 92' lang='lat' dir='ltr'>ne</span> <span class='ocrx_word' id='word_1_583' title='bbox 1870 838 1937 867; x_wconf 77' lang='lat' dir='ltr'>ante</span> <span class='ocrx_word' id='word_1_584' title='bbox 1950 857 1958 870; x_wconf 87' lang='lat'>‚</span> <span class='ocrx_word' id='word_1_585' title='bbox 1976 838 2066 878; x_wconf 70' lang='lat' dir='ltr'>quam</span> <span class='ocrx_word' id='word_1_586' title='bbox 2076 845 2107 867; x_wconf 89' lang='lat' dir='ltr'>tu</span> <span class='ocrx_word' id='word_1_587' title='bbox 2119 838 2154 872; x_wconf 79' lang='lat' dir='ltr'>in</span> 
     </span>
     <span class='ocr_line' id='line_1_71' title="bbox 1191 877 2154 920; baseline -0.002 -10"><span class='ocrx_word' id='word_1_588' title='bbox 1191 881 1378 920; x_wconf 82' lang='lat' dir='ltr'>provinciam</span> <span class='ocrx_word' id='word_1_589' title='bbox 1392 877 1528 912; x_wconf 72' lang='lat' dir='ltr'>venisses,</span> <span class='ocrx_word' id='word_1_590' title='bbox 1549 888 1604 920; x_wconf 91' lang='lat' dir='ltr'>ego</span> <span class='ocrx_word' id='word_1_591' title='bbox 1615 878 1651 908; x_wconf 87' lang='lat' dir='ltr'>de</span> <span class='ocrx_word' id='word_1_592' title='bbox 1659 880 1815 918; x_wconf 85' lang='lat' dir='ltr'>provincia</span> <span class='ocrx_word' id='word_1_593' title='bbox 1825 878 2011 908; x_wconf 86' lang='lat' dir='ltr'>decederem.</span> <span class='ocrx_word' id='word_1_594' title='bbox 2042 879 2154 918; x_wconf 84' lang='lat' dir='ltr'>Accepi.</span> 
     </span>
     <span class='ocr_line' id='line_1_72' title="bbox 1171 919 2153 962; baseline -0.003 -10"><span class='ocrx_word' id='word_1_595' title='bbox 1171 943 1173 962; x_wconf 41' lang='grc' dir='ltr'><strong><em>ξ</em></strong></span> <span class='ocrx_word' id='word_1_596' title='bbox 1193 931 1294 952; x_wconf 86' lang='lat' dir='ltr'>autem</span> <span class='ocrx_word' id='word_1_597' title='bbox 1306 922 1320 951; x_wconf 79' lang='lat' dir='ltr'>a</span> <span class='ocrx_word' id='word_1_598' title='bbox 1332 931 1358 951; x_wconf 91' lang='lat' dir='ltr'>te</span> <span class='ocrx_word' id='word_1_599' title='bbox 1376 925 1388 949; x_wconf 87' lang='lat'>3</span> <span class='ocrx_word' id='word_1_600' title='bbox 1400 920 1498 951; x_wconf 72' lang='lat' dir='ltr'>mistas</span> <span class='ocrx_word' id='word_1_601' title='bbox 1509 922 1631 953; x_wconf 85' lang='lat' dir='ltr'>litteras,</span> <span class='ocrx_word' id='word_1_602' title='bbox 1643 922 1675 949; x_wconf 92' lang='lat' dir='ltr'>in</span> <span class='ocrx_word' id='word_1_603' title='bbox 1686 920 1801 954; x_wconf 83' lang='lat' dir='ltr'>Cilicia,</span> <span class='ocrx_word' id='word_1_604' title='bbox 1813 920 1884 950; x_wconf 79' lang='lat' dir='ltr'>cum</span> <span class='ocrx_word' id='word_1_605' title='bbox 1895 919 1988 951; x_wconf 83' lang='lat' dir='ltr'>ess&#39;em</span> <span class='ocrx_word' id='word_1_606' title='bbox 1998 922 2032 950; x_wconf 90' lang='lat' dir='ltr'>in</span> <span class='ocrx_word' id='word_1_607' title='bbox 2041 920 2153 954; x_wconf 81' lang='lat' dir='ltr'>castris,</span> 
     </span>
     <span class='ocr_line' id='line_1_73' title="bbox 1194 960 2155 1004; baseline -0.002 -10"><span class='ocrx_word' id='word_1_608' title='bbox 1194 974 1218 994; x_wconf 89' lang='lat' dir='ltr'>a.</span> <span class='ocrx_word' id='word_1_609' title='bbox 1231 964 1258 994; x_wconf 85' lang='lat' dir='ltr'>d.</span> <span class='ocrx_word' id='word_1_610' title='bbox 1272 973 1301 993; x_wconf 88' lang='lat' dir='ltr'>x.</span> <span class='ocrx_word' id='word_1_611' title='bbox 1313 963 1380 993; x_wconf 80' lang='lat' dir='ltr'>Kal.</span> <span class='ocrx_word' id='word_1_612' title='bbox 1394 963 1559 1004; x_wconf 85' lang='lat' dir='ltr'>Qintileis</span> <span class='ocrx_word' id='word_1_613' title='bbox 1570 982 1579 995; x_wconf 85' lang='lat'>‚</span> <span class='ocrx_word' id='word_1_614' title='bbox 1600 962 1719 1001; x_wconf 82' lang='lat' dir='ltr'>scriptas</span> <span class='ocrx_word' id='word_1_615' title='bbox 1741 961 1952 993; x_wconf 75' lang='lat' dir='ltr'>humaniffime</span> <span class='ocrx_word' id='word_1_616' title='bbox 1967 973 1973 992; x_wconf 90' lang='lat'>·.</span> <span class='ocrx_word' id='word_1_617' title='bbox 1988 962 2099 1003; x_wconf 85' lang='lat' dir='ltr'>quibus</span> <span class='ocrx_word' id='word_1_618' title='bbox 2108 960 2155 992; x_wconf 87' lang='lat' dir='ltr'>fa-</span> 
     </span>
     <span class='ocr_line' id='line_1_74' title="bbox 1193 1002 2155 1044; baseline -0.001 -9"><span class='ocrx_word' id='word_1_619' title='bbox 1193 1006 1253 1035; x_wconf 77' lang='lat' dir='ltr'>cile</span> <span class='ocrx_word' id='word_1_620' title='bbox 1265 1005 1298 1035; x_wconf 89' lang='lat'>&amp;</span> <span class='ocrx_word' id='word_1_621' title='bbox 1313 1003 1451 1035; x_wconf 86' lang='lat' dir='ltr'>officium</span> <span class='ocrx_word' id='word_1_622' title='bbox 1463 1025 1470 1037; x_wconf 92' lang='lat'>,</span> <span class='ocrx_word' id='word_1_623' title='bbox 1492 1004 1524 1034; x_wconf 87' lang='lat'>&amp;</span> <span class='ocrx_word' id='word_1_624' title='bbox 1542 1006 1701 1044; x_wconf 83' lang='lat' dir='ltr'>ingenium</span> <span class='ocrx_word' id='word_1_625' title='bbox 1721 1012 1806 1034; x_wconf 89' lang='lat' dir='ltr'>tuum</span> <span class='ocrx_word' id='word_1_626' title='bbox 1826 1004 1952 1044; x_wconf 83' lang='lat' dir='ltr'>perspici</span> <span class='ocrx_word' id='word_1_627' title='bbox 1971 1002 2078 1044; x_wconf 72' lang='lat' dir='ltr'>posset.</span> <span class='ocrx_word' id='word_1_628' title='bbox 2104 1002 2155 1034; x_wconf 91' lang='lat' dir='ltr'>sed</span> 
     </span>
     <span class='ocr_line' id='line_1_75' title="bbox 1193 1044 2156 1087; baseline -0.001 -10"><span class='ocrx_word' id='word_1_629' title='bbox 1193 1057 1290 1087; x_wconf 86' lang='lat' dir='ltr'>neque</span> <span class='ocrx_word' id='word_1_630' title='bbox 1300 1046 1390 1080; x_wconf 84' lang='lat' dir='ltr'>unde,</span> <span class='ocrx_word' id='word_1_631' title='bbox 1402 1056 1499 1086; x_wconf 82' lang='lat' dir='ltr'>neque</span> <span class='ocrx_word' id='word_1_632' title='bbox 1511 1055 1571 1085; x_wconf 89' lang='lat' dir='ltr'>quo</span> <span class='ocrx_word' id='word_1_633' title='bbox 1582 1046 1631 1075; x_wconf 87' lang='lat' dir='ltr'>die</span> <span class='ocrx_word' id='word_1_634' title='bbox 1642 1045 1714 1076; x_wconf 87' lang='lat' dir='ltr'>datae</span> <span class='ocrx_word' id='word_1_635' title='bbox 1728 1044 1832 1080; x_wconf 79' lang='lat' dir='ltr'>effem,</span> <span class='ocrx_word' id='word_1_636' title='bbox 1844 1055 1931 1087; x_wconf 88' lang='lat' dir='ltr'>atque</span> <span class='ocrx_word' id='word_1_637' title='bbox 1943 1056 2004 1087; x_wconf 91' lang='lat' dir='ltr'>quo</span> <span class='ocrx_word' id='word_1_638' title='bbox 2017 1054 2156 1086; x_wconf 83' lang='lat' dir='ltr'>tempore</span> 
     </span>
     <span class='ocr_line' id='line_1_76' title="bbox 1175 1086 2157 1129; baseline -0.001 -10"><span class='ocrx_word' id='word_1_639' title='bbox 1175 1120 1177 1127; x_wconf 59' lang='grc'>,</span> <span class='ocrx_word' id='word_1_640' title='bbox 1194 1098 1223 1119; x_wconf 89' lang='lat' dir='ltr'>te</span> <span class='ocrx_word' id='word_1_641' title='bbox 1233 1087 1447 1128; x_wconf 59' lang='lat' dir='ltr'>exspefihrem,</span> <span class='ocrx_word' id='word_1_642' title='bbox 1459 1086 1676 1128; x_wconf 85' lang='lat' dir='ltr'>significabant:</span> <span class='ocrx_word' id='word_1_643' title='bbox 1705 1096 1761 1118; x_wconf 88' lang='lat' dir='ltr'>nec</span> <span class='ocrx_word' id='word_1_644' title='bbox 1770 1089 1795 1117; x_wconf 85' lang='lat' dir='ltr'>is</span> <span class='ocrx_word' id='word_1_645' title='bbox 1805 1108 1813 1121; x_wconf 85' lang='lat'>‚</span> <span class='ocrx_word' id='word_1_646' title='bbox 1824 1090 1877 1129; x_wconf 87' lang='lat' dir='ltr'>qui</span> <span class='ocrx_word' id='word_1_647' title='bbox 1886 1090 2020 1118; x_wconf 85' lang='lat' dir='ltr'>attulerat</span> <span class='ocrx_word' id='word_1_648' title='bbox 2030 1108 2038 1121; x_wconf 92' lang='lat'>,</span> <span class='ocrx_word' id='word_1_649' title='bbox 2047 1088 2063 1118; x_wconf 75' lang='lat' dir='ltr'>a</span> <span class='ocrx_word' id='word_1_650' title='bbox 2071 1097 2099 1118; x_wconf 90' lang='lat' dir='ltr'>te</span> <span class='ocrx_word' id='word_1_651' title='bbox 2107 1097 2157 1118; x_wconf 91' lang='lat' dir='ltr'>ac-</span> 
     </span>
     <span class='ocr_line' id='line_1_77' title="bbox 1197 1128 2155 1170; baseline 0 -10"><span class='ocrx_word' id='word_1_652' title='bbox 1197 1138 1324 1169; x_wconf 78' lang='lat' dir='ltr'>ceperat,</span> <span class='ocrx_word' id='word_1_653' title='bbox 1337 1139 1368 1158; x_wconf 87' lang='lat' dir='ltr'>ut</span> <span class='ocrx_word' id='word_1_654' title='bbox 1378 1139 1416 1158; x_wconf 84' lang='lat' dir='ltr'>ex</span> <span class='ocrx_word' id='word_1_655' title='bbox 1425 1138 1462 1159; x_wconf 93' lang='lat' dir='ltr'>eo</span> <span class='ocrx_word' id='word_1_656' title='bbox 1473 1130 1590 1162; x_wconf 88' lang='lat' dir='ltr'>scirem,</span> <span class='ocrx_word' id='word_1_657' title='bbox 1601 1138 1662 1168; x_wconf 86' lang='lat' dir='ltr'>quo</span> <span class='ocrx_word' id='word_1_658' title='bbox 1671 1138 1709 1158; x_wconf 84' lang='lat' dir='ltr'>ex</span> <span class='ocrx_word' id='word_1_659' title='bbox 1719 1129 1800 1162; x_wconf 88' lang='lat' dir='ltr'>loco,</span> <span class='ocrx_word' id='word_1_660' title='bbox 1809 1139 1895 1170; x_wconf 88' lang='lat' dir='ltr'>atque</span> <span class='ocrx_word' id='word_1_661' title='bbox 1904 1138 2050 1170; x_wconf 88' lang='lat' dir='ltr'>tempore,</span> <span class='ocrx_word' id='word_1_662' title='bbox 2060 1128 2155 1160; x_wconf 85' lang='lat' dir='ltr'>essent</span> 
     </span>
     <span class='ocr_line' id='line_1_78' title="bbox 1198 1168 2156 1212; baseline 0.001 -11"><span class='ocrx_word' id='word_1_663' title='bbox 1198 1171 1281 1201; x_wconf 85' lang='lat' dir='ltr'>datae.</span> <span class='ocrx_word' id='word_1_664' title='bbox 1309 1173 1383 1212; x_wconf 86' lang='lat' dir='ltr'>Qae</span> <span class='ocrx_word' id='word_1_665' title='bbox 1392 1180 1463 1200; x_wconf 91' lang='lat' dir='ltr'>cum</span> <span class='ocrx_word' id='word_1_666' title='bbox 1483 1168 1576 1200; x_wconf 84' lang='lat' dir='ltr'>ess&#39;ent</span> <span class='ocrx_word' id='word_1_667' title='bbox 1589 1170 1700 1199; x_wconf 85' lang='lat' dir='ltr'>incerta</span> <span class='ocrx_word' id='word_1_668' title='bbox 1711 1189 1719 1203; x_wconf 87' lang='lat'>,</span> <span class='ocrx_word' id='word_1_669' title='bbox 1737 1172 1910 1201; x_wconf 88' lang='lat' dir='ltr'>existimavi</span> <span class='ocrx_word' id='word_1_670' title='bbox 1924 1181 2024 1202; x_wconf 87' lang='lat' dir='ltr'>tamen</span> <span class='ocrx_word' id='word_1_671' title='bbox 2035 1169 2094 1201; x_wconf 81' lang='lat' dir='ltr'>esse</span> <span class='ocrx_word' id='word_1_672' title='bbox 2111 1169 2156 1202; x_wconf 80' lang='lat' dir='ltr'>fa-</span> 
     </span>
     <span class='ocr_line' id='line_1_79' title="bbox 1199 1210 2156 1246; baseline 0 -3"><span class='ocrx_word' id='word_1_673' title='bbox 1199 1213 1346 1244; x_wconf 84' lang='lat' dir='ltr'>ciundum</span> <span class='ocrx_word' id='word_1_674' title='bbox 1358 1232 1367 1245; x_wconf 86' lang='lat'>,</span> <span class='ocrx_word' id='word_1_675' title='bbox 1385 1221 1416 1242; x_wconf 85' lang='lat' dir='ltr'>ut</span> <span class='ocrx_word' id='word_1_676' title='bbox 1429 1211 1465 1242; x_wconf 91' lang='lat' dir='ltr'>ad</span> <span class='ocrx_word' id='word_1_677' title='bbox 1475 1220 1504 1241; x_wconf 89' lang='lat' dir='ltr'>te</span> <span class='ocrx_word' id='word_1_678' title='bbox 1520 1210 1641 1242; x_wconf 84' lang='lat' dir='ltr'>statores</span> <span class='ocrx_word' id='word_1_679' title='bbox 1653 1221 1738 1246; x_wconf 76' lang='lat' dir='ltr'>meos</span> <span class='ocrx_word' id='word_1_680' title='bbox 1749 1231 1758 1246; x_wconf 92' lang='lat'>‚</span> <span class='ocrx_word' id='word_1_681' title='bbox 1777 1212 1809 1243; x_wconf 67' lang='grc' dir='ltr'>ὃς</span> <span class='ocrx_word' id='word_1_682' title='bbox 1827 1212 1948 1243; x_wconf 62' lang='lat' dir='ltr'>lictores</span> <span class='ocrx_word' id='word_1_683' title='bbox 1966 1223 2040 1243; x_wconf 88' lang='lat' dir='ltr'>cum</span> <span class='ocrx_word' id='word_1_684' title='bbox 2051 1213 2156 1243; x_wconf 80' lang='lat' dir='ltr'>litteris</span> 
     </span>
     <span class='ocr_line' id='line_1_80' title="bbox 1200 1251 2154 1295; baseline 0 -10"><span class='ocrx_word' id='word_1_685' title='bbox 1200 1256 1355 1285; x_wconf 84' lang='lat' dir='ltr'>mitterem</span> <span class='ocrx_word' id='word_1_686' title='bbox 1370 1265 1374 1283; x_wconf 76' lang='lat'>2</span> <span class='ocrx_word' id='word_1_687' title='bbox 1395 1264 1465 1295; x_wconf 85' lang='lat' dir='ltr'>quas</span> <span class='ocrx_word' id='word_1_688' title='bbox 1476 1251 1496 1283; x_wconf 89' lang='lat' dir='ltr'>si</span> <span class='ocrx_word' id='word_1_689' title='bbox 1506 1253 1572 1283; x_wconf 77' lang='lat' dir='ltr'>satis</span> <span class='ocrx_word' id='word_1_690' title='bbox 1585 1262 1759 1293; x_wconf 91' lang='lat' dir='ltr'>opportuno</span> <span class='ocrx_word' id='word_1_691' title='bbox 1769 1263 1904 1295; x_wconf 89' lang='lat' dir='ltr'>ternpore</span> <span class='ocrx_word' id='word_1_692' title='bbox 1913 1253 2050 1294; x_wconf 85' lang='lat' dir='ltr'>accepisti</span> <span class='ocrx_word' id='word_1_693' title='bbox 2061 1275 2070 1287; x_wconf 87' lang='lat'>‚</span> <span class='ocrx_word' id='word_1_694' title='bbox 2089 1264 2154 1295; x_wconf 85' lang='lat' dir='ltr'>gra-</span> 
     </span>
     <span class='ocr_line' id='line_1_81' title="bbox 1201 1294 2157 1337; baseline -0.001 -10"><span class='ocrx_word' id='word_1_695' title='bbox 1201 1296 1350 1327; x_wconf 86' lang='lat' dir='ltr'>tissimum</span> <span class='ocrx_word' id='word_1_696' title='bbox 1362 1294 1553 1326; x_wconf 76' lang='lat' dir='ltr'>mihifeceris</span> <span class='ocrx_word' id='word_1_697' title='bbox 1565 1315 1573 1328; x_wconf 92' lang='lat'>,</span> <span class='ocrx_word' id='word_1_698' title='bbox 1585 1294 1649 1325; x_wconf 86' lang='lat' dir='ltr'>fiad</span> <span class='ocrx_word' id='word_1_699' title='bbox 1659 1305 1710 1325; x_wconf 89' lang='lat' dir='ltr'>me</span> <span class='ocrx_word' id='word_1_700' title='bbox 1720 1297 1752 1325; x_wconf 90' lang='lat' dir='ltr'>in</span> <span class='ocrx_word' id='word_1_701' title='bbox 1762 1297 1902 1327; x_wconf 85' lang='lat' dir='ltr'>Ciliciam</span> <span class='ocrx_word' id='word_1_702' title='bbox 1915 1306 2005 1337; x_wconf 80' lang='lat' dir='ltr'>quam</span> <span class='ocrx_word' id='word_1_703' title='bbox 2020 1298 2157 1336; x_wconf 87' lang='lat' dir='ltr'>primum</span> 
     </span>
     <span class='ocr_line' id='line_1_82' title="bbox 1200 1337 2158 1378; baseline 0 -10"><span class='ocrx_word' id='word_1_704' title='bbox 1200 1341 1330 1369; x_wconf 84' lang='lat' dir='ltr'>veneris.</span> <span class='ocrx_word' id='word_1_705' title='bbox 1359 1340 1441 1368; x_wconf 80' lang='lat' dir='ltr'>Nam</span> <span class='ocrx_word' id='word_1_706' title='bbox 1452 1337 1534 1378; x_wconf 89' lang='lat' dir='ltr'>quod</span> <span class='ocrx_word' id='word_1_707' title='bbox 1544 1337 1578 1367; x_wconf 90' lang='lat' dir='ltr'>ad</span> <span class='ocrx_word' id='word_1_708' title='bbox 1591 1347 1640 1367; x_wconf 91' lang='lat' dir='ltr'>me</span> <span class='ocrx_word' id='word_1_709' title='bbox 1651 1339 1758 1367; x_wconf 89' lang='lat' dir='ltr'>Curius</span> <span class='ocrx_word' id='word_1_710' title='bbox 1770 1357 1778 1371; x_wconf 91' lang='lat'>,</span> <span class='ocrx_word' id='word_1_711' title='bbox 1790 1338 1986 1369; x_wconf 88' lang='lat' dir='ltr'>consobrinus</span> <span class='ocrx_word' id='word_1_712' title='bbox 1996 1338 2158 1372; x_wconf 86' lang='lat' dir='ltr'>tuus,mihi</span> 
     </span>
     <span class='ocr_line' id='line_1_83' title="bbox 1178 1377 2156 1421; baseline -0.001 -11"><span class='ocrx_word' id='word_1_713' title='bbox 1178 1395 1180 1418; x_wconf 56' lang='lat'>3,</span> <span class='ocrx_word' id='word_1_714' title='bbox 1200 1380 1246 1420; x_wconf 91' lang='lat' dir='ltr'>(ut</span> <span class='ocrx_word' id='word_1_715' title='bbox 1265 1382 1333 1421; x_wconf 90' lang='lat' dir='ltr'>scis)</span> <span class='ocrx_word' id='word_1_716' title='bbox 1351 1379 1487 1411; x_wconf 72' lang='lat' dir='ltr'>maxime</span> <span class='ocrx_word' id='word_1_717' title='bbox 1505 1377 1697 1409; x_wconf 68' lang='lat' dir='ltr'>necessarius:</span> <span class='ocrx_word' id='word_1_718' title='bbox 1725 1383 1744 1406; x_wconf 71' lang='grc'><strong>4</strong></span> <span class='ocrx_word' id='word_1_719' title='bbox 1753 1380 1834 1420; x_wconf 90' lang='lat' dir='ltr'>quod</span> <span class='ocrx_word' id='word_1_720' title='bbox 1851 1382 1927 1410; x_wconf 87' lang='lat' dir='ltr'>item</span> <span class='ocrx_word' id='word_1_721' title='bbox 1945 1382 1977 1410; x_wconf 89' lang='lat' dir='ltr'>C.</span> <span class='ocrx_word' id='word_1_722' title='bbox 1999 1380 2156 1420; x_wconf 80' lang='lat' dir='ltr'>Virgilius,</span> 
     </span>
     <span class='ocr_line' id='line_1_84' title="bbox 1199 1419 2161 1464; baseline -0.001 -12"><span class='ocrx_word' id='word_1_723' title='bbox 1199 1425 1387 1464; x_wconf 83' lang='lat' dir='ltr'>propinquus</span> <span class='ocrx_word' id='word_1_724' title='bbox 1397 1431 1465 1452; x_wconf 91' lang='lat' dir='ltr'>tuus</span> <span class='ocrx_word' id='word_1_725' title='bbox 1478 1442 1486 1455; x_wconf 93' lang='lat'>,</span> <span class='ocrx_word' id='word_1_726' title='bbox 1505 1419 1751 1451; x_wconf 82' lang='lat' dir='ltr'>familiarissimus</span> <span class='ocrx_word' id='word_1_727' title='bbox 1761 1420 1860 1452; x_wconf 90' lang='lat' dir='ltr'>noster</span> <span class='ocrx_word' id='word_1_728' title='bbox 1870 1441 1878 1455; x_wconf 90' lang='lat'>,</span> <span class='ocrx_word' id='word_1_729' title='bbox 1899 1422 1935 1451; x_wconf 90' lang='lat' dir='ltr'>de</span> <span class='ocrx_word' id='word_1_730' title='bbox 1947 1431 1973 1451; x_wconf 88' lang='lat' dir='ltr'>te</span> <span class='ocrx_word' id='word_1_731' title='bbox 1983 1419 2161 1452; x_wconf 82' lang='lat' dir='ltr'>accuratiffi·</span> 
     </span>
     <span class='ocr_line' id='line_1_85' title="bbox 1201 1461 2161 1504; baseline -0.001 -9"><span class='ocrx_word' id='word_1_732' title='bbox 1201 1475 1251 1494; x_wconf 91' lang='lat' dir='ltr'>me</span> <span class='ocrx_word' id='word_1_733' title='bbox 1264 1463 1390 1504; x_wconf 81' lang='lat' dir='ltr'>scripsit:</span> <span class='ocrx_word' id='word_1_734' title='bbox 1410 1464 1487 1494; x_wconf 83' lang='lat' dir='ltr'>valet</span> <span class='ocrx_word' id='word_1_735' title='bbox 1500 1462 1529 1492; x_wconf 90' lang='lat' dir='ltr'>id</span> <span class='ocrx_word' id='word_1_736' title='bbox 1539 1464 1665 1504; x_wconf 89' lang='lat' dir='ltr'>quidem</span> <span class='ocrx_word' id='word_1_737' title='bbox 1675 1463 1750 1503; x_wconf 89' lang='lat' dir='ltr'>apud</span> <span class='ocrx_word' id='word_1_738' title='bbox 1761 1473 1812 1493; x_wconf 91' lang='lat' dir='ltr'>me</span> <span class='ocrx_word' id='word_1_739' title='bbox 1819 1464 1966 1497; x_wconf 81' lang='lat' dir='ltr'>multum,</span> <span class='ocrx_word' id='word_1_740' title='bbox 1978 1461 2061 1493; x_wconf 88' lang='lat' dir='ltr'>sicuti</span> <span class='ocrx_word' id='word_1_741' title='bbox 2070 1463 2161 1494; x_wconf 83' lang='lat' dir='ltr'>debet</span> 
     </span>
     <span class='ocr_line' id='line_1_86' title="bbox 1201 1503 2160 1546; baseline 0 -10"><span class='ocrx_word' id='word_1_742' title='bbox 1201 1507 1369 1536; x_wconf 87' lang='lat' dir='ltr'>hominum</span> <span class='ocrx_word' id='word_1_743' title='bbox 1380 1503 1628 1536; x_wconf 84' lang='lat' dir='ltr'>amiciffimorum</span> <span class='ocrx_word' id='word_1_744' title='bbox 1639 1504 1767 1546; x_wconf 89' lang='lat' dir='ltr'>diligens</span> <span class='ocrx_word' id='word_1_745' title='bbox 1776 1505 2006 1536; x_wconf 87' lang='lat' dir='ltr'>commendatio</span> <span class='ocrx_word' id='word_1_746' title='bbox 2018 1516 2024 1535; x_wconf 77' lang='lat'>2</span> <span class='ocrx_word' id='word_1_747' title='bbox 2042 1504 2090 1535; x_wconf 87' lang='lat' dir='ltr'>sed</span> <span class='ocrx_word' id='word_1_748' title='bbox 2101 1513 2160 1536; x_wconf 80' lang='lat' dir='ltr'>tuae</span> 
     </span>
     <span class='ocr_line' id='line_1_87' title="bbox 1199 1546 2162 1589; baseline -0.002 -11"><span class='ocrx_word' id='word_1_749' title='bbox 1199 1549 1303 1579; x_wconf 87' lang='lat' dir='ltr'>litterae</span> <span class='ocrx_word' id='word_1_750' title='bbox 1313 1567 1322 1582; x_wconf 85' lang='lat'>‚</span> <span class='ocrx_word' id='word_1_751' title='bbox 1341 1548 1378 1578; x_wconf 88' lang='lat' dir='ltr'>de</span> <span class='ocrx_word' id='word_1_752' title='bbox 1396 1557 1446 1578; x_wconf 90' lang='lat' dir='ltr'>tua</span> <span class='ocrx_word' id='word_1_753' title='bbox 1460 1547 1623 1587; x_wconf 87' lang='lat' dir='ltr'>praesertim</span> <span class='ocrx_word' id='word_1_754' title='bbox 1635 1546 1780 1589; x_wconf 86' lang='lat' dir='ltr'>dignitate</span> <span class='ocrx_word' id='word_1_755' title='bbox 1790 1566 1799 1580; x_wconf 84' lang='lat'>,</span> <span class='ocrx_word' id='word_1_756' title='bbox 1819 1547 1852 1577; x_wconf 74' lang='grc' dir='ltr'>δε</span> <span class='ocrx_word' id='word_1_757' title='bbox 1870 1547 1906 1577; x_wconf 90' lang='lat' dir='ltr'>de</span> <span class='ocrx_word' id='word_1_758' title='bbox 1916 1546 2016 1577; x_wconf 85' lang='lat' dir='ltr'>nostra</span> <span class='ocrx_word' id='word_1_759' title='bbox 2028 1547 2162 1586; x_wconf 85' lang='lat' dir='ltr'>conjun-</span> 
     </span>
     <span class='ocr_line' id='line_1_88' title="bbox 1201 1587 2161 1628; baseline -0.002 -8"><span class='ocrx_word' id='word_1_760' title='bbox 1201 1589 1304 1620; x_wconf 68' lang='lat' dir='ltr'>&amp;ione</span> <span class='ocrx_word' id='word_1_761' title='bbox 1317 1610 1326 1624; x_wconf 87' lang='lat'><em>‚</em></span> <span class='ocrx_word' id='word_1_762' title='bbox 1351 1591 1480 1619; x_wconf 84' lang='lat' dir='ltr'>maximi</span> <span class='ocrx_word' id='word_1_763' title='bbox 1498 1589 1565 1619; x_wconf 87' lang='lat' dir='ltr'>sunt</span> <span class='ocrx_word' id='word_1_764' title='bbox 1585 1588 1662 1628; x_wconf 87' lang='lat' dir='ltr'>apud</span> <span class='ocrx_word' id='word_1_765' title='bbox 1682 1598 1732 1618; x_wconf 90' lang='lat' dir='ltr'>me</span> <span class='ocrx_word' id='word_1_766' title='bbox 1749 1589 1903 1628; x_wconf 84' lang='lat' dir='ltr'>ponderis.</span> <span class='ocrx_word' id='word_1_767' title='bbox 1930 1589 2011 1618; x_wconf 88' lang='lat' dir='ltr'>Mihi</span> <span class='ocrx_word' id='word_1_768' title='bbox 2031 1587 2161 1628; x_wconf 81' lang='lat' dir='ltr'>quaestot</span> 
     </span>
     <span class='ocr_line' id='line_1_89' title="bbox 1200 1630 2161 1673; baseline -0.004 -10"><span class='ocrx_word' id='word_1_769' title='bbox 1200 1634 1331 1673; x_wconf 87' lang='lat' dir='ltr'>optatior</span> <span class='ocrx_word' id='word_1_770' title='bbox 1344 1632 1500 1672; x_wconf 79' lang='lat' dir='ltr'>obtingere</span> <span class='ocrx_word' id='word_1_771' title='bbox 1511 1639 1604 1660; x_wconf 90' lang='lat' dir='ltr'>nemo</span> <span class='ocrx_word' id='word_1_772' title='bbox 1613 1632 1723 1670; x_wconf 87' lang='lat' dir='ltr'>potuit.</span> <span class='ocrx_word' id='word_1_773' title='bbox 1751 1634 1763 1657; x_wconf 74' lang='grc' dir='ltr'><strong><em>ς</em></strong></span> <span class='ocrx_word' id='word_1_774' title='bbox 1775 1630 1993 1670; x_wconf 86' lang='lat' dir='ltr'>Qamobrem‚</span> <span class='ocrx_word' id='word_1_775' title='bbox 2005 1639 2161 1670; x_wconf 86' lang='lat' dir='ltr'>quaecum-</span> 
     </span>
     <span class='ocr_line' id='line_1_90' title="bbox 1199 1669 2161 1715; baseline -0.004 -11"><span class='ocrx_word' id='word_1_776' title='bbox 1199 1684 1256 1715; x_wconf 89' lang='lat' dir='ltr'>que</span> <span class='ocrx_word' id='word_1_777' title='bbox 1266 1672 1282 1704; x_wconf 75' lang='lat' dir='ltr'>a</span> <span class='ocrx_word' id='word_1_778' title='bbox 1293 1683 1342 1704; x_wconf 89' lang='lat' dir='ltr'>tne</span> <span class='ocrx_word' id='word_1_779' title='bbox 1351 1681 1526 1704; x_wconf 87' lang='lat' dir='ltr'>ornamenta</span> <span class='ocrx_word' id='word_1_780' title='bbox 1535 1672 1569 1702; x_wconf 91' lang='lat' dir='ltr'>ad</span> <span class='ocrx_word' id='word_1_781' title='bbox 1581 1680 1609 1702; x_wconf 87' lang='lat' dir='ltr'>te</span> <span class='ocrx_word' id='word_1_782' title='bbox 1620 1669 1845 1711; x_wconf 87' lang='lat' dir='ltr'>proficiscentur</span> <span class='ocrx_word' id='word_1_783' title='bbox 1854 1691 1863 1705; x_wconf 91' lang='lat'>‚</span> <span class='ocrx_word' id='word_1_784' title='bbox 1884 1680 1917 1701; x_wconf 85' lang='lat' dir='ltr'>ut</span> <span class='ocrx_word' id='word_1_785' title='bbox 1925 1681 2035 1701; x_wconf 87' lang='lat' dir='ltr'>omnes</span> <span class='ocrx_word' id='word_1_786' title='bbox 2044 1671 2161 1701; x_wconf 88' lang='lat' dir='ltr'>intelli-</span> 
     </span>
     <span class='ocr_line' id='line_1_91' title="bbox 1198 1711 2161 1758; baseline -0.005 -11"><span class='ocrx_word' id='word_1_787' title='bbox 1198 1725 1268 1758; x_wconf 84' lang='lat' dir='ltr'>gant</span> <span class='ocrx_word' id='word_1_788' title='bbox 1276 1736 1287 1750; x_wconf 81' lang='lat'>‚</span> <span class='ocrx_word' id='word_1_789' title='bbox 1305 1715 1322 1746; x_wconf 73' lang='grc' dir='ltr'>ὲ</span> <span class='ocrx_word' id='word_1_790' title='bbox 1330 1725 1379 1745; x_wconf 91' lang='lat' dir='ltr'>me</span> <span class='ocrx_word' id='word_1_791' title='bbox 1390 1714 1523 1746; x_wconf 85' lang='lat' dir='ltr'>habitam</span> <span class='ocrx_word' id='word_1_792' title='bbox 1533 1711 1589 1743; x_wconf 81' lang='lat' dir='ltr'>effe</span> <span class='ocrx_word' id='word_1_793' title='bbox 1600 1714 1748 1743; x_wconf 85' lang='lat' dir='ltr'>rationem</span> <span class='ocrx_word' id='word_1_794' title='bbox 1759 1721 1817 1743; x_wconf 81' lang='lat' dir='ltr'>tuae</span> <span class='ocrx_word' id='word_1_795' title='bbox 1829 1733 1838 1746; x_wconf 88' lang='lat'>,</span> <span class='ocrx_word' id='word_1_796' title='bbox 1859 1713 2071 1753; x_wconf 83' lang='lat' dir='ltr'>majorumque</span> <span class='ocrx_word' id='word_1_797' title='bbox 2091 1721 2161 1742; x_wconf 92' lang='lat' dir='ltr'>tuo-</span> 
     </span>
     <span class='ocr_line' id='line_1_92' title="bbox 1201 1753 2163 1798; baseline -0.005 -10"><span class='ocrx_word' id='word_1_798' title='bbox 1201 1767 1270 1788; x_wconf 88' lang='lat' dir='ltr'>rum</span> <span class='ocrx_word' id='word_1_799' title='bbox 1280 1756 1443 1798; x_wconf 88' lang='lat' dir='ltr'>dignitatis.</span> <span class='ocrx_word' id='word_1_800' title='bbox 1468 1755 1526 1785; x_wconf 89' lang='lat' dir='ltr'>Sed</span> <span class='ocrx_word' id='word_1_801' title='bbox 1536 1755 1566 1785; x_wconf 86' lang='lat' dir='ltr'>id</span> <span class='ocrx_word' id='word_1_802' title='bbox 1576 1754 1694 1785; x_wconf 84' lang='lat' dir='ltr'>facilius</span> <span class='ocrx_word' id='word_1_803' title='bbox 1704 1755 1870 1795; x_wconf 86' lang='lat' dir='ltr'>consequar</span> <span class='ocrx_word' id='word_1_804' title='bbox 1879 1774 1888 1788; x_wconf 88' lang='lat'>‚</span> <span class='ocrx_word' id='word_1_805' title='bbox 1909 1753 1929 1783; x_wconf 89' lang='lat' dir='ltr'>fi</span> <span class='ocrx_word' id='word_1_806' title='bbox 1939 1754 1974 1784; x_wconf 85' lang='lat' dir='ltr'>ad</span> <span class='ocrx_word' id='word_1_807' title='bbox 1985 1763 2035 1783; x_wconf 89' lang='lat' dir='ltr'>me</span> <span class='ocrx_word' id='word_1_808' title='bbox 2045 1756 2077 1784; x_wconf 93' lang='lat' dir='ltr'>in</span> <span class='ocrx_word' id='word_1_809' title='bbox 2086 1754 2163 1784; x_wconf 85' lang='lat' dir='ltr'>Cili-</span> 
     </span>
     <span class='ocr_line' id='line_1_93' title="bbox 1200 1795 2163 1839; baseline -0.003 -10"><span class='ocrx_word' id='word_1_810' title='bbox 1200 1801 1278 1829; x_wconf 87' lang='lat' dir='ltr'>ciam</span> <span class='ocrx_word' id='word_1_811' title='bbox 1288 1800 1423 1829; x_wconf 85' lang='lat' dir='ltr'>veneris:</span> <span class='ocrx_word' id='word_1_812' title='bbox 1446 1796 1527 1837; x_wconf 93' lang='lat' dir='ltr'>quod</span> <span class='ocrx_word' id='word_1_813' title='bbox 1539 1806 1594 1839; x_wconf 84' lang='lat' dir='ltr'>ego</span> <span class='ocrx_word' id='word_1_814' title='bbox 1605 1796 1638 1826; x_wconf 88' lang='lat'>&amp;</span> <span class='ocrx_word' id='word_1_815' title='bbox 1648 1805 1715 1826; x_wconf 84' lang='lat' dir='ltr'>mea</span> <span class='ocrx_word' id='word_1_816' title='bbox 1724 1815 1732 1830; x_wconf 88' lang='lat'>,</span> <span class='ocrx_word' id='word_1_817' title='bbox 1748 1796 1781 1826; x_wconf 88' lang='lat'>&amp;</span> <span class='ocrx_word' id='word_1_818' title='bbox 1790 1796 1905 1836; x_wconf 90' lang='lat' dir='ltr'>reipub.</span> <span class='ocrx_word' id='word_1_819' title='bbox 1920 1795 1952 1827; x_wconf 90' lang='lat'>&amp;</span> <span class='ocrx_word' id='word_1_820' title='bbox 1963 1795 2101 1826; x_wconf 76' lang='lat' dir='ltr'>maxime</span> <span class='ocrx_word' id='word_1_821' title='bbox 2113 1804 2163 1828; x_wconf 86' lang='lat' dir='ltr'>tua</span> 
     </span>
     <span class='ocr_line' id='line_1_94' title="bbox 1177 1839 1597 1873; baseline -0.012 -1"><span class='ocrx_word' id='word_1_822' title='bbox 1177 1870 1178 1873; x_wconf 73' lang='grc'>,</span> <span class='ocrx_word' id='word_1_823' title='bbox 1201 1839 1338 1870; x_wconf 70' lang='lat' dir='ltr'>interesse</span> <span class='ocrx_word' id='word_1_824' title='bbox 1348 1840 1484 1870; x_wconf 88' lang='lat' dir='ltr'>arbitror.</span> <span class='ocrx_word' id='word_1_825' title='bbox 1511 1840 1597 1869; x_wconf 72' lang='lat' dir='ltr'>Vale..</span> 
     </span>
    </p>
   </div>
   <div class='ocr_carea' id='block_1_21' title="bbox 1167 254 1174 816">
    <p class='ocr_par' dir='ltr' id='par_1_23' title="bbox 1167 254 1174 816">
     <span class='ocr_line' id='line_1_95' title="bbox 1167 254 1174 816; baseline 0 0"><span class='ocrx_word' id='word_1_826' title='bbox 1167 254 1174 816; x_wconf 95' lang='lat' dir='ltr'> </span> 
     </span>
    </p>
   </div>
   <div class='ocr_carea' id='block_1_22' title="bbox 1176 964 1185 1864">
    <p class='ocr_par' dir='ltr' id='par_1_24' title="bbox 1176 964 1185 1864">
     <span class='ocr_line' id='line_1_96' title="bbox 1176 964 1185 1864; baseline 0 0"><span class='ocrx_word' id='word_1_827' title='bbox 1176 964 1185 1864; x_wconf 95' lang='lat' dir='ltr'> </span> 
     </span>
    </p>
   </div>
   <div class='ocr_carea' id='block_1_23' title="bbox 1201 1896 2166 2294">
    <p class='ocr_par' dir='ltr' id='par_1_25' title="bbox 1201 1896 2164 1968">
     <span class='ocr_line' id='line_1_97' title="bbox 1201 1896 2164 1933; baseline 0.002 -11"><span class='ocrx_word' id='word_1_828' title='bbox 1201 1907 1242 1933; x_wconf 78' lang='lat' dir='ltr'>pr.</span> <span class='ocrx_word' id='word_1_829' title='bbox 1254 1904 1289 1923; x_wconf 79' lang='lat' dir='ltr'>tr.</span> <span class='ocrx_word' id='word_1_830' title='bbox 1300 1898 1388 1933; x_wconf 84' lang='lat' dir='ltr'>quint.</span> <span class='ocrx_word' id='word_1_831' title='bbox 1400 1906 1460 1923; x_wconf 79' lang='lat' dir='ltr'>nani</span> <span class='ocrx_word' id='word_1_832' title='bbox 1471 1897 1526 1923; x_wconf 81' lang='lat' dir='ltr'>bini</span> <span class='ocrx_word' id='word_1_833' title='bbox 1540 1896 1636 1931; x_wconf 82' lang='lat' dir='ltr'>reliqui</span> <span class='ocrx_word' id='word_1_834' title='bbox 1649 1915 1657 1928; x_wconf 91' lang='lat'>‚</span> <span class='ocrx_word' id='word_1_835' title='bbox 1670 1897 1736 1924; x_wconf 77' lang='lat' dir='ltr'>sicut.</span> <span class='ocrx_word' id='word_1_836' title='bbox 1747 1897 1774 1923; x_wconf 91' lang='lat'>&amp;</span> <span class='ocrx_word' id='word_1_837' title='bbox 1786 1897 1871 1924; x_wconf 84' lang='lat' dir='ltr'>editio</span> <span class='ocrx_word' id='word_1_838' title='bbox 1880 1897 2000 1933; x_wconf 82' lang='lat' dir='ltr'>princeps</span> <span class='ocrx_word' id='word_1_839' title='bbox 2013 1916 2022 1929; x_wconf 94' lang='lat'>‚</span> <span class='ocrx_word' id='word_1_840' title='bbox 2040 1898 2069 1923; x_wconf 74' lang='lat' dir='ltr'>St</span> <span class='ocrx_word' id='word_1_841' title='bbox 2080 1896 2164 1924; x_wconf 83' lang='lat' dir='ltr'>Peck.</span> 
     </span>
     <span class='ocr_line' id='line_1_98' title="bbox 1201 1933 1656 1968; baseline -0.002 -8"><span class='ocrx_word' id='word_1_842' title='bbox 1201 1937 1226 1960; x_wconf 83' lang='lat' dir='ltr'>in</span> <span class='ocrx_word' id='word_1_843' title='bbox 1235 1935 1355 1960; x_wconf 72' lang='lat' dir='ltr'>Ciliciam.</span> <span class='ocrx_word' id='word_1_844' title='bbox 1376 1933 1476 1968; x_wconf 82' lang='lat' dir='ltr'>Vulgo,</span> <span class='ocrx_word' id='word_1_845' title='bbox 1488 1935 1513 1958; x_wconf 89' lang='lat' dir='ltr'>in</span> <span class='ocrx_word' id='word_1_846' title='bbox 1519 1935 1656 1966; x_wconf 67' lang='lat' dir='ltr'>provincia.</span> 
     </span>
    </p>

    <p class='ocr_par' dir='ltr' id='par_1_26' title="bbox 1203 1967 2166 2149">
     <span class='ocr_line' id='line_1_99' title="bbox 1238 1967 2164 2004; baseline -0.001 -8"><span class='ocrx_word' id='word_1_847' title='bbox 1238 1977 1267 2003; x_wconf 86' lang='lat'>4.</span> <span class='ocrx_word' id='word_1_848' title='bbox 1284 1969 1418 2002; x_wconf 68' lang='lat' dir='ltr'>Qaditem</span> <span class='ocrx_word' id='word_1_849' title='bbox 1436 1969 1613 2004; x_wconf 53' lang='lat' dir='ltr'>amrgiliun]</span> <span class='ocrx_word' id='word_1_850' title='bbox 1636 1968 1745 1995; x_wconf 80' lang='lat' dir='ltr'>Praeivit</span> <span class='ocrx_word' id='word_1_851' title='bbox 1763 1968 1828 1996; x_wconf 87' lang='lat' dir='ltr'>mihi</span> <span class='ocrx_word' id='word_1_852' title='bbox 1846 1968 1914 1996; x_wconf 81' lang='lat' dir='ltr'>hanc</span> <span class='ocrx_word' id='word_1_853' title='bbox 1931 1967 2074 1996; x_wconf 69' lang='lat' dir='ltr'>leffionem</span> <span class='ocrx_word' id='word_1_854' title='bbox 2094 1968 2164 1996; x_wconf 82' lang='lat' dir='ltr'>Pall.</span> 
     </span>
     <span class='ocr_line' id='line_1_100' title="bbox 1203 2003 2166 2042; baseline 0 -11"><span class='ocrx_word' id='word_1_855' title='bbox 1203 2004 1254 2031; x_wconf 88' lang='lat' dir='ltr'>sec.</span> <span class='ocrx_word' id='word_1_856' title='bbox 1265 2006 1291 2032; x_wconf 88' lang='lat' dir='ltr'>in</span> <span class='ocrx_word' id='word_1_857' title='bbox 1303 2015 1382 2042; x_wconf 89' lang='lat' dir='ltr'>quem</span> <span class='ocrx_word' id='word_1_858' title='bbox 1392 2004 1467 2032; x_wconf 78' lang='lat' dir='ltr'>&#39;illata</span> <span class='ocrx_word' id='word_1_859' title='bbox 1486 2005 1522 2032; x_wconf 81' lang='lat' dir='ltr'>est</span> <span class='ocrx_word' id='word_1_860' title='bbox 1533 2006 1547 2033; x_wconf 69' lang='lat'>:⁴2</span> <span class='ocrx_word' id='word_1_861' title='bbox 1558 2014 1636 2032; x_wconf 81' lang='lat' dir='ltr'>manu</span> <span class='ocrx_word' id='word_1_862' title='bbox 1648 2003 1769 2033; x_wconf 74' lang='lat' dir='ltr'>secunda.</span> <span class='ocrx_word' id='word_1_863' title='bbox 1787 2005 1873 2041; x_wconf 87' lang='lat' dir='ltr'>recepi</span> <span class='ocrx_word' id='word_1_864' title='bbox 1883 2006 1914 2032; x_wconf 58' lang='grc' dir='ltr'>εἶ)</span> <span class='ocrx_word' id='word_1_865' title='bbox 1926 2005 2059 2032; x_wconf 85' lang='lat' dir='ltr'>lubentius</span> <span class='ocrx_word' id='word_1_866' title='bbox 2073 2025 2082 2037; x_wconf 87' lang='lat'>,</span> <span class='ocrx_word' id='word_1_867' title='bbox 2092 2004 2166 2041; x_wconf 79' lang='lat' dir='ltr'>quod</span> 
     </span>
     <span class='ocr_line' id='line_1_101' title="bbox 1203 2040 2164 2077; baseline 0 -10"><span class='ocrx_word' id='word_1_868' title='bbox 1203 2041 1258 2068; x_wconf 90' lang='lat' dir='ltr'>vidi</span> <span class='ocrx_word' id='word_1_869' title='bbox 1269 2041 1379 2069; x_wconf 84' lang='lat' dir='ltr'>eandem</span> <span class='ocrx_word' id='word_1_870' title='bbox 1390 2041 1539 2069; x_wconf 75' lang='lat' dir='ltr'>attribuisse</span> <span class='ocrx_word' id='word_1_871' title='bbox 1549 2040 1680 2068; x_wconf 81' lang='lat' dir='ltr'>Lainbiiio</span> <span class='ocrx_word' id='word_1_872' title='bbox 1691 2051 1698 2067; x_wconf 87' lang='grc'>;</span> <span class='ocrx_word' id='word_1_873' title='bbox 1721 2048 1802 2077; x_wconf 78' lang='lat' dir='ltr'>:itque</span> <span class='ocrx_word' id='word_1_874' title='bbox 1812 2041 1914 2068; x_wconf 83' lang='lat' dir='ltr'>exstare</span> <span class='ocrx_word' id='word_1_875' title='bbox 1924 2041 1950 2068; x_wconf 88' lang='lat' dir='ltr'>in</span> <span class='ocrx_word' id='word_1_876' title='bbox 1961 2040 2083 2068; x_wconf 85' lang='lat' dir='ltr'>omnibus</span> <span class='ocrx_word' id='word_1_877' title='bbox 2096 2040 2164 2067; x_wconf 79' lang='lat' dir='ltr'>Pall.</span> 
     </span>
     <span class='ocr_line' id='line_1_102' title="bbox 1204 2076 2164 2114; baseline -0.002 -10"><span class='ocrx_word' id='word_1_878' title='bbox 1204 2079 1286 2105; x_wconf 89' lang='lat' dir='ltr'>Grut.</span> <span class='ocrx_word' id='word_1_879' title='bbox 1305 2078 1415 2114; x_wconf 81' lang='lat' dir='ltr'>ipsisque</span> <span class='ocrx_word' id='word_1_880' title='bbox 1435 2077 1622 2104; x_wconf 80' lang='lat' dir='ltr'>Gulieliiiianis</span> <span class='ocrx_word' id='word_1_881' title='bbox 1634 2097 1643 2110; x_wconf 88' lang='lat'>‚</span> <span class='ocrx_word' id='word_1_882' title='bbox 1661 2087 1714 2105; x_wconf 83' lang='lat' dir='ltr'>nou</span> <span class='ocrx_word' id='word_1_883' title='bbox 1732 2078 1852 2113; x_wconf 72' lang='lat' dir='ltr'>VlrgInim</span> <span class='ocrx_word' id='word_1_884' title='bbox 1872 2076 1915 2104; x_wconf 63' lang='lat' dir='ltr'>led</span> <span class='ocrx_word' id='word_1_885' title='bbox 1936 2079 2057 2111; x_wconf 68' lang='lat' dir='ltr'>Viigilius.</span> <span class='ocrx_word' id='word_1_886' title='bbox 2077 2076 2164 2103; x_wconf 78' lang='lat' dir='ltr'>Vatic.</span> 
     </span>
     <span class='ocr_line' id='line_1_103' title="bbox 1203 2115 1508 2149; baseline 0.003 -10"><span class='ocrx_word' id='word_1_887' title='bbox 1203 2115 1263 2149; x_wconf 77' lang='lat' dir='ltr'>quod</span> <span class='ocrx_word' id='word_1_888' title='bbox 1270 2115 1329 2141; x_wconf 76' lang='lat' dir='ltr'>idem</span> <span class='ocrx_word' id='word_1_889' title='bbox 1339 2117 1367 2140; x_wconf 83' lang='lat' dir='ltr'>C.</span> <span class='ocrx_word' id='word_1_890' title='bbox 1378 2115 1508 2147; x_wconf 71' lang='lat' dir='ltr'>Wrginius.</span> 
     </span>
    </p>

    <p class='ocr_par' dir='ltr' id='par_1_27' title="bbox 1204 2148 2165 2294">
     <span class='ocr_line' id='line_1_104' title="bbox 1243 2148 2164 2184; baseline -0.005 -7"><span class='ocrx_word' id='word_1_891' title='bbox 1243 2159 1269 2183; x_wconf 71' lang='grc' dir='ltr'>ς,</span> <span class='ocrx_word' id='word_1_892' title='bbox 1289 2151 1367 2183; x_wconf 71' lang='lat' dir='ltr'>Qum</span> <span class='ocrx_word' id='word_1_893' title='bbox 1377 2152 1403 2176; x_wconf 85' lang='lat' dir='ltr'>ob</span> <span class='ocrx_word' id='word_1_894' title='bbox 1413 2159 1459 2175; x_wconf 85' lang='lat' dir='ltr'>rem</span> <span class='ocrx_word' id='word_1_895' title='bbox 1470 2169 1478 2182; x_wconf 84' lang='lat'><em>‚</em></span> <span class='ocrx_word' id='word_1_896' title='bbox 1497 2158 1634 2184; x_wconf 46' lang='lat' dir='ltr'>quecunque</span> <span class='ocrx_word' id='word_1_897' title='bbox 1649 2148 1665 2175; x_wconf 75' lang='grc' dir='ltr'><em>ἃ</em></span> <span class='ocrx_word' id='word_1_898' title='bbox 1677 2158 1710 2175; x_wconf 85' lang='lat' dir='ltr'>me</span> <span class='ocrx_word' id='word_1_899' title='bbox 1726 2157 1866 2176; x_wconf 76' lang='lat' dir='ltr'>ornamenta</span> <span class='ocrx_word' id='word_1_900' title='bbox 1883 2149 1918 2175; x_wconf 78' lang='lat' dir='ltr'>ad</span> <span class='ocrx_word' id='word_1_901' title='bbox 1934 2157 1956 2175; x_wconf 75' lang='grc' dir='ltr'>τι</span> <span class='ocrx_word' id='word_1_902' title='bbox 1971 2148 2164 2182; x_wconf 62' lang='grc' dir='ltr'>ρνρῇιῌὲεηῑιιν;</span> 
     </span>
     <span class='ocr_line' id='line_1_105' title="bbox 1204 2183 2165 2221; baseline 0 -10"><span class='ocrx_word' id='word_1_903' title='bbox 1204 2194 1230 2211; x_wconf 84' lang='lat' dir='ltr'>m</span> <span class='ocrx_word' id='word_1_904' title='bbox 1239 2187 1342 2221; x_wconf 57' lang='lat' dir='ltr'>omnm]</span> <span class='ocrx_word' id='word_1_905' title='bbox 1367 2186 1410 2212; x_wconf 91' lang='lat' dir='ltr'>Sic</span> <span class='ocrx_word' id='word_1_906' title='bbox 1418 2186 1555 2221; x_wconf 73' lang='lat' dir='ltr'>castigavit</span> <span class='ocrx_word' id='word_1_907' title='bbox 1566 2185 1702 2212; x_wconf 69' lang='lat' dir='ltr'>Vi&amp;orius</span> <span class='ocrx_word' id='word_1_908' title='bbox 1713 2195 1747 2212; x_wconf 89' lang='lat' dir='ltr'>ex</span> <span class='ocrx_word' id='word_1_909' title='bbox 1759 2185 1810 2212; x_wconf 84' lang='lat' dir='ltr'>suis</span> <span class='ocrx_word' id='word_1_910' title='bbox 1823 2205 1831 2218; x_wconf 92' lang='lat'>,</span> <span class='ocrx_word' id='word_1_911' title='bbox 1842 2184 2058 2221; x_wconf 80' lang='lat' dir='ltr'>adstipulantibus</span> <span class='ocrx_word' id='word_1_912' title='bbox 2069 2183 2165 2210; x_wconf 83' lang='lat' dir='ltr'>nosti-is</span> 
     </span>
     <span class='ocr_line' id='line_1_106' title="bbox 1205 2219 2164 2257; baseline -0.002 -9"><span class='ocrx_word' id='word_1_913' title='bbox 1205 2222 1345 2249; x_wconf 85' lang='lat' dir='ltr'>omnibus:</span> <span class='ocrx_word' id='word_1_914' title='bbox 1368 2223 1395 2248; x_wconf 73' lang='lat'>8&lt;</span> <span class='ocrx_word' id='word_1_915' title='bbox 1417 2229 1446 2248; x_wconf 86' lang='lat' dir='ltr'>ut</span> <span class='ocrx_word' id='word_1_916' title='bbox 1464 2231 1555 2249; x_wconf 86' lang='lat' dir='ltr'>omnes</span> <span class='ocrx_word' id='word_1_917' title='bbox 1567 2221 1722 2257; x_wconf 78' lang='lat' dir='ltr'>intelligant</span> <span class='ocrx_word' id='word_1_918' title='bbox 1740 2221 1806 2248; x_wconf 88' lang='lat' dir='ltr'>illud</span> <span class='ocrx_word' id='word_1_919' title='bbox 1826 2223 1940 2247; x_wconf 77' lang='lat' dir='ltr'>elaborato</span> <span class='ocrx_word' id='word_1_920' title='bbox 1957 2219 2008 2247; x_wconf 77' lang='lat' dir='ltr'>effe</span> <span class='ocrx_word' id='word_1_921' title='bbox 2025 2219 2164 2256; x_wconf 81' lang='lat' dir='ltr'>ssipposit&#39;i-</span> 
     </span>
     <span class='ocr_line' id='line_1_107' title="bbox 1204 2257 1950 2294; baseline -0.001 -9"><span class='ocrx_word' id='word_1_922' title='bbox 1204 2259 1272 2285; x_wconf 86' lang='lat' dir='ltr'>tium</span> <span class='ocrx_word' id='word_1_923' title='bbox 1283 2269 1289 2286; x_wconf 72' lang='grc' dir='ltr'>ε</span> <span class='ocrx_word' id='word_1_924' title='bbox 1314 2259 1395 2286; x_wconf 83' lang='lat' dir='ltr'>Grut.</span> <span class='ocrx_word' id='word_1_925' title='bbox 1406 2257 1438 2285; x_wconf 86' lang='lat' dir='ltr'>ad</span> <span class='ocrx_word' id='word_1_926' title='bbox 1449 2259 1597 2294; x_wconf 78' lang='lat' dir='ltr'>marginem</span> <span class='ocrx_word' id='word_1_927' title='bbox 1607 2267 1656 2294; x_wconf 85' lang='lat' dir='ltr'>pro</span> <span class='ocrx_word' id='word_1_928' title='bbox 1666 2257 1716 2285; x_wconf 84' lang='lat' dir='ltr'>illo</span> <span class='ocrx_word' id='word_1_929' title='bbox 1725 2257 1950 2291; x_wconf 76' lang='lat' dir='ltr'>subiicit,faciam.</span> 
     </span>
    </p>
   </div>
   <div class='ocr_carea' id='block_1_24' title="bbox 1221 2325 1830 2386">
    <p class='ocr_par' dir='ltr' id='par_1_28' title="bbox 1221 2325 1830 2386">
     <span class='ocr_line' id='line_1_108' title="bbox 1221 2325 1830 2386; baseline 0 -2"><span class='ocrx_word' id='word_1_930' title='bbox 1221 2325 1830 2386; x_wconf 77' lang='lat' dir='ltr'>CICERoNis</span> 
     </span>
    </p>
   </div>
   <div class='ocr_carea' id='block_1_25' title="bbox 1249 2420 2168 2539">
    <p class='ocr_par' dir='ltr' id='par_1_29' title="bbox 1249 2420 2168 2539">
     <span class='ocr_line' id='line_1_109' title="bbox 1249 2420 2168 2539; baseline 0 -1"><span class='ocrx_word' id='word_1_931' title='bbox 1249 2420 2168 2539; x_wconf 88' lang='lat' dir='ltr'><strong>LARUM</strong></span> 
     </span>
    </p>
   </div>
   <div class='ocr_carea' id='block_1_26' title="bbox 634 2554 1731 2623">
    <p class='ocr_par' dir='ltr' id='par_1_30' title="bbox 634 2554 1731 2623">
     <span class='ocr_line' id='line_1_110' title="bbox 634 2554 1731 2623; baseline -0.002 -8"><span class='ocrx_word' id='word_1_932' title='bbox 634 2554 1016 2617; x_wconf 86' lang='lat' dir='ltr'>LIBER</span> <span class='ocrx_word' id='word_1_933' title='bbox 1127 2558 1731 2623; x_wconf 58' lang='grc' dir='ltr'>ἸἽΗὶΤΙΠὸ,</span> 
     </span>
    </p>
   </div>
   <div class='ocr_carea' id='block_1_27' title="bbox 326 2668 1162 2780">
    <p class='ocr_par' dir='ltr' id='par_1_31' title="bbox 326 2668 1162 2780">
     <span class='ocr_line' id='line_1_111' title="bbox 326 2668 1162 2780; baseline 0 -1"><span class='ocrx_word' id='word_1_934' title='bbox 326 2668 729 2780; x_wconf 51' lang='grc' dir='ltr'><strong>ΑῬΡΓὺΜ</strong></span> <span class='ocrx_word' id='word_1_935' title='bbox 798 2719 1162 2780; x_wconf 85' lang='lat' dir='ltr'><strong>CLAUD</strong></span> 
     </span>
    </p>
   </div>
   <div class='ocr_carea' id='block_1_28' title="bbox 180 2821 1171 2988">
    <p class='ocr_par' dir='ltr' id='par_1_32' title="bbox 180 2821 1171 2988">
     <span class='ocr_line' id='line_1_112' title="bbox 180 2821 1039 2854; baseline -0.006 0"><span class='ocrx_word' id='word_1_936' title='bbox 180 2829 193 2854; x_wconf 86' lang='lat'>1</span> <span class='ocrx_word' id='word_1_937' title='bbox 334 2821 472 2851; x_wconf 87' lang='lat' dir='ltr'>M-T-C.</span> <span class='ocrx_word' id='word_1_938' title='bbox 495 2823 611 2852; x_wconf 87' lang='lat' dir='ltr'>APPIO</span> <span class='ocrx_word' id='word_1_939' title='bbox 632 2824 829 2853; x_wconf 86' lang='lat' dir='ltr'>PULCHRO</span> <span class='ocrx_word' id='word_1_940' title='bbox 849 2824 933 2852; x_wconf 89' lang='lat' dir='ltr'>IMP.</span> <span class='ocrx_word' id='word_1_941' title='bbox 957 2824 986 2852; x_wconf 89' lang='lat' dir='ltr'>S.</span> <span class='ocrx_word' id='word_1_942' title='bbox 999 2824 1039 2851; x_wconf 93' lang='lat' dir='ltr'>D.</span> 
     </span>
     <span class='ocr_line' id='line_1_113' title="bbox 222 2857 1171 2934; baseline 0.006 -46"><span class='ocrx_word' id='word_1_943' title='bbox 222 2857 287 2934; x_wconf 79' lang='lat' dir='ltr'>Sl</span> <span class='ocrx_word' id='word_1_944' title='bbox 308 2861 367 2899; x_wconf 80' lang='lat' dir='ltr'>ipsa</span> <span class='ocrx_word' id='word_1_945' title='bbox 377 2862 447 2901; x_wconf 85' lang='lat' dir='ltr'>resp.</span> <span class='ocrx_word' id='word_1_946' title='bbox 467 2862 522 2893; x_wconf 88' lang='lat' dir='ltr'>tibi</span> <span class='ocrx_word' id='word_1_947' title='bbox 542 2874 654 2894; x_wconf 83' lang='lat' dir='ltr'>narrare</span> <span class='ocrx_word' id='word_1_948' title='bbox 673 2862 786 2904; x_wconf 77' lang='lat' dir='ltr'>pollet,</span> <span class='ocrx_word' id='word_1_949' title='bbox 804 2862 962 2905; x_wconf 88' lang='lat' dir='ltr'>quomodo</span> <span class='ocrx_word' id='word_1_950' title='bbox 972 2864 1030 2894; x_wconf 88' lang='lat' dir='ltr'>sese</span> <span class='ocrx_word' id='word_1_951' title='bbox 1040 2863 1171 2898; x_wconf 86' lang='lat' dir='ltr'>haberet,</span> 
     </span>
     <span class='ocr_line' id='line_1_114' title="bbox 277 2901 1170 2947; baseline 0.007 -18"><span class='ocrx_word' id='word_1_952' title='bbox 277 2911 338 2930; x_wconf 88' lang='lat' dir='ltr'>non</span> <span class='ocrx_word' id='word_1_953' title='bbox 349 2901 465 2933; x_wconf 87' lang='lat' dir='ltr'>facilius</span> <span class='ocrx_word' id='word_1_954' title='bbox 477 2914 516 2934; x_wconf 87' lang='lat' dir='ltr'>ex</span> <span class='ocrx_word' id='word_1_955' title='bbox 535 2906 753 2947; x_wconf 86' lang='lat' dir='ltr'>eacognoscere</span> <span class='ocrx_word' id='word_1_956' title='bbox 773 2904 890 2946; x_wconf 82' lang='lat' dir='ltr'>poffes,</span> <span class='ocrx_word' id='word_1_957' title='bbox 912 2916 1001 2946; x_wconf 84' lang='lat' dir='ltr'>quam</span> <span class='ocrx_word' id='word_1_958' title='bbox 1012 2906 1170 2935; x_wconf 85' lang='lat' dir='ltr'>exliberto</span> 
     </span>
     <span class='ocr_line' id='line_1_115' title="bbox 212 2943 1170 2988; baseline 0.005 -15"><span class='ocrx_word' id='word_1_959' title='bbox 212 2951 268 2973; x_wconf 83' lang='lat' dir='ltr'>tuo</span> <span class='ocrx_word' id='word_1_960' title='bbox 278 2943 404 2974; x_wconf 85' lang='lat' dir='ltr'>Phania:</span> <span class='ocrx_word' id='word_1_961' title='bbox 424 2947 464 2975; x_wconf 86' lang='lat' dir='ltr'>ita</span> <span class='ocrx_word' id='word_1_962' title='bbox 480 2946 523 2976; x_wconf 87' lang='lat' dir='ltr'>est</span> <span class='ocrx_word' id='word_1_963' title='bbox 542 2948 638 2978; x_wconf 88' lang='lat' dir='ltr'>homo</span> <span class='ocrx_word' id='word_1_964' title='bbox 658 2957 723 2978; x_wconf 82' lang='lat' dir='ltr'>nou</span> <span class='ocrx_word' id='word_1_965' title='bbox 741 2947 838 2978; x_wconf 89' lang='lat' dir='ltr'>modo</span> <span class='ocrx_word' id='word_1_966' title='bbox 856 2948 1005 2988; x_wconf 75' lang='lat' dir='ltr'>prudenS,</span> <span class='ocrx_word' id='word_1_967' title='bbox 1034 2951 1043 2966; x_wconf 92' lang='lat'><strong>¹</strong></span> <span class='ocrx_word' id='word_1_968' title='bbox 1064 2957 1170 2978; x_wconf 84' lang='lat' dir='ltr'>verum</span> 
     </span>
    </p>
   </div>
   <div class='ocr_carea' id='block_1_29' title="bbox 1135 2646 1256 2691">
    <p class='ocr_par' dir='ltr' id='par_1_33' title="bbox 1135 2646 1256 2691">
     <span class='ocr_line' id='line_1_116' title="bbox 1135 2646 1256 2691; baseline -0.008 0"><span class='ocrx_word' id='word_1_969' title='bbox 1135 2646 1256 2691; x_wconf 93' lang='lat' dir='ltr'>AD</span> 
     </span>
    </p>
   </div>
   <div class='ocr_carea' id='block_1_30' title="bbox 1187 2715 2049 2779">
    <p class='ocr_par' dir='ltr' id='par_1_34' title="bbox 1187 2715 2049 2779">
     <span class='ocr_line' id='line_1_117' title="bbox 1187 2715 2049 2779; baseline -0.003 -1"><span class='ocrx_word' id='word_1_970' title='bbox 1187 2715 2049 2779; x_wconf 65' lang='lat' dir='ltr'>IUNlPULCHRUM.</span> 
     </span>
    </p>
   </div>
   <div class='ocr_carea' id='block_1_31' title="bbox 1192 2813 2175 3014">
    <p class='ocr_par' dir='ltr' id='par_1_35' title="bbox 1192 2813 2174 2986">
     <span class='ocr_line' id='line_1_118' title="bbox 1192 2813 2172 2862; baseline -0.004 -11"><span class='ocrx_word' id='word_1_971' title='bbox 1192 2836 1196 2862; x_wconf 82' lang='lat' dir='ltr'>l</span> <span class='ocrx_word' id='word_1_972' title='bbox 1216 2821 1306 2852; x_wconf 85' lang='lat' dir='ltr'>etiam</span> <span class='ocrx_word' id='word_1_973' title='bbox 1317 2820 1410 2861; x_wconf 88' lang='lat' dir='ltr'>(quod</span> <span class='ocrx_word' id='word_1_974' title='bbox 1420 2820 1513 2860; x_wconf 76' lang='lat' dir='ltr'>juvet)</span> <span class='ocrx_word' id='word_1_975' title='bbox 1524 2819 1666 2850; x_wconf 82' lang='lat' dir='ltr'>curiosus.</span> <span class='ocrx_word' id='word_1_976' title='bbox 1689 2826 1867 2860; x_wconf 78' lang='lat' dir='ltr'>quapropter</span> <span class='ocrx_word' id='word_1_977' title='bbox 1875 2816 1927 2846; x_wconf 88' lang='lat' dir='ltr'>ille</span> <span class='ocrx_word' id='word_1_978' title='bbox 1938 2815 1994 2846; x_wconf 87' lang='lat' dir='ltr'>tibi</span> <span class='ocrx_word' id='word_1_979' title='bbox 2004 2813 2108 2846; x_wconf 84' lang='lat' dir='ltr'>omnia</span> <span class='ocrx_word' id='word_1_980' title='bbox 2118 2825 2172 2847; x_wconf 83' lang='lat' dir='ltr'>ex-</span> 
     </span>
     <span class='ocr_line' id='line_1_119' title="bbox 1214 2857 2173 2903; baseline -0.005 -10"><span class='ocrx_word' id='word_1_981' title='bbox 1214 2862 1357 2903; x_wconf 85' lang='lat' dir='ltr'>planabit.</span> <span class='ocrx_word' id='word_1_982' title='bbox 1375 2865 1389 2882; x_wconf 83' lang='lat'><em>²</em></span> <span class='ocrx_word' id='word_1_983' title='bbox 1401 2862 1431 2892; x_wconf 89' lang='lat' dir='ltr'>id</span> <span class='ocrx_word' id='word_1_984' title='bbox 1443 2862 1476 2892; x_wconf 92' lang='lat'>&amp;</span> <span class='ocrx_word' id='word_1_985' title='bbox 1490 2861 1524 2891; x_wconf 89' lang='lat' dir='ltr'>ad</span> <span class='ocrx_word' id='word_1_986' title='bbox 1535 2861 1712 2891; x_wconf 80' lang='lat' dir='ltr'>brevitatem</span> <span class='ocrx_word' id='word_1_987' title='bbox 1722 2859 1764 2889; x_wconf 84' lang='lat' dir='ltr'>est</span> <span class='ocrx_word' id='word_1_988' title='bbox 1773 2860 1868 2899; x_wconf 85' lang='lat' dir='ltr'>aptius</span> <span class='ocrx_word' id='word_1_989' title='bbox 1880 2878 1888 2892; x_wconf 87' lang='lat'>‚</span> <span class='ocrx_word' id='word_1_990' title='bbox 1901 2858 1933 2888; x_wconf 85' lang='lat'>&amp;</span> <span class='ocrx_word' id='word_1_991' title='bbox 1943 2857 1977 2888; x_wconf 91' lang='lat' dir='ltr'>ad</span> <span class='ocrx_word' id='word_1_992' title='bbox 1990 2858 2118 2898; x_wconf 87' lang='lat' dir='ltr'>reliquas</span> <span class='ocrx_word' id='word_1_993' title='bbox 2127 2868 2173 2889; x_wconf 85' lang='lat' dir='ltr'>res</span> 
     </span>
     <span class='ocr_line' id='line_1_120' title="bbox 1214 2898 2173 2944; baseline -0.005 -10"><span class='ocrx_word' id='word_1_994' title='bbox 1214 2904 1429 2944; x_wconf 84' lang='lat' dir='ltr'>providentius.</span> <span class='ocrx_word' id='word_1_995' title='bbox 1447 2906 1495 2933; x_wconf 90' lang='lat' dir='ltr'>De</span> <span class='ocrx_word' id='word_1_996' title='bbox 1506 2912 1572 2932; x_wconf 85' lang='lat' dir='ltr'>mea</span> <span class='ocrx_word' id='word_1_997' title='bbox 1581 2911 1679 2932; x_wconf 86' lang='lat' dir='ltr'>autem</span> <span class='ocrx_word' id='word_1_998' title='bbox 1691 2901 1898 2931; x_wconf 88' lang='lat' dir='ltr'>benivolentia</span> <span class='ocrx_word' id='word_1_999' title='bbox 1910 2909 1974 2941; x_wconf 81' lang='lat' dir='ltr'>erga</span> <span class='ocrx_word' id='word_1_1000' title='bbox 1985 2898 2076 2934; x_wconf 84' lang='lat' dir='ltr'>te‚ets1</span> <span class='ocrx_word' id='word_1_1001' title='bbox 2086 2909 2173 2940; x_wconf 80' lang='lat' dir='ltr'>potes</span> 
     </span>
     <span class='ocr_line' id='line_1_121' title="bbox 1214 2941 2174 2986; baseline -0.004 -9"><span class='ocrx_word' id='word_1_1002' title='bbox 1214 2956 1252 2977; x_wconf 89' lang='lat' dir='ltr'>ex</span> <span class='ocrx_word' id='word_1_1003' title='bbox 1263 2946 1370 2977; x_wconf 88' lang='lat' dir='ltr'>eodem</span> <span class='ocrx_word' id='word_1_1004' title='bbox 1381 2947 1491 2976; x_wconf 86' lang='lat' dir='ltr'>Phania</span> <span class='ocrx_word' id='word_1_1005' title='bbox 1498 2944 1676 2986; x_wconf 86' lang='lat' dir='ltr'>cognoscere</span> <span class='ocrx_word' id='word_1_1006' title='bbox 1688 2953 1694 2972; x_wconf 89' lang='lat'><strong>:</strong></span> <span class='ocrx_word' id='word_1_1007' title='bbox 1706 2951 1807 2973; x_wconf 86' lang='lat' dir='ltr'>tamen</span> <span class='ocrx_word' id='word_1_1008' title='bbox 1815 2941 1956 2972; x_wconf 85' lang='lat' dir='ltr'>videntur</span> <span class='ocrx_word' id='word_1_1009' title='bbox 1966 2943 2055 2972; x_wconf 88' lang='lat' dir='ltr'>etiam</span> <span class='ocrx_word' id='word_1_1010' title='bbox 2065 2942 2174 2982; x_wconf 75' lang='lat' dir='ltr'>aliquae</span> 
     </span>
    </p>

    <p class='ocr_par' dir='ltr' id='par_1_36' title="bbox 2097 2993 2175 3014">
     <span class='ocr_line' id='line_1_122' title="bbox 2097 2993 2175 3014; baseline 0.013 -1"><span class='ocrx_word' id='word_1_1011' title='bbox 2097 2993 2175 3014; x_wconf 79' lang='lat' dir='ltr'>meae</span> 
     </span>
    </p>
   </div>
   <div class='ocr_carea' id='block_1_32' title="bbox 1191 2863 1196 2985">
    <p class='ocr_par' dir='ltr' id='par_1_37' title="bbox 1191 2863 1196 2985">
     <span class='ocr_line' id='line_1_123' title="bbox 1191 2863 1196 2985; baseline 0 415"><span class='ocrx_word' id='word_1_1012' title='bbox 1191 2863 1196 2985; x_wconf 95' lang='lat' dir='ltr'> </span> 
     </span>
    </p>
   </div>
   <div class='ocr_carea' id='block_1_33' title="bbox 205 3029 1762 3042">
    <p class='ocr_par' dir='ltr' id='par_1_38' title="bbox 205 3029 1762 3042">
     <span class='ocr_line' id='line_1_124' title="bbox 205 3029 1762 3042; baseline 0 358"><span class='ocrx_word' id='word_1_1013' title='bbox 205 3029 1762 3042; x_wconf 95' lang='lat' dir='ltr'> </span> 
     </span>
    </p>
   </div>
   <div class='ocr_carea' id='block_1_34' title="bbox 210 3041 1172 3225">
    <p class='ocr_par' dir='ltr' id='par_1_39' title="bbox 217 3041 1170 3096">
     <span class='ocr_line' id='line_1_125' title="bbox 217 3041 1170 3096; baseline 0.007 -30"><span class='ocrx_word' id='word_1_1014' title='bbox 217 3041 618 3096; x_wconf 58' lang='lat' dir='ltr'>LVErtimetiani(quodjuveti</span> <span class='ocrx_word' id='word_1_1015' title='bbox 639 3047 768 3081; x_wconf 51' lang='grc' dir='ltr'>(παίω-[ιιι]</span> <span class='ocrx_word' id='word_1_1016' title='bbox 790 3047 924 3073; x_wconf 78' lang='lat' dir='ltr'>Debeatui·</span> <span class='ocrx_word' id='word_1_1017' title='bbox 935 3048 1011 3081; x_wconf 79' lang='lat' dir='ltr'>hujus</span> <span class='ocrx_word' id='word_1_1018' title='bbox 1031 3047 1083 3073; x_wconf 84' lang='lat' dir='ltr'>loci</span> <span class='ocrx_word' id='word_1_1019' title='bbox 1096 3047 1170 3074; x_wconf 86' lang='lat' dir='ltr'>resti-</span> 
     </span>
    </p>

    <p class='ocr_par' dir='ltr' id='par_1_40' title="bbox 210 3080 1172 3225">
     <span class='ocr_line' id='line_1_126' title="bbox 303 3080 1169 3119; baseline 0.007 -16"><span class='ocrx_word' id='word_1_1020' title='bbox 303 3085 374 3104; x_wconf 82' lang='lat' dir='ltr'>tutio</span> <span class='ocrx_word' id='word_1_1021' title='bbox 391 3080 582 3106; x_wconf 61' lang='lat' dir='ltr'>accuraflffimo</span> <span class='ocrx_word' id='word_1_1022' title='bbox 600 3082 723 3108; x_wconf 65' lang='lat' dir='ltr'>ViCiorio</span> <span class='ocrx_word' id='word_1_1023' title='bbox 735 3101 743 3114; x_wconf 84' lang='lat'>,</span> <span class='ocrx_word' id='word_1_1024' title='bbox 764 3082 826 3109; x_wconf 84' lang='lat' dir='ltr'>licet</span> <span class='ocrx_word' id='word_1_1025' title='bbox 846 3092 901 3108; x_wconf 78' lang='lat' dir='ltr'>eam</span> <span class='ocrx_word' id='word_1_1026' title='bbox 922 3084 1049 3119; x_wconf 83' lang='lat' dir='ltr'>praecipue</span> <span class='ocrx_word' id='word_1_1027' title='bbox 1068 3083 1169 3118; x_wconf 74' lang='lat' dir='ltr'>satagat</span> 
     </span>
     <span class='ocr_line' id='line_1_127' title="bbox 212 3112 1170 3155; baseline 0.006 -16"><span class='ocrx_word' id='word_1_1028' title='bbox 212 3112 374 3155; x_wconf 67' lang='lat' dir='ltr'>Dionysius:</span> <span class='ocrx_word' id='word_1_1029' title='bbox 396 3115 480 3141; x_wconf 73' lang='lat' dir='ltr'>exstat</span> <span class='ocrx_word' id='word_1_1030' title='bbox 491 3124 520 3141; x_wconf 70' lang='lat' dir='ltr'>ea</span> <span class='ocrx_word' id='word_1_1031' title='bbox 532 3126 637 3152; x_wconf 77' lang='lat' dir='ltr'>quoque</span> <span class='ocrx_word' id='word_1_1032' title='bbox 656 3118 681 3143; x_wconf 86' lang='lat' dir='ltr'>iii</span> <span class='ocrx_word' id='word_1_1033' title='bbox 703 3118 838 3144; x_wconf 86' lang='lat' dir='ltr'>Stewech.</span> <span class='ocrx_word' id='word_1_1034' title='bbox 855 3128 886 3145; x_wconf 80' lang='lat' dir='ltr'>ac</span> <span class='ocrx_word' id='word_1_1035' title='bbox 896 3119 984 3146; x_wconf 83' lang='lat' dir='ltr'>Vatic.</span> <span class='ocrx_word' id='word_1_1036' title='bbox 1002 3117 1132 3155; x_wconf 71' lang='lat' dir='ltr'>fuiil‘eque</span> <span class='ocrx_word' id='word_1_1037' title='bbox 1144 3120 1170 3145; x_wconf 91' lang='lat' dir='ltr'>iii</span> 
     </span>
     <span class='ocr_line' id='line_1_128' title="bbox 213 3149 1172 3191; baseline 0.008 -16"><span class='ocrx_word' id='word_1_1038' title='bbox 213 3149 272 3176; x_wconf 74' lang='lat' dir='ltr'>Pal.</span> <span class='ocrx_word' id='word_1_1039' title='bbox 283 3151 331 3176; x_wconf 67' lang='lat' dir='ltr'>lec⁴</span> <span class='ocrx_word' id='word_1_1040' title='bbox 343 3151 369 3176; x_wconf 91' lang='lat'>&amp;</span> <span class='ocrx_word' id='word_1_1041' title='bbox 382 3151 462 3177; x_wconf 85' lang='lat' dir='ltr'>Grut.</span> <span class='ocrx_word' id='word_1_1042' title='bbox 491 3150 629 3179; x_wconf 80' lang='lat' dir='ltr'>ersuadent</span> <span class='ocrx_word' id='word_1_1043' title='bbox 640 3153 732 3180; x_wconf 77' lang='lat' dir='ltr'>rasurae</span> <span class='ocrx_word' id='word_1_1044' title='bbox 744 3164 750 3180; x_wconf 79' lang='lat' dir='ltr'>t</span> <span class='ocrx_word' id='word_1_1045' title='bbox 772 3155 799 3180; x_wconf 87' lang='lat' dir='ltr'>iii</span> <span class='ocrx_word' id='word_1_1046' title='bbox 812 3163 853 3190; x_wconf 88' lang='lat' dir='ltr'>pr.</span> <span class='ocrx_word' id='word_1_1047' title='bbox 864 3164 950 3182; x_wconf 79' lang='lat' dir='ltr'>verum</span> <span class='ocrx_word' id='word_1_1048' title='bbox 960 3157 1030 3184; x_wconf 76' lang='lat' dir='ltr'>eriam</span> <span class='ocrx_word' id='word_1_1049' title='bbox 1039 3165 1084 3191; x_wconf 77' lang='lat' dir='ltr'>quo</span> <span class='ocrx_word' id='word_1_1050' title='bbox 1094 3155 1133 3184; x_wconf 74' lang='lat' dir='ltr'>dm</span> <span class='ocrx_word' id='word_1_1051' title='bbox 1143 3155 1172 3188; x_wconf 55' lang='grc' dir='ltr'>(γ’</span> 
     </span>
     <span class='ocr_line' id='line_1_129' title="bbox 210 3188 919 3225; baseline 0.011 -13"><span class='ocrx_word' id='word_1_1052' title='bbox 210 3188 326 3220; x_wconf 68' lang='lat' dir='ltr'>ourivfm.</span> <span class='ocrx_word' id='word_1_1053' title='bbox 345 3188 427 3216; x_wconf 83' lang='lat' dir='ltr'>ceteri</span> <span class='ocrx_word' id='word_1_1054' title='bbox 438 3188 465 3216; x_wconf 84' lang='lat' dir='ltr'>in</span> <span class='ocrx_word' id='word_1_1055' title='bbox 487 3188 545 3225; x_wconf 78' lang='lat' dir='ltr'>igni</span> <span class='ocrx_word' id='word_1_1056' title='bbox 555 3188 615 3219; x_wconf 85' lang='lat' dir='ltr'>sunt</span> <span class='ocrx_word' id='word_1_1057' title='bbox 625 3190 672 3225; x_wconf 75' lang='lat' dir='ltr'>qui</span> <span class='ocrx_word' id='word_1_1058' title='bbox 681 3189 725 3217; x_wconf 82' lang='lat' dir='ltr'>hic</span> <span class='ocrx_word' id='word_1_1059' title='bbox 735 3190 919 3220; x_wconf 81' lang='lat' dir='ltr'>nominentur.</span> 
     </span>
    </p>
   </div>
   <div class='ocr_carea' id='block_1_35' title="bbox 1766 3031 1869 3035">
    <p class='ocr_par' dir='ltr' id='par_1_41' title="bbox 1766 3031 1869 3035">
     <span class='ocr_line' id='line_1_130' title="bbox 1766 3031 1869 3035; baseline 0 0"><span class='ocrx_word' id='word_1_1060' title='bbox 1766 3031 1869 3035; x_wconf 95' lang='lat' dir='ltr'> </span> 
     </span>
    </p>
   </div>
   <div class='ocr_carea' id='block_1_36' title="bbox 1215 3041 2173 3226">
    <p class='ocr_par' dir='ltr' id='par_1_42' title="bbox 1215 3041 2173 3226">
     <span class='ocr_line' id='line_1_131' title="bbox 1251 3041 2173 3076; baseline -0.005 -4"><span class='ocrx_word' id='word_1_1061' title='bbox 1251 3055 1280 3072; x_wconf 78' lang='lat'>2.</span> <span class='ocrx_word' id='word_1_1062' title='bbox 1298 3046 1364 3076; x_wconf 75' lang='lat' dir='ltr'>ld&amp;</span> <span class='ocrx_word' id='word_1_1063' title='bbox 1374 3044 1408 3071; x_wconf 80' lang='lat' dir='ltr'>ad</span> <span class='ocrx_word' id='word_1_1064' title='bbox 1414 3046 1554 3069; x_wconf 60' lang='lat' dir='ltr'>brevitatem</span> <span class='ocrx_word' id='word_1_1065' title='bbox 1563 3045 1599 3068; x_wconf 67' lang='lat' dir='ltr'>eff</span> <span class='ocrx_word' id='word_1_1066' title='bbox 1606 3043 1713 3076; x_wconf 64' lang='lat' dir='ltr'>aptius]</span> <span class='ocrx_word' id='word_1_1067' title='bbox 1735 3042 1842 3076; x_wconf 82' lang='lat' dir='ltr'>Ubique</span> <span class='ocrx_word' id='word_1_1068' title='bbox 1852 3041 1933 3068; x_wconf 83' lang='lat' dir='ltr'>scatet</span> <span class='ocrx_word' id='word_1_1069' title='bbox 1943 3041 2050 3068; x_wconf 89' lang='lat' dir='ltr'>Tullius</span> <span class='ocrx_word' id='word_1_1070' title='bbox 2063 3041 2173 3067; x_wconf 84' lang='lat' dir='ltr'>vomicis</span> 
     </span>
     <span class='ocr_line' id='line_1_132' title="bbox 1215 3076 2173 3114; baseline -0.006 -6"><span class='ocrx_word' id='word_1_1071' title='bbox 1215 3091 1246 3108; x_wconf 83' lang='lat' dir='ltr'>ac</span> <span class='ocrx_word' id='word_1_1072' title='bbox 1263 3081 1351 3108; x_wconf 79' lang='lat' dir='ltr'>noxiis</span> <span class='ocrx_word' id='word_1_1073' title='bbox 1362 3078 1574 3114; x_wconf 85' lang='lat' dir='ltr'>Magistelloruin</span> <span class='ocrx_word' id='word_1_1074' title='bbox 1593 3078 1759 3105; x_wconf 84' lang='lat' dir='ltr'>tumoribus:</span> <span class='ocrx_word' id='word_1_1075' title='bbox 1782 3078 1870 3113; x_wconf 79' lang='lat' dir='ltr'>quine</span> <span class='ocrx_word' id='word_1_1076' title='bbox 1889 3077 1946 3113; x_wconf 84' lang='lat' dir='ltr'>ipfis</span> <span class='ocrx_word' id='word_1_1077' title='bbox 1966 3076 2067 3113; x_wconf 86' lang='lat' dir='ltr'>aliquid</span> <span class='ocrx_word' id='word_1_1078' title='bbox 2086 3076 2173 3103; x_wconf 84' lang='lat' dir='ltr'>deesse</span> 
     </span>
     <span class='ocr_line' id='line_1_133' title="bbox 1217 3112 2173 3145; baseline -0.005 -2"><span class='ocrx_word' id='word_1_1079' title='bbox 1217 3115 1527 3144; x_wconf 83' lang='lat' dir='ltr'>videreturinculcarunt</span> <span class='ocrx_word' id='word_1_1080' title='bbox 1544 3115 1639 3141; x_wconf 81' lang='lat' dir='ltr'>idem&#39;m</span> <span class='ocrx_word' id='word_1_1081' title='bbox 1657 3116 1714 3140; x_wconf 72' lang='lat' dir='ltr'>mihi</span> <span class='ocrx_word' id='word_1_1082' title='bbox 1730 3114 1803 3145; x_wconf 72' lang='lat' dir='ltr'>&amp;ad</span> <span class='ocrx_word' id='word_1_1083' title='bbox 1819 3115 1960 3139; x_wconf 62' lang='lat' dir='ltr'>brevitatem</span> <span class='ocrx_word' id='word_1_1084' title='bbox 1977 3115 2021 3139; x_wconf 63' lang='lat' dir='ltr'>eff.</span> <span class='ocrx_word' id='word_1_1085' title='bbox 2040 3112 2173 3139; x_wconf 83' lang='lat' dir='ltr'>abnuente</span> 
     </span>
     <span class='ocr_line' id='line_1_134' title="bbox 1218 3147 2171 3187; baseline -0.006 -7"><span class='ocrx_word' id='word_1_1086' title='bbox 1218 3153 1275 3180; x_wconf 83' lang='lat' dir='ltr'>Pal.</span> <span class='ocrx_word' id='word_1_1087' title='bbox 1287 3152 1337 3179; x_wconf 87' lang='lat' dir='ltr'>sec.</span> <span class='ocrx_word' id='word_1_1088' title='bbox 1357 3158 1421 3178; x_wconf 79' lang='lat' dir='ltr'>tert.</span> <span class='ocrx_word' id='word_1_1089' title='bbox 1441 3151 1605 3181; x_wconf 77' lang='lat' dir='ltr'>Gruteriano</span> <span class='ocrx_word' id='word_1_1090' title='bbox 1616 3171 1626 3187; x_wconf 82' lang='lat'><em>‚</em></span> <span class='ocrx_word' id='word_1_1091' title='bbox 1636 3150 1770 3180; x_wconf 76' lang='lat' dir='ltr'>stewech.</span> <span class='ocrx_word' id='word_1_1092' title='bbox 1781 3150 1809 3177; x_wconf 74' lang='lat' dir='ltr'>Sc</span> <span class='ocrx_word' id='word_1_1093' title='bbox 1820 3150 1862 3178; x_wconf 86' lang='lat' dir='ltr'>cui</span> <span class='ocrx_word' id='word_1_1094' title='bbox 1873 3148 1958 3186; x_wconf 77' lang='lat' dir='ltr'>quaeso</span> <span class='ocrx_word' id='word_1_1095' title='bbox 1968 3147 2050 3177; x_wconf 87' lang='lat' dir='ltr'>sensui</span> <span class='ocrx_word' id='word_1_1096' title='bbox 2060 3149 2113 3176; x_wconf 76' lang='lat' dir='ltr'>istae</span> <span class='ocrx_word' id='word_1_1097' title='bbox 2124 3157 2171 3175; x_wconf 83' lang='lat' dir='ltr'>vo-</span> 
     </span>
     <span class='ocr_line' id='line_1_135' title="bbox 1220 3186 1982 3226; baseline 0 -10"><span class='ocrx_word' id='word_1_1098' title='bbox 1220 3198 1275 3224; x_wconf 80' lang='lat' dir='ltr'>ces,</span> <span class='ocrx_word' id='word_1_1099' title='bbox 1285 3198 1339 3219; x_wconf 87' lang='lat' dir='ltr'>non</span> <span class='ocrx_word' id='word_1_1100' title='bbox 1350 3186 1498 3226; x_wconf 66' lang='lat' dir='ltr'>quisquiliae</span> <span class='ocrx_word' id='word_1_1101' title='bbox 1508 3188 1520 3218; x_wconf 72' lang='grc' dir='ltr'>ἓ</span> <span class='ocrx_word' id='word_1_1102' title='bbox 1979 3208 1982 3210; x_wconf 35' lang='lat' dir='ltr'>v</span> 
     </span>
    </p>
   </div>
   <div class='ocr_carea' id='block_1_37' title="bbox 1195 3051 1199 3120">
    <p class='ocr_par' dir='ltr' id='par_1_43' title="bbox 1195 3051 1199 3120">
     <span class='ocr_line' id='line_1_136' title="bbox 1195 3051 1199 3120; baseline 0 280"><span class='ocrx_word' id='word_1_1103' title='bbox 1195 3051 1199 3120; x_wconf 95' lang='lat' dir='ltr'> </span> 
     </span>
    </p>
   </div>
   <div class='ocr_carea' id='block_1_38' title="bbox 1194 3122 1198 3215">
    <p class='ocr_par' dir='ltr' id='par_1_44' title="bbox 1194 3122 1198 3215">
     <span class='ocr_line' id='line_1_137' title="bbox 1194 3122 1198 3215; baseline 0 185"><span class='ocrx_word' id='word_1_1104' title='bbox 1194 3122 1198 3215; x_wconf 95' lang='lat' dir='ltr'> </span> 
     </span>
    </p>
   </div>
   <div class='ocr_carea' id='block_1_39' title="bbox 2103 3217 2176 3247">
    <p class='ocr_par' dir='ltr' id='par_1_45' title="bbox 2103 3217 2176 3247">
     <span class='ocr_line' id='line_1_138' title="bbox 2103 3217 2176 3247; baseline 0 0"><span class='ocrx_word' id='word_1_1105' title='bbox 2103 3217 2176 3247; x_wconf 59' lang='lat' dir='ltr'>Lm</span> 
     </span>
    </p>
   </div>
   <div class='ocr_carea' id='block_1_40' title="bbox 2328 1891 2337 2869">
    <p class='ocr_par' dir='ltr' id='par_1_46' title="bbox 2328 1891 2337 2869">
     <span class='ocr_line' id='line_1_139' title="bbox 2328 1891 2337 2869; baseline 0 0"><span class='ocrx_word' id='word_1_1106' title='bbox 2328 1891 2337 2869; x_wconf 95' lang='lat' dir='ltr'> </span> 
     </span>
    </p>
   </div>
  </div>
 </body>
</html>
