2316 3395
231 144 320 194 140
643 128 1140 178 MTULLH

224 211 341 244 senatus
354 229 361 245 ‚
381 219 441 252 quo
452 216 506 251 pro
516 208 622 240 ordine
634 209 685 239 illa
695 209 836 239 dicuntur
855 219 860 238 ε
882 209 1042 240 &invidia
1051 209 1184 240 concita-

227 255 319 284 turin
330 253 463 289 iudicum
476 272 484 286 ,
496 252 529 282 δε
540 254 571 281 in
582 252 784 281 accusatorum
794 249 959 280 fafflonem
970 271 978 285 ,
992 260 1095 282 contra
1108 260 1186 292 quo-

229 305 299 326 rum
317 296 483 334 potet-,tiam
498 293 679 333 populariter
697 300 762 321 tum
780 291 945 322 dicendum
954 292 1020 323 fuit.
1041 294 1136 323 multa
1153 294 1187 323 in

231 337 560 376 ill;iorati1)negi·aviter
571 354 579 367 ‚
598 334 693 363 multa
702 333 810 363 leniter
820 355 828 366 ‚
850 335 945 365 multa
954 334 1054 375 aspere
1065 355 1074 368 ‚
1092 334 1189 365 multa

231 377 325 408 facet}
336 376 417 407 die'ta
428 378 496 407 sunt
506 387 510 405 ς
521 376 603 415 plura
612 376 702 404 etiam
712 373 790 403 dista
802 395 809 407 ,
822 375 914 416 quam
925 377 1028 417 scripta
1040 398 1048 409 ,
1059 376 1140 417 quod
1149 385 1188 406 ex

231 419 411 460 quibusdam
429 418 573 457 capitibus
589 415 728 456 expositis
740 436 748 449 ,
769 426 825 446 nec
834 418 987 457 explicatis
997 420 1124 459 intelligi
1134 428 1190 458 po-

235 461 298 491 test.
343 461 406 499 Ipsi
427 460 478 488 iil-a
495 458 628 488 censoria
646 467 750 488 contra
771 461 827 488 Cn.
849 461 1026 491 Domitium
1045 460 1191 502 collegam

235 512 300 532 non
319 501 361 531 est
372 502 464 530 oratio
475 520 484 533 ‚
505 499 552 529 scd
563 497 641 540 quasi
659 501 752 539 capita
768 509 868 531 rerum
881 522 888 534 ‚
909 502 942 532 ὃς
951 504 1094 532 orationis
1105 511 1192 531 corn-

235 545 417 573 mentatium
427 541 528 581 paullo
537 542 664 581 plenius.
683 541 765 571 nulla
775 541 816 571 est
826 544 910 572 enim
920 543 1069 574 altercatio
1078 544 1194 573 clamo—

235 585 318 615 ribus
329 593 473 623 uniquam
485 583 582 613 habita
592 582 766 622 majoribus.
790 587 827 614 Et
836 583 909 614 verb
918 584 975 615 fuit
985 587 1017 615 in
1029 587 1085 615 hoc
1097 585 1129 614 &
1139 594 1195 624 po-

235 626 345 666 pularis
363 624 459 654 dicho
476 624 638 654 excellens.
659 626 789 654 Antonii
805 636 896 666 genus
915 626 1037 656 dicendi
1057 627 1155 656 multo
1166 635 1196 655 a-

174 678 220 711 45
237 670 316 714 ptius
334 666 476 707 judiciis,
497 665 588 706 quam
607 666 817 697 concionibus.
843 670 911 697 Hoc
931 668 1000 698 loco
1019 669 1118 708 ipsum
1129 670 1195 697 Do-

238 718 363 739 mitium
380 718 444 738 non
461 708 611 748 relinquo.
631 718 702 737 nam
712 706 762 737 etsi
774 719 838 739 non
856 709 916 739 fuit
930 720 961 739 in
972 718 1125 740 oratorum
1138 718 1196 738 nu-

239 760 325 780 mero
335 770 343 783 ‚
364 758 466 780 tamen
475 759 559 789 pono
568 750 635 779 satis
644 751 677 779 in
686 759 722 779 eo
733 749 820 780 fuiffe
830 753 973 781 orationis
986 771 994 784 ‚
1013 761 1100 792 atque
1110 753 1195 791 inge-

238 794 284 822 nii
296 812 305 825 ,
324 801 386 832 quo
395 791 428 821 &
438 790 621 832 magistratus
632 791 789 830 personam
802 812 809 824 ‚
828 792 860 822 δε
870 793 1057 823 consularem
1067 793 1197 832 dignita-

239 843 302 864 tem
312 842 442 863 tueretur
454 842 459 861 :
480 832 561 873 quod
570 831 653 862 idern
665 832 700 862 de
712 834 845 863 GCoelio
856 834 985 864 dixerim
999 855 1007 867 ,
1020 833 1196 864 industriam

239 877 274 905 in
292 885 329 904 eo
349 875 500 905 summam
517 872 604 904 fuisse
620 893 628 907 ‚
651 875 839 915 summasque
858 878 978 905 virtutes
991 897 999 909 ‚
1018 876 1198 916 eloquentiae

239 924 358 948 tantum
370 936 379 948 ‚
396 915 479 957 quod
497 914 609 945 essetin
620 915 707 945 rebus
717 918 837 955 privatis
849 938 857 949 ,
879 919 982 947 amicis
993 918 1055 955 ejus
1068 937 1076 950 ‚
1098 919 1129 946 in
1152 927 1198 946 re-

239 956 412 999 pub-ipsius
430 957 564 998 dignitati
582 958 657 987 satis.
682 957 799 987 Eodem
818 968 953 998 tempore
967 962 1011 989 M.
1026 960 1199 989 Herennius

243 1003 277 1030 in
287 999 492 1030 mediocribus
506 999 671 1028 oratoribus
681 1019 690 1032 ‚
710 1000 817 1029 Latine
833 1021 841 1033 ‚
863 1001 895 1030 &
905 1000 1063 1042 diligenter
1072 1001 1199 1041 loquen-

242 1041 323 1072 tibus
335 1062 344 1074 ,
365 1049 537 1071 numeratus
551 1039 593 1070 est
606 1061 614 1073 ,
634 1042 685 1080 qui
695 1049 795 1070 tamen
806 1042 922 1072 summa
932 1043 1088 1072 nobilitate
1098 1043 1200 1071 homi-

241 1092 314 1113 nem
325 1103 334 1116 ,
347 1084 526 1124 cognatione
537 1103 544 1115 ,
571 1081 719 1111 sodalitate
729 1102 738 1115 ‚
751 1083 879 1124 collegio
889 1104 896 1117 ,
909 1083 1026 1114 summa
1036 1086 1126 1113 etiam
1137 1083 1201 1112 elo-

241 1126 364 1165 quentia
375 1145 384 1157 ,
405 1124 617 1162 L-Philippum
629 1143 637 1156 ,
656 1125 689 1153 in
708 1124 878 1154 consulatus
888 1128 1034 1165 petitione
1045 1126 1201 1165 superavit.

243 1165 362 1197 Eodem
380 1174 515 1204 tempore
525 1167 557 1195 C.
570 1164 694 1195 Clodius
706 1185 714 1198 ‚
735 1164 786 1195 etsi
799 1176 916 1206 propter
928 1168 1077 1197 summam
1087 1166 1202 1196 nobili-

242 1215 334 1238 tatem
346 1227 354 1241 ,
366 1207 399 1237 &
409 1205 586 1247 singularem
595 1208 763 1246 potentiam
772 1217 898 1248 magnus
908 1218 967 1238 erat
977 1229 984 1241 ,
999 1218 1099 1238 tamen
1110 1209 1202 1237 etiam

243 1249 424 1289 eloquentiae
445 1247 595 1289 quandam
617 1247 857 1279 mediocritatem
877 1248 1021 1280 afferebat.
1059 1248 1203 1289 Ejusdem

244 1290 308 1320 fere
318 1291 464 1330 temporis
480 1289 538 1319 fuit
548 1299 637 1330 eques
647 1291 806 1320 Romanus
817 1293 954 1321 C.Titius
964 1312 972 1325 ‚
993 1292 1046 1331 qui
1068 1301 1137 1320 meo
1153 1292 1204 1330 ju-

245 1331 328 1363 dicio
344 1352 353 1365 ‚
374 1330 410 1362 eo
419 1330 585 1371 pervenisse
594 1331 713 1361 videtur
723 1351 731 1365 ‚
751 1330 812 1372 quo
823 1334 921 1372 potuit
931 1331 993 1362 fere
1003 1334 1127 1362 Latinus
1139 1342 1204 1361 ora-

246 1381 293 1404 tor
307 1373 365 1414 fine
382 1374 476 1403 Graecz's
485 1374 585 1401 titteris
596 1392 604 1405 ,
625 1373 659 1402 δε
672 1371 732 1402 sine
742 1374 842 1403 multo
853 1375 906 1404 usu
916 1376 1082 1414 pervenire.
1106 1374 1205 1413 Hujus

245 1418 396 1445 orationes
407 1423 523 1444 tantum
543 1416 723 1457 argutiarum
734 1434 743 1448 ‚
763 1424 880 1445 tantum
891 1417 1103 1455 exemplorum
1115 1435 1122 1448 ,
1141 1423 1206 1444 tan-

247 1465 313 1487 turn
331 1456 505 1486 urbanitatis
524 1456 652 1490 habent,
669 1465 703 1486 ut
719 1457 806 1496 paene
824 1459 925 1488 Attico
936 1457 1004 1487 stilo
1018 1458 1130 1497 scriptae
1149 1454 1205 1486 elie

245 1498 412 1528 videantur.
437 1497 562 1528 Easdem
576 1499 701 1539 argutias
716 1500 750 1527 in
762 1499 915 1539 tragoedias
933 1500 998 1529 satis
1009 1500 1134 1539 quidem
1155 1498 1206 1528 ille

245 1539 332 1570 acute
344 1559 353 1573 ,
374 1539 422 1569 sed
432 1549 536 1579 parum
547 1539 653 1580 tragice
674 1539 830 1570 transtulit.
853 1543 953 1582 Qem
964 1540 1096 1571 studebat
1108 1542 1209 1570 imita-

247 1584 274 1611 ri
285 1579 465 1611 L.Afi·anius
481 1582 568 1620 po'e'ta
581 1601 589 1613 ,
607 1582 702 1611 homo
713 1590 881 1623 perargutus
893 1597 907 1616 ‚v
922 1584 955 1612 in
966 1582 1074 1612 fabulis
1083 1581 1207 1622 quidem

249 1624 341 1653 etiam
354 1643 362 1656 ,
381 1631 413 1652 ut
424 1623 503 1653 scitis
514 1642 521 1656 ,
542 1621 676 1652 disertus.
710 1625 778 1653 Fuit
794 1625 884 1653 etiam
906 1624 1089 1663 QRubrius
1101 1627 1203 1656 Varro,

248 1667 303 1705 qui
314 1664 329 1694 {i
338 1665 438 1694 senatu
449 1663 543 1694 hostis
552 1674 621 1694 cum
634 1667 666 1694 C.
678 1665 930 1703 Mai-iojud'icatus
939 1665 982 1696 est
992 1687 1001 1700 ‚
1017 1675 1101 1698 acer,
1114 1665 1146 1695 &
1156 1674 1209 1694 ve-

250 1707 377 1735 hemens
386 1707 542 1736 accusator.
566 1709 603 1735 In
612 1716 648 1736 eo
659 1716 766 1747 genere
777 1706 844 1737 sane
854 1707 1030 1746 probabilis,
1041 1706 1148 1737 doetus
1157 1716 1209 1736 au-

251 1757 314 1778 tem
325 1749 438 1777 Graecis
456 1748 562 1777 litteris
574 1768 581 1780 ‚
602 1750 786 1788 propinquus
804 1749 923 1782 noster,
942 1748 1037 1779 faetus
1057 1749 1091 1779 ad
1105 1748 1209 1778 dicen-

251 1789 341 1823 dum,
357 1791 399 1818 M.
413 1789 564 1819 Gratidius
576 1809 584 1822 ‚
604 1792 650 1818 M.
664 1792 792 1820 Antonii
801 1790 1008 1830 perfamiliaris
1020 1802 1025 1820 z
1038 1792 1122 1830 cujus
1135 1800 1210 1829 prae-

251 1831 348 1860 festus
367 1841 437 1861 cum
455 1829 569 1860 essetin
580 1832 703 1864 Cilicia,
722 1831 764 1862 est
778 1832 952 1863 interfe&us
967 1843 972 1862 :
991 1835 1044 1874 qui
1055 1833 1209 1865 accusavit,

186 1873 233 1914 46
255 1873 461 1902 CFimbriam
473 1893 482 1906 ‚
495 1875 538 1902 M.
549 1875 637 1903 Marii
648 1873 814 1904 Gratidiani
823 1883 914 1914 pater.
927 1877 1025 1916 Atque
1034 1877 1125 1905 etiam
1135 1873 1210 1914 apud

253 1915 350 1944 socios
363 1934 371 1946 ‚
392 1915 559 1944 &Latinos
579 1924 710 1945 oratores
726 1916 821 1945 habiti
839 1917 908 1946 sunt
925 1919 1089 1957 QVettius
1100 1918 1213 1946 Vettia—

254 1966 311 1986 nus
323 1977 330 1989 ‚
341 1955 358 1985 ὲ
373 1955 475 1985 Marsis
485 1966 576 1997 quem
590 1957 649 1996 ipse
660 1959 806 1997 cognovi,
817 1958 947 1997 prudens
958 1959 1058 1992 vin&
1068 1961 1100 1988 in
1110 1958 1214 1988 dicen-

252 1997 292 2027 do
303 1998 399 2027 brevis
421 2008 427 2026 ς
450 1998 535 2037 OQ&
551 2001 591 2028 D.
603 1999 715 2028 Valerii
733 2001 856 2032 Sorani,
876 2002 988 2034 vicini,
1010 2000 1213 2030 &familiares

253 2041 315 2069 mei
328 2060 336 2072 ,
347 2049 411 2069 non
422 2047 482 2069 tam
494 2042 526 2069 in
536 2039 666 2070 dicendo
676 2039 864 2071 admirabiles
874 2062 881 2074 ‚
894 2041 985 2082 quam
996 2041 1080 2071 dosii
1091 2043 1122 2072 ὃς
1131 2043 1214 2071 Grae-

255 2083 299 2110 cis
311 2082 414 2110 litteris
425 2100 433 2113 ,
454 2082 487 2110 δεῖ
497 2083 613 2110 Latinis
627 2092 632 2110 2
645 2081 862 2112 CRusticellus
873 2083 1071 2114 Bononiensis
1084 2103 1093 2118 >
1111 2086 1136 2113 is
1147 2085 1215 2124 qui-

253 2122 325 2152 dem
347 2122 584 2155 &c:tercitatus‚
605 2123 637 2151 &
648 2131 750 2152 natura
767 2124 923 2153 volubilis.
947 2128 1096 2155 Omnium
1113 2134 1213 2155 autem

258 2162 518 2203 eloquentiffimus
548 2172 630 2193 extra
659 2165 734 2193 hanc
757 2165 863 2194 urbem
887 2168 924 2195 T.
945 2168 1086 2195 Betucius
1109 2168 1213 2195 Barrus

255 2205 420 2234 Asculauus
431 2225 440 2237 ‚
451 2205 536 2243 cujus
546 2205 613 2235 sunt
622 2206 735 2245 aliquot
746 2207 896 2236 orationes
907 2207 1008 2236 Asculi
1019 2207 1136 2237 habitat.
1161 2207 1213 2237 illa

257 2249 366 2277 Romae
387 2255 488 2276 contra
499 2249 673 2286 Caepionem
684 2266 692 2280 ,
712 2247 826 2277 nobilis
843 2247 910 2278 sane
924 2267 932 2281 ‚
953 2249 1001 2278 cui
1011 2250 1139 2278 orationi
1151 2251 1214 2278 (3ae-

255 2289 357 2328 pionis
367 2298 416 2317 ore
427 2287 579 2326 respondit
590 2289 688 2318 AElius
707 2299 712 2317 :
732 2291 784 2329 qui
793 2289 965 2328 scriptitavit
974 2290 1124 2320 orationes
1134 2290 1215 2319 mul-

257 2339 299 2363 tas
311 2350 319 2363 ,
343 2338 440 2359 orator
455 2330 516 2369 ipse
535 2339 688 2370 nunquam
708 2328 775 2360 suit.
798 2330 886 2370 Apud
903 2331 1031 2369 majores
1046 2340 1146 2361 autem
1157 2341 1215 2361 no-

258 2370 332 2401 stros
347 2370 439 2400 video
459 2369 682 2401 disertissimum
702 2372 838 2402 habitum
858 2382 896 2402 ex
912 2374 999 2402 Latio
1017 2375 1052 2402 L.
1064 2374 1214 2413 Papirium

257 2413 466 2453 Fregellanum
478 2433 487 2445 ,
506 2414 558 2442 Ti.
580 2414 723 2447 Gracchi,
747 2416 778 2443 P.
790 2416 820 2443 F.
843 2413 906 2444 fere
924 2423 1006 2444 aetate
1027 2425 1032 2443 z
1051 2416 1214 2454 ejusetiain

257 2457 353 2484 oratio
371 2453 415 2483 est
432 2464 486 2493 pro
497 2455 676 2495 Fregellanis
687 2475 696 2488 ,
715 2455 902 2496 coloniisque
917 2457 1035 2486 Latinis
1046 2476 1054 2489 2
1073 2456 1172 2486 habita
1180 2458 1214 2486 in

257 2496 368 2527 senatu.
392 2498 476 2525 Tum
487 2497 592 2526 Brutus
606 2516 614 2528 ,
635 2496 715 2536 Qid
727 2498 878 2537 utigitur,
898 2499 1014 2538 inquit,
1036 2497 1214 2528 tribuisistis

256 2539 387 2567 externis
397 2535 475 2577 quasi
486 2538 652 2567 oratoribus
665 2542 675 2567 ?
693 2538 774 2580 Qid
783 2539 894 2572 censes,
905 2541 1041 2579 inquam,
1054 2538 1109 2569 nisi
1120 2539 1212 2573 idem,

258 2578 339 2618 quod
350 2578 470 2608 urbanis
481 2598 489 2612 ‚
508 2587 611 2618 praeter
628 2590 725 2610 unum
737 2600 746 2614 ,
764 2579 847 2621 quod
861 2591 922 2610 non
933 2580 974 2611 est
984 2590 1089 2611 coium
1099 2580 1216 2610 urbani-

258 2627 320 2648 tate
329 2619 456 2659 quadam
466 2619 545 2660 quasi
554 2621 682 2651 colorata
692 2624 788 2651 oratio
800 2625 810 2651 ?
833 2625 870 2652 Et
880 2625 985 2652 Brutus
996 2643 1004 2656 ,
1017 2624 1078 2664 Qi
1089 2622 1131 2653 est
1144 2643 1152 2656 ,
1165 2625 1216 2652 in·-

257 2663 324 2701 quit
336 2682 344 2693 ,
360 2660 412 2690 istc
424 2661 543 2691 tandem
555 2662 728 2693 urbanitatis
738 2664 842 2693 color?
854 2665 966 2694 Nescio
976 2684 985 2697 ‚
1006 2666 1138 2705 inquam.
1150 2673 1214 2694 tan-

258 2701 327 2732 tum
338 2700 394 2732 esse
406 2702 557 2742 quendam
568 2703 637 2733 scio.
660 2704 695 2734 Id
707 2713 738 2735 tu
749 2725 757 2738 2
770 2707 857 2736 Brute
869 2706 950 2745 ,jam
960 2706 1110 2747 intelliges
1122 2727 1129 2739 ‚
1141 2704 1212 2736 esim

258 2745 293 2774 in
303 2744 432 2773 Galliam
442 2746 569 2774 veneris.
593 2745 694 2775 audies
704 2754 736 2776 tu
745 2747 870 2787 quidem
880 2750 970 2777 etiarn
979 2747 1068 2777 verba
1098 2748 1212 2778 uaedam

259 2795 322 2815 non
333 2787 399 2815 trita
408 2787 517 2815 Roma:
536 2796 541 2814 :
561 2786 679 2817 sedhaec
690 2790 817 2822 mutari,
838 2789 1009 2830 dediscique
1019 2798 1059 2829 po
1088 2798 1149 2820 unt.
1173 2790 1214 2819 Il-

258 2826 311 2856 ]ud
321 2826 364 2856 est
375 2827 434 2864 maj
440 2836 471 2856 us
493 2837 498 2855 :
516 2826 598 2868 quod
618 2830 649 2858 in
659 2828 783 2859 vocibus
793 2829 967 2861 nostrorum
976 2839 1128 2861 oratorum
1139 2833 1213 2861 reci-

257 2869 304 2901 nit
320 2868 463 2908 quiddam
476 2888 485 2900 ‚
506 2869 662 2899 &resonat
672 2871 822 2901 urbanius.
846 2882 901 2903 nec
918 2873 977 2902 hoc
994 2875 1027 2902 in
1047 2873 1213 2903 oratoribus

258 2908 355 2939 modo
371 2907 489 2950 appfiret
506 2929 515 2942 ³
538 2910 589 2941 sed
614 2913 706 2942 ctiam
724 2914 758 2943 in
784 2915 901 2945 ceteris.
923 2917 989 2955 Ego
1015 2916 1148 2945 memini
1170 2917 1208 2945 T.

297 3042 306 3060 i
316 3055 321 3060 .
339 3037 472 3069 Onminofic
483 3037 529 3069 <m
536 3038 613 3069 opinor
623 3038 632 3071 >
643 3040 669 3063 in
678 3040 769 3070 nostris,
779 3041 846 3075 drea]
866 3042 1009 3069 Riviaiiiim
1021 3041 1067 3070 est.
1088 3043 1215 3079 publicati

259 3070 330 3111 errim
343 3089 350 3101 ,
360 3073 532 3105 Omnium-ficut
541 3075 619 3105 opinor
627 3076 652 3099 in
665 3093 672 3106 ‚
681 3075 732 3105 &a
751 3076 910 3110 Cujacianus
921 3088 983 3105 mox
995 3079 1104 3115 praesert
1113 3082 1161 3107 illic
1169 3083 1216 3106 At-

258 3113 321 3132 fttm·
332 3125 341 3138 ,
351 3115 399 3141 pro
408 3116 461 3142 quo
474 3107 573 3143 vulgati
588 3128 596 3141 ,
606 3111 653 3135 isse.

1219 131 1746 178 C1cnnoN1s

1230 211 1362 241 Tincam
1381 208 1608 245 Placentinum,
1627 211 1785 241 hominem
1801 209 2011 242 facetissimum
2022 230 2031 246 ‚
2051 221 2122 242 curn
2140 209 2188 241 fa³

1230 253 1341 283 miliari
1351 251 1453 283 nostro
1471 255 1636 292 Q„Granio
1644 263 1780 293 prazcone
1793 253 1945 283 dicacitate
1955 263 2072 284 certare.
2092 256 2187 286 Eon'.

1229 296 1330 334 inquit
1339 296 1445 324 Brutus
1454 315 1463 328 ,
1483 294 1519 324 de
1531 304 1592 335 quo
1604 295 1698 324 multa
1708 295 1863 324 Lucilius?
1885 294 1945 325 Isto
1956 296 2019 335 ipso
2031 306 2036 324 :
2048 294 2097 325 sed
2108 297 2188 325 Tin-

1230 346 1296 366 cam
1313 346 1378 366 non
1395 337 1496 366 minus
1509 336 1604 366 multa
1621 336 1747 366 ridicule
1767 337 1919 366 dicentem
1931 339 2059 366 Granius
2078 336 2193 366 obrue-

1231 378 1281 408 bat:
1298 379 1400 408 nescio
1416 387 1477 418 quo
1491 378 1587 419 fhpore
1603 378 1749 406 vernaculo
1766 388 1778 405 .-
1798 386 1831 407 ut
1849 388 1904 418 ego
1921 379 1984 417 jam
2003 388 2066 408 non
2083 379 2187 411 mirer,

1231 419 1309 450 illud
1324 418 1531 459 Theophrasto
1547 418 1684 449 accidisse
1696 439 1704 453 ‚
1725 418 1806 460 quod
1824 419 1951 453 dicitur,
1973 418 2045 449 cum
2064 429 2191 459 percun-

1235 461 1361 491 &aretur
1382 471 1420 490 ex
1441 461 1559 490 anicula
1578 460 1706 501 quadam
1729 480 1737 494 ,
1769 462 1873 500 quanti
1894 461 2007 501 aliquid
2029 461 2189 491 venderet:

1236 503 1269 532 ὃς
1291 500 1486 542 respondisset
1503 502 1554 532 illa
1574 522 1582 535 ‚
1606 510 1691 542 atque
1708 500 1863 532 addidisset
1882 522 1891 535 ,
1915 503 2010 540 Hospes
2028 521 2037 535 ‚
2061 512 2111 531 non
2131 508 2193 541 pote

1234 544 1344 573 minoris
1364 555 1375 571 .·
1405 542 1503 573 tuliffe
1520 552 1591 572 euin
1614 542 1741 573 moleste
1761 564 1772 576 ,
1793 543 1821 573 se
1839 553 1902 572 non
1921 543 2050 584 effugere
2068 543 2195 582 hospitis

1236 586 1365 625 speciem
1375 606 1384 618 ,
1396 583 1465 615 cuni
1479 593 1595 614 aetatem
1605 593 1702 624 ageret
1711 586 1838 614 Athenis
1849 605 1856 617 ‚
1869 586 2043 625 optimeque
2056 585 2196 624 loquere-

1238 636 1293 657 tur.
1315 631 1324 646 ¹
1337 629 1475 657 Omnino
1486 625 1523 656 fic
1533 625 1577 665 (ut
1586 626 1707 665 opinor)
1717 628 1750 655 in
1760 625 1869 655 nosti-is
1879 625 1922 655 est
1930 627 2055 666 quidam
2064 627 2196 654 urbano-
2218 640 2223 644 -

1237 678 1305 698 rum
1316 688 1324 702 ‚
1335 667 1407 698 sicut
1416 668 1467 698 ille
1478 669 1647 698 Atticorum
1658 668 1758 697 sonus.
1781 667 1831 697 sed
1846 666 1975 697 domum
1985 666 2151 700 redeamus,
2163 665 2196 695 id

1239 752 1272 781 &
1282 753 1419 781 Antonio
1430 771 1438 785 ‚
1461 753 1496 781 L.
1510 751 1663 790 Philippus
1675 752 1831 790 proximus
1841 750 1996 780 accedebat
2005 770 2013 784 ,
2033 750 2083 780 sed
2102 750 2198 791 longo

1239 793 1398 823 intervallo
1408 813 1415 826 ,
1428 801 1529 822 tamen
1540 795 1709 832 proximus.
1732 794 1833 832 Itaque
1843 802 1925 826 eum,
1938 790 1989 822 etsi
2001 801 2093 821 nemo
2104 793 2198 821 inter-

1223 846 1225 849 ·
1238 834 1362 865 cedebat
1372 855 1380 867 ‚
1392 835 1484 875 quise
1495 834 1541 863 illi
1552 833 1710 863 anteferret
1719 853 1727 866 ,
1740 843 1836 874 neque
1845 833 2010 863 secundum
2020 841 2132 866 tamen,
2144 843 2199 862 ne-

1240 886 1297 916 que
1308 878 1430 905 tertium
1440 875 1580 905 dixerim.
1605 877 1680 905 NEC
1699 884 1789 904 ENiM
1808 877 1841 904 in
1850 875 1998 915 quadrigis
2012 885 2083 904 eum
2093 875 2199 905 secun-

1242 918 1316 948 dum
1326 919 1548 947 numeraverim
1560 937 1568 950 ‚
1589 925 1638 946 aut
1647 918 1769 946 tertium
1780 936 1790 950 ‚
1811 920 1863 957 qui
1873 918 1926 946 vix
1937 916 1953 946 ὲ
1965 917 2129 947 carceribus
2146 926 2202 946 ex-

1243 957 1396 992 ierit,cum
1406 959 1536 999 palmam
1544 959 1554 997 j
1559 968 1607 988 am
1618 960 1732 998 primus
1743 960 1887 998 acceperit
1898 968 1903 986 z
1915 960 2012 988 necin
2022 958 2200 991 oratoribus,

1242 1002 1294 1041 qui
1305 1009 1421 1031 tantum
1431 999 1502 1030 absit
1511 1000 1527 1030 Ξι
1535 1002 1647 1040 primo,
1660 1002 1713 1029 vix
1723 1008 1756 1028 ut
1767 1002 1799 1029 in
1809 999 1917 1030 eodem
1930 1000 2078 1030 curriculo
2087 998 2145 1029 effe
2155 1000 2202 1028 vi-

1243 1043 1356 1072 deatur:
1373 1042 1422 1072 sed
1434 1050 1535 1072 tamen
1546 1050 1629 1071 erant
1639 1051 1670 1071 ea
1680 1043 1713 1070 in
1722 1042 1861 1081 Philippo
1871 1062 1879 1074 ,
1892 1051 1968 1082 quae,
1982 1039 2104 1082 quisine
2115 1050 2204 1070 com-

1242 1085 1393 1124 paratione
1403 1084 1529 1119 illorum
1540 1082 1690 1122 specstaret,
1706 1082 1771 1112 satis
1781 1093 1887 1122 magna
1896 1083 2019 1112 diceret:
2036 1083 2154 1112 summa
2164 1083 2204 1111 li-

1244 1127 1338 1156 bertas
1348 1127 1381 1155 in
1391 1127 1526 1155 oratione
1536 1144 1544 1158 ‚
1557 1125 1659 1154 multa:
1671 1123 1782 1154 facetia:
1795 1145 1803 1157 ,
1822 1125 1889 1154 satis
1899 1125 2000 1154 creber
2009 1126 2042 1153 in
2053 1126 2206 1164 reperien-

1247 1168 1292 1198 dis
1304 1187 1312 1201 ,
1325 1167 1438 1196 solutus
1450 1168 1482 1195 in
1493 1165 1678 1205 explicandis
1690 1166 1842 1195 sententiis
1856 1175 1932 1195 :erat
1942 1167 2032 1195 etiam
2043 1167 2074 1195 in
2083 1167 2203 1205 primis,

1245 1217 1277 1239 ut
1288 1208 1474 1247 temporibus
1485 1207 1556 1239 illis,
1568 1208 1679 1236 Graecis
1689 1206 1835 1236 d0&i·inis
1845 1206 2009 1240 institutus,
2022 1209 2054 1236 in
2064 1208 2207 1237 altercan-

1248 1251 1287 1280 do
1297 1260 1368 1279 cum
1382 1250 1483 1289 aliquo
1493 1249 1597 1278 aculeo
1607 1268 1616 1281 ‚
1636 1249 1668 1278 &
1679 1247 1841 1278 maledieto
1850 1246 1971 1278 facetus.
1994 1251 2116 1278 Horum
2126 1250 2207 1279 aetati'.

1247 1291 1339 1332 prope
1360 1288 1543 1329 conjunfhis
1564 1291 1602 1319 L.
1624 1289 1741 1318 Gellius
1761 1299 1825 1319 non
1842 1299 1903 1319 tarn
1924 1288 2069 1319 vendibilis
2087 1299 2204 1323 orator,

1249 1333 1339 1374 quam
1351 1340 1383 1361 ut
1393 1332 1519 1361 nescires
1530 1351 1538 1364 ,
1550 1330 1622 1371 quid
1632 1332 1660 1360 ei
1670 1329 1788 1361 deess'et.
1815 1341 1870 1361 nec
1881 1333 1964 1361 enim
1975 1340 2034 1361 erat
2043 1330 2184 1362 indodtus
2195 1350 2207 1364 ‚

1250 1385 1304 1404 nec
1314 1373 1411 1403 tardus
1430 1373 1466 1403 ad
1483 1372 1714 1413 excogitandum
1725 1392 1732 1406 ,
1753 1382 1809 1402 nec
1818 1376 2026 1403 Romanarum
2036 1383 2135 1403 rerum
2145 1374 2207 1403 im-

1250 1425 1388 1448 memor,
1401 1415 1433 1444 &
1442 1414 1542 1444 verbis
1552 1414 1665 1444 solutus
1674 1415 1756 1444 satis:
1777 1414 1826 1444 sed
1837 1417 1870 1444 in
1881 1425 2006 1455 magnos
2019 1424 2148 1445 oratores
2159 1416 2209 1444 in-

1248 1458 1358 1488 ciderat
1375 1457 1439 1495 ejus
1457 1465 1525 1486 aetas
1537 1466 1542 1484 :
1561 1456 1691 1485 multam
1709 1464 1809 1486 tamen
1823 1466 1944 1496 operam
1955 1458 2060 1486 amicis
2073 1477 2081 1489 ,
2104 1456 2136 1486 ὅτ.
2147 1458 2208 1486 uti-

1249 1500 1310 1529 lem
1320 1498 1460 1538 praebuit:
1478 1506 1563 1538 atque
1574 1499 1613 1527 ita
1622 1497 1675 1527 diu
1685 1499 1764 1527 vixit
1772 1517 1780 1531 ,
1797 1506 1829 1527 ut
1838 1498 2002 1527 multarum
2012 1506 2132 1528 aetatuin
2142 1508 2208 1529 ora-

1250 1540 1364 1571 toribus
1374 1540 1575 1579 implicarctui·
1585 1559 1594 1572 ,
1613 1539 1748 1568 multum
1767 1540 1858 1569 etiam
1876 1541 1909 1568 in
1928 1537 2018 1569 causis
2034 1540 2207 1570 versaretur.

1249 1582 1360 1612 Iisdem
1378 1580 1440 1610 fere
1458 1580 1644 1620 temporibus
1654 1583 1694 1610 D.
1706 1582 1812 1610 Brutus
1823 1600 1831 1614 ,
1852 1582 1876 1610 is
1887 1600 1897 1614 ‚
1917 1583 1970 1621 qui
1980 1583 2047 1611 Cos.
2060 1591 2130 1611 cum
2140 1583 2208 1612 Ma-

1252 1633 1356 1654 merco
1368 1622 1535 1656 fuit,horno
1546 1622 1578 1652 &
1589 1623 1698 1652 Graccis
1708 1621 1815 1652 doelus
1827 1623 1944 1657 litteris,
1955 1623 1988 1653 ὃς
1998 1624 2125 1653 Latinis.
2149 1624 2208 1653 Di-

1250 1666 1333 1696 cebat
1342 1666 1433 1695 etiam
1444 1666 1481 1694 L.
1493 1665 1592 1704 Scipio
1602 1673 1666 1694 non
1675 1663 1835 1704 imperite?
1849 1665 2011 1705 Cnaeusque
2023 1665 2147 1705 Pompej
2152 1675 2186 1694 us
2197 1684 2206 1700 ,

1251 1711 1318 1739 Sex.
1331 1709 1362 1736 F.
1381 1707 1513 1746 aliquem
1523 1715 1688 1736 numerum
1698 1705 1862 1737 obtinebat.
1886 1716 1956 1736 nam
1966 1710 2034 1737 Sex.
2047 1706 2134 1737 frater
2144 1708 2210 1746 ejus

1250 1746 1519 1791 praestantiffimum
1531 1750 1690 1789 ingenium
1701 1749 1866 1779 contulerat
1875 1748 1910 1779 ad
1921 1749 2071 1779 summam
2078 1750 2154 1788 juris
2165 1750 2210 1778 ci-

1250 1792 1330 1826 vilis,
1344 1791 1376 1821 &
1385 1791 1420 1821 ad
1430 1788 1593 1831 perfeRam
1601 1791 1820 1832 geometriae,&
1828 1800 1928 1821 rerum
1938 1792 2103 1821 Stoicarum
2114 1790 2211 1820 scien-

1253 1836 1334 1864 tiam.
1358 1836 1436 1863 Item
1456 1834 1489 1862 in
1504 1833 1570 1872 jure
1581 1832 1613 1862 δε
1622 1841 1689 1862 ante
1707 1833 1762 1862 hos
1782 1834 1826 1862 M.
1838 1835 1944 1862 Brutus
1955 1852 1964 1866 2
1985 1833 2017 1862 δε
2027 1832 2127 1872 paullo
2142 1831 2210 1871 post

1253 1885 1325 1907 eum
1343 1879 1357 1894 ²
1368 1877 1402 1905 C.
1414 1874 1549 1905 Bilienus
1559 1894 1567 1908 ‚
1588 1875 1684 1903 homo
1692 1884 1744 1914 per
1754 1875 1783 1904 se
1793 1884 1918 1914 magnus
1929 1894 1938 1907 ,
1961 1874 2051 1914 prope
2062 1872 2154 1903 simili
2165 1883 2212 1904 ra-

1256 1920 1338 1949 tione
1350 1918 1485 1947 summus
1497 1917 1623 1946 evaserat
1632 1936 1640 1950 ‚
1653 1919 1705 1956 qui
1718 1918 1784 1945 Cos.
1797 1915 1891 1946 fatibus
1902 1915 1983 1949 effet,
1995 1914 2049 1945 nisi
2058 1917 2092 1944 in
2101 1916 2211 1946 Maria-

1256 1969 1312 1990 nos
1321 1959 1502 1991 consulatus,
1515 1958 1547 1988 &
1559 1960 1589 1988 in
1600 1968 1646 1987 eas
1655 1958 1810 1997 petitionis
1820 1957 1965 1998 angustias
1974 1955 2136 1987 incidisset.
2151 1959 2208 1987 Cn.
2254 1981 2257 1984 .

1254 2000 1475 2033 autemoetavii
1484 2000 1735 2040 eloquentia,quae
1744 1998 1839 2029 fuerat
1847 2009 1915 2029 ante
1925 1999 2112 2029 consulatum
2122 2001 2212 2040 igno-

1256 2052 1313 2074 rata
1322 2063 1331 2077 ,
1353 2045 1385 2072 in
1395 2041 1551 2073 consulatu
1562 2042 1666 2072 multis
1676 2041 1876 2072 concionibus
1887 2040 1930 2070 est
1938 2042 2133 2070 vehementer
2141 2050 2211 2080 pro-

1256 2086 1332 2115 bata.
1355 2083 1411 2115 Sed
1421 2084 1457 2114 ab
1467 2085 1509 2113 eis
1520 2103 1528 2117 ,
1541 2085 1592 2124 qui
1602 2081 1720 2113 tanturn
1729 2085 1763 2112 in
1773 2082 1926 2111 dicentium
1936 2091 2064 2111 numero
2074 2101 2082 2115 ‚
2100 2091 2166 2111 non
2176 2083 2211 2113 in

1257 2135 1408 2157 oratorum
1427 2125 1549 2155 fuerunt
1557 2144 1568 2157 ,
1583 2126 1648 2164 jam
1665 2124 1701 2154 ad
1719 2132 1848 2153 oratores
1857 2132 2048 2153 revertamur.
2073 2123 2187 2153 Censeo
2199 2144 2210 2156 ,

1256 2169 1357 2207 inquit
1372 2169 1496 2197 Atticus.
1525 2166 1713 2205 eloquenteis
1730 2167 1818 2195 enim.
1831 2164 1968 2194 videbare
1977 2185 1986 2198 ,
2007 2174 2072 2195 non
2090 2164 2209 2195 sedulos

1257 2253 1290 2280 C..
1299 2250 1410 2291 Julius,
1423 2251 1458 2278 L.
1470 2251 1501 2278 F.
1513 2248 1545 2277 ὃς
1554 2247 1766 2287 superioribus,
1781 2248 1813 2277 ὃς
1823 2248 1985 2288 aequalibus
1995 2249 2052 2278 suis
2063 2248 2210 2279 omnibus

1256 2290 1389 2331 praestitit
1398 2311 1406 2323 ,
1426 2299 1584 2330 oraturque
1602 2288 1661 2319 fuit
1679 2290 1809 2319 minime¹
1828 2291 1879 2319 ille
1890 2289 2015 2331 quidem
2024 2291 2188 2320 vehemens
2198 2309 2210 2324 2

1256 2332 1305 2363 sed
1315 2342 1409 2362 nemo
1419 2341 1562 2372 umquam
1575 2331 1736 2361 urbanitate
1746 2351 1754 2365 ‚
1766 2341 1859 2361 nemo
1870 2331 1969 2371 lepore
1982 2352 1991 2364 ‚
2010 2341 2104 2361 nemo
2113 2332 2213 2362 suavi-

1257 2383 1313 2404 tate
1322 2373 1482 2404 conditior.
1506 2376 1581 2403 Sunt
1590 2373 1654 2411 ejus
1664 2374 1777 2413 aliquot
1787 2375 1948 2406 orationes,
1960 2383 1997 2403 ex
2007 2373 2127 2414 quibus,
2138 2371 2212 2404 sicut

1258 2426 1297 2446 ex
1308 2415 1442 2455 ejusdem
1453 2414 1613 2455 tragoediis,
1626 2414 1728 2444 lenitas
1738 2425 1753 2444 e
1757 2415 1764 2452 j
1769 2424 1802 2444 us
1806 2415 1865 2455 fine
1875 2416 1961 2444 nervis
1969 2415 2092 2455 perspici
2101 2415 2208 2455 potest.

1259 2459 1332 2497 Ejus
1348 2457 1470 2496 aequali's
1487 2459 1517 2486 P.
1530 2456 1675 2495 Cethegus
1686 2476 1694 2489 ,
1713 2459 1761 2486 cui
1771 2456 1807 2486 de
1817 2457 1918 2496 repub.
1930 2455 1997 2486 faiis
2006 2456 2211 2496 suppeditabat

1259 2501 1362 2529 oratio.
1386 2507 1479 2528 totam
1491 2500 1574 2527 enim
1585 2498 1702 2528 tenebat
1712 2508 1775 2528 earn
1785 2518 1795 2532 ο
1806 2499 1982 2539 penitusque
1993 2505 2131 2539 cognorat.
2145 2499 2210 2529 ita-

1258 2542 1357 2581 quein
1369 2540 1468 2569 senatu
1480 2540 1681 2569 consularium
1701 2540 1909 2570 auctoritatem
1925 2539 2139 2581 assequebatur.
2160 2539 2212 2571 sed

1259 2585 1291 2612 in
1302 2581 1392 2612 causis
1400 2581 1528 2621 publicis
1538 2582 1633 2614 nihil,
1644 2583 1676 2610 in
1686 2584 1806 2621 privatis
1817 2582 1881 2612 satis
1892 2590 2037 2612 veterator
2046 2581 2210 2612 videbatur.

1258 2627 1326 2654 Erat
1336 2625 1368 2653 in
1378 2625 1499 2662 privatis
1509 2621 1597 2652 causis
1609 2625 1812 2664 QLucretius
1823 2624 1951 2663 Vispillo
1961 2643 1970 2656 ‚
1992 2624 2025 2653 ὃς
2034 2631 2135 2653 acutus
2146 2643 2155 2658 ‚
2175 2623 2211 2654 ὃς

1253 2666 1448 2705 jurisperitus.
1472 2668 1485 2692 3·
1494 2675 1564 2694 nam
1575 2666 1694 2704 Apliilia
1705 2685 1712 2698 ‚
1723 2667 1818 2705 aptior
1827 2665 2023 2696 concionibus
2035 2685 2049 2698 >
2062 2664 2153 2705 quam
2159 2665 2212 2705 ju-

1257 2707 1353 2737 diciis.
1372 2705 1500 2746 prudens
1510 2707 1599 2736 etiam
1611 2709 1650 2736 T.
1663 2709 1781 2736 Annius
1792 2707 1898 2737 Velina
1909 2727 1917 2741 ‚
1935 2706 1967 2736 &
1978 2709 2011 2736 in
2021 2708 2045 2746 ej
2052 2716 2084 2736 us
2094 2708 2210 2747 generis

1257 2746 1347 2779 causis
1358 2756 1455 2778 orator
1464 2747 1532 2778 sane
1547 2748 1718 2778 tolerabilis.
1752 2751 1788 2778 In
1808 2748 1916 2778 eodem
1936 2758 2042 2789 genere
2055 2748 2210 2779 cau-sarum

1259 2790 1392 2820 multum
1403 2797 1461 2819 erat
1469 2792 1509 2819 T.
1518 2790 1676 2830 Juventius
1687 2810 1695 2823 ,
1708 2792 1803 2820 nimis
1814 2791 1865 2820 ille
1876 2791 2003 2831 quidem
2011 2790 2108 2820 lentus
2119 2790 2152 2819 in
2162 2789 2210 2819 di-

1257 2831 1353 2862 cendo
1363 2853 1372 2865 ‚
1393 2831 1429 2861 &
1442 2831 1526 2871 paenit
1545 2830 1670 2872 frigidus
1683 2842 1688 2860 z
1706 2831 1755 2862 sed
1766 2832 1948 2866 &callidii-5,
1970 2832 2046 2861 &in
2063 2830 2211 2871 capiendo

1259 2873 1423 2904 adversario
1441 2873 1573 2902 versutus
1584 2894 1593 2905 ‚
1615 2873 1647 2902 δε
1657 2882 1793 2913 praeterea
1811 2884 1867 2904 nec
1882 2873 2040 2906 induistus,
2060 2873 2093 2902 ὃς
2104 2883 2212 2914 magna

1259 2925 1330 2946 cum
1346 2915 1421 2955 juris
1438 2914 1537 2946 civilis
1555 2914 1761 2956 intelligentia.
1795 2916 1887 2958 Cujus
1903 2914 2022 2945 auditor
2038 2917 2070 2945 P.
2081 2914 2190 2944 Orbius
2199 2934 2211 2948 ,

2126 2965 2214 2986 meus

1258 3045 1310 3072 ster
1319 3048 1436 3071 Bellienus·
1446 3064 1453 3075 ‚
1465 3043 1510 3070 lib.
1523 3053 1593 3070 xiii.
1606 3044 1751 3072 Annalium
1763 3046 1845 3072 Rom.

1297 3089 1323 3116 3.
1343 3085 1407 3107 Nam
1425 3082 1495 3114 ofilla
1513 3083 1589 3113 aptior
1607 3081 1774 3116 concionibm]
1797 3083 1836 3107 Ita
1865 3080 1973 3108 osterius
1982 3079 2210 3117 publicati3prius

1258 3119 1337 3151 Afilia
1346 3136 1354 3149 ‚
1365 3115 1498 3152 quomodo
1507 3116 1571 3142 item
1583 3115 1639 3142 Pal.
1649 3116 1677 3142 δε
1688 3117 1781 3150 Cujac.
1798 3090 1958 3146 Guiieliiiius
1969 3124 2045 3154 putat
2055 3116 2213 3144 substituem-

294 3150 323 3169 2·
344 3144 373 3170 C·
383 3143 517 3180 Risimus]
529 3146 644 3173 mmmm
652 3145 710 3175 mss.
722 3147 815 3178 nostri.
835 3149 939 3179 mavult
949 3157 1036 3181 tamen
1046 3151 1157 3190 Pighius
1166 3161 1217 3181 no·
1257 3152 1322 3183 duni
1331 3155 1414 3191 ofilius
1425 3172 1434 3188 ‚
1443 3152 1475 3181 de
1485 3161 1538 3188 quo
1548 3152 1708 3188 Pomponius
1717 3153 1740 3181 1.
1751 3153 1786 3182 C.

2082 3196 2108 3225 ,¹¹
2118 3190 2147 3215 C.
2156 3189 2215 3221 Gn<

1237 709 1290 743 est,
1303 709 1336 739 ad
1348 709 1466 740 nostros
1475 717 1666 739 revertamur.
1697 708 1826 738 Duobus
1836 710 1927 749 igitur
1937 710 2065 739 summis
2075 728 2083 742 ‚
2096 705 2194 738 Craffo
2211 712 2259 751 47*

1254 2210 1333 2239 velle
1344 2209 1530 2248 conquirere.
1554 2206 1721 2236 Festivitate
1739 2208 1847 2247 igitur,
1870 2205 2045 2240 &facetiis‚
2062 2208 2209 2246 inquam,
2227 2200 2288 2247 {34
