2316 3395
186 2111 233 2145 57

247 143 315 192 66
657 138 1173 191 ‘M.Tur.1.11

1252 140 1779 190 Cr'cznours

246 229 349 259 Gloria
359 247 367 262 ,
391 226 433 259 est
443 225 583 269 frequens
595 225 630 257 de
640 226 743 267 aliquo
752 225 831 256 fama
841 235 910 255 cum
922 223 1018 254 laude.
1052 224 1207 265 Dignitas,¹
1223 222 1226 247 l
1245 221 1325 254 fame
1333 225 1438 264 perire.
1463 223 1483 254 si
1493 225 1575 254 enim
1588 223 1619 253 id
1630 224 1758 258 malunt,
1771 233 1834 254 non
1844 222 1967 254 neeesse.
1999 226 2067 255 Hoc
2076 223 2206 257 inferias

243 272 371 310 alicujus
381 269 503 301 honesta
515 290 523 303 ,
536 269 568 300 δε
577 268 660 299 cultu
672 288 679 302 ‚
692 269 725 298 &
736 269 851 297 honore
862 286 870 300 ,
885 267 917 297 &
927 266 1104 297 verecundia
1114 265 1204 307 digna

245 312 414 342 auetoritas.
435 311 624 352 Amplitudo,
635 311 786 350 potentiae,
799 318 849 338 aut
859 307 1082 348 majestatis,aut
1091 307 1203 348 aliqua-

246 349 314 384 rum
325 355 480 394 copiarum
493 362 600 393 magna
609 351 797 382 abundantia.
822 351 975 384 Amicitia,
986 350 1126 380 voluntas
1136 359 1203 390 erga

245 397 378 437 aliquem
389 405 487 426 rerum
500 395 646 424 bonarum
658 413 665 426 ,
678 393 761 422 illius
771 390 861 432 ipsius
872 392 956 422 causa
966 412 973 426 ,
988 401 1080 433 quem
1090 391 1199 432 diligit,

244 448 315 468 cum
335 439 398 477 ejus
416 440 476 477 pari
496 436 657 466 voluntate.
682 433 759 468 Hic,
780 436 849 475 quia
858 433 895 464 de
903 434 1044 464 civilibus
1052 431 1142 464 caufis
1154 434 1201 462 lo-

245 481 380 518 quimur,
392 477 505 508 fruetus
514 477 548 507 ad
560 478 725 507 amicitiam
733 475 779 516 adj
784 477 926 517 ungimus
937 487 942 505 :
961 484 995 506 ut
1004 485 1111 506 eorum
1124 484 1200 516 quo-

245 531 303 553 (Jue
312 521 394 551 cirula
402 519 529 560 petenda
538 518 672 549 videatur
684 528 689 546 :
713 528 750 548 ne
761 517 838 548 forte
850 519 902 559 qui
912 527 969 548 nos
979 517 1014 547 de
1024 519 1113 547 omni
1123 519 1200 546 arni-

244 557 313 592 c‘itia
322 562 419 592 dicei-e
430 560 614 594 existimant,
625 559 838 600 reprehendere
848 561 1001 600 incipiant.
1031 568 1201 600 quanquam

245 604 315 633 sun:
324 605 374 644 qui
385 612 504 643 propter
515 603 674 632 utilitatem
687 601 783 632 modo
794 601 953 642 petendam
971 610 1078 642 putant
1095 602 1202 631 amici—

245 648 319 675 tiani
331 657 335 674 :
355 645 423 675 sunt
439 646 490 685 qui
510 653 635 684 propter*
648 644 676 674 se
694 644 813 674 solum-z
834 643 899 674 sunt
909 645 959 684 qui
971 651 1091 684 propter
1101 644 1127 673 se
1139 662 1147 676 ,
1170 642 1203 671 &

244 687 405 717 utilitatem
416 707 424 719 ,
445 696 576 727 quorum
596 685 668 728 quid
679 683 828 716 verissime
838 685 1034 716 constituatur
1044 705 1052 718 ‚
1072 685 1147 715 alius
1158 684 1203 713 lo-

244 738 298 758 cus
308 730 364 758 erit
374 727 587 758 considerandi.
620 730 712 758 Nunc
722 729 780 757 hoc
791 725 828 757 fic
837 727 872 757 ad
885 727 973 757 usum
984 728 1148 757 oratorium
1159 736 1205 755 re-

245 771 415 810 linquatur,
435 778 591 811 utramque
608 779 728 810 propter
744 779 808 799 rem
818 771 981 799 amicitiam
994 767 1050 798 effe
1061 776 1204 807 expeten-

245 812 326 842 dam.
355 813 568 842 Amicitiarum
577 820 677 842 autem
688 813 763 841 ratio
775 832 783 844 ‚
805 813 952 851 quoniam
963 813 1070 851 partim
1081 810 1148 840 sunt
1158 819 1204 838 re-

247 852 547 894 ligionibusjunc‘tae,
557 855 666 894 partim
677 863 740 883 non
751 854 820 883 sunt
833 863 838 881 :
850 853 883 882 δε
893 854 961 894 quia
970 854 1079 892 partim
1091 860 1204 881 veteres

247 895 327 930 sunt,
338 897 447 936 partim
458 905 556 929 novae,
566 897 675 935 partim
684 896 720 925 ab
729 895 865 927 illorum,
875 897 982 935 partim
992 893 1028 923 ab
1039 892 1142 923 nostro
1152 892 1205 922 be-

247 936 360 967 neficio
369 936 523 977 profeetae,
535 939 641 978 partini
652 937 786 967 utiliores
797 956 805 969 ,
816 939 923 976 partim
938 938 1039 965 minus
1049 935 1154 965 utiles:
1167 944 1205 963 ex

247 980 400 1009 causarum
407 976 617 1020 dignitatibus,
631 989 668 1008 ex
678 988 850 1018 temporum
861 977 1137 1018 opportunitatibus
1148 996 1157 1009 ,
1168 986 1206 1006 cx

250 1020 369 1055 officiis,
382 1032 420 1052 ex
430 1021 639 1063 religionibus,
651 1031 689 1050 ex
699 1019 892 1050 vetustatibus
903 1019 1066 1049 habebitur.
1112 1018 1207 1048 Utili-

248 1072 289 1094 tas
299 1072 399 1094 autem
410 1072 460 1093 :tut
471 1066 503 1093 in
513 1072 634 1103 coi-pore
645 1061 737 1102 posita
747 1061 788 1091 cst
798 1083 806 1096 ‚
824 1064 916 1093 autin
935 1063 1084 1091 extraneis
1099 1060 1188 1090 rebus
1201 1070 1206 1088 ε

247 1115 373 1145 quarum
392 1114 493 1135 tamen
512 1114 611 1134 rerum
631 1104 729 1134 multo
758 1105 892 1134 maxima
920 1112 984 1143 pars
1012 1102 1047 1132 ad
1074 1103 1208 1142 corporis

247 1146 449 1177 commodum
463 1148 628 1180 revertitur,
642 1155 674 1176 ut
684 1147 717 1176 in
727 1156 789 1185 rep.
800 1145 938 1187 quaedzini
950 1146 1027 1178 sunt,
1039 1154 1104 1185 quae
1116 1146 1160 1183 (ut
1171 1142 1207 1172 fic

249 1188 359 1225 dicam)
371 1188 405 1219 ad
417 1196 509 1230 sorpta
520 1190 671 1228 pertinent
679 1189 806 1218 civitatis
816 1207 825 1221 ,
848 1196 880 1217 ut
889 1188 948 1229 agri
957 1207 964 1220 ,
983 1195 1087 1226 portus
1099 1206 1106 1219 ‚
1118 1195 1207 1225 pecu-

248 1232 307 1263 nia,
319 1228 432 1264 classes,
441 1240 549 1263 nautae,
562 1230 686 1263 militet,
698 1230 786 1259 socii:
810 1229 919 1270 quibus
939 1229 1024 1258 rebus
1039 1228 1206 1257 incolumi-

250 1280 351 1304 tatem,
363 1282 395 1302 ac
405 1272 570 1302 libertatem
583 1273 713 1302 retinent
721 1272 855 1301 civitates
868 1282 872 1299 :
895 1270 963 1301 Alia
973 1269 1057 1303 vero,
1070 1280 1135 1310 quae
1143 1270 1207 1309 jam

249 1313 395 1355 quiddam
405 1315 499 1355 ma'gis
509 1313 656 1353 amplum,
669 1313 701 1343 ὃς
712 1314 815 1342 minus
826 1311 1021 1342 neceffiirium
1031 1310 1208 1344 conficiunt,

249 1364 283 1385 iit
303 1354 383 1385 urbis
403 1357 517 1397 egregia
526 1357 683 1385 exornatio
694 1375 702 1389 ‚
725 1363 811 1396 atque
822 1353 989 1394 amplitudo
1001 1374 1010 1387 ‚
1033 1352 1209 1394 utquaedam

249 1397 400 1427 excellens
409 1399 544 1437 pecuniae
554 1397 730 1438 magnitudo
744 1417 751 1430 ‚
781 1398 980 1426 amicitiarum
991 1405 1022 1425 ac
1034 1395 1210 1425 societatum

252 1438 429 1468 multitudo.
463 1439 581 1479 Qibus
602 1439 689 1468 rebus
707 1449 771 1469 non
780 1438 857 1468 illud
869 1436 969 1468 solum
979 1436 1156 1470 conficitur,
1178 1446 1211 1466 ut

249 1481 335 1510 12erae
345 1481 377 1510 &
388 1481 570 1513 incolumes,
584 1479 691 1510 verum
700 1481 790 1510 etiam
803 1501 812 1513 ,
828 1488 859 1510 ut
870 1479 976 1519 amplae
987 1499 995 1513 ‚
1006 1488 1093 1520 atque
1103 1488 1210 1518 poten-

249 1520 293 1552 tes
311 1520 367 1551 sint
383 1524 526 1552 civitates.
560 1524 655 1563 Qare
667 1523 801 1552 utilitatis
811 1522 876 1551 dua:
886 1530 980 1561 partes
990 1521 1130 1551 videntur
1140 1519 1207 1553 effe,

251 1564 457 1597 incolumitas,
471 1564 503 1594 ὃς
513 1566 657 1604 potentia.
681 1564 879 1593 Incolumitas
892 1584 899 1597 ‚
913 1562 956 1594 est
966 1563 1066 1594 salutis
1075 1571 1153 1596 tuta,
1167 1571 1208 1592 at-

250 1615 308 1646 que
319 1607 431 1646 integra
439 1607 636 1636 conservatio.
668 1608 804 1636 Potentia
813 1626 820 1640 ,
841 1604 883 1635 est
893 1605 928 1634 ad
939 1606 988 1635 sua
998 1604 1208 1637 conservanda,

250 1648 285 1677 &
294 1646 414 1678 alterius
425 1647 599 1681 obtinenda,
611 1647 790 1677 idonearum
801 1657 902 1678 rerum
912 1646 1043 1677 facultas.
1067 1649 1165 1687 Atque
1175 1648 1208 1676 in

250 1690 288 1718 iis
307 1688 452 1719 omnibus
463 1710 471 1723 ,
493 1700 558 1730 quae
570 1688 638 1719 ante
649 1688 729 1720 difta
740 1690 807 1719 sunt
817 1710 824 1723 ,
847 1688 918 1730 quid
931 1687 1090 1719 difficulter
1100 1687 1164 1719 fieri
1176 1688 1208 1719 δε

250 1729 420 1771 quidfacile
431 1729 496 1761 fieri
502 1729 591 1771 poffit
600 1751 609 1764 ,
629 1740 745 1771 oportet
754 1730 944 1761 considerare.
976 1731 1073 1761 Facile
1095 1727 1159 1761 fieri
1178 1730 1208 1760 id

250 1773 380 1802 dicimus
393 1792 402 1807 ,
420 1773 502 1814 quod
519 1772 580 1803 fine
591 1783 703 1814 magno
716 1793 724 1807 ,
743 1782 793 1804 aut
803 1772 861 1802 fine
873 1772 936 1802 ullo
947 1772 1047 1804 labore
1058 1793 1066 1806 ,
1088 1773 1186 1803 sumtu
1199 1793 1207 1806 ,

251 1813 390 1845 molestia
401 1834 409 1848 ,
429 1814 519 1855 quam
530 1813 703 1845 breviffimo
714 1824 849 1856 tempore
861 1813 970 1845 confici
978 1813 1084 1854 potest.
1115 1812 1209 1844 Diffi-

248 1855 307 1886 cile
318 1864 419 1886 autem
430 1856 494 1886 fieri
506 1877 514 1890 ,
525 1856 607 1897 quod
638 1866 799 1897 uamquam
812 1856 920 1887 laboris
932 1877 941 1890 ‚
954 1857 1068 1887 sumtus
1080 1876 1088 1890 ,
1111 1856 1210 1885 mole-

249 1896 312 1928 stiae
323 1917 332 1931 ,
344 1898 573 1939 longinquitatis
585 1867 699 1940 indiget
709 1919 717 1932 ,
737 1908 823 1939 atque
835 1907 884 1929 aut
895 1900 1015 1928 omneis
1025 1918 1032 1932 ,
1056 1906 1107 1928 aut
1114 1898 1208 1938 pluri-

249 1949 327 1972 mas,
338 1948 387 1970 aut
397 1942 545 1970 maximas
554 1940 651 1970 causas
662 1940 750 1970 habet
760 1939 942 1971 difficultatis
956 1951 961 1969 :
973 1940 1135 1973 tamen,his
1147 1940 1210 1970 sus—

250 1982 356 2020 sceptis
366 1979 594 2013 difficultatibus
604 2001 612 2015 ,
634 1982 781 2022 compleri
794 2002 802 2015 ,
813 1990 900 2022 atque
910 1981 945 2012 ad
956 1984 1076 2012 exitum
1087 1981 1209 2021 perduci

249 2021 356 2063 potest.
390 2025 544 2064 Qoniam
563 2033 633 2065 ergo
652 2022 689 2053 de
709 2023 861 2053 honestate
871 2044 879 2058 ,
903 2024 935 2053 &
946 2023 982 2053 de
993 2024 1119 2053 utilitate
1128 2023 1210 2053 dixi-

252 2074 321 2094 mus
332 2085 340 2098 ,
353 2074 435 2095 nunc
443 2064 539 2099 restat,
551 2073 585 2095 ut
593 2066 628 2095 de
639 2066 676 2095 iis
686 2065 784 2100 rebus,
796 2075 867 2106 quas
877 2067 924 2096 his
933 2065 1085 2096 attributas
1095 2063 1152 2096 esse
1165 2065 1211 2095 di-

253 2106 392 2137 cebamus
404 2126 412 2140 ,
432 2105 645 2137 necessitudine
657 2107 689 2137 &
698 2105 858 2137 affeetione
866 2107 1095 2147 perscribamus.
1132 2109 1209 2137 Puto

248 2150 341 2190 igitur
358 2146 416 2178 effe
433 2148 510 2178 hanc
528 2147 765 2187 necessitudinem,
785 2150 833 2178 cui
854 2150 938 2178 nulla
954 2150 987 2178 vi
996 2147 1085 2179 resisti
1094 2148 1209 2189 potest:

249 2200 316 2231 qua:
329 2199 426 2230 neque
439 2192 565 2223 mutari,
576 2199 674 2230 neque
684 2191 772 2220 leniri
781 2190 887 2230 potest.
911 2193 1008 2231 Atque
1019 2210 1027 2224 ‚
1040 2199 1073 2220 ut
1082 2192 1210 2230 apertius

250 2232 310 2261 hoc
320 2229 363 2265 fit,
375 2232 523 2271 exemplis
533 2231 602 2261 licet
610 2234 675 2262 vim
686 2234 727 2262 rei
739 2252 747 2266 ,
763 2232 858 2273 qualis
870 2232 903 2262 &
913 2241 1022 2273 quanta
1031 2230 1064 2261 fit
1074 2252 1082 2265 ‚
1095 2242 1209 2273 cogno—

251 2273 376 2303 scamus.
409 2275 464 2303 Uri
483 2271 564 2313 posse
583 2272 706 2304 flamma
722 2274 854 2315 ligneam
866 2275 1020 2303 materiam
1032 2272 1146 2303 necess'e
1157 2273 1208 2303 est.

252 2317 366 2355 Corpus
376 2316 504 2344 mortale
514 2315 615 2355 aliquo
626 2317 893 2355 temporeinterire
911 2314 1025 2345 necess'e
1045 2314 1105 2345 est:
1125 2318 1210 2355 atque

251 2358 292 2386 ita
303 2354 416 2386 necesse
428 2376 436 2389 ,
450 2365 482 2387 ut
492 2358 537 2386 vis
547 2367 579 2386 ea
587 2356 717 2397 postulat
727 2377 735 2391 ,
755 2367 846 2397 quam
858 2356 954 2387 modo
965 2356 1207 2390 discribebamus,

252 2396 474 2428 neceffitudinis
486 2409 492 2427 z
511 2400 559 2428 cui
570 2399 653 2428 nulla
663 2400 694 2428 vi
705 2410 732 2429 rc
738 2397 795 2429 fisti
805 2398 901 2438 potest
910 2419 918 2433 ,
930 2409 995 2439 quae
1007 2408 1102 2440 neque
1113 2407 1211 2428 muta-

252 2441 289 2473 ri,
302 2449 398 2481 neque
408 2439 612 2480 leniripotcst
638 2441 822 2481 Hujusmodi
832 2439 1058 2471 necessitudines
1070 2461 1078 2474 ,
1094 2438 1209 2482 cumsih

252 2481 373 2512 dicendi
385 2482 513 2511 rationes
524 2481 672 2516 incidunt,
691 2482 771 2512 reste
780 2481 1009 2517 neceffitudines
1019 2476 1210 2523 appellab't‘ir'i‘-

252 2531 309 2552 tur.
334 2526 386 2553 Sin
395 2524 497 2564 aliquae
510 2534 554 2553 res
565 2523 858 2557 incidentdifficiles,
873 2526 905 2555 in
915 2525 967 2554 illa
976 2524 1131 2564 superiori,
1141 2524 1210 2564 pos-

254 2563 327 2594 sitne
347 2563 409 2593 fieri
421 2585 429 2598 ,
446 2565 610 2605 quaestione
629 2565 892 2597 considerabimus.
924 2569 1023 2607 Atque
1042 2568 1132 2596 etiam
1152 2567 1210 2595 hoc

253 2606 332 2636 mihi
343 2605 448 2635 videor
457 2607 558 2637 videre
567 2628 575 2641 ‚
587 2606 644 2637 esse
655 2608 794 2649 quasdam
803 2619 873 2638 cum
884 2607 1080 2648 adjunditione
1089 2605 1210 2638 neceffi-

255 2647 386 2681 tudines‚
399 2648 538 2688 quasdam
550 2647 709 2689 fimpliceis
720 2650 752 2680 &
762 2651 923 2681 absolutas}
943 2652 1026 2680 Nam
1035 2650 1119 2680 aliter
1128 2649 1210 2679 dice-

254 2699 285 2719 re
297 2689 428 2720 solemus
442 2699 447 2717 1
467 2689 579 2719 necess':
597 2690 639 2720 est
658 2691 863 2722 Czifilinenseis
882 2692 910 2722 se
930 2691 1037 2722 dedere
1047 2691 1191 2722 Annibali
1205 2702 1210 2720 :

253 2731 339 2760 aliter
348 2739 446 2760 autem
459 2750 467 2762 ,
479 2731 591 2761 necesse
601 2732 643 2762 est
655 2732 817 2764 Casilinum
828 2736 931 2764 venire
942 2735 974 2763 in
986 2734 1146 2764 Annibalis
1156 2743 1210 2774 po-

255 2771 401 2803 testatem.
431 2773 493 2803 illic
512 2776 544 2803 in
555 2775 702 2814 superiore
713 2776 868 2816 adjunstio
885 2775 928 2806 est
936 2776 1017 2810 haec,
1038 2774 1093 2806 nifi
1103 2777 1211 2806 malint

294 2890 303 2907 r
312 2902 317 2907 .
337 2885 435 2907 'Pariter
445 2891 521 2909 eti-‘tem
533 2886 572 2912 effe
583 2886 695 2920 >nuitas]
710 2887 748 2911 ltu
760 2886 913 2912 ivliinutiana
926 2895 1120 2923 nupt-fameque
1130 2886 1207 2912 aliter

252 2918 311 2943 Pal..
323 2917 426 2944 secund.
439 2919 482 2945 alii
493 2921 564 2946 enim
578 2930 638 2946 voce
651 2922 760 2948 immillo.
774 2942 780 2953 ‚
798 2926 911 2948 invenias
920 2924 1072 2956 offe-multas,-
1093 2932 1143 2948 non
1162 2932 1208 2949 ne-

255 2952 371 2979 cellurio.
394 2956 523 2989 repetitur
535 2957 629 2992 quipp-e
641 2956 753 2992 lupetius
766 2962 878 2991 reperias.
899 2959 984 2985 Primi
997 2958 1080 2985 editio
1091 2958 1206 2994 praefert:

254 2997 336 3022 paucist·
355 2992 397 3016 ine:
411 2998 488 3017 insum
497 2994 602 3018 [nmmos
613 2995 651 3027 effi*
662 2996 750 3018 rmillas
760 3013 767 3025 ‚
788 3004 864 3030 quani
875 2994 955 3021 secuti
965 2994 1025 3022 sunt
1034 2994 1169 3021 Victorius
1181 3004 1210 3021 ac

256 3025 413 3052 Lambinus.
1127 3058 1133 3062 ,

292 3070 321 3087 2.
339 3062 499 3095 Idscriimbit
510 3082 517 3094 ,
528 3072 553 3088 ut
564 3071 607 3089 aut
617 3065 650 3090 (ιη’
657 3066 804 3098 honestatem,
814 3066 880 3101 dea]
894 3067 950 3094 Pal.
962 3066 1066 3094 secund.
1076 3067 1212 3101 [elpertinc-

257 3098 291 3122 bi:
303 3116 310 3128 ‚
321 3106 348 3123 ut
358 3100 471 3131 honestam
481 3100 619 3131 adpinum.

295 3141 321 3172 3.
340 3136 373 3159 D:
391 3136 504 3167 tvm-start-
520 3135 672 3170 Adibamm]
694 3138 733 3162 Ita
745 3137 850 3172 quidem
862 3138 939 3164 hodie
951 3139 1069 3172 lenitum
1090 3139 1131 3166 sed
1143 3140 1212 3166 :iuti-

257 3176 348 3204 quitus
359 3169 410 3197 culi
421 3170 546 3200 exhibent
559 3191 566 3205 ‚
577 3173 740 3208 deliberatum,
752 3173 820 3210 quod
833 3176 859 3200 ἃ
871 3175 896 3202 in
910 3169 991 3203 tribu}
1004 3176 1071 3204 l'all.
1083 3176 1214 3204 mutavit-

1247 276 1310 295 non
1320 268 1562 306 item,p1·opterea
1570 265 1653 307 quod
1663 264 1721 295 sive
1729 267 1825 296 velint
1835 264 2028 297 Casilinenses
2039 267 2066 296 se
2077 268 2202 301 dedere,

1245 305 1302 337 five
1311 307 1425 338 famem
1437 310 1548 348 perpeti
1563 328 1571 341 ,
1582 317 1668 348 atque
1677 309 1717 338 ita
1725 309 1819 348 perire
1831 329 1839 342 ‚
1861 307 1974 338 necess'e
1985 308 2026 338 est
2036 307 2199 340 Casilinum

1244 351 1346 380 venire
1357 352 1389 379 in
1400 350 1559 380 Annibalis
1568 349 1754 389 potestatem.
1787 350 1869 392 Qid
1889 352 1978 392 igitur
1993 349 2200 390 pei-ficei‘e‘poe

1245 391 1300 421 test
1318 393 1379 422 haec
1398 390 1622 422 neceffitudinis
1640 391 1811 422 distributio
1823 396 1832 421 ἓ
1855 395 1949 432 Prope
1968 392 2065 422 dicam
2078 412 2086 426 ,
2102 393 2198 432 pluri-

1246 431 1421 467 mumsst‘im
1432 435 1456 463 is
1467 434 1550 464 locus
1560 431 1779 463 neceffitudinis
1790 433 1942 463 videbitur
1951 435 2199 464 incurrereNam

1242 473 1315 504 cum
1335 474 1461 515 simplex
1479 477 1536 505 erit
1545 473 1725 505 neceffitudo
1737 496 1746 509 ,
1768 476 1845 505 nihil
1856 477 1912 505 erit
1920 474 2001 516 quod
2013 476 2108 505 multa
2118 475 2198 506 dica-

1244 526 1313 546 mus
1324 537 1332 550 ,
1351 516 1422 547 cum
1432 527 1498 546 eam
1508 518 1584 546 nulla
1593 518 1700 546 ratione
1709 517 1804 547 lenire
1814 515 1968 557 possimus.
2002 520 2079 546 Cum
2096 525 2200 548 autem

1242 559 1282 588 ita
1300 557 1414 588 necess'e
1432 560 1488 588 erit
1496 579 1504 592 ,
1526 568 1558 588 ut
1577 559 1690 599 aliquid
1701 558 1828 599 effugere
1839 579 1847 592 ,
1867 567 1916 588 aut
1925 558 2045 598 adipisci
2054 559 2197 593 velimus,

1244 608 1311 630 tum
1321 601 1367 640 adj
1371 599 1477 630 unffio
1490 601 1552 633 illa,
1561 602 1634 642 quid
1644 600 1749 630 habeat
1759 601 1906 634 utilitatis,
1919 609 1968 630 aut
1977 600 2049 640 quid
2060 600 2199 630 honesti-

1243 645 1291 675 tis,
1305 645 1359 672 erit
1369 641 1631 672 considerandum.
1644 645 1724 672 Nam
1737 641 1757 671 fi
1767 642 1841 672 velis
1851 641 2010 675 attendere,
2022 642 2075 681 (ita
2085 650 2197 676 tamen,

1245 693 1278 714 ut
1288 684 1317 714 id
1329 694 1440 725 quaeras
1451 705 1459 718 ,
1481 684 1562 726 quod
1575 687 1734 714 conveniat
1753 684 1787 713 ad
1809 684 1896 713 usum
1916 684 2055 725 civitatis)
2073 685 2200 723 reperias

1243 726 1359 756 nullam
1370 724 1428 756 esse
1438 737 1501 756 rem
1513 747 1521 759 ,
1540 726 1630 767 quam
1642 725 1734 756 facere
1745 724 1857 756 neceffe
1867 723 1901 755 fit
1912 746 1920 758 ‚
1950 723 2004 755 nisi
2014 734 2135 765 propter
2144 726 2200 755 ali-

1242 778 1332 807 quam
1343 778 1395 798 cau
1401 768 1460 798 sam
1472 789 1480 801 ,
1501 779 1591 808 quim
1611 767 1816 807 adjunsttonem
1835 769 2031 797 nominamus
2044 778 2049 795 :
2074 771 2083 786 ¹
2095 769 2203 807 pariter

1244 819 1345 840 autem
1355 809 1414 840 esse
1424 810 1534 839 multas
1545 820 1588 839 res
1599 809 1821 840 necessitudinis
1833 829 1840 843 ,
1852 809 1886 839 ad
1897 819 1968 849 quas
1979 807 2084 838 similis
2095 809 2204 849 adjun-

1237 851 1306 888 &io
1325 862 1389 881 non
1407 851 1526 881 accedit.
1555 851 1636 892 quod
1655 862 1748 893 genus
1760 871 1768 885 ,
1789 861 1821 881 tit
1830 852 1972 880 homines
1984 851 2135 880 mortaleis
2146 861 2201 881 ne-

1244 891 1318 924 cefl‘c
1329 892 1372 923 est
1382 895 1501 923 interire
1512 913 1520 926 ‚
1542 892 1603 923 fine
1622 893 1817 933 adjunfflone
1831 904 1835 921 :
1857 902 1889 922 ut
1899 893 1968 922 cibo
1979 901 2113 926 utantur,
2136 902 2201 922 non

1246 933 1360 965 neccffe
1370 934 1413 965 est
1423 955 1431 968 ‚
1453 933 1509 964 nifi
1518 945 1589 965 cum
1600 935 1651 966 illa
1660 937 1837 975 exceptione
1852 945 1856 963 :
1887 937 2005 964 Exi-nii
2026 944 2126 973 QAM
2138 954 2145 968 ‚
2172 943 2201 963 si

1248 977 1349 1007 nolint
1357 976 1437 1007 fame
1446 978 1551 1016 perire
1577 980 1654 1018 Ergo
1664 998 1673 1011 ,
1684 987 1717 1007 ut
1726 978 1809 1010 dixi,
1823 976 1898 1006 illud
1909 997 1917 1009 ,
1929 976 2011 1017 quod
2021 977 2202 1017 adjungitur,

1248 1020 1380 1059 semper,
1403 1018 1573 1057 cujusmodi
1593 1017 1626 1048 sit
1637 1039 1645 1052 ,
1665 1020 1721 1049 erit
1737 1017 1994 1048 considerandum.
2026 1028 2096 1048 nam
2117 1019 2205 1052 omni

1249 1071 1384 1101 tempore
1403 1063 1418 1080 ’-
1431 1059 1461 1090 id
1482 1060 1646 1100 pertinebit
1655 1081 1662 1093 ,
1688 1070 1720 1090 ut
1738 1070 1787 1090 aut
1798 1060 1833 1090 ad
1845 1060 2031 1089 honestatem
2041 1061 2099 1089 hoc
2109 1059 2205 1089 modo

1249 1102 1428 1143 exponenda
1441 1100 1623 1132 necessitudo
1634 1101 1668 1132 sit
1680 1113 1685 1131 t
1706 1100 1820 1132 necefi'e
1831 1102 1873 1132 est
1882 1102 1940 1131 hoc
1948 1101 2103 1134 faciamus,
2117 1100 2137 1131 fi
2148 1103 2205 1131 ho-

1249 1145 1332 1175 neste
1343 1144 1489 1174 volumus
1498 1142 1598 1174 vivere
1611 1155 1616 1172 z
1639 1152 1688 1174 aut
1697 1144 1731 1174 ad
1746 1145 1985 1173 incolumitatem
1998 1164 2005 1177 ,
2019 1144 2076 1173 hoc
2086 1142 2180 1173 mod'o
2195 1154 2205 1177 3

1249 1185 1363 1217 neceffe
1373 1185 1425 1219 est,
1438 1184 1458 1214 fi
1469 1186 1639 1216 incolumes
1650 1186 1792 1215 volumus
1802 1184 1860 1215 effe
1872 1197 1876 1214 ;
1898 1186 1990 1215 autad
2000 1185 2204 1215 commodita-

1250 1237 1311 1259 tem
1323 1249 1331 1262 ,
1344 1229 1401 1258 hoc
1411 1227 1506 1257 modo
1518 1237 1524 1255 t
1543 1225 1657 1257 necess'e
1669 1227 1711 1257 est
1723 1247 1730 1260 ‚
1751 1226 1771 1256 fi
1781 1225 1840 1256 sine
1852 1228 2053 1257 incommodo
2063 1227 2209 1257 volumus

1250 1273 1359 1300 vivere.

1251 1312 1347 1342 statis:
1367 1312 1437 1341 huic
1453 1312 1595 1350 proxima
1604 1330 1612 1343 ‚
1633 1311 1854 1340 incolumitatis
1866 1321 1870 1338 z
1894 1313 1978 1341 tertia
1996 1322 2028 1341 ac
2047 1308 2206 1343 leviffima,

1251 1353 1479 1385 commoditatis
1492 1363 1497 1381 t
1508 1362 1574 1393 quae
1585 1362 1655 1382 cum
1667 1353 1712 1382 his
1723 1363 1878 1393 nunquam
1888 1354 1998 1392 poterit
2007 1353 2121 1383 duabus
2131 1363 2208 1383 con-

1252 1395 1382 1426 tendere.
1418 1395 1510 1424 Hasce
1527 1403 1626 1424 autem
1647 1396 1725 1424 inter
1735 1395 1761 1424 se
1774 1395 1846 1434 ssepe
1857 1393 1970 1424 necesse
1979 1394 2021 1424 est
2029 1397 2206 1434 comparari,

1252 1447 1285 1468 ut
1295 1459 1302 1472 ‚
1315 1446 1497 1481 quamquam
1506 1435 1624 1476 praestet
1635 1436 1771 1467 honestas
1783 1437 1985 1466 incolumitati
1997 1457 2005 1470 ‚
2018 1447 2118 1467 tamen
2128 1457 2136 1470 ‚
2149 1437 2208 1466 utri

1249 1478 1439 1520 potiffimum
1450 1477 1671 1508 consulendum
1682 1477 1726 1512 sit,
1737 1478 1924 1508 deliberetur.
1940 1481 2024 1516 cujus
2036 1481 2077 1508 rei
2087 1488 2207 1509 certum

1250 1521 1404 1563 quoddam
1419 1521 1621 1561 praescriptum
1640 1520 1760 1550 videtur
1775 1522 1809 1549 in
1827 1530 2003 1561 perpetuum
2024 1521 2084 1550 dari
2114 1519 2210 1561 poss'e.

1252 1567 1333 1594 Nam
1346 1584 1354 1597 ,
1372 1565 1470 1604 quain
1480 1572 1510 1591 re
1522 1562 1586 1592 fieri
1596 1565 1724 1602 poterit,
1747 1571 1779 1592 ut
1791 1582 1801 1595 ,
1811 1561 1882 1592 cum
1894 1562 2087 1592 incolumitati
2098 1562 2208 1593 consu-

1251 1606 1396 1636 luerimus
1410 1626 1418 1638 ,
1438 1604 1520 1645 quod
1540 1602 1574 1633 sit
1589 1614 1621 1633 in
1631 1605 1806 1643 praesentias
1819 1604 1854 1634 de
1864 1604 2017 1635 honestate
2028 1605 2207 1636 delibatum.

1250 1649 1360 1678 virtute
1371 1646 1533 1687 aliquando
1545 1666 1553 1680 ,
1567 1646 1599 1675 &
1610 1646 1755 1676 industria
1763 1655 1967 1686 recuperetur,
1988 1648 2208 1677 incolumitatis

1250 1691 1325 1720 ratio
1334 1687 1486 1719 videbitur
1496 1687 1630 1718 habenda
1643 1699 1648 1717 :
1672 1687 1742 1718 cuin
1754 1697 1853 1718 autem
1864 1688 1896 1718 id
1905 1698 1970 1718 non
1980 1691 2098 1729 poterit,
2111 1690 2209 1718 hone-

1253 1732 1341 1762 statis,
1364 1734 1408 1761 Ita
1418 1733 1450 1760 in
1460 1729 1609 1770 ejusmodi
1621 1740 1781 1771 quoquere
1793 1751 1801 1764 ‚
1823 1729 1895 1760 cum
1905 1732 2110 1761 incolumitati
2121 1730 2213 1761 vide·

1251 1774 1353 1804 bimur
1363 1772 1517 1802 consulere
1528 1792 1535 1805 ,
1555 1771 1626 1801 vere
1634 1781 1800 1812 poterimus
1812 1771 1910 1804 dicere
1920 1794 1929 1808 ‚
1949 1782 2006 1802 nos
2015 1771 2155 1808 honestatis
2164 1772 2219 1802 ra*-

1250 1817 1368 1846 tionem
1378 1814 1484 1844 habere
1495 1834 1503 1847 ,
1515 1815 1660 1854 quoniam
1672 1813 1731 1843 sine
1740 1815 1950 1846 incolumitate
1958 1824 2024 1844 eam
2033 1811 2121 1844 nullo
2130 1813 2210 1844 tem-

1250 1867 1321 1898 pore
1332 1855 1492 1897 possumus
1501 1855 1632 1896 adipisci.
1657 1858 1722 1885 Oua
1733 1858 1765 1885 in
1774 1866 1805 1885 re
1814 1857 1862 1886 vel
1872 1855 2034 1887 concedere
2044 1857 2126 1887 alteri
2138 1876 2146 1890 ,
2158 1855 2210 1887 vel

1250 1899 1284 1931 ad
1313 1898 1526 1929 conditionem
1550 1881 1863 1928 alteriusxdescendere
1878 1919 1886 1932 ,
1909 1898 1982 1928 4vel
2003 1900 2036 1928 in
2055 1899 2210 1939 praesentia

1249 1941 1399 1983 quiescere
1410 1961 1418 1973 ,
1439 1948 1525 1981 atque
1544 1938 1624 1969 aliud
1643 1948 1762 1980 tempus
1782 1940 1948 1979 exspeistate
1968 1940 2128 1981 oportebit.
2149 1943 2161 1967 5
2171 1942 2208 1969 In

1249 1982 1451 2012 commoditatis
1460 1980 1531 2011 vero
1543 1983 1657 2011 ratione
1669 2002 1677 2015 ‚
1692 1980 1786 2011 modo
1799 1983 1874 2013 illud
1883 1983 2050 2013 attendatur
2058 2002 2067 2016 ,
2080 1981 2209 2023 dignane

1249 2025 1333 2055 causa
1343 2023 1480 2053 videatur
1487 2034 1529 2056 ea,
1542 2033 1607 2063 quae
1615 2025 1651 2053 ad
1663 2025 1822 2053 utilitatem
1832 2024 2003 2064 pertinebit,
2011 2034 2103 2065 quare
2113 2032 2163 2054 aut
2172 2022 2209 2054 de

1251 2062 1482 2108 magnificentia,
1493 2074 1542 2095 aut
1550 2065 1586 2095 de
1597 2064 1749 2106 honestate
1758 2063 1901 2108 quiddam
1913 2062 2078 2108 derogetur.
2092 2064 2096 2068 '
2109 2068 2208 2106 Atque

1250 2110 1283 2138 in
1294 2109 1352 2138 hoc
1363 2108 1430 2137 loco
1439 2108 1518 2137 mihi
1526 2106 1696 2146 caputillud
1706 2106 2206 2148 videtureffmut'fquaeramuzquid

1251 2149 1284 2180 fit
1293 2149 1368 2179 illud
1380 2169 1388 2182 ,
1408 2149 1491 2190 quod
1501 2148 1521 2178 fi
1530 2148 1670 2188 adipisci,
1690 2157 1740 2178 aut
1749 2147 1807 2178 effu
1829 2159 1876 2179 ere
1886 2150 2016 2179 velimus
2027 2169 2035 2183 ,
2053 2150 2153 2190 aliqua
2162 2149 2212 2189 i'cs‘·

1252 2191 1341 2221 nobis
1352 2189 1385 2219 fit
1395 2189 1550 2220 necessiiria
1560 2210 1567 2223 ,
1588 2191 1646 2219 hoc
1655 2189 1696 2220 est
1707 2210 1714 2223 ‚
1727 2199 1790 2231 quae
1803 2159 1828 2220 lig
1826 2200 1836 2220 t
1845 2191 2010 2227 adjunstio,
2022 2188 2057 2221 vut
2065 2190 2206 2231 proinde,

1252 2235 1296 2262 uti
1307 2242 1429 2273 quaeque
1441 2241 1485 2261 res
1495 2233 1550 2261 erit
1560 2251 1567 2264 ,
1588 2231 1757 2270 laboremus
1768 2253 1775 2265 ,
1797 2232 1828 2262 δε
1848 2231 2048 2273 graviffimam
2056 2243 2146 2274 quam
2169 2242 2208 2263 ue

1253 2275 1369 2304 causam
1380 2271 1638 2303 vehementissime
1652 2272 1841 2304 necessariam
1851 2275 2032 2314 judicemus.
2063 2275 2139 2316 ‹Affe
2170 2275 2207 2308 io,

1251 2315 1294 2346 est
1311 2314 1446 2356 quaedam
1466 2324 1503 2344 ex
1523 2324 1656 2355 tempore
1667 2335 1675 2349 ,
1696 2324 1746 2345 aut
1755 2326 1792 2345 ex
1803 2319 1995 2359 negotiorum
2007 2325 2116 2348 eventu
2127 2337 2135 2351 ,
2159 2323 2210 2347 aut

1252 2356 1574 2395 admiiiisti·atione,aut
1584 2358 1748 2387 hominum
1761 2357 1871 2392 studio,
1882 2361 2084 2390 commutatio
2093 2368 2207 2391 rerum,

1254 2408 1286 2429 ut
1298 2409 1361 2429 non
1371 2399 1453 2435 tales,
1467 2399 1564 2439 quales
1575 2408 1642 2429 ante
1653 2399 1759 2429 habitae
1769 2398 1824 2430 fint
1834 2421 1843 2434 ,
1863 2410 1911 2430 aut
1920 2401 2097 2441 plerumque
2107 2400 2209 2431 haberi

1254 2442 1385 2473 soleant,
1406 2441 1548 2471 habende:
1558 2440 1714 2472 videantur
1723 2439 1781 2471 effe
1795 2453 1799 2470 :
1813 2450 1845 2471 ut
1854 2442 1888 2472 ad
1900 2442 2009 2473 hosteis
2021 2441 2137 2472 tranfire
2148 2451 2210 2471 tur-

1228 2515 1229 2521 *
1251 2492 1287 2523 pe
1297 2482 1417 2518 videtur
1426 2481 1500 2513 effe:
1524 2492 1550 2513 at
1560 2493 1625 2513 non
1636 2476 1814 2517 illo'animo,
1826 2495 1887 2525 quo
1898 2482 2015 2524 Ulyffes
2026 2482 2152 2515 transiit:
2174 2483 2207 2514 &

1251 2527 1409 2564 pecuniam
1427 2526 1459 2554 in
1479 2535 1560 2555 mare
1580 2525 1725 2564 dejicere,
1743 2527 1869 2556 inutile:
1887 2533 1915 2556 at
1932 2536 1996 2555 non
2015 2537 2052 2556 eo
2071 2525 2211 2558 consilio,

1252 2564 1267 2585 ⁶
1278 2576 1339 2608 quo
1356 2566 1522 2607 Aristippus
1540 2566 1620 2597 fecit.
1653 2570 1728 2598 Sunt
1739 2568 1828 2608 igitur
1836 2578 1880 2598 res
1890 2568 2025 2609 quaed'am
2036 2579 2069 2597 ex
2080 2575 2211 2610 tempore,

1255 2608 1287 2639 &
1298 2618 1335 2637 ex
1345 2607 1470 2639 consilio
1481 2630 1488 2642 ‚
1501 2619 1565 2639 non
1576 2619 1613 2639 cx
1624 2610 1673 2640 sua
1683 2618 1786 2639 natura
1795 2608 2011 2640 considerandae
2024 2620 2029 2638 t
2053 2610 2163 2651 quibus
2175 2611 2209 2639 in

1228 2677 1229 2681 ,
1254 2650 1397 2680 omnibus
1407 2671 1414 2683 ‚
1433 2650 1505 2691 quid
1517 2660 1651 2691 tempora
1661 2659 1778 2691 petant,
1798 2651 1929 2692 autquid
1939 2652 2072 2691 personis
2082 2651 2209 2692 dignum

1253 2690 1295 2725 fit,
1308 2690 1555 2723 considerandum
1566 2692 1608 2723 est
1620 2704 1624 2722 z
1650 2694 1682 2723 δε
1693 2703 1758 2723 non
1768 2693 1839 2733 quid
1850 2713 1858 2727 ,
1874 2692 1921 2723 sed
1933 2703 1993 2734 quo
2004 2693 2135 2734 quidque
2144 2694 2211 2722 ani-

1253 2744 1316 2767 mo,
1330 2736 1463 2775 quicum,
1477 2745 1538 2776 quo
1548 2744 1693 2775 ternpore,
1703 2735 1849 2776 quamdiu
1862 2734 1919 2768 fiat,
1928 2735 2146 2765 attendendum
2157 2733 2207 2764 est.

1256 2778 1312 2806 His
1323 2787 1360 2806 ex
1370 2777 1500 2817 partibus
1511 2776 1545 2808 ad
1556 2778 1735 2808 sententiam
1746 2777 1906 2808 dicendam
1916 2797 1924 2811 ‚
1937 2778 2020 2807 locos
2030 2777 2110 2807 sumi
2120 2786 2211 2817 opor-

2156 2827 2217 2848 tere

1260 2896 1310 2922 quc
1322 2887 1465 2914 Lambinus
1477 2889 1502 2914 in
1513 2890 1653 2915 delibratam
1665 2908 1672 2920 ‚
1696 2888 1780 2914 foi-flur
1797 2889 1862 2915 bene
1874 2899 1879 2915 ;
1902 2890 1939 2915 ita
1958 2895 2045 2915 tamen
2058 2896 2086 2915 ut
2097 2887 2214 2914 firmatur

1260 2933 1311 2950 non
1324 2924 1338 2949 “·.
1349 2925 1407 2949 libro
1418 2943 1425 2955 ‚
1436 2923 1477 2950 sed
1489 2926 1502 2949 ii
1513 2926 1587 2950 libra.
2151 2926 2154 2927 ⁷

1295 2967 1322 2991 4.
1343 2961 1413 2985 Veli»
1427 2961 1547 2993 prr-lintizi
1557 2960 1694 2993 quiesceres]
1716 2961 1759 2985 Sic
1768 2960 1854 2986 omnis
1864 2958 2068 2995 scriptalthi03
2089 2960 2216 2995 primitus

1261 2994 1311 3021 cusi
1324 3014 1332 3027 ‚
1342 3002 1368 3019 ut
1378 2998 1403 3020 in
1411 2996 1476 3028 pras.
1487 2994 1607 3031 deinceps
1621 2996 1719 3032 vulgati
1733 3015 1740 3026 ‚
1751 2996 1780 3026 (ὲ-
1788 2996 1886 3028 mpraes.

1298 3040 1323 3064 5.
1343 3033 1371 3056 In
1389 3032 1551 3056 commoditatis
1568 3032 1622 3056 verb
1641 3032 1756 3065 rarione]
1777 3033 1902 3068 Qatuor
1917 3031 1955 3057 hae
1968 3041 2042 3057 voees
2053 3042 2104 3058 non
2117 3031 2212 3058 suntin

1261 3067 1345 3093 Pul-it.
1357 3065 1478 3093 secundo.
1490 3070 1544 3093 (dre
1551 3067 1624 3094 venb.
1636 3075 1724 3095 autern
1735 3076 1826 3094 eorum
1837 3067 1897 3094 loco
1906 3067 1983 3094 habet
1995 3087 2002 3100 ,
2013 3071 2041 3094 1η
2051 3069 2217 3094 commoditatis

1261 3103 1415 3129 tantummodo
1424 3103 1482 3128 mad
1492 3122 1499 3135 ‚
1510 3103 1561 3134 ὡς.

1299 3140 1326 3164 6.
1346 3140 1395 3172 Qo
1403 3141 1537 3172 Aristippus
1545 3140 1625 3174 facin]
1647 3139 1704 3166 Pal.
1715 3139 1764 3165 sec.
1774 3140 1840 3166 item
1851 3140 1935 3167 Grev.
1947 3141 2027 3176 dejecit
2038 3160 2046 3174 ‚
2056 3140 2122 3168 adeo
2133 3147 2163 3167 ut
2173 3139 2215 3166 su-

1262 3174 1343 3212 spicer
1355 3183 1494 3212 utramque
1507 3185 1596 3204 vocem
1608 3175 1658 3204 else
1667 3175 1698 3205 ab
1708 3177 1864 3213 interprete.
2167 3212 2201 3243 st

2133 3220 2156 3239 x.
2176 3219 2223 3238 'uc

1407 1272 1450 1299 Ac
1461 1269 1578 1299 summa
1586 1268 1710 1309 quidem
1724 1267 1905 1298 necessitudo
1915 1269 2033 1299 videtur
2040 1268 2098 1299 effe
2109 1270 2206 1299 hone·
2223 1271 2240 1300 5
2249 1262 2266 1295 3
