2337 3400
184 795 226 828 61

198 2509 241 2551 63
260 2508 456 2540 consiliorum
466 2517 617 2538 meorum.
650 2506 778 2537 Reditus
791 2503 864 2536 vero
875 2514 960 2535 meus
969 2505 1021 2544 qui
1030 2504 1121 2532 fuerit
1130 2522 1139 2536 ‚
1151 2504 1218 2543 quis

220 1533 225 1537 ,
254 1509 342 1537 omni
352 1514 525 1546 recuperata.
550 1507 694 1535 Decrevit
705 1503 810 1534 eodem
822 1512 958 1542 tempore
967 1502 1081 1531 senatus
1092 1520 1100 1533 ‚
1120 1501 1212 1532 utiis,

234 141 327 200 508
645 131 1159 180 M.Tu1.1,1·1
1240 128 1779 179 Crc‘nnomr1s

231 227 352 260 propter
363 216 484 247 salutem
496 233 505 248 ‚
526 211 579 243 nisi
593 223 691 244 meam
704 232 713 246 ‚
731 212 847 243 senatus
856 210 978 251 publice
988 210 1075 240 sociis
1085 206 1191 249 populi
1234 207 1403 248 reditusque
1415 228 1423 242 ,
1445 209 1550 240 natalis
1563 210 1643 241 idem
1657 211 1809 243 cariffimae
1821 207 2001 251 filiae(quam
2012 217 2052 240 ex
2059 204 2192 251 graviffi.

236 263 330 292 Rom.
343 260 446 299 gratias
456 258 533 296 egit?
546 255 581 284 de
593 264 641 284 me
654 264 715 285 uno
726 257 755 284 P.
766 256 798 283 C.
810 253 1022 285 decreverunt,
1046 260 1091 281 υτ
1103 270 1110 283 ‚
1129 259 1191 288 Q!
1237 259 1291 279 mo
1305 260 1368 280 tum
1384 249 1518 289 primum
1535 251 1697 287 desiderio,
1716 255 1860 294 luctuque
1874 251 2029 292 conspexi)
2045 254 2129 281 idem
2146 259 2193 281 et..

238 308 447 332 paovitcctAs
464 298 674 336 cumimperio
685 292 1105 335 obtinerent‚quiquaestores‚
1117 292 1194 332 lega·
1238 294 1299 321 iam
1319 290 1407 331 ipsius
1425 292 1580 323 4coloniae
1592 293 1794 329 Brundifinae;
1813 296 1954 336 idemque
1973 293 2085 324 salu-[434
2103 302 2192 322 cum-

238 345 320 382 tique
332 339 425 370 ess'ent
434 359 442 372 ,
460 339 585 369 salutem
596 358 603 371 ‚
617 338 649 367 δε
659 346 753 367 vitam
764 346 863 367 meam
874 335 1067 365 custodirent.
1091 336 1128 363 In
1138 342 1197 362 una
1240 343 1297 374 que
1317 343 1367 362 me
1385 332 1496 362 domus
1509 334 1613 365 eadem
1625 339 1812 375 optimorum
1823 357 1832 370 ,
1851 337 1884 367 ὃς,
1893 333 2134 366 ἀοᾶὶιίῖῐηι-οῑωῃ
2146 334 2195 363 vi-

242 394 308 413 mea
325 382 406 411 causa
424 379 490 420 post
504 383 637 410 Romam
658 379 811 409 conditam
829 377 943 407 fastum
962 376 1004 407 est
1016 397 1025 410 ‚
1045 383 1077 405 ut
1093 376 1197 405 litteris
1239 385 1341 404 rorum
1353 394 1361 408 ,
1381 376 1470 404 Lenii
1481 375 1575 406 Flacci
1589 377 1622 407 δε
1635 381 1741 417 patris,
1761 379 1793 408 ὃς
1807 377 1902 409 fratris
1915 379 1979 417 ejus
1993 374 2137 406 laetiffima
2148 385 2196 405 ac·-

239 423 447 454 cousularibus
457 431 495 452 ex
507 420 779 453 senatusconsulto,
798 419 905 449 cundia
915 418 1064 451 exitialia,
1076 425 1196 449 omnes,
1240 414 1382 456 cepisset.
1407 426 1472 457 quae
1489 420 1633 456 proximo
1651 429 1731 449 anno
1751 429 1882 450 moeiens
1902 428 2047 459 receperat
2059 437 2067 452 ‚
2090 418 2122 447 δε
2141 420 2196 448 luo

244 467 297 506 qui
316 474 410 504 remp,
430 463 539 493 salvam
558 463 672 493 vellent
688 482 696 495 ‚
720 470 964 492 convocarentur.
996 459 1087 501 Qiod
1106 468 1198 489 num-
1243 456 1377 498 praesidio
1389 477 1397 490 ,
1409 459 1803 499 periculoque-defenderat?
1821 462 2064 502 cumqtieitineoe
2075 468 2137 489 toto
2147 468 2200 488 ur-

242 517 333 548 quam
353 506 468 537 senatus
487 507 521 535 in
540 505 684 534 universae
701 505 773 543 reip.
792 503 927 543 periculo
945 502 1095 535 decrevit,
1115 500 1145 530 id
1167 501 1198 528 in
1246 500 1296 530 bes
1307 500 1398 530 ltaliae
1411 498 1494 539 festos
1509 500 1566 529 dies
1581 511 1664 543 agere
1682 502 1827 532 adventus
1847 505 1906 532 mej
1924 502 2118 532 videbamur?
2140 508 2199 530 vm

245 550 336 578 unius
345 557 413 578 mea
422 547 512 578 salute
522 545 723 577 conservanda
730 545 951 576 decernendum
963 544 1088 584 putavit.
1100 545 1199 581 Quem
1247 541 1443 571 multitudine
1454 541 1619 582 legatorum
1630 563 1638 577 ‚
1654 544 1786 584 undique
1796 544 1954 573 miss'orum
1965 543 2200 572 celebrabantur?

247 592 327 620 curia
339 591 433 631 magis
443 587 606 630 requisivit?
620 598 711 629 quern
721 587 823 617 forum
834 588 933 616 luxit?
945 595 1037 626 quem
1048 585 1131 624 aeque
1144 583 1201 622 ipsa
1245 583 1279 613 ad
1299 583 1405 613 urbem
1419 581 1544 613 accefl'us
1558 585 1729 614 incredibili
1745 587 1911 615 hominum
1932 583 2144 616 multitudine,
2165 583 2201 613 &

243 631 405 662 tribunalia
422 629 657 660 desideraverunt
678 632 689 659 ?
715 631 828 659 Omnia
845 627 970 658 discessu
990 637 1060 657 meo
1079 625 1199 657 deserta,
1245 625 1439 666 gratulatione
1451 623 1592 656 florebat?
1604 626 1682 656 itera
1692 629 1829 666 porta,in
1839 627 2023 666 Capitolium
2032 625 2200 657 adscensus,

243 673 383 706 horrida,
403 682 504 706 muta,
524 672 613 712 plena
626 670 744 704 luistus,
767 671 798 701 &
817 680 956 700 moeroris
974 669 1103 699 fuerunt.
1127 668 1203 707 Qis
1248 667 1376 696 domum
1388 666 1499 697 reditus
1509 676 1567 697 erat
1578 667 1749 707 ejusmodi,
1770 678 1802 698 ut
1820 669 1938 698 summa
1955 670 1987 697 in
2005 668 2107 697 laetitia
2124 664 2202 696 illud

242 714 285 745 cst
297 715 481 746 Italiaelocus
494 734 502 747 ,
522 716 555 744 in
573 723 636 754 quo
652 723 716 743 non
738 712 832 742 fixum
853 711 887 741 sit
902 714 935 741 in
951 711 1078 750 publicis
1093 718 1203 738 monu-
1247 708 1380 752 dolerem
1391 727 1399 741 ,
1423 710 1576 738 civitatem
1587 718 1645 739 tam
1655 719 1766 751 gratam
1779 730 1787 743 ‚
1799 720 1860 740 tam
1874 710 2013 739 miseram
2025 729 2033 742 ,
2051 718 2138 748 atque
2147 716 2204 746 op·-

246 758 358 786 mentis
377 776 385 790 ‚
407 755 537 792 studium
548 756 650 795 fizlutu
668 765 742 785 meae
761 774 769 788 ‚
799 753 1009 784 testimonium
1030 751 1204 791 dignitatis?
1246 748 1371 790 pressarn
1382 749 1490 780 fuisse?
1513 751 1612 780 Habes
1626 753 1734 792 igitur,
1753 751 1836 792 quod
1856 761 1893 781 ex
1913 761 1962 780 me
1979 749 2104 791 quaesisti
2117 749 2201 789 „qui

249 801 331 828 Nam
350 798 423 838 quid
440 808 496 838 ego
512 798 564 827 illa
576 797 613 826 de
628 807 678 826 me
691 797 794 837 divina
807 794 1057 826 senatusconsulti
1065 800 1205 822 comme·
1248 789 1342 821 ess'ent
1352 794 1521 831 optimates.
1546 802 1608 822 non
1619 793 1661 822 est
1670 794 1747 822 natio
1759 813 1767 826 ,
1788 803 1819 823 ut
1829 792 1947 823 dixisti:
1970 792 2052 833 quod
2066 802 2120 833 ego
2135 799 2204 820 ver-

247 850 368 870 morem
383 843 393 869 ?
412 841 461 869 vel
470 839 553 880 quod
564 841 597 868 in
607 838 723 877 templo
731 839 818 879 Jovis
828 837 938 876 optimi
949 836 1078 865 maximi
1087 832 1201 863 facium
1251 833 1324 862 bum
1335 835 1443 874 agnovi
1457 832 1515 863 :est
1525 836 1608 863 enim
1619 835 1702 864 illius
1711 855 1720 868 ‚
1733 836 1748 865 a
1757 845 1818 875 quo
1828 845 1889 864 uno
1901 833 2037 864 maxime
2047 836 2076 864 P.
2085 834 2205 863 Sextius

246 881 289 912 est
300 902 309 916 ‚
329 881 402 912 cum
416 883 461 911 vir
474 882 500 911 is
512 900 521 914 ,
540 882 592 921 qui
602 882 758 919 tripartitas
770 879 851 908 orbis
860 887 1003 908 terrarum
1014 885 1078 906 oras
1089 895 1097 908 ‚
1118 883 1204 914 atque
1250 876 1279 905 se
1290 876 1455 915 oppugnari
1464 875 1566 908 videt,
1585 876 1721 906 hominis
1731 877 1794 916 ejus
1804 897 1813 909 ,
1834 878 1886 916 qui
1896 877 1972 906 hana
1982 877 2140 905 nationem
2150 874 2206 904 de-

248 926 387 964 regiones
397 923 662 961 tribustriumphis
672 919 825 960 adjunAEtas
843 921 913 949 huic
930 920 1060 958 imperio
1078 918 1204 948 notavit,
1302 918 1304 921 “

245 965 282 996 de
301 966 407 1005 scripto
426 965 572 995 sententia
588 963 685 996 dieta,
707 963 784 991 mihi
801 964 854 991 uni
872 959 1085 991 testimonium
1107 958 1205 997 patriae

247 1008 429 1038 conservat-ae
443 1006 545 1036 dedit?
564 1005 649 1043 cujus
662 1005 837 1034 sententiam
849 1005 889 1033 ita
898 999 1152 1042 frequentiffimus
1163 1000 1207 1030 se-

249 1059 335 1080 natus
345 1049 460 1078 secutus
470 1047 530 1081 est,
552 1056 585 1076 ut
602 1055 679 1075 unus
694 1043 861 1075 dissentiret
876 1043 987 1074 hostis:
1008 1041 1205 1083 idqueipsum

246 1091 356 1122 tabulis
365 1090 492 1130 publicis
505 1087 713 1121 mandaretur,
723 1087 758 1117 ad
769 1087 932 1116 memoriam
941 1084 1051 1125 posteri
1062 1084 1207 1122 temporis

248 1133 475 1172 sempiternam:
488 1130 535 1159 vel
546 1129 627 1169 quod
639 1128 681 1159 est
689 1128 833 1169 postridie
843 1129 996 1158 decretum
1009 1129 1042 1156 in
1052 1128 1141 1158 curia,
1153 1134 1209 1164 po-

249 1175 315 1214 puli
334 1172 421 1213 ipsius
431 1174 524 1202 Rom.
539 1171 572 1201 &
585 1180 690 1201 eorum
704 1191 713 1204 ,
733 1172 786 1211 qui
805 1181 843 1200 ex
862 1170 1039 1208 municipiis
1056 1175 1209 1197 convene-

249 1224 316 1246 rant
326 1235 334 1248 ,
348 1214 525 1247 admonitu,
543 1223 582 1242 ne
593 1215 659 1253 quis
668 1212 706 1244 de
717 1213 791 1242 caelo
802 1213 948 1242 servaret?
967 1220 1005 1239 ne
1014 1211 1080 1249 quis
1091 1216 1207 1237 moram

251 1257 344 1288 ullam
354 1254 490 1286 afferret?
511 1253 530 1284 sl
541 1257 608 1295 quis
618 1255 703 1284 aliter
711 1253 824 1284 fecisset
836 1275 846 1287 ‚
863 1262 933 1282 eum
943 1251 1030 1291 plane
1041 1249 1209 1279 eversorem

251 1300 322 1338 reip.
334 1297 416 1330 fore,
429 1297 518 1338 idque
532 1297 666 1327 senarum
678 1294 845 1337 gravissime
855 1295 983 1323 laturum
995 1303 1002 1321 ·.
1022 1292 1054 1321 &
1068 1290 1209 1321 utstatim

252 1340 290 1371 de
300 1342 364 1380 cjus
373 1339 453 1369 facto
463 1337 638 1369 referretur?
660 1341 726 1379 Qa
735 1339 876 1377 gravitate
888 1336 904 1366 s
902 1345 936 1364 ua
949 1355 957 1368 ,
976 1333 1049 1364 cum
1069 1332 1210 1373 frequens

254 1383 371 1412 senatus
389 1380 612 1410 nonnullorum
634 1380 743 1412 scelus,
764 1378 977 1417 audaciamque
997 1373 1149 1408 tardasset3
1170 1383 1211 1404 ta—

253 1433 326 1454 men
337 1422 413 1453 illud
423 1421 555 1455 addidit,
580 1425 589 1440 ¹
603 1420 622 1450 fi
641 1430 759 1451 manus
774 1422 909 1461 quinque
920 1438 928 1452 ‚
939 1417 1049 1459 quibus
1059 1419 1104 1457 agi
1115 1416 1152 1446 de
1161 1425 1211 1445 me

252 1463 395 1506 potuill'et
406 1485 413 1497 ‚
428 1474 491 1494 non
503 1461 574 1493 css‘et
582 1463 682 1493 acrum
695 1483 703 1496 ,
725 1462 853 1491 redirem
864 1464 897 1490 in
907 1463 1030 1500 patriam
1042 1479 1049 1492 ‚
1070 1459 1213 1499 dignitate

1254 917 1306 946 leri
1319 936 1327 950 ,
1348 916 1381 946 &
1394 917 1515 946 concidi
1527 919 1658 957 cupivit:
1676 919 1729 958 qui
1743 921 1776 948 C.
1788 920 1929 948 Caesarem
1943 937 1952 951 ,
1965 919 2081 947 mitem
2091 916 2206 945 homi-

1254 968 1324 988 nem
1337 977 1345 991 ,
1362 958 1394 988 &
1403 957 1419 987 a
1428 958 1508 988 caede
1517 959 1727 989 abhorrentem
1739 980 1748 994 ,
1768 961 1842 1000 saepe
1854 961 2000 999 increpuit
2010 979 2018 992 ‚
2030 959 2113 998 ‚saepe
2122 967 2206 988 accu-

1253 1000 1343 1032 savit,
1362 1001 1432 1029 cum
1444 998 1623 1034 affirmaret,
1645 1002 1732 1031 illum
1744 1012 1929 1042 numquam,
1953 1001 2026 1031 dum
2042 1002 2104 1030 haec
2122 1001 2206 1030 natio

1252 1043 1365 1070 viveret
1379 1063 1387 1074 ,
1403 1039 1541 1072 sinecura
1550 1042 1698 1072 futurum.
1722 1044 1799 1073 nihil
1809 1043 1979 1083 profecitde
1990 1040 2151 1072 universis:
2167 1041 2206 1071 de

1253 1092 1302 1112 me
1312 1092 1394 1122 agere
1405 1092 1467 1112 non
1479 1082 1607 1113 destitit:
1628 1095 1678 1114 me
1697 1087 1880 1126 oppugnavit
1897 1083 2032 1124 primum
2052 1093 2103 1124 per
2121 1083 2207 1113 indi-

1251 1133 1318 1170 cem
1330 1124 1465 1170 Vettium
1476 1144 1484 1157 ‚
1504 1135 1596 1164 quem
1606 1128 1638 1155 in
1650 1129 1798 1155 concione
1813 1126 1849 1156 de
1863 1137 1912 1155 rne
1921 1146 1930 1159 ‚
1950 1127 1983 1155 δι’.
1992 1126 2028 1155 de
2037 1123 2204 1156 clariffimis

1253 1175 1325 1194 vrris
1335 1173 1537 1205 interrogaVit.
1560 1168 1591 1195 in
1606 1177 1667 1207 quo
1682 1175 1782 1197 tamen
1799 1169 1961 1197 eos-civeis
1975 1169 2137 1206 conjunxit
2152 1177 2208 1196 eo-

1255 1207 1325 1236 dem
1335 1206 1468 1245 periculo
1479 1226 1487 1240 ,
1509 1207 1541 1236 &
1550 1210 1678 1238 crimine
1689 1228 1696 1241 ‚
1717 1218 1750 1238 ut
1763 1208 1778 1238 Ξι
1791 1218 1840 1238 me
1850 1210 1951 1237 inierit
1960 1210 2081 1248 gratiam
2092 1227 2101 1241 ‚
2122 1206 2207 1248 quod

1254 1289 1353 1330 postea
1363 1290 1440 1319 mihi
1451 1309 1459 1323 ‚
1474 1292 1547 1319 nuua
1556 1292 1744 1325 meo-merito,
1761 1290 1815 1321 m'fi
1828 1291 1908 1332 quod
1920 1291 2010 1321 bonis
2028 1292 2140 1331 placere
2157 1301 2212 1321 cu-

1255 1332 1393 1372 piebam,
1404 1334 1527 1361 omneis
1535 1331 1578 1362 est
1586 1331 1704 1363 insidias
1714 1332 1929 1363 sceleratiflime
1941 1334 2139 1362 machinatus.
2154 1333 2212 1362 Ille

1255 1373 1290 1404 ad
1302 1383 1352 1403 eos
1363 1393 1372 1406 ‚
1393 1373 1409 1403 ὲ
1419 1374 1527 1413 quibus
1540 1374 1712 1404 audiebatur
1722 1395 1732 1408 ‚
1751 1375 1886 1415 quotidie
1897 1374 2010 1415 aliquid
2021 1373 2129 1404 defeeti
2139 1373 2214 1404 affe-

1255 1415 1354 1446 rebat:
1374 1416 1426 1444 ille
1435 1416 1595 1445 hominem
1608 1417 1684 1446 mihi
1694 1415 1911 1446 amicissimum
1925 1437 1934 1450 ,
1954 1419 2009 1446 Cn.
2020 1416 2216 1456 Pompeium,-

1257 1456 1399 1487 monebat
1410 1477 1419 1490 ‚
1430 1466 1468 1487 ut
1477 1467 1575 1487 meam
1587 1457 1716 1488 domurn
1727 1467 1874 1488 metueret
1884 1467 1994 1498 ‚atque
2004 1458 2019 1488 a
2030 1458 2155 1497 meipso
2164 1467 2214 1487 ca-

1257 1508 1339 1529 veret
1350 1509 1355 1527 ;
1367 1499 1419 1528 ille
1430 1499 1457 1528 se
1468 1498 1505 1528 sic
1515 1509 1585 1529 cum
1597 1502 1727 1529 inimico
1737 1509 1807 1529 meo
1818 1501 1984 1539 copularat,
1994 1501 2125 1530 utillum
2137 1508 2217 1529 meae

1259 1541 1484 1581 proscriptionis
1493 1560 1501 1574 ‚
1514 1551 1602 1581 quam
1614 1541 1772 1580 adjuvabat
1780 1544 1846 1572 Sex.
1857 1541 1981 1571 Clodius
1991 1562 1998 1575 ,
2012 1543 2108 1571 homo
2118 1543 2156 1570 iis
2166 1540 2216 1570 di-

1258 1581 1418 1624 gniss'imus
1431 1602 1438 1615 ,
1455 1583 1633 1624 quibuscum
1647 1585 1741 1617 vivit,
1761 1582 1890 1612 tabulam
1909 1581 1986 1616 effe,
2007 1583 2036 1613 se
2051 1583 2216 1622 scriptorem

1260 1626 1369 1655 diceret
1381 1634 1390 1652 :‚
1401 1625 1453 1654 ille.
1464 1634 1540 1654 unus
1552 1626 1668 1655 ordinis
1678 1625 1771 1656 nostri
1783 1624 1907 1655 discess‘u
1919 1634 1988 1654 meo
1998 1644 2007 1659 ,
2023 1624 2105 1653 luc‘tu
2116 1623 2217 1654 vestro

1260 1666 1356 1707 palam
1368 1667 1537 1696 exsultavit.
1560 1667 1597 1697 de
1610 1678 1672 1708 quo
1688 1678 1741 1708 ego
1753 1687 1762 1701 ‚
1783 1666 1854 1698 cum
1864 1666 2000 1707 quotidie
2010 1675 2108 1696 rueret
2117 1686 2134 1699 ‚A
2146 1675 2217 1695 ver-

1262 1710 1335 1739 bum
1346 1708 1402 1738 feci
1415 1729 1423 1741 ‚
1435 1708 1548 1747 judices
1559 1729 1567 1742 ‚
1583 1719 1749 1750 numquam
1763 1721 1768 1738 1
1789 1719 1886 1750 neque
1896 1710 1998 1748 putavi
2008 1708 2098 1742 ‚cum
2110 1708 2219 1737 omni-

1263 1751 1319 1780 bus
1332 1751 1500 1783 machinis,
1520 1761 1552 1780 ac
1570 1760 1749 1784 tormentis,
1771 1752 1820 1784 vi,
1843 1752 1995 1783 exercitu,
2015 1751 2109 1789 copiis
2120 1758 2219 1788 oppu-

1260 1802 1365 1832 gnarer
1374 1812 1382 1825 ‚
1404 1792 1441 1821 de
1455 1802 1517 1821 uno
1531 1793 1678 1833 sagittario
1690 1803 1739 1821 me
1749 1795 1834 1833 queri
1845 1793 2019 1821 convenire.
2044 1794 2057 1818 5
2067 1789 2140 1821 Adi-a
2149 1799 2220 1821 mea

1261 1834 1314 1863 sibi
1326 1836 1366 1863 ait
1375 1833 1529 1872 displicere
1541 1853 1548 1866 2
1569 1836 1635 1874 quis
1649 1834 1762 1864 nescit?
1781 1837 1834 1875 qui
1843 1834 1940 1875 legem
1952 1842 2018 1863 eam
2029 1841 2217 1866 contemnat,

1260 1886 1326 1916 quae
1336 1874 1466 1905 dilucide
1478 1884 1574 1908 vetat,
1589 1875 1763 1917 gladiatores
1773 1876 1900 1906 biennio
1910 1895 1919 1909 ‚
1938 1885 2000 1916 quo
2009 1877 2076 1915 quis
2085 1875 2219 1914 petierit,

1263 1919 1466 1957 autpetituius
1479 1915 1510 1946 sit
1521 1938 1529 1950 ‚
1550 1917 1617 1947 date
1629 1919 1639 1945 ?
1661 1920 1698 1947 Ln
1712 1927 1772 1958 quo
1786 1919 1850 1957 ejus
1864 1919 2063 1947 temeritatem
2077 1917 2144 1947 satis
2158 1917 2220 1945 mi-

1263 1962 1337 1993 rari,
1355 1959 1472 1998 judices
1484 1979 1492 1992 ‚
1512 1969 1574 1989 non
1588 1969 1675 2000 queo.
1700 1959 1767 1990 facit
1780 1957 1963 2000 apertissime
1981 1968 2082 1988 contra
2099 1959 2217 1999 legem:

1264 2001 1334 2032 facit
1345 2003 1370 2030 is
1379 2020 1388 2034 ,
1407 2003 1461 2041 qui
1473 2011 1568 2042 neque
1578 2001 1655 2031 elabi
1666 2001 2021 2041 exjudiciojucunditate
2030 2001 2079 2031 sua
2091 2019 2100 2033 ‚
2119 2009 2218 2040 neque

1266 2044 1364 2073 emitti
1380 2045 1469 2083 gratia
1485 2042 1598 2083 potest:
1618 2053 1714 2084 neque
1729 2044 1856 2084 opibus,
1877 2043 1911 2073 &
1922 2044 2056 2083 potentia
2068 2042 2146 2083 leges
2157 2050 2219 2075 ²>ac

1259 2085 1372 2126 judicia
1384 2085 1574 2126 perfringere.
1629 2095 1672 2115 uae
1682 2095 1727 2115 res
1737 2085 2040 2124 hominemimpellit
2049 2105 2058 2117 2
2071 2092 2104 2113 ut
2114 2081 2147 2113 fit
2157 2092 2219 2113 tam

1262 2130 1486 2167 intemperans?
1506 2126 1559 2157 ista
1571 2127 1662 2156 nimia
1671 2127 1766 2167 gloria
1781 2127 1936 2169 cupiditate
1948 2127 2096 2156 familiam
2106 2124 2219 2166 gladia-

1263 2171 1370 2199 toriam
1383 2189 1392 2202 ,
1409 2168 1498 2199 credo
1509 2189 1518 2202 ‚
1534 2168 1640 2199 naritus
1650 2169 1693 2199 est
1703 2190 1712 2202 ,
1727 2170 1888 2209 speciosam
1898 2188 1907 2202 ‚
1926 2167 2064 2198 nobilem
2074 2187 2082 2200 ‚
2101 2166 2217 2206 glorio‹

1263 2212 1333 2241 sam.
1356 2219 1443 2241 norat
1453 2210 1548 2241 studia
1558 2211 1681 2251 populi:
1701 2212 1820 2241 videbat
1830 2211 1974 2241 clamores
1985 2228 1994 2242 ‚
2014 2207 2221 2238 &concursus

1261 2253 1388 2283 futuros.
1413 2255 1478 2282 Hac
1488 2252 1709 2292 exspeefimtione
1719 2253 1812 2283 elatus
1821 2254 1918 2282 homo
1929 2270 1938 2284 ‚
1957 2249 2081 2291 flagrans
2099 2248 2219 2288 cupidi-

1261 2304 1319 2325 tate
1329 2296 1432 2336 gloria:
1445 2314 1453 2328 ‚
1474 2303 1573 2324 tenere
1585 2294 1612 2323 se
1623 2303 1686 2323 non
1697 2295 1795 2332 potuit
1804 2313 1813 2326 ‚
1832 2295 1908 2333 quin
1919 2293 1974 2322 hos
1983 2290 2157 2333 gladiatores
2167 2292 2217 2320 in-

1262 2337 1383 2366 duceret
1393 2355 1402 2368 ,
1423 2345 1554 2375 quorum
1568 2333 1638 2364 effer
1650 2335 1710 2373 ipse
1723 2335 1952 2374 pulcherrimus.
1975 2335 2007 2364 si
2017 2333 2058 2363 ob
2068 2343 2134 2363 earn
2149 2342 2219 2362 cau<

1261 2378 1321 2407 sam
1334 2385 1464 2416 peccaret
1476 2395 1485 2409 ,
1505 2376 1538 2404 &
1551 2385 1605 2415 pro
1615 2380 1726 2405 recenti
1740 2376 1844 2416 populi
1862 2377 1999 2406 Rom-in
2013 2375 2042 2405 se
2054 2373 2222 2407 beneficio„.

1260 2418 1396 2457 populari
1419 2416 1517 2447 studio
1539 2419 1633 2447 elatus
1652 2428 1657 2446 :
1685 2426 1785 2448 tamen
1810 2418 1974 2459 ignosceret
2001 2427 2106 2446 nemo.
2145 2415 2218 2446 cum

1260 2458 1333 2489 vero
1347 2469 1383 2489 ne
1401 2459 1437 2488 de
1448 2459 1604 2489 venalibus
1613 2459 1738 2499 quidem
1748 2461 1890 2489 homines
1900 2458 2012 2489 ele6tos
2024 2479 2032 2493 ,
2052 2458 2101 2488 sed
2118 2468 2156 2488 ex
2173 2467 2220 2487 er-

1261 2500 1380 2541 gastulis
1393 2510 1490 2530 emros
1502 2521 1510 2535 ‚
1533 2501 1715 2531 nominibus
1725 2501 1907 2542 gladiatoriis
1917 2503 2030 2531 ornarit
2041 2521 2050 2534 ‚
2070 2500 2102 2530 &
2113 2497 2220 2530 sortito

1262 2544 1336 2573 alios
1348 2543 1498 2572 Samnitem
1508 2563 1516 2576 ‚
1537 2541 1637 2572 6alios
1649 2545 1843 2572 Provocatores
1856 2542 1969 2573 fecerit.
1994 2551 2071 2573 tanta
2086 2542 2219 2575 licentia,

1262 2594 1340 2614 tanta
1349 2586 1414 2625 legu
1420 2595 1450 2614 m
1459 2586 1626 2614 contemtio
1638 2605 1646 2618 ‚
1666 2590 1679 2613 Ζ
1689 2595 1791 2615 nonne
1801 2595 1890 2625 quem
1903 2582 2079 2614 habitura-stt
2087 2585 2218 2618 exitum,

1262 2627 1466 2667 pertimescit?
1488 2626 1544 2657 Sed
1564 2626 1651 2657 habet
1668 2625 1855 2657 defensiones
1871 2627 1942 2657 duas
1954 2637 1959 2656 ;
1980 2624 2117 2666 primum
2127 2645 2136 2659 .
2155 2627 2222 2660 Do,

2106 2673 2222 2707 inquit,

253 1552 306 1589 qui
318 1559 356 1578 ex
368 1557 427 1578 tota
438 1547 520 1577 ltalia
530 1547 628 1577 salutis
640 1555 716 1576 mea:
726 1546 809 1576 causa
820 1551 1022 1575 convenerant
1031 1562 1040 1576 ‚
1060 1551 1215 1582 agerentur

253 1594 352 1633 gratiae
365 1601 371 1618 :
390 1598 476 1630 atque
487 1589 624 1619 utiidetn
634 1588 669 1618 ad
679 1598 728 1617 res
735 1587 892 1617 redeuntes
904 1606 913 1618 ,
928 1594 969 1615 ¹ut
988 1586 1147 1616 venirent,
1164 1593 1214 1613 ro-

254 1641 401 1674 garentur.
435 1628 508 1661 Haec
526 1639 586 1660 erat
604 1629 772 1660 studiorum
792 1630 824 1658 in
845 1637 912 1658 mea
931 1627 1021 1657 salute
1041 1627 1214 1656 contentio:

254 1676 319 1704 titii
331 1695 340 1707 ,
359 1675 412 1714 qui
423 1672 439 1703 a
449 1673 549 1702 senatu
559 1672 595 1701 de
605 1682 656 1702 me
666 1671 862 1712 rogabantur,
874 1669 969 1699 iidem
980 1669 1092 1698 senatui
1102 1677 1154 1707 pro
1165 1677 1215 1696 me

255 1716 462 1756 supplicarent.
485 1716 583 1754 Atque
599 1716 639 1744 ita
655 1715 687 1742 in
702 1715 748 1743 his
764 1713 851 1742 rebus
865 1721 943 1742 unus
957 1709 999 1740 est
1012 1710 1091 1740 solus
1104 1719 1214 1739 inven-

255 1766 303 1788 tus
314 1778 322 1791 ‚
333 1759 385 1798 qui
396 1756 432 1787 ab
441 1757 494 1786 hac
504 1764 564 1785 tam
576 1755 709 1795 impensa
717 1755 873 1785 voluntate
884 1755 1034 1784 bonorum
1046 1751 1143 1791 palam
1154 1751 1215 1781 dis-

255 1798 359 1829 sideret
369 1819 377 1832 ‚
398 1800 529 1828 utetiam
541 1800 578 1835 Q.
591 1797 733 1827 Metellus
742 1796 848 1826 consul
859 1816 867 1829 ,
889 1797 942 1836 qui
954 1795 1030 1824 mihi
1048 1794 1095 1824 vel
1114 1795 1213 1823 maxi-

254 1842 306 1871 me
318 1851 355 1870 ex
366 1842 483 1882 magnis
496 1838 746 1869 contentionibus
756 1838 872 1878 reipub.
884 1835 985 1867 fuiss'ct
1000 1837 1144 1865 inimicus
1155 1855 1164 1868 ,
1178 1834 1214 1864 de

254 1892 321 1913 mea
336 1883 426 1913 salute
445 1882 587 1913 retulerit.
612 1883 672 1920 Qii
687 1882 832 1910 excitatus
847 1880 989 1909 *summa
1000 1888 1071 1907 cum
1086 1876 1216 1906 auetori-

253 1934 310 1955 tate
322 1945 329 1958 ‚
341 1927 371 1955 Ρ,
381 1925 497 1954 Servilii
508 1922 635 1965 quadam
645 1924 785 1967 gravitate
795 1921 934 1954 dicendi,
951 1918 1021 1950 cum
1033 1920 1084 1949 ille
1096 1920 1217 1948 omneis

252 1976 346 2007 prope
366 1966 401 1996 ab
419 1965 523 1996 inferis
536 1963 682 1995 evocasset
697 1964 838 1993 Metellos
853 1983 861 1996 ,
884 1963 916 1992 &
934 1962 970 1992 ad
988 1962 1072 1990 illius
1090 1962 1216 2002 generis,

254 2008 337 2048 quod
349 2006 481 2038 sibicum
493 2018 531 2038 eo
541 2016 709 2037 commune
724 2004 814 2038 esset,
835 2005 1010 2046 dignitatem
1026 2023 1033 2037 ‚
1055 2003 1218 2043 propinqui

256 2052 300 2080 sui
312 2059 447 2080 mentem
457 2050 473 2079 a
484 2049 638 2080 Clodianis
649 2049 813 2078 latrociniis
823 2045 993 2077 reflexiss'et:
1004 2054 1134 2085 cumque
1144 2054 1216 2074 eum

254 2092 289 2123 ad
301 2091 461 2122 domestici
470 2091 602 2131 exempli
613 2091 795 2120 memoriam
810 2110 818 2122 ‚
839 2090 872 2119 &
881 2088 916 2118 ad
928 2098 1024 2117 unum
1036 2086 1119 2117 dieto
1129 2088 1217 2116 citius

256 2134 376 2163 Metelli
395 2135 494 2164 casum
515 2135 563 2165 vel
582 2132 749 2174 gloriofiim
769 2152 778 2166 ‚
805 2132 852 2161 vel
871 2140 991 2172 gravem
1010 2126 1217 2159 convertiss'et:

254 2175 478 2214 collacrymavit
490 2196 498 2209 ‚
521 2185 552 2205 ut
566 2177 612 2205 vir
625 2175 778 2215 egregii-iss
797 2183 828 2203 ac
838 2173 906 2202 vere
918 2172 1061 2201 Metellus
1073 2191 1081 2205 ‚
1101 2179 1217 2200 totum—

256 2227 315 2257 que
326 2217 355 2246 se
366 2220 395 2247 P.
406 2218 534 2247 Servilio
545 2217 656 2248 dicenti
668 2218 757 2245 ctiam
771 2224 836 2244 tum
847 2214 968 2244 tradidit
981 2224 986 2243 :
1009 2223 1064 2243 nec
1074 2213 1159 2243 illam
1170 2211 1217 2242 di-

253 2260 360 2288 vinam
382 2261 554 2300 gravitatem
573 2278 582 2292 ,
611 2258 735 2297 plenam
751 2257 939 2297 antiquitatis
955 2275 964 2290 ‚
987 2255 1101 2286 diutius
1119 2255 1217 2284 homo

254 2299 529 2341 ejufiiemfiznguinu.
540 2303 638 2339 potuit
647 2298 789 2329 sustinere
799 2318 808 2332 ,
823 2300 861 2328 ὃς
872 2307 996 2327 mecum
1005 2297 1109 2326 absens
1125 2296 1217 2325 bene-

259 2342 329 2373 ficio
348 2342 437 2372 rediit
456 2344 487 2372 in
508 2344 643 2382 gratiam.
666 2339 757 2381 Quod
767 2340 864 2372 certe,
887 2338 960 2368 fiest
971 2339 1063 2378 aliqui
1075 2337 1174 2367 sensus
1185 2340 1218 2366 in

259 2392 358 2414 morte
379 2383 588 2423 praeclarorum
598 2409 601 2413 a
611 2384 748 2412 virorum
767 2401 776 2414 ,
806 2380 878 2410 curn
899 2379 1046 2408 omnibus
1069 2378 1215 2410 Metellis,

258 2435 324 2456 tum
338 2424 410 2455 vero
424 2427 553 2456 univiro
562 2421 723 2454 fortissimo
735 2442 743 2456 2
765 2418 1042 2462 &praestantiffimo
1053 2420 1132 2451 civi,
1153 2429 1218 2458 gra-

259 2466 407 2498 tiffimum
420 2487 428 2500 ‚
442 2466 523 2497 fratri
534 2467 587 2497 suo
598 2486 606 2500 2
621 2465 692 2495 fecit
704 2485 713 2498 ‚
731 2465 813 2495 socio
824 2464 960 2493 laborum
972 2482 981 2495 ‚
1001 2461 1216 2505 periculorum,

259 2554 398 2592 ignorat?
417 2549 674 2590 quemadmodum
690 2549 769 2578 mihi
783 2547 956 2577 advenienti
970 2554 1111 2585 tanquam
1126 2553 1219 2574 totius

258 2593 367 2625 ltaliae,
388 2602 474 2632 atque
488 2591 576 2631 ipsius
591 2593 691 2631 patriae
704 2590 857 2619 dexteram
868 2584 1218 2628 porrexerintBrundisi-

257 2636 290 2665 ni
302 2645 311 2668 3
325 2633 397 2664 cum
407 2632 473 2674 ipsis
484 2635 576 2664 nonis
585 2636 667 2664 Sexc.
690 2631 794 2662 sidem
805 2631 868 2661 dies
879 2629 1024 2661 adventus
1033 2630 1095 2659 mei
1104 2625 1216 2661 fuisset,

299 2744 308 2761 ι
317 2755 322 2760 .
341 2739 365 2762 Si
374 2736 454 2761 diebm
472 2739 574 2769 quinque
591 2735 703 2769 qulbur]
725 2735 782 2760 Pal.
795 2733 864 2759 idem
883 2733 963 2758 diebus
973 2733 992 2758 is
1002 2734 1088 2765 quihus
1100 2750 1108 2762 .,
1130 2740 1215 2765 neque
1258 2730 1364 2756 natione
1377 2729 1489 2756 Manutii
1503 2738 1511 2759 3
1524 2731 1585 2756 cum
1596 2729 1668 2765 prius
1680 2729 1830 2755 haereretin*
1840 2726 1914 2753 libris
1928 2746 1936 2758 ,
1954 2727 2013 2752 idem
2022 2725 2119 2758 urscin‘s
2130 2733 2138 2754 3
2151 2733 2220 2758 quo·-

257 2771 337 2798 aliter
347 2772 455 2797 Genibl.
466 2773 493 2796 St
508 2771 611 2797 ridetur
623 2780 714 2796 verum
728 2791 735 2802 ,
746 2771 766 2796 is
780 2769 879 2796 scilieet
889 2778 936 2805 pro
948 2769 986 2793 [ἐς.
1006 2767 1177 2802 degeneravit
1188 2766 1215 2792 id
1258 2765 1337 2792 modo
1349 2766 1508 2792 servatitem
1527 2766 1586 2792 Pal.
1596 2775 1680 2792 nonus
1694 2785 1702 2798 ,
1721 2764 1765 2792 sed
1776 2773 1835 2792 cum
1845 2763 1968 2790 enclitica
1981 2781 1988 2793 ‚
2006 2762 2119 2794 idemquu
2138 2767 2218 2794 quum

278 2808 346 2833 rimu
352 2817 376 2833 m
388 2808 413 2833 in
424 2808 555 2841 quindecim
568 2827 575 2838 ,
585 2806 682 2833 deiude
692 2807 717 2833 in
728 2811 829 2841 quinque
838 2806 928 2842 paullo
938 2812 1000 2831 ante
1010 2813 1043 2830 cx
1053 2803 1146 2829 iisdem
1158 2802 1216 2829 mss.
1261 2803 1319 2828 heic
1330 2802 1513 2838 expressiinus.

257 2817 286 2869 Ξ(
299 2844 326 2868 S.
338 2842 454 2870 vastet-'is
466 2843 567 2879 reposui
578 2850 667 2874 tamen,
678 2853 725 2878 pro
736 2843 844 2877 vulgato
856 2851 915 2867 (tun.
1298 2848 1322 2872 5.
1343 2841 1420 2866 offla
1430 2847 1480 2863 mea
1492 2839 1540 2871 fibi
1551 2840 1586 2864 ait
1605 2838 1750 2872 displicere]
1773 2836 1816 2864 Est
1826 2837 1841 2862 ὰ
1861 2833 2015 2869 conjeQura
2032 2830 2118 2858 Errici
2129 2831 2219 2857 Mem-

295 2887 324 2904 2.
342 2883 438 2905 Summa
447 2889 497 2904 cum
507 2881 648 2905 auc'loritarae
658 2878 933 2912 P.Sc›‘riliiqua.lam.]
955 2876 1033 2902 Nihil
1047 2875 1175 2901 recedunt
1186 2874 1218 2902 ab
1263 2875 1309 2900 mii
1324 2895 1331 2905 ‚
1352 2874 1393 2900 sed
1405 2881 1612 2909 quampraeeunt
1631 2873 1693 2899 libri
1713 2873 1812 2908 scripti.
1833 2872 1896 2907 quip
1915 2880 1928 2896 e
1948 2869 2005 2895 Pal.
2016 2877 2099 2894 nouus
2113 2887 2119 2899 ‚
2132 2869 2178 2900 fibi
2187 2869 2223 2892 ali

259 2913 307 2941 hac
316 2913 513 2950 scripturalibri
525 2915 615 2941 nostri.
636 2915 725 2950 itaque
737 2924 788 2941 uon
807 2913 881 2940 ausus
893 2913 947 2940 sum
960 2912 1030 2949 sequi
1041 2911 1219 2943 Lambruum,
1237 2921 1240 2969 Ι
1261 2912 1329 2944 dspl.
1349 2911 1457 2946 quod&
1469 2910 1496 2936 in
1516 2912 1542 2935 S.
1555 2908 1671 2935 Viftoris
1690 2919 1718 2934 ac
1737 2907 1844 2935 Gembl.
1864 2881 1913 2932 stdD
1928 2905 2019 2932 littera
2036 2904 2148 2942 amplius
2168 2904 2223 2929 alii.

262 2950 308 2987 qui
320 2949 423 2976 admisit
435 2950 632 2981 coniec'taueuni
649 2952 677 2976 Ρ.
690 2951 814 2977 Manutii.
1263 2947 1370 2982 vulgata
1381 2946 1509 2972 habebat:
1531 2947 1607 2973 effla
1617 2954 1667 2970 mea
1676 2947 1710 2970 illi
1727 2945 1845 2978 displicere
1857 2962 1865 2974 ‚
1883 2943 1934 2973 &cn
1955 2940 2019 2967 Fide
2030 2943 2173 2966 eorundem
2187 2939 2223 2964 li—

299 2995 326 3022 3.
345 2986 407 3012 Idem
417 2986 463 3010 dics
475 2987 593 3011 advivam
606 2990 648 3011 ma.)
661 2987 742 3019 fiiiffit
761 2987 892 3020 reditusque
903 3005 910 3016 ,
930 2985 1020 3010 natalis
1029 2984 1114 3018 idem]
1137 2982 1216 3009 Haud
1261 2982 1369 3009 brorum
1381 2983 1466 3008 statim
1478 2982 1557 3008 etiam
1569 2980 1657 3007 addidi
1669 2981 1825 3016 particulam
1832 2987 1887 3007 ,eam
1898 2997 1906 3010 ‚
1917 2978 1995 3004 editis
2007 2977 2078 3013 prius
2090 2975 2220 3001 omissam.

258 3022 338 3049 :iliter
357 3023 383 3047 S.
403 3023 417 3047 ν
428 3020 519 3047 ictor-is
539 3022 605 3047 liber
618 3041 625 3052 ‚
646 3023 709 3047 item
729 3022 812 3048 editio
837 3024 854 3047 l’
877 3024 891 3046 V
901 3021 1009 3050 litorii-3
1033 3020 1078 3045 nili
1097 3018 1167 3056 quod
1188 3019 1218 3050 ii,
1297 3020 1324 3044 6.
1345 3021 1425 3046 css-'ios
1442 3017 1636 3051 Provocatores]
1659 3015 1775 3043 Consule
1795 3015 1913 3050 Liplium
1932 3013 1980 3040 lib.
1994 3022 2028 3039 ιι.
2047 3014 2156 3039 Saturn.
2167 3011 2222 3038 sel·-

259 3058 352 3084 reditus
361 3060 402 3091 qui
410 3058 501 3083 natalis
512 3076 521 3087 ,
533 3057 591 3082 idem
605 3076 611 3088 ,
622 3058 672 3087 (Ei-c.
695 3059 790 3084 Paulus
804 3058 939 3084 Manutius
951 3057 1008 3083 heic
1018 3056 1120 3082 secutus
1131 3056 1165 3081 est
1177 3055 1219 3080 in·
1264 3063 1373 3081 monum
1385 3063 1441 3089 cap.
1456 3064 1493 3080 11.

260 3094 370 3130 genium
384 3111 391 3124 ,
408 3092 481 3119 suum
492 3093 572 3119 etiarn
584 3093 741 3125 Lambinus,
752 3093 820 3130 apud
832 3103 911 3129 quem
924 3092 1044 3119 videatur
1053 3093 1119 3118 item
1131 3091 1220 3124 couje-
1299 3094 1333 3125 7.'
1348 3093 1502 3124 Nonnequem
1512 3089 1663 3122 habituras&
1672 3090 1759 3113 exitum
1765 3086 1907 3120 pertimefi‘it
1918 3086 1951 3119 ?]
1975 3084 2073 3111 Melius
2084 3082 2152 3110 istud
2163 3083 2223 3109 lon-

262 3130 340 3158 θωνα
351 3129 424 3157 Petri
436 3129 525 3156 Fabri.
1262 3128 1295 3161 ge
1308 3135 1317 3157 3
1336 3135 1370 3152 ex
1383 3125 1494 3152 Erfurd.
1506 3135 1535 3151 ac
1552 3123 1736 3151 Gembl.ite1u
1748 3124 1774 3148 S.
1787 3121 1858 3148 Vnst.
1870 3131 1898 3148 ac
1907 3121 1959 3158 pal·
1972 3130 2042 3147 nono
2054 3140 2061 3152 ,
2073 3129 2152 3156 quam
2165 3118 2224 3145 vul·-

296 3172 326 3201 4.
345 3167 440 3194 Colonia
449 3165 612 3201 Brtmdtfinae5
631 3165 735 3201 idemque
743 3166 860 3201 salum]
881 3164 953 3193 Illud
962 3165 1069 3198 salmis,
1075 3163 1111 3194 est
1123 3164 1138 3193 :i
1149 3162 1219 3191 divi-
1262 3169 1367 3199 gutum,
1377 3164 1508 3196 contemptio
1519 3171 1547 3189 ne
1556 3171 1601 3189 non
1610 3161 1760 3195 habiturafit
1769 3162 1870 3193 exitum,
1879 3157 2071 3193 nonpern'mesm
2081 3161 2092 3184 ἒ
2167 3191 2191 3217 A
2207 3190 2212 3198 .

2133 3200 2157 3219 ι.
2191 3198 2227 3216 ci-

1257 1258 1306 1278 rne
1316 1257 1388 1278 cum
1398 1247 1586 1288 ampliffimis
1596 1269 1605 1283 ‚
1619 1249 1650 1279 δε
1659 1248 1826 1279 fortiffimis
1838 1251 1909 1280 viris
1919 1252 2117 1291 congregavit.
2149 1248 2205 1279 Sed
2224 1247 2274 1289 64.

2304 1208 2320 1249 ‘x
