2295 3400
198 132 300 186 204
619 116 1117 169 MTvnnxx

196 207 278 239 lium
289 203 350 235 sme
358 201 449 236 causa
460 201 564 234 multis
576 222 584 236 ‚
603 201 637 233 &
647 201 833 243 magistet-3:
842 196 1021 230 neeeffariis.
1044 197 1158 230 Rursus

197 248 290 296 igitur
299 246 407 277 eodem
416 254 608 278 revertamur,
621 244 653 274 &
661 251 840 284 quaeramus,
848 250 914 281 quae
925 248 1004 270 tanta
1011 240 1084 270 vitia
1093 237 1160 270 fue-

200 299 262 322 rint
273 291 302 318 in
312 287 457 326 unicofie'io
468 307 476 321 ‚
495 296 584 327 quare
595 288 619 317 is
627 287 702 326 patri
711 283 888 324 displiceret.
914 285 954 312 At
971 283 1159 323 perspicuum

199 330 255 363 est:
268 331 388 361 nullum
397 327 493 359 fuisse.
517 331 598 359 Pater
606 328 696 368 igitur
705 335 809 357 amens
821 345 829 358 ,
841 325 893 365 qui
902 322 1089 354 odiss'eteum
1100 322 1159 353 fine

200 373 295 405 caula,
326 381 395 401 uem
404 378 573 411 procrearat.
607 372 645 399 At
664 371 690 398 is
707 367 832 409 quidem
851 365 911 396 fuit
928 367 1072 395 omnium
1086 375 1161 395 con-

201 383 357 445 stantitflm
363 422 404 442 us.
428 414 505 452 Ergo
513 409 589 440 illud
599 411 658 448 jam
668 410 858 450 perspicuum
868 406 1004 448 Ρῐοὶεέεὸ
1015 405 1099 448 είὶ,;ίἰ
1110 417 1163 437 ne-

202 466 259 497 que
278 464 381 485 amens
397 463 477 493 pater
487 473 496 485 ,
517 462 613 492 neque
632 451 761 492 perditus
780 449 860 480 filius
868 448 977 479 fuerit:
997 459 1094 490 neque
1104 448 1162 478 odii

140 501 156 536 ξ
163 502 185 534 5
204 494 319 528 causam
333 516 340 529 ,
349 497 442 535 patri,
454 504 551 535 neque
557 494 660 533 sceleris
670 513 678 527 ‚
690 491 755 523 filio
764 489 861 522 fuiss'e.
902 491 1014 521 Nescio
1023 510 1031 524 ‚
1049 491 1160 531 inquit,

202 549 269 581 quae
288 538 372 568 causa
390 536 453 566 odii
466 535 574 566 fuerit:
594 533 683 566 fuiss'e
693 534 801 565 odium
812 533 967 574 intelligo:
987 533 1056 573 quia
1065 541 1159 564 antea,

200 580 274 611 cum
287 580 362 610 duos
373 577 453 608 filios
465 577 583 608 haberet
595 598 602 611 ,
623 577 714 607 illum
722 576 849 606 alterum
861 595 870 608 ‚
891 575 943 615 qui
961 583 1098 604 mortuus
1108 572 1161 605 est,

200 623 304 654 secum
316 621 403 651 omni
414 628 548 659 tempore
557 619 677 649 volebat
687 615 761 648 effe:
781 618 862 647 hunc
881 617 914 646 in
933 615 1041 656 praedia
1058 613 1163 644 rustica

200 663 350 705 relegarat.
386 661 475 702 Qod
487 663 597 692 Erucio
607 659 754 691 accidebat
764 660 798 688 in
808 658 886 688 mala
896 658 1108 698 nugatoriaque
1117 666 1161 685 ac-

200 706 366 737 cusatione,
377 703 459 733 idern
471 704 550 732 mihi
559 703 613 733 usu
622 702 746 732 venitin
755 700 838 731 causa
848 700 973 739 optima.
997 698 1051 728 Ille
1063 718 1070 731 ‚
1086 707 1162 738 quo-

201 747 298 778 modo
318 747 435 776 crimen
454 745 703 774 commentitium
720 741 930 774 confirmaret,
950 749 1014 770 non
1025 740 1163 769 invenie-

170 827 173 828 7
198 788 267 820 bat:
287 798 342 830 ego
361 796 405 818 res
415 796 474 817 tam
486 786 579 816 leveis
591 782 957 826 quamtioneinfirmem‚
980 791 1013 811 ac
1033 780 1160 813 diluam,

196 831 329 871 reperire
350 838 413 860 non
432 826 560 868 poffum.
600 826 681 866 (ζῳὰ
692 828 753 859 ais,
772 825 882 855 Eruci?
901 821 1081 862 totpraedia‚
1102 831 1162 851 tam

196 873 318 913 pulcra,
338 879 399 900 tam
416 868 568 900 fruuuosa
585 872 652 899 Sex.
664 868 792 897 Roscius
811 864 876 894 filio
889 865 941 894 suo
953 884 961 897 ,
980 863 1162 903 relegatam,

199 924 235 945 ac
253 912 390 953 supplicii
408 912 516 953 gratia,
537 909 681 943 colenda,
700 919 734 939 ac
750 906 860 938 tuenda
877 905 1033 936 tradiderat
1049 909 1059 933 ?
1081 904 1163 945 Qid

200 957 282 987 hoc?
304 959 314 975 ¹
327 951 573 985 Patresfamilifis‚
592 953 643 992 qui
655 951 764 980 liberos
775 948 903 981 habent,
923 947 1087 987 praesertim
1108 947 1163 975 ho-

201 999 306 1028 mines
318 996 399 1025 illius
409 995 536 1027 ordinis,
549 1004 587 1024 ex
601 993 778 1032 municipiis
788 989 953 1021 rusticanis,
965 998 1070 1018 nonne
1080 996 1164 1027 opta-

201 1037 351 1069 tiffimum
372 1036 425 1067 sibi
444 1044 548 1076 putant
561 1034 618 1064 esl'e
631 1055 639 1068 ,
661 1032 741 1063 filios
750 1033 818 1063 suos
829 1033 870 1061 rei
880 1030 1019 1061 familiari
1029 1028 1163 1059 maxime

199 1081 313 1112 servire
325 1099 332 1112 ‚
351 1079 384 1108 &
402 1080 434 1108 in
453 1077 570 1118 praediis
589 1075 725 1106 colendis
744 1083 839 1114 operae
849 1073 1016 1113 plurimum
1028 1091 1036 1105 ‚
1059 1070 1165 1101 studii-

201 1132 262 1163 que
272 1121 448 1152 consumere
461 1122 470 1148 ?
491 1122 539 1148 An
555 1117 724 1148 amandarat
742 1118 822 1146 hunc
836 1114 872 1145 sic
883 1135 892 1148 ,
917 1123 951 1144 ut
959 1113 1029 1143 ess'et
1039 1115 1071 1142 in
1081 1122 1162 1154 agro,

201 1173 239 1194 ac
257 1160 471 1193 tantummodo
490 1161 617 1190 aleretur
633 1159 667 1189 ad
683 1158 810 1189 villam?
831 1166 863 1187 ut
880 1154 1053 1186 commodis
1062 1156 1165 1184 omni—

201 1204 264 1235 bus
283 1205 413 1235 careret?
435 1202 515 1274 (ἒὲἰά
534 1200 553 1231 si
571 1200 703 1234 constat,
730 1201 811 1229 hunc
835 1208 898 1228 non
917 1196 1011 1227 modo
1028 1195 1164 1226 colendis

201 1246 325 1288 praediis
335 1244 440 1285 praefui
467 1255 482 1273 e
493 1264 501 1277 ‚
522 1243 570 1273 sed
580 1244 667 1273 certis
676 1241 778 1272 fundis
789 1262 798 1274 ,
815 1250 894 1282 patre
905 1241 976 1270 vivo
988 1259 996 1272 ,
1017 1239 1076 1268 frui
1095 1238 1166 1267 soli-

203 1297 272 1318 tum
291 1286 372 1317 esse?
391 1296 533 1316 tamenne
552 1287 640 1316 ²haec
649 1292 757 1315 attenta
765 1285 845 1317 vita,
869 1280 1071 1315 &rusticana,
1090 1279 1166 1311 rele—

201 1332 393 1372 gatio,atque
402 1327 572 1359 amandatio
580 1327 795 1368 appellabitur?
817 1325 926 1358 Vides,
948 1325 1055 1358 Eruci,
1072 1333 1165 1365 quan-

200 1380 275 1402 tum
291 1371 378 1401 distet
395 1372 613 1413 argumentatio
631 1378 681 1399 tua
698 1369 734 1399 ab
750 1379 780 1398 re
799 1368 859 1409 ipsa
870 1389 878 1400 ‚
902 1376 988 1408 atque
1005 1366 1021 1397 ὲ
1033 1368 1164 1397 veritate.

203 1413 300 1455 Qod
310 1412 527 1443 consuetudine
537 1420 631 1452 patres
639 1410 761 1444 faciunt,
773 1410 815 1443 id,
828 1408 905 1451 quasi
916 1418 1032 1439 novum
1046 1429 1054 1442 ‚
1064 1417 1165 1448 cepre—

203 1455 330 1486 hendis:
353 1454 434 1495 quod
455 1453 644 1482 benivolentia
663 1451 695 1483 fit
707 1472 715 1485 ,
736 1452 766 1482 id
785 1452 843 1481 odio
856 1450 970 1481 fastum
980 1451 1165 1480 criminaris:

203 1497 290 1538 quod
300 1497 403 1525 honoris
412 1497 495 1526 causa
504 1504 585 1536 pater
597 1494 661 1525 filio
672 1495 724 1524 suo
735 1491 875 1524 conceffit
886 1513 893 1526 ‚
914 1492 944 1522 id
953 1502 1022 1522 eum
1033 1490 1167 1533 supplicii

202 1539 291 1570 causa
300 1536 399 1568 fecisse
409 1538 493 1567 dicis.
526 1539 633 1578 Neque
643 1537 705 1566 haec
715 1545 746 1566 tu
759 1545 822 1565 non
833 1534 991 1576 intelligis:
1015 1533 1063 1563 sed
1076 1533 1166 1574 usque

202 1579 244 1611 eb
255 1579 328 1621 quid
336 1589 448 1621 arguas.
465 1589 528 1609 non
538 1579 639 1611 habes,
653 1586 685 1608 ut
696 1588 758 1607 non
771 1576 863 1606 modo
878 1576 931 1606 tibi
941 1584 1043 1606 contra
1054 1584 1109 1605 nos
1119 1574 1166 1604 di-

204 1622 340 1653 cendum
351 1630 445 1661 putes,
457 1631 563 1651 verum
573 1622 662 1651 etiam
674 1628 776 1649 contra
784 1628 882 1648 rerum
892 1627 1038 1651 naturam,
1049 1625 1166 1647 contra-

206 1674 265 1705 que
276 1662 524 1694 consuetudinem
535 1663 697 1692 hominum
708 1681 717 1694 ‚
738 1669 897 1701 contraque
915 1661 1077 1699 opiniones
1097 1668 1166 1688 om-

144 1717 160 1743 1
169 1708 188 1742 6
208 1707 306 1737 nium.
347 1707 387 1735 At
396 1706 491 1737 enim,
503 1702 574 1734 cum
585 1703 660 1733 duos
672 1702 750 1732 filios
760 1702 887 1734 haberet,
901 1702 1027 1731 alterum
1038 1699 1054 1730 a
1063 1700 1091 1730 se
1102 1709 1165 1730 non

207 1747 390 1780 dimittebat,
403 1746 528 1776 alterum
539 1746 599 1775 ruri
609 1742 667 1774 effe
676 1743 848 1784 patiebatur.
872 1743 979 1785 Qaeso
990 1763 999 1776 ,
1014 1743 1103 1773 Eruci
1115 1761 1123 1776 ,
1135 1750 1167 1771 ut

205 1791 308 1821 hocin
319 1789 429 1818 bonam
439 1796 553 1828 partem
564 1788 698 1826 accipias.
719 1795 783 1815 non
795 1786 878 1815 enim
890 1784 1089 1824 exprobrandi
1097 1793 1166 1813 cau-

203 1831 299 1865 {affeci
308 1829 527 1860 commonendi
538 1830 626 1870 gratia
634 1827 742 1858 dicam.
760 1829 789 1858 Si
801 1827 854 1857 tibi
865 1826 984 1857 fortuna
997 1835 1060 1856 non
1072 1825 1164 1857 dedit,

203 1882 242 1903 nt
250 1881 329 1913 patre
338 1881 419 1902 certo
429 1871 578 1900 nascerere
589 1889 597 1903 ‚
616 1879 654 1899 ex
663 1879 723 1910 quo
732 1869 897 1910 intelligere
907 1866 1002 1908 posses
1013 1888 1021 1901 ‚
1040 1869 1092 1908 qui
1101 1866 1166 1895 ani-

208 1914 391 1956 mufpatrius
400 1913 428 1941 in
438 1910 534 1941 liberos
545 1911 607 1949 effi¹t
615 1922 627 1938 :
651 1920 680 1941 at
690 1920 791 1940 natura
799 1909 878 1941 certe
888 1909 969 1939 dedit
978 1929 986 1942 ‚
1010 1918 1043 1938 ut
1060 1910 1167 1938 huma-

206 1958 312 1987 nitatis
332 1965 396 1985 non
415 1964 518 1995 parurn
537 1954 668 1983 haberes.
697 1951 734 1982 εὸ
745 1950 856 1982 acceffit
866 1950 999 1981 studium
1010 1949 1166 1984 doetrinae,

205 2007 243 2027 ut
261 2008 299 2027 ne
320 1996 335 2026 a
352 1997 457 2026 litteris
475 1994 599 2037 quidem
617 1995 732 2024 alienus
751 1992 836 2024 ess'es.
869 1993 985 2034 Ecquid
998 1992 1118 2023 tandem
1131 1993 1169 2022 ti-

203 2039 241 2070 bi
267 2038 388 2069 videtur
414 2039 459 2075 (ut
476 2037 511 2067 ad
530 2036 644 2066 fabulas
662 2036 832 2075 veniamus)
855 2035 944 2065 senex
963 2034 1014 2064 ille
1034 2035 1169 2064 Caecilia-

204 2091 265 2112 :nus
284 2080 413 2110 minoris
430 2078 526 2109 facere
544 2079 715 2117 Eutychum
731 2097 739 2111 ‚
764 2076 864 2107 filium
885 2076 1029 2106 rusticum
1041 2096 1049 2110 ,
1077 2074 1168 2116 quam

204 2122 299 2152 illum
309 2122 435 2151 alterum
446 2140 454 2153 ‚
479 2119 725 2150 Chaerestratum?
748 2116 830 2156 (nam
841 2137 851 2151 ,
862 2126 895 2147 ut
903 2120 1014 2158 opinor
1022 2137 1031 2151 ‚
1044 2118 1102 2147 hoc
1111 2126 1168 2147 no-

203 2165 297 2194 :mine
316 2162 370 2202 est)
392 2162 517 2191 alterum
537 2163 570 2190 in
589 2160 661 2190 urbe
679 2160 780 2190 secum
798 2160 923 2189 honoris
940 2159 1022 2188 causa
1040 2159 1169 2188 habere?

205 2206 338 2235 alterum
352 2213 401 2233 rus
411 2198 789 2242 suppliciicausarelegass'e
801 2203 810 2229 ?
834 2199 914 2244 Qd
925 2199 1170 2239 adistasineptias

204 2246 295 2277 abis?
309 2246 442 2285 inquies.
466 2242 554 2284 (Qasr
564 2241 636 2273 verb
647 2243 725 2272 mihi
736 2240 860 2271 difficile
872 2244 922 2274 ht,
938 2242 1077 2282 quamvis
1089 2240 1170 2269 mul-

207 2296 260 2318 tos
280 2288 466 2317 nominatim
481 2284 613 2325 proferre
632 2284 680 2323 (ne
696 2282 819 2324 longius
833 2282 949 2322 abeam)
964 2282 1012 2311 vel
1023 2281 1169 2314 tribuleis,

207 2329 260 2359 vel
269 2330 387 2358 vicinos
405 2337 507 2360 meos,
526 2328 578 2372 qui
596 2327 665 2356 suos
679 2325 790 2355 liberos
800 2344 808 2358 ‚
825 2333 902 2365 quos
910 2322 1166 2363 plurimifiiciunt,

208 2370 348 2411 agricolas
365 2369 480 2408 assiduos
496 2367 554 2397 efle
564 2369 699 2407 cupiunt.
732 2369 848 2396 Verum
864 2366 1006 2395 homines
1022 2373 1112 2394 notos
1124 2364 1170 2393 su-

209 2422 294 2443 mere
306 2432 313 2445 ,
326 2411 468 2441 odiosum
478 2409 537 2443 est,
556 2408 628 2439 cum
639 2409 671 2438 &
681 2407 757 2438 illud
767 2409 916 2437 incestum
927 2404 977 2440 fit,
993 2406 1128 2436 velintne
1138 2405 1170 2434 hi

209 2454 271 2485 sese
287 2454 442 2483 nominari
459 2463 463 2481 :
489 2452 522 2482 δε
539 2461 633 2480 nemo
650 2449 739 2480 vobis
758 2451 853 2491 magis
875 2456 966 2478 notus
986 2447 1104 2477 futurus
1126 2445 1169 2480 sit,

209 2505 302 2537 quam
312 2494 353 2524 est
362 2495 410 2524 hic
422 2494 576 2532 Eutychus
588 2503 593 2521 z
605 2492 638 2522 &
647 2492 724 2522 certe
733 2491 768 2521 ad
780 2501 844 2520 rem
854 2490 931 2520 nihil
940 2487 1170 2522 intersit‚utrum

208 2539 294 2567 hunc
303 2546 357 2576 ego
366 2538 521 2566 comicum
531 2534 752 2564 adolescentem
765 2553 772 2565 ‚
790 2542 829 2563 an
840 2532 973 2572 aliquem
984 2540 1021 2560 ex
1031 2540 1100 2572 agro
1110 2533 1171 2559 Ve-

206 2579 292 2620 jente
301 2580 470 2606 nominem.
488 2578 610 2606 Etenim
623 2577 685 2605 haec
695 2573 825 2604 confi-sta
833 2573 980 2604 arbitrora
990 2574 1091 2612 po'e'tis
1100 2569 1169 2604 effe,

209 2627 247 2649 ut
256 2618 354 2658 effistos
363 2617 459 2653 nostros
468 2628 551 2648 mores
562 2618 589 2646 in
599 2616 814 2657 alienisperfhnu
821 2636 829 2649 ,
845 2614 1049 2656 expreffitmque
1074 2616 1085 2640 3
1098 2614 1171 2642 ima-

210 2662 309 2703 ginem
319 2658 406 2696 nostra
416 2661 481 2688 vira
490 2659 658 2701 quotidiana
667 2658 833 2687 videremus.
856 2660 918 2697 Age
926 2654 1098 2689 nunc,refer
1109 2656 1173 2685 ani-

214 2712 304 2732 mum
317 2721 325 2734 ‚
342 2700 377 2730 sis
388 2723 395 2735 ‚
414 2701 447 2731 ad
458 2703 612 2731 veritatem
622 2720 630 2734 ,
642 2701 674 2730 &
683 2698 833 2729 considera
843 2719 851 2731 ‚
865 2708 928 2728 non
943 2695 1038 2727 modo
1049 2699 1082 2726 in
1092 2699 1172 2727 Um-

213 2744 278 2775 bria
287 2764 295 2776 ,
304 2752 391 2783 atque
400 2744 431 2772 in
444 2753 476 2772 ea
485 2744 639 2772 vicinitate
650 2761 657 2774 ,
671 2741 760 2771 sedin
769 2742 815 2770 his
823 2740 971 2770 veteribus
983 2740 1168 2778 municipiis,

215 2796 282 2827 qux
295 2784 359 2815 stud
365 2785 412 2814 iazi
422 2785 552 2824 patribus
563 2782 693 2814 familiis
703 2781 840 2814 maxime
850 2781 1017 2813 laudentur.
1031 2781 1094 2822 jam
1104 2789 1172 2821 pro-

214 2871 484 2879 ,φφ-,μὴμ-

256 2906 281 2924 1.
299 2896 519 2929 Patresfhmilias]
542 2895 608 2921 Pull.
619 2896 645 2920 8(
658 2897 685 2920 S.
696 2894 812 2920 Victoris
826 2913 833 2925 ,
848 2890 1176 2928 patresfamiliae‚quomodo

218 2932 306 2962 rursus
317 2932 371 2967 post
381 2932 500 2967 pagiuam
512 2940 589 2956 unam
601 2931 721 2956 alteram<
732 2940 763 2956 ue
774 2928 854 2955 iidem
866 2927 982 2955 codices.

1209 196 1291 228 ἱεεὶὸ
1303 206 1332 229 te
1346 198 1497 240 intelliges
1513 197 1615 237 inopia
1623 196 1788 227 criminum
1800 195 1950 226 summam
1961 194 2083 227 laudem
2094 193 2162 230 Sex}

1209 239 1323 270 Roscio
1332 241 1409 270 vitio
1420 260 1429 273 ,
1449 241 1482 270 &
1491 240 1585 279 culpae
1596 236 1720 269 dediffe.
1744 241 1783 267 At
1792 247 1856 268 non
1872 237 1968 268 modo
1979 239 2036 268 hoc
2045 247 2163 278 patrum

1207 281 1361 312 voluntate
1391 281 1477 311 liberi
1494 280 1624 311 faciunt:
1647 279 1697 309 sed
1712 279 1878 321 permultos
1899 280 1931 310 &
1950 290 2004 320 ego
2021 282 2110 314 novi,
2132 281 2167 312 δε

1208 322 1276 363 (nifi
1285 333 1334 353 me
1342 322 1419 353 fallit
1425 322 1559 362 animus)
1569 321 1771 362 unusquisque
1781 319 1913 350 vestrum
1925 341 1933 354 ,
1951 323 2003 362 qui
2012 321 2044 352 &
2052 320 2104 362 ipfi
2115 323 2164 352 in·

1207 363 1286 395 cenfi
1296 365 1365 395 sunt
1373 363 1484 397 studio,
1494 362 1576 404 quod
1585 362 1621 393 ad
1630 372 1732 403 agrum
1743 361 1907 393 colendum
1918 366 2038 393 attinet:
2055 364 2167 392 viram-

1207 416 1261 448 que
1272 408 1348 437 hanc
1363 404 1515 442 rusticam,
1560 413 1629 435 uam
1639 412 1671 434 tu
1682 404 1793 444 probro
1803 424 1812 437 ‚
1833 404 1996 434 &crimini
2010 414 2093 445 putas
2108 403 2168 437 effe

1208 454 1344 488 oportere
1356 467 1365 481 ‚
1377 447 1409 477 δε
1419 414 1629 486 honesttffllmam
1639 466 1647 479 ,
1661 445 1896 485 &suavtffimam
1906 444 1962 475 effe
1977 447 2166 477 arbitrantur.

1209 489 1292 531 Qid
1302 489 1402 519 censes
1412 489 1494 518 hunc
1505 488 1603 528 ipsum
1611 489 1678 518 Sex.
1691 488 1839 517 Roscium
1852 489 1862 516 ?
1873 497 1934 528 quo
1946 487 2055 522 studio,
2067 488 2100 518 &
2108 497 2168 530 qua

1209 531 1410 572 intelligentia
1417 528 1474 560 esse
1485 531 1518 559 in
1528 528 1645 559 rusticis
1654 529 1791 559 rebus?ut
1799 539 1837 559 ex
1847 530 1893 559 his
1902 530 2078 571 propinquis
2088 530 2165 570 ejus.

1208 571 1390 602 hominibus
1399 569 1613 602 honestissimis
1621 589 1629 603 ‚
1642 570 1743 604 audio,
1758 580 1822 600 non
1834 579 1864 600 tu
1874 572 1907 600 in
1917 569 1975 600 isto
1984 570 2110 601 artificio
2119 581 2167 602 ac-

1210 614 1358 644 cusatorio
1366 612 1504 644 callidior
1513 621 1543 642 es
1555 632 1563 646 ‚
1574 612 1664 653 quam
1676 613 1726 643 hic
1735 614 1768 641 in
1779 612 1841 642 suo.
1865 612 1992 646 Verum,
2002 622 2036 642 ut
2045 614 2166 653 opinor,

1209 656 1356 695 quoniam
1376 656 1416 685 ita
1431 654 1629 697 Chrysogono
1641 653 1761 684 videtur
1769 673 1777 687 ‚
1796 655 1849 694 qui
1867 654 1938 684 huic
1953 654 2076 684 nullum
2094 664 2169 694 prae-

1210 697 1296 727 dium
1313 696 1453 737 reliquit,
1474 693 1677 726 &artificium
1694 695 1907 728 obliviscatur,
1931 695 1963 726 δε
1975 695 2108 726 studium
2117 696 2170 727 de-

1210 747 1302 777 ponar
1310 758 1318 771 ‚
1342 737 1454 768 licebit.
1478 735 1569 779 Qod
1586 735 1700 766 tametsi
1711 737 1855 766 miserum
1865 757 1873 770 ‚
1896 736 2097 777 &indignum
2114 737 2169 772 est,

1208 779 1284 810 feret
1292 788 1392 810 tamen
1407 788 1494 820 aequo
1507 779 1612 808 animo
1621 798 1630 811 ‚
1647 777 1765 817 judices
1775 797 1782 811 ,
1800 777 1820 807 sl
1830 788 1881 818 per
1890 788 1945 808 vos
1954 781 2048 809 vitam
2059 798 2070 812 1
2083 779 2115 810 &
2124 778 2170 810 fa-

1211 831 1294 851 mam
1304 819 1400 860 potest
1411 821 1557 850 obtinere.
1582 822 1651 849 Hoc
1662 819 1732 849 vero
1743 819 1785 849 est
1795 840 1803 853 ,
1815 818 1897 860 quod
1905 819 1975 850 ferri
1986 830 2050 850 non
2059 820 2166 860 potest,

1213 861 1233 892 si
1244 863 1277 893 ὃς
1292 864 1326 892 in
1335 862 1411 891 hanc
1427 861 1624 891 calamitatem
1639 863 1725 891 venit
1734 881 1742 895 ‚
1761 870 1880 901 propter
1890 862 2069 902 praediorum
2079 862 2169 893 boni-

1211 911 1303 934 tatem
1314 923 1323 937 ,
1342 903 1375 933 δε
1386 902 1634 933 multitudinem:
1654 903 1704 936 &‚
1726 901 1808 944 quod
1820 914 1851 933 ea
1859 903 1991 934 studiose
2002 904 2113 938 coluit,
2134 903 2167 935 id

1210 947 1266 976 erit
1276 947 1304 975 ei
1314 945 1448 975 maxime
1456 944 1563 975 fraudi:
1575 954 1608 975 ut
1616 954 1720 985 parum
1729 945 1859 975 miseriae
1866 945 1988 987 s1t‚quod
1994 946 2055 975 aliis
2065 946 2164 980 coluit,

1211 986 1326 1028 nonsibi
1336 1007 1343 1021 ‚
1361 985 1416 1017 nisi
1427 989 1536 1020 etiam,
1554 987 1636 1028 quod
1646 988 1778 1016 omnino
1786 987 1881 1017 coluit
1895 1007 1904 1020 ,
1924 989 2047 1017 crimini
2064 986 2164 1018 fuerit.

1213 1031 1268 1058 Nae
1280 1037 1312 1058 tu
1322 1048 1329 1061 ‚
1346 1030 1453 1062 Eruci,
1464 1029 1612 1058 accusator
1620 1027 1694 1058 effes
1702 1028 1846 1058 ridiculus
1855 1049 1863 1062 ‚
1881 1028 1900 1058 fi
1909 1029 1970 1058 illis
1978 1029 2166 1069 temporibus

1211 1079 1298 1101 natus
1306 1068 1378 1100 effes
1388 1091 1396 1104 ‚
1415 1080 1486 1100 cum
1495 1070 1532 1100 ab
1546 1078 1640 1100 aratro
1655 1068 1885 1103 arceffebantur,
1903 1073 1954 1111 qui
1963 1071 2101 1100 consules
2113 1069 2167 1100 fie-

1211 1120 1286 1142 rent.
1310 1114 1433 1142 Etenim
1445 1133 1453 1144 ,
1473 1113 1525 1152 qui
1535 1110 1652 1151 praeefl'e
1670 1122 1738 1152 agro
1756 1111 1887 1141 colendo
1905 1112 2051 1152 flagitium
2069 1120 2165 1151 putes,

1210 1153 1347 1194 profeftb
1364 1153 1454 1183 illum
1471 1153 1617 1186 Atilium,
1636 1163 1728 1193 quem
1745 1153 1793 1183 sua
1811 1163 1901 1183 manu
1921 1154 2103 1194 spargentem
2121 1154 2166 1183 se-

1211 1205 1283 1225 men
1294 1215 1302 1229 ,
1323 1197 1376 1235 qui
1394 1193 1472 1224 miffi
1488 1203 1569 1225 erant
1582 1214 1590 1227 ‚
1611 1203 1819 1224 convenerunt
1828 1215 1836 1228 ‚
1856 1195 2016 1224 hominem
2037 1193 2166 1235 turpiffi-

1214 1246 1302 1267 mum
1312 1256 1319 1270 ‚
1331 1245 1417 1277 atque
1426 1234 1866 1275 inhonestiffimumjudicares.
1891 1239 1931 1266 At
1940 1236 2059 1266 hercule
2070 1238 2167 1275 majo-

1211 1289 1256 1310 res
1276 1277 1371 1309 nostri
1389 1277 1479 1319 longe
1489 1278 1574 1308 aliter
1584 1277 1615 1307 &
1624 1277 1660 1307 de
1669 1277 1724 1307 illo
1734 1299 1743 1311 ,
1765 1277 1840 1307 &de
1851 1280 1956 1308 ceteris
1971 1279 2078 1308 talibus
2093 1278 2167 1310 viris

1212 1320 1435 1352 existimabant.
1447 1322 1545 1362 itaque
1567 1329 1610 1350 Ex
1630 1329 1712 1349 M1N1
1719 1329 1769 1349 MA
1779 1339 1787 1353 ‚
1807 1318 2033 1361 tenuiffimaque
2049 1320 2164 1361 republ.

1211 1363 1426 1396 maximam‚&
1437 1360 1675 1392 florentiffimam
1686 1362 1773 1392 nobis
1784 1363 1976 1410 reliquerunt⁴
2000 1363 2070 1392 Suos
2079 1364 2165 1393 enim

1214 1404 1417 1447 agrosstudiose'
1427 1403 1549 1434 colebant
1557 1415 1568 1431 .·
1578 1415 1640 1434 non
1650 1404 1752 1433 alienos
1762 1405 1857 1445 cupide
1866 1403 2028 1446 appetebant
2036 1415 2047 1431 .·
2056 1404 2166 1445 quibus

1211 1449 1297 1478 rebus
1310 1469 1318 1482 ,
1330 1448 1444 1488 &agris
1454 1467 1462 1480 ‚
1475 1447 1507 1477 δε
1515 1446 1655 1479 urbibus,
1668 1446 1700 1476 ὃς
1710 1447 1894 1478 nationibus,
1907 1456 1999 1485 remp.
2013 1456 2100 1487 atque
2109 1447 2166 1477 hoc

1213 1492 1376 1530 imperium
1394 1509 1402 1522 ‚
1421 1489 1453 1518 &
1471 1488 1576 1529 populi
1591 1489 1726 1518 Romani
1743 1497 1858 1517 nomen
1874 1496 2032 1517 auxerunt.
2057 1491 2166 1528 Neque

1212 1542 1267 1574 ego
1276 1533 1338 1561 haec
1348 1529 1385 1560 eo
1393 1529 1514 1570 pro-fero
1525 1549 1532 1563 ‚
1542 1529 1604 1569 quo
1614 1528 1794 1559 conferenda
1802 1527 1858 1558 sint
1864 1539 1934 1558 cum
1947 1529 2024 1558 hisce
2033 1549 2041 1562 ,
2052 1530 2087 1559 de
2096 1531 2166 1570 qui-

1212 1574 1269 1604 bus
1285 1582 1367 1603 nunc
1376 1574 1538 1613 quaerimus
1558 1582 1563 1600 :
1587 1570 1634 1601 sed
1646 1579 1679 1600 ut
1695 1571 1769 1600 illud
1789 1570 1990 1612 intelligatur,
2007 1570 2078 1600 cum
2088 1570 2166 1611 apud

1211 1616 1340 1656 majores
1348 1612 1465 1643 nostros
1482 1613 1595 1643 summi
1612 1614 1689 1647 viri,
1707 1610 1915 1652 clariffimique
1934 1614 2075 1642 homines
2086 1634 2093 1646 ,
2113 1614 2167 1653 qui

1212 1659 1445 1696 omnitempore
1454 1654 1488 1685 ad
1497 1654 1696 1696 gubernacula
1705 1656 1776 1694 reip.
1786 1653 1884 1684 sedere
1893 1654 2050 1688 debebant,
2061 1663 2164 1684 tamen

1212 1700 1245 1730 in
1263 1709 1278 1729 a
1299 1700 1338 1728 ris
1355 1706 1476 1739 quoque
1487 1696 1624 1726 colendis
1640 1696 1824 1738 aliquantum
1842 1704 1920 1737 opera
1931 1716 1939 1729 ,
1963 1696 2164 1736 temporisque

1211 1751 1269 1771 con
1286 1739 1448 1770 umserint:
1468 1739 1583 1779 ignosci
1593 1746 1729 1778 oportere
1739 1740 1766 1768 ei
1776 1739 1899 1768 homini
1913 1758 1921 1771 ‚
1941 1739 1994 1778 qui
2005 1738 2032 1768 se
2042 1737 2165 1767 fateatur

1213 1781 1271 1812 effe
1285 1780 1429 1811 rusticum
1442 1800 1449 1814 ‚
1472 1784 1568 1809 4cum
1587 1781 1647 1809 ruri
1657 1777 1785 1810 affiduus
1802 1779 1916 1819 semper
1929 1780 2039 1809 vixerit
2058 1789 2063 1808 t
2089 1777 2163 1809 cum

1212 1824 1375 1865 praesertim
1386 1821 1464 1852 nihil
1474 1820 1546 1851 ess'et
1553 1842 1561 1855 ‚
1566 1820 1654 1892 1quod
1663 1830 1712 1851 aut
1721 1823 1795 1861 patri
1824 1823 1926 1854 ratius,
1936 1830 1985 1851 aut
1994 1819 2047 1850 sibi
2054 1822 2165 1860 jucun·

1212 1866 1280 1897 dius
1290 1885 1299 1899 ‚
1310 1873 1359 1894 aut
1369 1874 1399 1893 re
1408 1873 1475 1894 vera
1483 1864 1563 1893 hone
1592 1865 1639 1893 ius
1648 1862 1742 1893 facere
1751 1831 1854 1902 poiset.
1865 1862 1978 1892 Odium
1989 1865 2079 1904 igitur
2087 1871 2168 1892 acer·

1212 1909 1326 1938 rimum
1336 1907 1424 1946 patris
1435 1907 1467 1934 in
1478 1904 1577 1934 filium
1588 1914 1626 1934 ex
1635 1906 1692 1935 hoc
1703 1924 1711 1937 ‚
1725 1906 1834 1945 opinor
1844 1923 1852 1938 ‚
1864 1903 2051 1938 ostenditur,
2062 1906 2166 1937 Eruci.

1213 1948 1295 1991 quod
1307 1949 1388 1978 hunc
1398 1948 1459 1976 ruri
1468 1944 1524 1976 effe
1535 1946 1705 1986 patiebatur.
1727 1945 1876 1986 numquid
1886 1945 1929 1976 est
1937 1945 2018 1976 aliud
2031 1949 2042 1975 ?
2063 1944 2167 1976 Immb

1214 1989 1287 2021 vero
1298 2011 1306 2024 ‚
1324 1991 1423 2030 inquit
1434 2009 1442 2022 ‚
1460 1987 1514 2018 est.
1525 1998 1595 2018 nam
1605 1987 1696 2018 istum
1708 1988 1866 2017 exheredare
1875 1989 1908 2018 in
1916 1989 2022 2018 animo
2031 1987 2165 2017 habebat.

1215 2032 1318 2063 Audio
1337 2042 1344 2061 t
1366 2040 1450 2061 nunc
1469 2029 1547 2060 dicis
1553 2029 1664 2070 aliquid
1676 2049 1684 2064 ,
1704 2029 1783 2070 quod
1801 2029 1836 2059 ad
1847 2038 1910 2059 rem
1928 2031 2084 2070 pertineat.
2095 2037 2168 2059 nam

1214 2074 1265 2104 illa
1276 2095 1286 2108 ‚
1304 2073 1414 2112 opinor
1423 2092 1432 2106 ,
1452 2080 1483 2101 tu
1495 2081 1614 2112 quoque
1622 2071 1762 2101 concedis
1780 2071 1857 2100 levia
1867 2068 1925 2100 ess'e
1934 2089 1944 2104 ‚
1962 2079 2048 2111 atque
2059 2072 2167 2110 inepta.

1214 2117 1362 2146 Convivia
1370 2124 1440 2143 cum
1451 2122 1530 2153 patre
1546 2122 1609 2142 non
1620 2112 1726 2142 inibat.
1751 2113 1861 2151 quippe
1870 2114 1922 2152 qui
1931 2121 1970 2142 ne
1979 2113 2011 2141 in
2022 2112 2169 2152 oppidum

1236 2156 1339 2186 uidem
1352 2175 1361 2187 ‚
1378 2153 1432 2184 nisi
1441 2153 1577 2193 perraro,
1598 2155 1722 2183 veniret.
1745 2156 1886 2183 Domum
1904 2153 1987 2183 suam
2003 2153 2096 2184 istum
2104 2163 2169 2184 non

1214 2167 1276 2228 ἓεῑέ
1293 2197 1449 2238 quisquam
1459 2195 1591 2225 vocabat.
1602 2205 1657 2225 nec
1676 2196 1788 2224 mirum
1801 2214 1808 2227 ‚
1833 2197 1846 2222 θ’
1856 2196 1907 2235 qui
1927 2205 2025 2236 neque
2043 2197 2077 2225 in
2093 2195 2167 2226 urbe

1215 2240 1329 2269 viveret
1339 2257 1347 2271 ‚
1367 2246 1464 2278 neque
1483 2245 1672 2266 revocaturus
1688 2234 1769 2266 esset.
1792 2236 1908 2265 Verum
1926 2237 1990 2267 haec
1998 2247 2118 2278 quoque
2136 2244 2168 2272 tu

1214 2280 1359 2320 intelligis
1366 2277 1424 2308 effe
1434 2279 1595 2319 nugatoria.
1619 2277 1697 2308 Illud
1708 2297 1717 2311 ‚
1734 2278 1816 2318 quod
1827 2280 1974 2317 coepimus
1984 2297 1993 2312 2
2003 2278 2167 2309 videamus:

1215 2331 1276 2362 quo
1288 2321 1388 2350 certius
1396 2327 1595 2360 argumentum
1602 2319 1659 2348 odii
1666 2321 1787 2359 reperiri
1798 2320 1882 2348 nullo
1891 2319 1984 2350 modo
1992 2319 2089 2361 potest
2097 2340 2105 2354 ‚
2115 2330 2170 2350 ex·

1217 2362 1353 2393 heredare
1361 2371 1441 2402 pater
1450 2360 1548 2390 filiurn
1557 2361 1711 2402 cogitabat.
1730 2363 1822 2390 Mitto
1830 2371 1957 2402 quaerere
1969 2381 1977 2395 ‚
1987 2371 2045 2402 qua
2054 2361 2090 2392 de
2101 2372 2170 2392 cau-

1218 2406 1246 2435 sa
1258 2415 1262 2434 :
1282 2413 1383 2445 quaero
1394 2422 1402 2437 ,
1423 2401 1476 2444 qui
1486 2403 1557 2434 scias
1569 2413 1574 2431 ;
1595 2401 1708 2432 tametsi
1731 2411 1757 2431 te
1767 2402 1864 2432 dicere
1874 2422 1882 2436 ‚
1902 2411 1987 2443 atque
1997 2413 2171 2433 enumerare

1218 2446 1315 2476 causas
1325 2447 1446 2474 omneis
1461 2444 1616 2484 oportebat
1634 2455 1639 2472 τ
1663 2445 1696 2474 &
1711 2444 1742 2474 id
1759 2453 1817 2474 erat
1832 2446 1904 2474 certi
1915 2445 2090 2475 accusatoris
2099 2442 2172 2475 offi-

1216 2490 1310 2521 cium,
1321 2489 1374 2528 qui
1385 2488 1457 2516 tanti
1467 2486 1582 2516 sceleris
1592 2495 1723 2527 argueret
1732 2507 1742 2519 ,
1753 2486 1898 2526 explicare
1908 2488 2014 2517 omnia
2022 2488 2094 2517 vitia
2104 2506 2112 2520 ,
2127 2494 2172 2517 at-

1218 2538 1276 2570 que
1285 2537 1398 2569 peccata
1411 2526 1467 2557 filii
1478 2548 1486 2562 ‚
1507 2528 1614 2568 quibus
1625 2528 1764 2558 incensus
1781 2537 1885 2567 parens
1893 2530 2024 2568 potuerit
2032 2529 2171 2559 animum

1219 2571 1370 2604 inducere,
1382 2578 1415 2599 ut
1426 2577 1560 2599 naturam
1570 2570 1664 2609 ipsam
1673 2571 1806 2599 vinceret
1816 2579 1821 2598 τ
1833 2577 1867 2599 ut
1875 2579 2011 2599 amorem
2020 2570 2109 2600 illum
2119 2579 2172 2609 pe-

1219 2614 1299 2642 nitus
1309 2610 1430 2641 insitum
1438 2612 1559 2650 ejiceret
1567 2621 1605 2640 ex
1614 2613 1718 2641 animo
1730 2621 1735 2639 z
1757 2620 1788 2640 ut
1798 2611 1926 2652 denique
1941 2618 2052 2653 pat-rem
2062 2609 2171 2651 ‘ff‘fi'ft

1219 2653 1434 2693 ohlim'ftcrerur.
1444 2663 1509 2693 quae
1518 2650 1576 2682 sine
1588 2654 1703 2694 magnis
1714 2652 1834 2691 hujusce
1842 2661 1966 2692 peccatis
1974 2652 2105 2683 accidere
2113 2661 2172 2693 po-

1220 2694 1307 2726 tuiffe
1317 2704 1381 2725 non
1399 2695 1532 2724 arbitror.
1556 2692 1672 2724 Verum
1683 2693 1817 2724 concedo
1827 2694 1882 2723 tibi
1894 2714 1902 2727 ‚
1922 2703 1953 2724 ut
1965 2704 1998 2724 ea
2008 2703 2169 2734 praetereas,

1220 2747 1285 2778 quae
1295 2757 1303 2770 ,
1323 2735 1393 2767 cum
1406 2744 1482 2766 taces
1492 2755 1501 2769 ,
1519 2736 1603 2766 nulla
1611 2734 1669 2765 effe
1678 2735 1827 2765 concedis.
1851 2734 1865 2755 ⁶
1877 2736 1970 2765 Illum
1980 2736 2105 2775 quidem
2114 2745 2171 2765 vo-

1222 2777 1307 2809 luiss'c
1317 2777 1495 2809 exheredare
1504 2797 1512 2812 ‚
1523 2777 1600 2808 certe
1612 2786 1643 2807 tu
1651 2777 1776 2818 planum
1783 2776 1878 2807 facere
1888 2776 1986 2808 debes.
2009 2777 2090 2819 Qid
2099 2786 2171 2819 ergo

2077 2817 2175 2853 affers,

1256 2897 1282 2922 5.
1301 2889 1348 2920 Qi
1356 2897 1428 2922 neque
1437 2890 1462 2913 in
1472 2889 1528 2912 urbe
1536 2888 1640 2917 vlunt,
1651 2895 1722 2920 neque
1732 2892 1886 2911 revocaturus
1893 2885 1969 2919 effer]
1982 2885 2023 2910 Ex
2035 2883 2101 2910 Orci
2111 2891 2174 2910 can·

1216 2924 1291 2950 cellis
1303 2925 1400 2949 retraxi
1413 2923 1555 2949 lectionem
1567 2923 1631 2947 hanc
1642 2921 1925 2957 pi‘istam‚firm:ttan2‘3;
1937 2919 2103 2946 Pall.nostris
2113 2929 2173 2945 om-

257 2978 285 2994 2.
306 2971 356 2993 Haec
365 2975 458 2992 attenta
467 2974 523 2992 vita
533 2967 562 2996 (γ’
571 2968 682 3000 rasilem]
694 2968 716 2992 E
737 2967 832 2992 itiones
844 2963 957 2991 rancidae
968 2962 1103 2990 vetustatis
1115 2985 1124 2994 ,
1134 2963 1177 2988 haec
1217 2960 1303 2987 nibus.
1315 2958 1407 2985 niediae
1417 2958 1500 2985 astatis
1511 2957 1621 2991 culi,que'
1630 2965 1701 2990 neque
1710 2960 1736 2983 in
1744 2959 1800 2982 urbe
1810 2959 1864 2982 viv.
1875 2965 1946 2989 neque
1957 2965 2012 2980 rure
2020 2962 2100 2980 vocat.
2110 2956 2171 2988 effet.

217 3001 236 3032 ’ἃ
247 3011 268 3030 te
278 3006 343 3029 vita.
364 3003 430 3028 l’all.
441 3012 481 3038 pr.
493 3003 517 3027 8<
533 3009 594 3028 tert.
607 3003 669 3027 irein
682 3004 709 3027 S.
719 3001 835 3027 Victoris
846 3003 890 3026 haec
899 3007 987 3026 attente
995 3002 1060 3025 vita.

1221 2997 1333 3022 Hotom.
1344 3002 1493 3020 notaturus.
1506 2995 1607 3019 Mauut.
1618 3002 1684 3027 quem
1693 3002 1764 3026 neque
1772 2996 1797 3018 in
1807 2993 1863 3017 urbe
1871 2992 2046 3026 ‘videretffleque
2056 3000 2111 3016 run·
2119 2999 2174 3017 voc.

279 3059 284 3065 .
303 3041 427 3070 Inmginem
437 3040 513 3069 nqstrae
530 3041 586 3063 vite
595 3038 760 3072 quotidiam]
782 3038 951 3064 Hotomanus
961 3041 1070 3063 annotat
1082 3033 1114 3061 fic
1124 3033 1177 3069 legi
1211 3032 1278 3066 ,effe-t.
1289 3030 1439 3057 consulatur
1449 3029 1610 3056 Gulielmius
1621 3029 1721 3065 Qaest.
1734 3027 1861 3054 Plautinis
1873 3026 1957 3063 capss.
1969 3028 1994 3053 in
2008 3026 2128 3062 Amphit.

220 3075 248 3104 in
258 3048 333 3101 libris
345 3070 473 3110 plerisque
485 3093 493 3105 ,
505 3083 555 3099 non
566 3075 676 3106 nostram.

281 3131 286 3136 .
307 3111 364 3135 ciam
374 3113 426 3135 rur-i
435 3110 630 3144 affiduussbmper
638 3108 757 3141 vixerit]
770 3107 916 3137 &Vistoris
927 3106 995 3137 lib&
1005 3116 1061 3136 rur&
1071 3106 1168 3143 qffiduos
1173 3125 1179 3132 ·

220 3118 293 3186 unde
302 3145 410 3184 putabat
420 3145 581 3175 Gulielmius
593 3145 646 3185 legi
656 3144 725 3183 posse
735 3144 829 3179 affidub.

1255 3068 1282 3093 6.
1303 3068 1368 3092 Illum
1377 3066 1467 3100 quidem
1475 3065 1569 3098 voluiffi
1581 3084 1588 3097 ‚
1598 3065 1664 3099 δῖα]
1678 3063 1791 3090 Fortasse
1803 3063 1854 3089 fuit
1863 3063 1920 3089 illud
1930 3082 1938 3094 ,
1947 3069 2055 3089 annotat
2065 3060 2172 3088 Guliel-

1222 3103 1300 3130 mius.
1320 3101 1442 3137 idemque
1453 3102 1538 3128 statim
1550 3100 1639 3126 mallet
1649 3100 1734 3126 adicer:
1744 3119 1752 3131 ,
1763 3099 1807 3126 ubi
1817 3099 1941 3129 habemus
1951 3100 2035 3135 ditere5
2047 3096 2117 3134 quod
2128 3105 2172 3124 re-
2216 3104 2218 3106 ’

1223 3140 1302 3169 staret
1310 3138 1338 3169 in
1348 3137 1493 3175 exemplari
1504 3139 1530 3174 β.
1541 3136 1688 3173 Vietorisse
1695 3136 1779 3166 disan.
1797 3161 1801 3164 .
2060 3177 2073 3198 ι
2080 3188 2086 3196 ¹
2094 3170 2176 3203 Lv-

2185 253 2224 288 ¹7

2188 1033 2229 1067 18

2276 1412 2284 1670 j
