2379 3400
262 92 387 156 1326
659 81 1174 131 M-TULL11

279 173 329 203 uid
341 170 582 206 accideret,atqiie
592 174 624 195 ut
635 165 684 194 liic
695 161 828 193 mundus
839 160 911 193 ess'et
919 162 1067 191 animanti
1077 160 1213 190 absoluto

255 184 429 245 simillimus
442 230 448 242 ,
462 212 519 237 hoc
530 207 605 246 ipso,
616 205 698 246 quod
711 205 803 238 solus,
814 213 901 245 atque
911 213 989 233 unus
1004 202 1085 237 ess'et,
1100 202 1214 232 idcirco

256 255 433 295 singularem
446 254 529 280 Deus
541 251 620 278 hunc
632 247 792 279 mundum,
806 256 892 287 atque
907 249 1070 286 unigenam
1081 253 1216 284 procrea-

254 306 309 327 vit.
333 297 542 324 CoRPOREUM
553 299 651 320 autem
664 309 672 322 ,
695 289 727 319 &
737 288 935 328 adspeRabile
948 308 955 321 ,
968 291 1101 327 itemque
1112 285 1218 316 [taeta-

256 339 317 369 bile
332 344 425 365 omne
444 330 558 362 necess‘e
577 331 619 362 est
630 330 703 364 ess’e,
726 331 807 371 quod
821 340 924 360 natum
938 328 990 359 est.
1016 329 1104 359 Nihil
1115 327 1214 368 porro,

256 381 319 420 igni
338 385 465 406 vacuum
477 394 484 407 ‚
507 374 602 404 videri
628 371 725 414 potest
739 383 810 403 :nec
821 371 893 402 vero
915 374 1014 413 tangi,
1033 371 1115 411 quod
1126 379 1219 400 careat

254 419 353 451 solido
366 428 372 446 ;
384 417 517 448 solidum
525 425 625 446 autem
639 416 727 448 nihil,
740 414 821 455 quod
833 412 957 444 terraesit
967 422 1080 453 expers.
1102 415 1218 453 Qam-

257 463 362 492 obrem
383 459 534 488 mundum
552 457 669 488 efficere
680 458 812 487 moliens
823 459 905 485 Deus
918 476 926 489 ,
947 465 1054 485 terram
1069 454 1218 494 primum,

256 506 421 545 ignemque
437 500 591 541 jungebat.
616 501 728 529 Omnia
746 508 847 528 autem
867 498 928 528 duo
939 497 974 527 ad
988 497 1217 529 cohaerendum,

257 547 378 576 tertium
391 543 504 583 aliquid
516 544 669 583 requirunt
681 561 690 575 ‚
715 541 747 571 δε
760 539 839 581 quasi
849 540 965 569 nodum
978 559 987 573 ,
997 540 1219 578 vinculumque

256 586 430 618 desiderant.
453 584 509 615 Sed
520 585 715 614 vinculorum
728 583 757 612 id
769 581 810 613 est
821 581 1002 622 aPtiffimum
1016 602 1024 615 ‚
1051 591 1139 622 atque
1152 581 1220 620 pul-

257 630 454 660 cherrimum,
466 627 547 667 quod
562 636 598 656 ex
609 626 647 659 se,
659 635 743 666 atque
753 625 788 655 de
801 625 859 658 his,
872 634 937 664 quae
949 623 1114 664 adstringit,
1127 624 1218 664 quam

258 673 395 701 maxime
420 678 516 699 unum
537 667 638 698 efficit.
664 668 696 697 ld
717 667 834 707 optime
854 664 1015 707 assequitur
1034 676 1100 706 quae
1116 665 1219 695 Graece

258 714 402 748 ἄκη-[ἕω
427 710 535 741 Latine
555 710 731 750 (audendum
749 708 792 738 est
811 710 895 738 enirn
915 710 1060 749 quoniam
1079 709 1142 737 haec
1161 708 1221 747 pri-

260 754 348 784 mum
368 756 382 785 a
393 755 482 784 nobis
493 754 655 792 novantur)
666 753 849 791 comparatio
859 771 868 784 ‚
890 753 1085 790 proportiove
1095 749 1155 780 dici
1167 758 1219 788 po-

220 806 240 838 5
262 797 324 828 test.
349 796 478 836 Quando
488 797 572 825 enim
588 798 680 825 trium
692 794 950 823 velnumerorum
965 813 973 826 ,
984 792 1033 822 vel
1045 791 1219 833 figurarum,

261 840 309 869 vel
331 847 597 880 quorumcumque
616 845 759 878 generum
778 836 929 875 contingit
947 854 955 867 ‚
992 843 1023 864 ut
1049 833 1131 874 quod
1154 843 1220 862 me-

257 881 346 911 dium
358 880 391 911 sit
401 901 409 915 ‚
432 882 474 910 uti
489 883 626 919 primum
638 880 837 919 proportione
848 897 856 910 ,
872 879 911 907 ita
923 877 953 906 id
969 875 1122 916 postremo
1133 885 1220 905 com-

256 933 386 964 paretur,
402 921 589 962 viciffimque
601 930 631 951 ut
643 929 812 950 extremum
824 929 893 949 cum
906 920 1019 952 medio,
1032 916 1068 948 sic
1079 917 1218 948 medium

257 975 329 995 cum
342 968 442 1006 primo
451 963 642 996 conferatur3
661 962 691 992 id
701 961 783 1002 quod
796 961 932 991 medium
943 960 995 995 est,
1008 969 1072 990 tum
1083 962 1219 1000 primum

257 1006 303 1041 fit,
330 1017 394 1038 tum
416 1005 566 1047 postrema
575 1003 647 1035 vero
658 1024 666 1038 ,
686 1004 717 1034 ἅτ
729 1005 825 1043 prima
840 1003 939 1033 media
951 1002 1027 1032 fiunt
1038 1022 1046 1036 ,
1069 1004 1108 1032 ita
1119 1001 1220 1032 neces—

259 1048 326 1079 fitas
335 1051 426 1090 cogit,
438 1058 470 1078 ut
477 1048 581 1078 eadem
594 1045 648 1076 sint
657 1057 689 1076 ea
700 1065 708 1079 ‚
728 1056 794 1086 quae
805 1044 944 1084 dejunCta
954 1044 1085 1075 fuerunt.
1113 1044 1217 1074 eadem

257 1099 359 1122 autem
370 1093 442 1121 cum
451 1089 527 1120 fasta
538 1089 614 1122 sint,
626 1087 765 1122 efficitur,
779 1096 810 1117 tit
819 1089 925 1117 omnia
935 1085 989 1118 fint
998 1096 1104 1116 unum.
1127 1084 1220 1126 Qod

259 1132 279 1163 fi
294 1131 489 1163 universitatis
498 1140 606 1171 corpus
619 1151 627 1164 ‚
648 1131 773 1170 planum
788 1150 796 1163 ,
813 1130 844 1159 δε
855 1129 1000 1169 aequabile
1010 1129 1219 1168 explicaretur,

257 1185 356 1216 neque
367 1173 444 1205 ineo
456 1175 619 1215 quidquam
631 1171 700 1202 esset
709 1170 883 1212 requifitum
898 1183 902 1199 :
915 1181 1011 1200 unum
1023 1169 1217 1209 interjethim
1242 1188 1244 1209 i

260 1218 398 1248 medium
411 1238 421 1251 ,
441 1217 473 1247 δε
498 1216 637 1255 seipsum
651 1235 659 1248 ,
680 1215 711 1244 ὃ(
723 1224 774 1247 ea,
795 1213 906 1254 quibus
917 1210 1218 1252 essetinterpositum‚

255 1310 357 1331 aurem
378 1302 473 1330 omnia
483 1311 535 1329 uno
545 1300 632 1328 medio
643 1308 800 1339 numquam
810 1296 1027 1337 duobusfivmper
1038 1296 1199 1337 copulentur
1209 1306 1220 1322 .·
1243 1295 1244 1301 ¹

256 1346 298 1374 ita
308 1345 453 1385 contigit,
474 1352 505 1372 ut
518 1344 704 1382 interignem
717 1341 863 1370 &terram
874 1360 881 1373 ‚
908 1349 1015 1380 aquam
1028 1342 1112 1369 Deus
1123 1359 1130 1373 ‚
1154 1340 1222 1368 ani—

260 1395 403 1426 mamque
422 1393 568 1425 poneret,
588 1393 681 1423 eaque
700 1384 777 1412 inter
786 1382 813 1412 se
824 1391 1008 1421 compararet
1022 1401 1030 1414 ,
1052 1381 1221 1421 &propor-

256 1430 343 1458 tione
358 1429 574 1468 conjungeret,
597 1434 629 1455 ut
648 1423 906 1466 quemadmodum
919 1425 998 1465 ignis
1014 1443 1021 1457 ,
1041 1433 1151 1453 animae
1164 1433 1168 1451 :
1183 1421 1221 1453 fic

259 1472 363 1500 anima
378 1479 458 1510 aquae
476 1468 635 1509 1quodque
648 1469 748 1497 anima
759 1486 767 1499 ‚
791 1475 872 1506 aquae
885 1467 931 1495 :id
942 1476 1015 1506 aqua
1027 1485 1035 1499 ‚
1055 1475 1137 1495 terrae
1152 1474 1220 1505 pro-

259 1514 402 1552 portione
421 1510 562 1540 redderet.
588 1513 654 1547 Qua
665 1519 702 1538 ex
712 1507 934 1548 conjun&ione
943 1509 1056 1542 coelum
1068 1509 1106 1537 ita
1117 1516 1220 1547 aptum

263 1552 307 1582 est
320 1573 329 1586 ‚
348 1561 380 1582 ut
404 1552 457 1582 sub
475 1550 648 1590 adspeaum
662 1551 694 1579 δε
706 1549 818 1579 mistum
829 1549 920 1579 cadat.
945 1552 1049 1590 Itaque
1060 1549 1093 1579 &
1106 1550 1220 1579 obeam

260 1594 378 1625 causam
391 1614 399 1627 ,
413 1594 444 1623 &
456 1593 491 1623 ab
504 1595 539 1622 iis
553 1593 639 1622 rebus
651 1601 779 1620 numero
788 1599 930 1631 quattuor
941 1591 1050 1620 mundi
1061 1589 1104 1619 est
1112 1598 1223 1629 corpus

259 1635 403 1666 effessum
417 1655 424 1668 ‚
446 1645 479 1665 ea
488 1633 695 1664 consti-utinm
709 1634 907 1672 proportione
918 1653 926 1666 ‚
949 1642 1007 1673 qua
1016 1632 1082 1662 dixi
1094 1642 1099 1660 :
1112 1641 1149 1661 ex
1162 1640 1223 1670 quo

261 1678 324 1718 ipse
342 1678 370 1707 se
391 1675 671 1716 concordiquadam
687 1677 818 1704 amicitia
833 1694 841 1706 ‚
867 1674 900 1703 &
912 1677 1031 1704 caritate
1042 1672 1221 1712 completffi—

263 1728 426 1759 turzazque
447 1721 486 1748 ita
505 1720 572 1757 apte
583 1718 730 1748 cohaeret,
750 1714 1010 1745 utdiss'olvinullo
1023 1715 1116 1744 modo
1125 1722 1222 1754 queat,

262 1759 319 1792 nifi
329 1761 365 1791 ab
376 1760 481 1790 eodem
496 1780 504 1792 ,
514 1761 529 1789 a
539 1769 600 1799 quo
610 1757 652 1788 est
661 1758 830 1797 colligatus.
853 1759 962 1786 Earum
972 1765 1072 1786 autem
1082 1764 1223 1796 quattuor

260 1813 361 1834 rerum
377 1822 386 1836 ,
410 1812 480 1843 quas
494 1802 574 1841 supra
588 1800 674 1834 dixi,
695 1798 775 1829 sicin
785 1800 873 1828 omni
886 1798 1002 1829 mundo
1013 1808 1121 1828 omnes
1131 1806 1224 1837 partes

263 1846 416 1876 collocata:
440 1845 527 1877 sunt,
548 1853 579 1873 ut
601 1842 681 1872 nulla
705 1850 768 1881 pars
789 1841 911 1879 hujusce
929 1842 1046 1882 generis
1069 1839 1224 1870 excederet

263 1887 365 1920 extra,
385 1896 472 1926 atque
490 1888 521 1915 in
542 1886 600 1914 hoc
618 1884 765 1914 universa.
786 1883 820 1913 Id
838 1882 878 1912 ob
889 1893 935 1912 eas
945 1883 1042 1913 causas
1057 1902 1065 1915 ‚
1087 1881 1222 1922 primum

262 1939 296 1960 ut
318 1929 450 1959 mundus
475 1929 611 1958 animans
623 1946 631 1960 ,
657 1924 743 1966 poffit
753 1934 789 1954 ex
799 1923 938 1965 perfeEtis
951 1924 1080 1964 partibus
1092 1922 1149 1953 ess'e
1159 1933 1225 1963 per·
1246 1943 1247 1949 .

262 1971 361 2002 setius
375 1970 498 2000 :deinde
510 1979 543 1999 ut
553 1979 630 1999 unus
641 1967 711 1998 ess'et
722 1988 730 2001 ‚
743 1967 826 1996 nulla
835 1976 919 2006 parte
929 1986 938 2000 ‚
949 1966 1030 1997 unde
1039 1967 1112 1996 alter
1121 1967 1224 2007 gigne·
1246 1979 1247 1986 .

264 2023 363 2046 retur,
384 2010 672 2052 reii&a:p01}rcmb
692 2019 730 2039 ne
746 2011 813 2049 quis
832 2009 1034 2038 morbuseum
1049 2007 1135 2048 poffit
1147 2028 1155 2041 ‚
1177 2016 1227 2038 aut
1246 2024 1247 2028 =

263 2055 400 2087 senec‘ms
418 2054 558 2095 affligere.
584 2062 691 2082 OMNIS
713 2061 802 2081 ΕΝΙΜ
826 2060 1097 2081 οοΑῡΜΕΝτΑ-πῐο
1118 2060 1226 2090 corpo-
1247 2069 1248 2081 l

264 2100 305 2128 ris
317 2117 325 2131 ,
345 2097 393 2127 vel
412 2098 508 2126 calore
521 2116 530 2128 ‚
554 2096 601 2125 vel
621 2094 732 2135 frigore
744 2114 752 2127 ,
775 2094 822 2123 vel
836 2092 1125 2133 aliquaimpulfione
1136 2095 1229 2122 vehe-

266 2141 365 2170 menti
376 2137 577 2170 labefaEtatur,
591 2137 622 2166 ὃς
631 2136 786 2177 frangitur3
799 2135 873 2165 &ad
885 2134 1227 2169 morbos,sene6tutem-

265 2192 322 2222 que
346 2181 549 2220 compellitur.
585 2181 672 2209 Hanc
707 2179 795 2219 igitur
812 2178 914 2207 habuit
936 2180 1084 2207 rationem
1104 2174 1228 2206 effector
1248 2185 1250 2205 ι

265 2223 399 2256 mundi,
422 2222 605 2261 molitoi'que
623 2224 706 2250 Deus
718 2240 726 2253 ,
754 2229 786 2249 ut
806 2229 901 2249 unum
913 2229 988 2258 opus
1002 2228 1099 2248 totum
1112 2238 1120 2251 ,
1140 2228 1226 2258 atque

264 2264 433 2306 perfee‘mm
447 2274 483 2293 ex
494 2263 639 2293 omnibus
651 2264 721 2294 totis
734 2281 742 2295 ‚
758 2271 844 2302 atque
855 2260 995 2301 perfeffis
1005 2262 1204 2291 absolveretur
1217 2271 1225 2294 ·,

224 2310 246 2343 6
266 2306 349 2348 quod
373 2308 461 2336 omni
483 2305 613 2337 morbo,
635 2305 757 2335 seniove
775 2312 895 2334 careret.
920 2306 1061 2332 Formam
1080 2312 1180 2333 autern
1194 2302 1226 2332 &

266 2350 402 2379 maxime
421 2347 474 2378 fibi
498 2356 654 2388 cognatam
667 2366 674 2380 ‚
698 2346 730 2376 δ(
751 2346 890 2376 decoram
910 2345 1003 2375 dedit.
1028 2349 1053 2375 A
1071 2355 1132 2385 quo
1143 2347 1226 2373 enim

264 2394 418 2422 animante
449 2392 570 2420 omneis
603 2389 733 2429 reliquos
755 2390 906 2418 contineri
927 2387 1017 2417 vellet
1036 2390 1227 2419 animanteis,
1249 2409 1251 2427 4

264 2436 345 2463 hunc
362 2443 394 2462 ea
416 2431 515 2461 forma
537 2429 694 2471 figuravit,
718 2441 774 2471 qua
801 2440 858 2459 una
871 2439 979 2459 omnes
990 2429 1111 2469 reliquae
1122 2429 1228 2458 forma:

268 2474 492 2505 concluduntur
512 2484 517 2502 z
537 2473 570 2503 &
593 2471 724 2513 globofics
748 2471 790 2501 est
810 2471 969 2502 fabricatus
988 2473 1068 2511 quod
1093 2471 1228 2504 o-qmipoffliss

269 2518 363 2547 Graeci
376 2525 492 2546 vocant.
508 2525 593 2553 cujus
603 2524 705 2544 omnis
724 2515 894 2543 extremitas
905 2513 1023 2552 paribus
1036 2514 1050 2542 a
1061 2512 1165 2541 medio
1184 2522 1227 2541 ra-

268 2559 326 2588 diis
338 2557 595 2599 attingitur,idque
607 2559 645 2586 ita
657 2558 835 2589 toi·navit‚ut
847 2555 924 2584 nihil
936 2553 1014 2584 effici
1027 2553 1111 2594 poffit
1122 2563 1229 2583 rotun-
1250 2554 1252 2578 ἕ

268 2601 336 2630 dius
351 2621 359 2634 ‚
373 2601 449 2629 nihil
463 2608 493 2628 ut
504 2600 665 2639 asperitatis
677 2598 815 2630 haberet,
842 2598 920 2626 nihil
934 2595 1109 2626 offensionis
1120 2616 1128 2628 ‚
1150 2595 1228 2625 nihil
1251 2602 1252 2638 J

267 2643 420 2673 inclusum
432 2642 548 2682 angulis
560 2661 567 2675 ,
579 2641 654 2670 nihil
667 2639 860 2670 amfraEtibus
873 2659 880 2672 ,
893 2639 969 2668 nihil
980 2641 1119 2668 eminens
1130 2657 1138 2670 ,
1151 2637 1229 2667 nihil
1251 2652 1252 2656 =

269 2684 443 2714 lacunosum
459 2683 644 2723 :omnesque
655 2691 749 2721 partes
763 2680 925 2710 simillimae
938 2684 1083 2710 omnium
1099 2700 1106 2713 ,
1127 2679 1227 2720 quoad
1251 2682 1253 2716 i

270 2726 336 2763 ejus
363 2724 512 2765 praestabat
529 2725 644 2764 judicio
664 2722 902 2753 dissimilitudini
922 2721 1100 2752 similitudo.
1134 2722 1229 2751 Omni
1250 2732 1252 2755 ς

269 2776 371 2796 autem
393 2776 486 2796 totam
512 2767 634 2808 figuram
657 2765 764 2795 mundi
784 2766 913 2795 laevitate
930 2764 1135 2795 circumdedit.
1172 2773 1228 2793 nec

272 2810 355 2838 enim
369 2809 462 2838 oculis
473 2812 592 2849 egebat,
604 2809 674 2848 quia
685 2808 762 2837 nihil
774 2807 866 2839 exrra,
880 2806 960 2847 quod
973 2808 1054 2836 cerni
1065 2804 1167 2846 postet,
1181 2816 1229 2835 re·
1251 2805 1252 2836 i

271 2848 380 2879 histum
392 2859 464 2878 erat:
479 2861 532 2880 nec
543 2851 663 2880 auribus
676 2869 683 2883 ,
704 2852 773 2889 quia
783 2859 819 2878 ne
830 2848 911 2888 quod
922 2848 1072 2878 audiretur
1085 2848 1227 2887 quidem:
1251 2862 1252 2886 3

274 2901 372 2931 neque
382 2900 464 2920 erant
475 2894 575 2921 anima
584 2892 765 2921 circumfusa
777 2900 910 2921 extrema
921 2890 1050 2923 mundi,
1063 2900 1093 2919 ut
1105 2890 1227 2929 respira·
1251 2904 1252 2916 l

272 2935 390 2962 tionem
411 2934 653 2972 i·equireret:nec
675 2932 747 2962 vero
757 2931 934 2962 desiderabat
946 2932 1148 2961 autalimenta
1159 2940 1229 2960 cor-

270 2975 371 3015 poris,
397 2973 668 3004 autdetracttionem
681 2973 823 3007 confeffi,
837 2974 1029 3004 &consumti
1039 2974 1110 3003 cibi.
1132 2983 1229 3013 neque

271 3018 355 3045 enini
376 3015 435 3044 ulla
457 3013 581 3044 deceffio
604 3014 666 3044 sieri
684 3025 795 3054 potera-t
815 3036 823 3049 ,
847 3026 943 3056 neque
962 3014 1083 3045 acceffio
1105 3025 1110 3044 τ
1130 3025 1229 3054 neque
1250 3012 1251 3053 l

271 3057 346 3087 vero
362 3066 423 3087 erat
442 3056 532 3086 unde.
555 3065 593 3085 ita
615 3055 641 3085 se
654 3057 710 3095 ipse
721 3058 975 3097 consumptione,
997 3057 1123 3087 &senio
1134 3057 1230 3086 alebat
1249 3059 1251 3092 l

272 3100 329 3134 sui,
344 3098 488 3139 cumipse
501 3107 552 3138 per
563 3097 591 3128 se
603 3117 611 3132 ‚
624 3098 656 3127 &
671 3098 721 3128 ase
734 3099 764 3128 Sc
774 3108 937 3138 pateretur,
956 3100 988 3130 &
998 3099 1225 3131 faiceretornni'a.
1248 3094 1251 3116 ⁴

1253 80 1805 126 Creaaours

1258 158 1296 190 sic
1307 159 1391 189 enim
1403 168 1480 189 ratus
1489 157 1531 189 est
1542 158 1592 190 ille
1604 178 1612 191 ,
1633 161 1684 201 qui
1698 158 1862 198 istajunxit
1874 180 1882 195 2
1896 161 2095 198 &condidit,
2109 172 2216 196 IPSUM

1261 211 1296 231 sa
1319 210 1525 231 com-aurum
1545 210 1614 230 essa
1634 211 1779 231 MuNDUM
1793 221 1801 235 ,
1828 212 1938 242 NEQE
1949 215 2057 235 EGERE
2071 216 2215 237 Amano.

1262 246 1364 284 Itaque
1384 252 1439 273 nec
1455 245 1483 273 ei
1505 252 1614 272 manus
1632 242 1751 273 affinxit
1762 263 1770 276 ,
1791 246 1859 284 quia
1871 255 1925 274 nec
1935 248 2112 285 capiendum
2123 249 2215 290 quid-

1262 295 1352 326 quam
1363 293 1422 315 erat
1436 306 1444 318 ‚
1458 295 1511 314 nec
1522 284 1744 324 repellendum:
1758 295 1812 316 nec
1823 286 1911 325 pedes
1923 306 1931 319 ‚
1944 296 1997 317 nec
2007 289 2062 318 alia
2071 291 2216 325 membra,

1261 328 1371 368 quibus
1391 324 1534 368 ingressus
1552 336 1676 367 corpote
1695 326 1859 358 sustineret.
1893 337 2013 358 motum
2032 332 2114 361 enim
2137 332 2220 363 dedit

1262 369 1341 399 coelo
1352 370 1490 409 eum‚qui
1502 367 1602 409 figurae
1611 370 1674 408 ejus
1685 368 1718 398 sit
1728 368 1958 410 aptiffimus,qui
1971 380 2048 400 unus
2057 381 2094 401 ex
2105 373 2218 413 septem

1264 411 1401 441 motibus
1411 420 1561 443 mentem,
1572 419 1656 452 atque
1668 411 1899 452 intelligentiam
1908 412 2061 442 cohiberet
2070 416 2219 446 maxime.

1263 456 1366 494 Itaque
1387 462 1448 483 una
1466 450 1660 482 conversione
1673 473 1680 486 ,
1702 462 1789 494 atque
1811 454 1914 484 eadem
1927 454 1985 493 ipse
1996 456 2109 484 circum
2121 456 2220 487 setor-

1262 505 1372 536 quetur
1384 514 1392 528 ,
1410 495 1443 525 δε
1463 496 1595 525 vertitur.
1619 498 1677 525 Sex
1700 504 1801 525 autem
1824 497 1957 536 reliquos
1968 505 2071 525 motus
2081 496 2116 526 ab
2130 507 2167 527 eo
2177 499 2221 528 se-

1264 539 1386 577 paravit.
1410 538 1506 577 itaque
1528 547 1599 566 eum
1610 538 1646 567 ab
1656 540 1743 567 omni
1753 541 1902 568 erratione
1916 538 2064 569 liberavit·
2087 538 2133 569 Ad
2147 540 2223 570 hanc

1264 582 1353 620 igitur
1370 577 1598 609 conversionem
1609 599 1617 612 ,
1640 589 1706 620 qua:
1723 580 1850 619 pedibus
1860 600 1868 613 ,
1890 579 2020 622 &gradu
2035 589 2100 609 non
2112 590 2223 622 egeret,

1264 620 1453 662 ingrediendi
1464 621 1599 651 membra
1610 631 1672 651 non
1682 621 1773 651 dedit.
1799 624 1872 652 Haec
1882 625 1967 652 Deus
1980 624 2004 651 is
2017 643 2026 655 ,
2058 624 2089 651 ui
2098 631 2158 652 erat
2167 643 2176 657 ,
2187 622 2226 652 de

1267 662 1428 703 aliquando
1446 665 1514 693 Deo
1525 662 1627 693 futuro
1637 664 1769 704 cogitans
1780 683 1788 697 ‚
1810 665 1917 694 laevem
1930 674 1999 694 eum
2010 675 2025 693 e
2053 666 2111 694 ecit
2122 664 2154 695 &
2165 674 2225 695 un-

1265 705 1354 746 dique
1375 705 1554 746 aequabilem
1567 725 1576 739 ,
1598 705 1630 735 &
1647 707 1663 735 a
1688 705 1792 735 medio
1812 706 1847 736 ad
1868 706 2022 736 summum
2038 715 2138 745 parem
2154 726 2164 740 ,
2190 707 2225 737 &

1266 746 1433 787 pei-fesium
1453 757 1540 787 atque
1562 747 1732 777 absolutum
1742 757 1780 777 ex
1791 748 1954 782 absolutis,
1977 757 2060 789 atque
2072 747 2225 788 perfeffls.

1265 791 1416 819 Animum
1427 798 1526 819 autern
1539 798 1569 818 ut
1578 791 1610 819 in
1621 790 1685 829 ejus
1695 789 1799 819 medio
1809 791 1989 824 collocavit,
2015 794 2054 820 ita
2063 799 2113 830 per
2124 799 2224 820 toturn

1265 833 1408 862 tetendit:
1425 831 1535 861 deinde
1547 841 1617 861 eum
1627 831 1828 863 circumdedit
1838 842 1961 872 corpore
1975 853 1983 865 ,
1997 832 2029 862 δε
2043 831 2161 861 vestivit
2171 841 2224 861 ex-

1266 874 1410 904 trinsecus
1424 885 1429 903 ·.
1443 874 1582 914 coeloque
1593 873 1744 915 solivago,
1766 874 1798 903 &
1808 875 1958 908 volubili,
1970 875 2001 905 &
2012 875 2046 904 in
2057 874 2162 904 orbem
2172 875 2226 904 in-

1265 917 1355 945 citato
1367 916 1548 956 complexus
1557 914 1600 945 est
1614 936 1622 948 ‚
1635 915 1716 956 quod
1728 916 1826 946 secum
1842 917 1940 957 ipsum
1951 926 2070 957 propter
2079 919 2224 946 virtutem

1265 956 1354 988 facile
1366 956 1424 987 efl'e
1435 956 1530 998 poss'et
1540 977 1547 990 ,
1569 967 1624 988 nec
1634 956 1807 988 desideraret
1817 959 1964 992 alterum3
1983 958 2049 989 satis
2059 956 2112 988 sibi
2123 958 2223 998 ipsum

1266 1008 1377 1029 notum
1397 1000 1430 1029 &
1454 998 1610 1029 familiare.
1633 1002 1681 1030 Sic
1700 1002 1782 1030 Deus
1800 1002 1852 1030 ille
1861 1010 1990 1031 aeternus
2001 1001 2082 1031 hunc
2094 998 2226 1040 perfecte

1266 1041 1386 1071 beatum
1398 1044 1498 1071 Deum
1513 1043 1684 1082 procreavit.
1709 1041 1758 1071 sed
1770 1044 1907 1072 animum
1920 1042 2066 1076 haudita.
2084 1052 2116 1072 ut
2130 1040 2225 1072 modo

1267 1084 1361 1114 locuti
1373 1084 1475 1114 sumus
1487 1104 1495 1118 ,
1513 1093 1576 1113 tum
1589 1084 1721 1124 denique
1733 1104 1741 1116 ,
1758 1082 1830 1113 curn
1842 1094 1949 1124 corpus
1959 1086 1986 1114 ei
1996 1082 2136 1114 effeciss'et
2147 1104 2156 1117 ,
2176 1094 2226 1113 in-

1266 1127 1397 1156 choavit.
1416 1136 1503 1167 neque
1513 1127 1585 1154 enim
1595 1125 1655 1164 fft
1665 1124 1772 1154 retium
1783 1145 1791 1159 ,
1801 1127 1901 1156 minori
1907 1125 2004 1169 parire
2014 1127 2156 1166 majorem.
2168 1125 2224 1156 Sed
2243 1135 2262 1167 7

1268 1177 1325 1197 nos
1335 1169 1431 1198 multa
1441 1166 1622 1199 considerate
1634 1188 1642 1201 ‚
1656 1178 1687 1198 ac
1698 1170 1810 1198 temere
1821 1168 1962 1199 dicimus.
1987 1171 2072 1198 Deus
2080 1177 2179 1198 autem
2192 1168 2226 1199 δε

1242 1236 1244 1243 ,
1266 1219 1335 1240 ortu
1346 1230 1353 1243 ,
1367 1210 1398 1240 δε
1418 1212 1526 1240 virtute
1538 1212 1742 1251 antiquiorem
1755 1213 1859 1251 genuit
1869 1213 2006 1241 animum
2019 1231 2028 1244 ,
2051 1220 2182 1250 eumque
2194 1218 2228 1241 ut

258 1260 421 1300 colligaret.
445 1258 502 1288 Sed
524 1258 595 1288 cum
617 1257 747 1287 soliditas
769 1255 888 1285 mundo
906 1264 1089 1295 quaereretur
1110 1253 1221 1293 :solida
1243 1253 1245 1290 ζ

1267 1252 1445 1285 dominum,
1457 1261 1542 1292 atque
1553 1255 1749 1292 imperantem
1762 1272 1770 1285 ‚
1781 1253 1935 1283 obedienti
1946 1251 2078 1293 praefecit
2087 1253 2225 1291 corpori:

1267 1294 1359 1334 idque
1370 1293 1495 1324 molitus
1506 1294 1556 1324 tali
1567 1294 1698 1335 quodam
1711 1293 1752 1324 est
1763 1294 1867 1325 modo.
1891 1298 1937 1326 Ex
1949 1297 2071 1325 materia
2082 1315 2090 1327 ,
2101 1303 2167 1335 quae
2178 1295 2227 1323 in-

1269 1336 1392 1366 dividua
1402 1335 1443 1366 est
1455 1356 1463 1370 ,
1476 1336 1508 1366 &
1519 1346 1583 1377 quae
1594 1337 1709 1376 semper
1720 1339 1809 1366 unius
1820 1338 1906 1367 modi
1917 1358 1926 1371 ,
1940 1338 2041 1378 suique
2051 1335 2157 1366 similis
2171 1355 2181 1369 ‚
2193 1335 2227 1366 δε

1269 1388 1308 1408 ex
1320 1388 1351 1408 ea
1362 1398 1371 1411 ,
1396 1389 1460 1419 quae
1474 1378 1649 1418 corporibus
1659 1378 1782 1408 dividua
1791 1380 1924 1420 gignitur
1935 1400 1944 1413 ‚
1965 1381 2085 1410 tertium
2098 1379 2229 1408 materiae

1267 1430 1361 1461 genus
1372 1430 1409 1450 ex
1418 1420 1536 1450 duobus
1548 1423 1578 1450 in
1591 1420 1728 1450 medium
1739 1421 1908 1455 admiscuit,
1920 1421 2001 1462 quod
2014 1418 2084 1451 effet
2093 1419 2227 1459 ejusdem

1268 1472 1398 1492 naturae:
1419 1463 1452 1492 δε
1470 1463 1551 1503 quod
1575 1463 1715 1492 alterius:
1742 1462 1833 1503 idque
1851 1464 2000 1502 interjecit
2019 1461 2225 1494 individuum,

1268 1514 1356 1545 atque
1378 1504 1408 1534 id
1421 1524 1430 1537 ,
1452 1504 1532 1544 quod
1551 1504 1711 1534 dividuum
1736 1502 1808 1533 esset
1822 1506 1854 1533 in
1874 1514 2007 1544 corpore.
2032 1506 2073 1534 Ea
2090 1512 2159 1533 cum
2173 1504 2227 1533 tria

1269 1543 1521 1578 sumfiffet,unam
1533 1546 1566 1574 in
1578 1545 1707 1584 speciem
1718 1548 1893 1584 temperavit
1906 1556 1911 1574 z
1922 1554 2116 1585 naturamque
2127 1545 2224 1578 illam,

1268 1596 1359 1627 quarn
1378 1586 1498 1616 alterius
1520 1586 1678 1619 diximus,
1701 1587 1750 1616 vel
1768 1596 1839 1617 cum
1864 1587 1966 1617 eadem
1977 1587 2157 1626 conjunxit,
2177 1585 2227 1616 fu-

1267 1631 1399 1669 gientem
1416 1647 1424 1661 ‚
1447 1628 1562 1668 &ejus
1585 1628 1785 1667 copulationis
1796 1629 1925 1658 alienam
1938 1649 1946 1662 ,
1965 1629 2147 1668 permiscens
2156 1637 2227 1658 cum

1271 1678 1394 1699 materia
1407 1689 1415 1703 ‚
1434 1668 1505 1698 cum
1525 1678 1563 1698 ex
1582 1669 1676 1698 tribus
1696 1667 1944 1699 effeciffetuiium
1957 1689 1965 1703 ,
1988 1670 2018 1700 id
2031 1670 2127 1710 ipsum
2142 1671 2171 1698 in
2183 1679 2227 1703 ea,

1269 1721 1337 1751 quae
1361 1710 1481 1743 decuit,
1507 1709 1646 1740 membra
1668 1712 1792 1750 partitus
1814 1710 1865 1741 est.
1893 1712 1961 1753 Jam
1981 1713 2088 1751 parteis
2105 1709 2231 1752 singulas

1270 1762 1308 1782 ex
1319 1752 1439 1785 eodem,
1456 1752 1489 1782 δε
1501 1752 1605 1786 altero,
1617 1752 1650 1782 &
1659 1761 1697 1782 ex
1710 1754 1831 1783 materia
1841 1755 2027 1793 temperavit.
2051 1753 2120 1782 Fuit
2129 1762 2229 1783 autem

1270 1794 1336 1824 talis
1355 1794 1408 1824 iiia
1418 1796 1547 1834 partitio.
1574 1796 1672 1824 Unam
1684 1796 1833 1834 principio
1842 1804 1956 1835 partem
1967 1795 2096 1826 detraxit
2105 1803 2143 1824 ex
2155 1803 2230 1824 toto.

1271 1836 1430 1867 secundam
1449 1845 1549 1866 autem
1570 1838 1673 1876 primae
1692 1838 1780 1876 partis
1799 1836 1921 1877 duplam
1943 1848 1949 1866 :
1970 1837 2079 1867 deinde
2100 1838 2230 1870 tertiam,
2276 1853 2279 1856 -

1271 1888 1335 1919 quae
1346 1877 1441 1908 ess'ent
1451 1878 1584 1908 secunda:
1596 1878 1791 1919 sesquialtera,
1801 1882 1905 1919 prima:
1920 1880 2016 1920 tripla:
2028 1878 2136 1909 deinde
2145 1888 2232 1920 quar-

1271 1930 1330 1950 tam
1345 1941 1353 1955 ,
1374 1930 1437 1961 qua:
1453 1920 1590 1950 secundae
1600 1920 1689 1960 dupla
1703 1918 1773 1950 effet
1787 1933 1792 1950 ;
1804 1923 1943 1962 quintam
1953 1921 2024 1951 inde
2035 1941 2043 1954 ‚
2063 1930 2128 1961 quae
2138 1921 2232 1952 tertiae

1271 1963 1357 2002 tripla
1373 1974 1377 1991 z
1393 1972 1458 1992 tum
1469 1963 1582 1992 seXtam
1594 1962 1745 2002 o&uplam
1756 1966 1880 2002 primae:
1896 1962 2050 2004 postremo
2062 1963 2230 2002 septimam,

1272 2015 1339 2045 quae
1358 2006 1468 2045 septem
1482 2024 1489 2037 ,
1511 2005 1544 2034 δε
1565 2006 1675 2046 viginti
1694 2005 1824 2044 partibus
1837 2005 2021 2036 antecederet
2031 2006 2144 2045 primae.
2168 2007 2234 2035 De-

1272 2046 1343 2077 inde
1363 2046 1493 2077 instituit
1518 2047 1626 2085 dupla‚
1649 2046 1682 2077 &
1703 2047 1787 2087 tripla
1797 2048 1957 2077 intervalla
1968 2048 2106 2088 explere,
2126 2047 2234 2087 parteis

1272 2089 1372 2118 rursus
1391 2099 1428 2118 ex
1447 2097 1511 2118 toto
1523 2088 1677 2118 desecans:
1693 2098 1764 2129 quas
1779 2090 1944 2120 intervallis
1955 2089 2118 2119 italocabat
2129 2109 2137 2121 ,
2157 2091 2234 2120 utin

1273 2129 1395 2172 singulis
1404 2129 1497 2161 effeiit
1507 2130 1577 2160 bina
1587 2131 1752 2161 mediazvix
1762 2133 1844 2162 enim
1855 2131 1950 2161 audeo
1959 2131 2055 2161 dicere
2066 2130 2236 2160 medietates.

1273 2183 1344 2213 quas
1369 2175 1464 2203 Graeci
1487 2174 1628 2204 μεσότητας
1644 2173 1793 2213 appellant
1805 2183 1810 2201 z
1821 2173 1870 2203 sed
1881 2172 1958 2214 quafi
1969 2176 2006 2203 ita
2016 2172 2146 2203 dixerim
2159 2192 2167 2205 ,
2185 2173 2235 2202 in·

1276 2215 1424 2255 telligatur
1436 2225 1441 2244 ⁴.
1453 2216 1508 2244 erit
1526 2217 1609 2244 enim
1622 2216 1740 2255 planius
1752 2225 1756 2243 :
1768 2224 1868 2245 earum
1881 2216 2003 2246 alteram
2016 2234 2024 2248 ,
2043 2214 2144 2244 eadem
2155 2223 2235 2254 parte

1275 2257 1459 2298 praestantem
1484 2259 1631 2287 extremis
1643 2277 1650 2290 ‚
1672 2257 1836 2297 eademque
1847 2257 2008 2297 superatam
2023 2267 2028 2285 ε
2041 2257 2162 2287 alteram
2172 2257 2234 2295 pari

1274 2309 1405 2330 numero
1415 2298 1601 2339 praestantem
1613 2301 1756 2329 extremis
1768 2318 1776 2332 ‚
1787 2300 1910 2340 parique
1921 2308 2050 2328 numero
2062 2298 2234 2338 superatam.

1276 2342 1478 2382 Sesquialteris
1495 2350 1594 2370 autem
1608 2341 1771 2371 intervallis
1783 2361 1791 2374 ,
1812 2341 2045 2381 &sesquitertiis
2060 2361 2070 2373 ,
2082 2340 2114 2370 &
2125 2339 2236 2380 sesqui-

1276 2383 1389 2414 oei-avis
1410 2384 1514 2413 sumtis
1533 2392 1572 2412 ex
1588 2384 1633 2412 his
1644 2383 1887 2423 colligationibus
1898 2386 1930 2412 in
1941 2384 2048 2422 primis
2059 2382 2235 2414 intervallis,

1275 2425 1483 2465 sesquimstavo
1496 2425 1653 2454 intervallo
1666 2445 1674 2458 ,
1688 2425 1867 2465 sesquitertia
1877 2426 1982 2454 omnia
1992 2423 2131 2464 explebat
2141 2443 2150 2457 ,
2161 2422 2235 2453 cum

1280 2468 1455 2507 particulam
1476 2466 1659 2507 singulorum
1678 2468 1871 2507 relinqueret.
1896 2467 1968 2506 Ejus
1977 2475 2076 2496 autem
2088 2465 2237 2505 particulae

1275 2509 1436 2539 intervallo
1455 2509 1576 2538 habebat
1587 2518 1742 2540 ,numerus
1751 2507 1785 2538 ad
1796 2518 1959 2538 numerum
1972 2507 2097 2538 eandem
2111 2516 2238 2547 propor-

1278 2553 1397 2582 tionem
1417 2571 1425 2585 ,
1446 2553 1764 2591 comparationemque
1784 2552 1816 2580 in
1835 2552 1978 2580 extremis
1991 2569 1998 2583 ,
2018 2559 2107 2590 quam
2127 2549 2237 2578 habent

1279 2595 1412 2624 CCLVI.
1431 2602 1501 2622 curn
1521 2594 1688 2622 CCXLIII.
1709 2602 1796 2633 atque
1815 2595 1855 2622 ita
1873 2591 2050 2632 permistum
2074 2591 2150 2620 illud
2166 2609 2173 2623 ,
2194 2598 2236 2619 ex

1277 2646 1338 2677 quo
1364 2637 1425 2665 haec
1445 2635 1536 2665 secuit
1557 2654 1565 2668 ,
1588 2635 1650 2674 jam
1677 2645 1771 2664 omne
1793 2634 2006 2664 consumseiat.
2043 2634 2131 2663 Hanc
2148 2633 2235 2673 igitur

1279 2687 1406 2708 omnem
1418 2675 1668 2716 conjumstionem
1683 2697 1691 2710 ,
1716 2676 1869 2716 duplicem
1880 2678 1912 2705 in
1923 2675 2143 2716 longitudinem
2156 2670 2236 2703 diffi-

1280 2720 1339 2750 dit:
1352 2719 1519 2759 mediaeque
1537 2718 1772 2748 accommodans
1784 2717 1916 2748 mediam
1935 2738 1943 2751 ,
1967 2715 2044 2757 quasi
2057 2713 2232 2746 decnffavit:

1279 2761 1391 2792 deinde
1412 2762 1443 2790 in
1454 2761 1560 2790 orbem
1573 2758 1671 2793 torsit,
1694 2769 1724 2790 ut
1737 2760 1956 2799 &ipsaesecum
1972 2780 1981 2793 ‚
2004 2759 2122 2788 &inter
2132 2755 2178 2788 se,
2197 2763 2236 2784 ex

1282 2801 1498 2836 commissura,
1521 2812 1587 2842 quae
1606 2803 1623 2831 ὲ
1644 2804 1764 2842 regione
1775 2800 1844 2831 effer
1858 2822 1866 2835 ,
1884 2803 2080 2842 jungerentur
2107 2809 2112 2826 ι
2140 2806 2236 2836 eoque

1279 2855 1366 2876 motu
1379 2865 1387 2878 ,
1398 2845 1483 2884 cujus
1495 2846 1579 2874 orbis
1591 2844 1708 2884 semper
1717 2845 1749 2873 in
1761 2844 1869 2873 eodem
1885 2852 1955 2875 erat,
1967 2843 2133 2878 eodemque
2142 2838 2237 2886 modo

1279 2888 1410 2917 ciebatur
1426 2907 1434 2920 ,
1455 2886 1588 2926 undique
1606 2885 1648 2915 est
1666 2896 1711 2915 eas
1727 2885 1958 2925 circumplexus.
1995 2885 2089 2921 Atque
2107 2882 2145 2910 ita
2163 2889 2235 2909 cum

1277 2930 1402 2959 alterum
1416 2927 1674 2958 effctexteriorem
1686 2928 1844 2966 amplexus
1854 2925 1958 2954 orbem
1972 2924 2090 2954 :ilium,
2102 2921 2237 2959 ejusdem

1280 2981 1389 3001 natura:
1410 2981 1416 3000 z
1444 2972 1541 3000 hunc,
1563 2970 1683 2999 alterius
1704 2969 1876 2998 nominavit
1897 2976 1902 2994 :
1924 2974 2069 3005 eamque,
2090 2974 2156 3004 quae
2180 2971 2239 2993 erat

1279 3013 1412 3052 ejusdem
1427 3032 1435 3045 ‚
1458 3010 1575 3041 detorsit
1594 3012 1608 3041 a
1620 3012 1707 3040 latere
1718 3012 1748 3039 in
1761 3010 1894 3039 dextram
1908 3017 2018 3046 partem
2034 3007 2128 3035 :hanc
2138 3013 2239 3035 autem

1278 3057 1414 3085 citimam
1428 3073 1435 3087 ,
1448 3054 1462 3084 {i
1474 3053 1572 3083 media
1583 3053 1659 3081 linea
1670 3051 1781 3080 direxit
1791 3050 1824 3080 ad
1839 3051 1964 3079 laevaim:
1982 3048 2027 3078 sed
2036 3048 2239 3087 principatum

1282 3096 1363 3128 dedit
1382 3096 1526 3136 superiori
1543 3115 1552 3129 ‚
1572 3103 1663 3136 quam
1683 3093 1776 3124 solam
1793 3092 1984 3123 individuam
2004 3090 2133 3130 reliquit.
2147 3090 2241 3135 ‘Inte-

2130 3138 2240 3160 riorem
