2297 3389
0 102 6 126 l

50 1594 114 1642 μ37

77 2421 115 2463 38
137 2420 248 2448 diutius
261 2420 351 2458 patiar
361 2428 462 2448 errare.
486 2421 568 2448 Nam
578 2438 587 2452 2
600 2417 621 2448 fi
631 2421 698 2458 quis
708 2418 821 2449 idcirco
831 2419 944 2460 aliquid
955 2418 991 2448 de
1000 2420 1092 2449 liber-

104 2664 105 2667 ’
136 2670 226 2697 etiam
236 2667 395 2708 aliquando
409 2669 532 2698 salutem
542 2676 609 2698 tum
620 2679 719 2698 meam
730 2688 737 2701 ‚
759 2678 823 2698 tum
836 2679 973 2699 meorum
988 2680 994 2699 ;
1012 2670 1090 2700 certe

568 162 875 218 OR'ATro
945 184 1079 215 PRo

145 255 255 290 servis,
275 262 360 296 atque
375 252 391 284 a
402 252 554 283 fervorum
569 249 695 283 ducibus
708 249 820 279 ccedern
834 248 897 279 fieri
907 250 1021 280 senams
1031 269 1039 282 ‚
1062 249 1094 279 δε

145 298 299 328 bonorum
309 316 318 330 ,
338 293 506 334 reipublicae
515 292 681 321 exitiosum
692 289 799 321 fuisset
824 293 913 320 Vinci
923 301 1023 321 autem
1038 293 1096 320 im-

144 340 257 380 probos
267 339 282 368 a
292 338 380 368 bonis
389 356 397 369 ‚
408 334 502 364 fatcor
511 331 598 363 fuifl'e
608 335 779 372 praeclarum
790 352 797 366 ,
810 332 829 362 s1
842 332 934 362 finem
945 342 1015 362 eum
1026 333 1096 361 vin-

143 381 232 412 cendi
249 379 401 410 viderem:
420 386 511 416 quem
527 373 663 414 profi-515
681 385 744 404 non
763 374 913 404 videbam.
937 375 999 404 Ubi
1012 375 1095 403 enim

146 421 250 463 praesto
267 418 367 450 fuifl‘et
385 420 462 448 milii
484 427 533 447 aut
547 426 606 446 tam
620 416 707 447 {ortis
721 417 825 447 consul
838 437 846 450 ‚
866 416 957 457 quim
977 417 1011 445 L.
1024 416 1096 453 Opi-

147 465 249 494 mius?
264 461 354 502 quam
365 463 396 490 C.
407 461 519 490 Marius
533 458 645 499 ?quam
657 461 691 488 L<
704 459 842 488 Flaccus?
853 459 959 498 quibus
969 456 1094 487 ducibus

146 503 302 544 improbos
319 504 411 532 civeis
429 501 594 541 respublica
619 503 692 531 vicit
710 502 848 530 armatis:
867 509 933 532 aut,
953 497 974 528 si
994 500 1096 528 minus

143 546 235 577 fortes
245 565 254 579 ‚
265 553 394 575 attamen
404 542 544 583 tamjusti
555 563 563 576 ‚
574 544 666 584 quam
677 544 833 574 PMucius
842 562 851 578 ,
861 543 912 583 qui
922 551 1002 572 arma
1010 561 1019 574 ,
1030 550 1096 581 quae

142 588 274 628 privatus
292 589 322 616 P.
332 588 432 626 Scipio
452 585 610 618 sumserat,
632 595 664 615 ea
678 606 685 619 ‚
707 587 757 615 Ti.
770 585 903 621 Graccho
922 585 1095 615 interemto,

137 630 202 668 jure
218 629 320 669 optimo
338 629 434 658 sumta
452 626 509 657 esse
529 626 688 658 defendit?
711 625 888 666 Essetigitur
896 624 1091 666 pugnandum

140 680 212 701 cum
223 670 404 700 consulibus.
428 671 506 700 nihil
516 668 646 709 amplius
656 669 724 699 dico
735 689 743 702 ,
766 667 821 698 nisi
833 667 909 697 illud
920 687 929 700 ‚
951 666 1096 695 Viaoiiae

141 711 248 742 nostrae
259 714 373 753 graveis
383 712 563 742 adversarios
573 720 685 751 paratos
698 722 703 740 z
722 710 861 740 interitus
872 708 973 737 nullos
984 707 1093 736 ultores

143 751 200 784 este
210 754 361 784 videbam.
386 754 475 793 Hisce
486 763 540 795 ego
550 753 670 783 auxiliis
678 752 777 781 salutis
791 759 866 779 meae
883 748 902 779 si
918 748 1030 780 idcirco
1042 748 1090 777 de-

141 795 206 829 fui,
221 798 291 836 quia
300 797 387 826 nolui
398 797 557 825 dimicare:
574 794 688 824 fatebor
699 812 708 825 ,
728 792 759 821 id
771 790 853 831 quod
863 793 907 821 vis
918 810 926 824 ,
940 800 1004 820 non
1014 790 1094 820 mihi

142 838 293 868 auxilium
305 858 312 870 ‚
335 837 385 868 sed
399 847 450 866 me
462 836 577 866 auxilio
589 832 722 864 defuifl'e.
745 831 896 862 sinautem
906 852 914 866 ,
940 841 1007 872 Qo
1025 841 1093 861 MA-

139 888 226 917 JORA
248 878 343 909 studia
351 881 384 908 in
395 879 603 909 mebonorum
613 874 736 905 fuerunt
744 895 753 908 ,
765 875 824 904 hoc
833 875 870 904 iis
881 876 975 915 tnagis
984 874 1094 903 consu-

141 921 267 951 lendum
278 942 287 954 ⁷
308 921 341 950 ἅτ
356 919 536 960 parcendum
550 919 667 956 putavi:
689 925 721 946 tu
739 916 769 946 id
780 918 811 945 in
821 926 869 946 me
890 915 1091 956 reprehendis,

140 962 222 1004 quod
233 962 419 1003 Q Metello
429 959 510 989 laudi
519 959 621 988 datum
632 957 674 988 est
683 978 691 991 ‚
704 958 854 998 hodieque
864 957 907 988 est
916 977 924 991 ,
937 957 969 988 δε
978 958 1094 997 semper

142 1006 198 1035 erit
207 1013 347 1033 maximae
356 1002 457 1043 gloriae
469 1004 479 1030 ?
489 1010 579 1041 quem
590 1020 598 1033 ,
611 1010 642 1029 ut
651 1009 736 1039 potes
745 1010 783 1035 ex
793 1000 899 1030 multis
908 999 1009 1031 audire
1019 1019 1026 1033 ‚
1040 1000 1094 1039 qui

139 1055 204 1076 tum
220 1043 386 1076 affuerunt,
404 1040 607 1073 invietiffimis
618 1043 689 1071 viris
700 1061 708 1075 ‚
729 1041 842 1071 constat
859 1042 948 1072 bonis
965 1039 1074 1072 ceffiss'e
1088 1051 1092 1069 z

140 1097 195 1118 nec
211 1083 299 1116 fuiffe
316 1085 444 1115 dubium
456 1105 464 1118 ‚
484 1086 558 1125 quin
579 1086 774 1113 contentione
785 1104 793 1116 ‚
815 1083 848 1113 &
859 1086 949 1114 armis
960 1083 1094 1122 superior

138 1126 232 1169 poffet
249 1126 317 1157 effe.
342 1129 419 1167 Ergo
431 1127 482 1156 ille
493 1125 564 1156 cum
574 1125 662 1161 suum
674 1146 681 1159 ‚
698 1135 761 1155 non
770 1124 841 1155 cum
853 1126 967 1156 senatus
978 1124 1092 1155 faCmm

136 1168 326 1200 defenderet:
347 1167 419 1198 cuin
430 1168 676 1207 perseverantiam
686 1167 924 1201 sententiaesuae,
944 1177 1010 1197 non
1019 1167 1093 1197 salu-

135 1219 199 1242 tern
209 1211 380 1251 reipublicae
390 1208 572 1240 retinuisset:
593 1213 602 1227 ¹
614 1218 714 1239 tamen
727 1209 767 1239 ob
781 1210 865 1239 illam
881 1208 1091 1241 constantiam,

135 1263 192 1293 qua
200 1252 276 1286 illud
285 1253 492 1282 voluntarium
502 1252 612 1287 vulnus
623 1252 734 1290 accepit
742 1270 751 1285 ‚
759 1249 936 1290 justiffimos
947 1253 1091 1280 omniurn

137 1295 331 1325 Metellorum
343 1314 351 1327 ‚
373 1294 406 1324 δε
419 1291 593 1323 clarissimos
611 1293 781 1332 triumphos
794 1293 897 1332 gloriae
914 1293 1000 1322 laude
1011 1293 1094 1333 [iape—

137 1338 238 1370 ravit,
257 1335 338 1376 quod
359 1335 392 1365 δε
411 1335 480 1365 illos
497 1335 578 1374 ipsos
596 1332 835 1373 improbissimos
851 1335 944 1363 civeis
964 1333 1093 1364 interfici

137 1379 256 1412 noluit,
271 1378 304 1407 &
314 1398 322 1410 ‚
337 1387 375 1406 ne
385 1377 561 1417 quis-bonus
571 1377 704 1405 interiret
713 1377 746 1404 in
758 1375 860 1405 eadem
870 1375 950 1405 caede
960 1395 968 1408 ,
990 1377 1093 1414 provi-

138 1419 200 1449 dit:
217 1429 273 1460 ego
282 1438 291 1452 ‚
307 1421 394 1448 tantis
404 1418 545 1457 periculis
553 1414 710 1456 propositis
720 1435 728 1450 ,
743 1426 813 1446 cuni
824 1436 832 1450 ,
848 1415 869 1446 si
879 1416 977 1447 visitis
987 1415 1091 1450 ess‘em,

134 1462 274 1491 interitus
283 1460 454 1500 reipublicae
467 1469 472 1488 :
485 1457 505 1488 si
517 1456 653 1488 viciffein
664 1478 673 1492 ,
685 1457 805 1488 infinita
814 1458 970 1489 dimicatio
978 1468 1093 1498 parare-

135 1511 202 1533 tur:
223 1504 448 1532 committerem
461 1520 470 1535 ,
492 1508 523 1530 ut
533 1500 615 1530 idem
626 1500 758 1539 perditor
767 1500 936 1539 reipublicae
948 1502 1093 1531 nomina-

135 1553 181 1573 rer
199 1564 208 1577 ,
239 1546 292 1584 qui
311 1544 440 1573 servator
457 1541 604 1572 fuiss'em?
627 1544 759 1572 Mortem
781 1552 832 1571 me
850 1540 982 1572 timuiss'e
1000 1542 1087 1573 dicis.

135 1587 198 1626 Ego
216 1584 289 1615 verb
308 1594 356 1620 ,NE
372 1593 695 1620 lMMORTAerATEM
717 1583 841 1624 quidem
855 1592 957 1616 contra
971 1593 1093 1624 rempu-

135 1627 244 1664 blicam
258 1626 464 1666 accipiendam
473 1634 608 1666 putarem
620 1645 629 1658 ,
649 1625 763 1659 nedum
774 1627 870 1655 emori
880 1635 949 1656 cum
961 1627 1093 1665 pernicie

133 1669 304 1708 reipublicae
315 1669 440 1699 vellem.
464 1677 554 1703 namss,
574 1669 627 1708 qui
644 1671 658 1686 2
668 1676 723 1707 pro
737 1667 890 1707 republicav
899 1666 993 1699 vitam
1006 1667 1092 1709 dedi-

134 1709 337 1749 deruntllicet
347 1719 398 1740 me
406 1709 534 1749 desipere
542 1709 660 1748 dicatis)
675 1719 845 1749 numquam
857 1709 1029 1740 mehercule
1039 1719 1092 1740 eos

135 1761 269 1789 mortem
285 1750 386 1792 potius
396 1772 405 1786 ,
423 1754 515 1792 quam
528 1751 786 1781 immortalitatem
800 1749 968 1792 affequutos
978 1750 1091 1791 putavi.

136 1797 199 1834 Ego
208 1793 280 1824 vero
292 1814 301 1828 ‚
320 1792 341 1823 fi
351 1803 416 1824 tum
427 1794 553 1824 illorum
573 1795 740 1833 impiorum
756 1791 835 1823 ferro
846 1813 855 1827 ,
874 1803 906 1826 ac
916 1803 1091 1825 manucon-

137 1834 274 1873 cidiffem
285 1856 294 1870 ‚
315 1837 349 1865 in
361 1845 539 1876 perpetuum
553 1835 714 1875 respublica
726 1836 815 1865 civile
828 1833 998 1874 praefidium
1015 1835 1093 1865 salu--v

136 1878 174 1907 tis
189 1877 246 1907 suae
261 1876 443 1917 perdidiss'et.
467 1879 551 1919 Qin
568 1886 658 1907 etiam
670 1897 678 1911 ‚
696 1875 717 1906 si
733 1887 783 1906 me
801 1879 846 1906 vis
863 1878 963 1917 aliqua
977 1876 1089 1910 morbi,

135 1927 185 1949 aut
199 1926 301 1948 natura
313 1919 373 1958 ipsa
384 1917 602 1949 consumfiffet:
626 1928 727 1949 tamen
737 1919 849 1949 auxilia
857 1918 1039 1958 posteritatis
1047 1918 1093 1949 es-v

135 1961 202 1991 sent
211 1962 374 1990 imminuta
386 1980 394 1994 ‚
414 1959 496 2000 quod
505 1969 676 2000 peremtum
686 1959 757 1991 esset
768 1970 835 1989 mea
844 1958 946 1992 m'orte
957 1960 986 1991 id
1000 1971 1094 1991 exem-

132 2001 216 2044 plum
225 2021 233 2035 ‚
249 2002 346 2042 qualis
359 2000 475 2031 futurus
490 2003 522 2031 in
534 2011 584 2031 me
597 2002 758 2032 retinendo
771 1999 1002 2032 fuissetsenatus
1011 2021 1020 2034 2
1035 2012 1095 2042 po-.

136 2044 280 2084 pulusque
290 2045 459 2073 Romanus.
482 2045 532 2073 An
542 2063 550 2076 ‚
572 2041 593 2072 fi
602 2043 748 2083 'umquam
762 2045 795 2072 in
809 2052 860 2072 me
868 2044 938 2073 vitae
948 2042 1097 2082 cupiditas.

135 2083 248 2118 ruisset,
260 2095 316 2125 ego
327 2085 429 2115 mense
438 2083 601 2115 Decembri
612 2087 674 2114 mei
684 2084 866 2117 consulatus,
876 2086 1017 2116 omnium
1029 2094 1094 2124 par·

136 2126 298 2166 ricidarum
310 2127 367 2156 tela
377 2124 600 2157 commossem?
618 2137 684 2167 quae
695 2145 704 2160 ‚
724 2125 744 2155 si
758 2127 866 2167 viginti
876 2125 1006 2166 quieffi’m
1017 2126 1091 2159 dies,

140 2171 154 2195 3
164 2169 196 2197 in
209 2168 340 2198 aliorum
355 2169 489 2210 vigiliam
499 2168 660 2198 consulum
671 2167 851 2198 recidiss'ent.
874 2168 1091 2208 Qamobrem‚
1112 2175 1113 2203 j

135 2207 236 2240 firvitae
249 2210 395 2249 cupiditas
405 2220 507 2240 contra
517 2210 732 2250 rempublicam
743 2209 785 2240 est
795 2210 889 2250 turpis
898 2230 907 2243 ,
923 2210 998 2240 certe
1012 2210 1092 2239 mul·
1112 2210 1114 2221 ¹

134 2259 168 2281 to
183 2253 291 2281 mortis
302 2251 447 2291 cupiditas
461 2262 528 2281 mea
540 2254 655 2291 turpior
667 2250 768 2281 fuiss‘et
780 2262 851 2282 cum
870 2253 1003 2290 pernicie
1016 2253 1092 2282 civi·
1112 2222 1114 2311 l

134 2293 215 2323 tatis.
239 2295 321 2323 Nam
335 2292 417 2333 quod
431 2302 458 2323 te
474 2295 507 2322 in
518 2294 671 2332 republica
684 2294 813 2324 liberum
827 2293 884 2324 esse
894 2294 1038 2334 gloriatus
1048 2303 1092 2327 es,
1112 2313 1113 2331 ;

134 2333 167 2365 id
178 2345 232 2376 ego
243 2334 378 2365 &fateor
387 2355 395 2368 ,
418 2334 451 2364 &
461 2335 544 2365 laetor
554 2354 562 2368 ,
584 2335 617 2364 ὃς
639 2335 695 2365 tibi
714 2337 803 2365 etiam
819 2337 851 2365 in
872 2337 930 2365 hoc
951 2336 1090 2377 gratulor.

136 2375 218 2417 quod
227 2386 278 2406 me
287 2385 386 2406 autem
397 2376 508 2418 negasti
518 2388 528 2410 3
539 2378 572 2406 in
583 2386 618 2406 eo
629 2386 726 2417 neque
736 2385 765 2406 te
777 2397 785 2411 ,
802 2387 896 2417 neque
907 2387 1089 2417 quemquam

136 2468 193 2490 tate
203 2469 270 2490 mea
279 2459 472 2490 deminutum
482 2469 563 2500 putat
572 2480 580 2494 ,
595 2460 677 2501 quod
687 2470 751 2490 non
762 2461 797 2490 ab
808 2461 952 2491 omnibus
962 2461 1087 2495 eisdem,

136 2501 152 2531 {i
163 2502 271 2542 quibus
280 2510 364 2532 antea
374 2502 478 2532 solitus
489 2502 556 2532 sum
566 2501 718 2532 diffentire
727 2522 736 2536 ‚
746 2501 916 2533 dissentiam
926 2514 931 2531 :
943 2503 1090 2542 primum,

136 2541 157 2572 si
173 2545 246 2573 bene
263 2543 300 2573 de
315 2553 365 2573 me
381 2545 495 2574 meritis
507 2552 624 2585 gratum
639 2554 688 2573 me
701 2545 818 2584 praebeo
831 2565 838 2578 ,
858 2555 924 2574 non
933 2544 1034 2574 desino
1043 2547 1092 2575 in·
1111 2557 1113 2569 r

136 2594 250 2614 currere
262 2586 295 2614 in
305 2586 420 2615 crimen
430 2586 565 2615 hominis
576 2585 711 2615 nimium
724 2588 868 2615 memoris
879 2606 886 2619 ‚
897 2587 1092 2627 nimiumque

139 2628 224 2667 grati.
247 2624 290 2656 sin
306 2635 405 2656 autem
422 2626 481 2656 fine
499 2627 563 2656 ullo
579 2627 750 2667 reipublicae
763 2628 926 2657 detrimenta
937 2648 946 2661 ‚
966 2629 1091 2668 respicio

137 2719 203 2739 non
217 2710 312 2739 modo
326 2719 390 2739 non
403 2710 470 2739 sum
483 2710 742 2749 reprehendendus
753 2731 761 2744 ‚
781 2711 829 2740 sed
843 2713 933 2740 etiam
945 2731 952 2744 ‚
972 2710 992 2740 fi
1007 2721 1090 2741 ruere

136 2751 249 2781 vellem
258 2771 267 2785 ‚
279 2751 353 2781 boni
364 2752 421 2781 viri
431 2761 490 2785 me,
503 2761 535 2782 ut
544 2751 574 2781 id
584 2762 623 2782 ne
631 2751 760 2783 facerem
771 2773 780 2786 ‚
792 2762 937 2794 rogarent.
961 2763 1006 2782 res
1016 2752 1088 2783 vero
1106 2773 1111 2792 A

143 2849 228 2857 r——-
827 2855 842 2857 -

1149 170 1266 217 CN.
1319 172 1675 223 Pir-Asicio.
2015 159 2108 237 49¹

1142 250 1326 289 ipsapublica
1337 273 1346 285 ‚
1365 251 1385 282 si
1396 250 1712 295 loquipoffebagetet
1733 263 1856 284 mecum
1868 272 1876 286 ‚
1889 261 1944 286 ut,
1963 255 2111 294 quoniam

1142 291 1192 321 sibi
1205 292 1355 323 serviffcm
1375 295 1509 335 semper,
1531 305 1696 335 numquam
1715 297 1811 325 mihi:
1828 294 2055 325 fi·u&tisaut01n
2067 304 2108 325 cx

1142 333 1200 363 sese
1219 344 1302 368 non,
1328 345 1360 366 ut
1380 335 1557 376 oportuisset
1572 356 1580 369 ,
1608 338 1711 371 Ianos,
1733 338 1765 367 &
1786 338 1907 371 uberem
1931 337 1978 367 sed
1999 346 2107 377 magna

1141 374 1294 405 acerbitate
1306 381 1474 416 permixtos
1485 377 1614 409 tulissem
1629 389 1634 408 :
1648 380 1751 419 utjam
1763 380 1841 417 mihi
1853 380 1993 410 servirem
2005 398 2014 412 ,
2027 387 2106 407 con-

1141 416 1268 445 sulerem
1282 420 1374 448 meis:
1394 420 1422 449 se
1434 431 1498 450 non
1510 419 1605 450 modo
1622 421 1688 450 satis
1701 421 1808 451 habere
1826 421 1841 451 a
1858 431 1908 451 me
1919 441 1928 454 ,
1949 420 1998 451 sed
2011 421 2103 451 etiam

1142 458 1254 490 vereri,
1277 469 1313 502 ne
1322 470 1428 499 parurn
1439 463 1517 497 mihi
1527 472 1580 501 pro
1592 472 1646 495 eo,
1667 462 1772 504 4quod
1780 473 1848 502 tum
1864 462 1880 493 a
1900 473 1948 492 me
1966 462 2096 493 haberet,

1141 497 1323 544 reddidisset.
1347 502 1427 541 Qid
1439 523 1446 535 ‚
1459 502 1478 531 si
1490 505 1598 533 horum
1609 514 1664 544 ego
1675 505 1884 546 nihilcogito?
1895 505 1927 534 ὃς
1937 504 2020 534 idem
2031 503 2100 534 sum

1142 549 1176 569 in
1186 539 1356 579 republica,
1378 544 1430 582 qui
1447 543 1491 574 fui
1509 545 1644 584 semper?
1664 555 1804 577 tamenne
1818 556 1852 576 tu
1868 547 2035 576 libertatem
2051 554 2100 575 re-

1140 583 1238 622 quires
1256 585 1378 612 meam?
1394 594 1485 623 quam
1503 594 1534 614 tu
1550 589 1640 625 ponis
1657 589 1689 617 in
1709 599 1764 622 eo,
1790 587 1811 617 si
1829 589 1944 628 semper
1959 598 2030 617 cum
2048 588 2099 620 iis,

1138 623 1317 663 quibuscum
1335 625 1497 665 aliquando
1516 628 1730 659 contendimus
1750 650 1757 662 ‚
1786 631 1981 671 depugnemus.
2015 627 2098 670 quod

1138 663 1180 694 est
1191 665 1280 705 longe
1292 666 1394 696 secus:
1406 670 1485 697 Stare
1500 670 1582 697 enirn
1600 679 1706 699 omnes
1721 671 1866 701 debemus
1878 692 1886 705 ‚
1910 680 2052 711 tanquam
2065 673 2099 699 in

1136 706 1208 736 orbe
1218 707 1319 748 aliquo
1331 709 1502 748 reipublicae
1515 730 1522 741 ‚
1545 711 1597 749 qui
1609 714 1755 750 quoniam
1773 715 1901 743 versetur
1912 734 1919 746 ‚
1944 724 2009 743 earn
2021 713 2100 742 deli-

1135 758 1202 788 gere
1211 758 1324 788 partem
1335 771 1343 783 ‚
1364 750 1399 780 ad
1410 760 1500 791 quam
1513 761 1567 780 nos
1580 751 1661 781 illius
1673 754 1781 783 utilitas
1792 774 1800 787 ,5
1821 755 1953 795 salusque
1963 765 2098 785 conver-

1136 798 1212 820 terit.

1135 832 1263 865 ducem,
1283 832 1472 864 defensorem
1489 835 1588 864 salutis
1605 845 1679 865 mea:
1696 836 1780 873 (nam
1797 838 1857 866 haec
1875 841 2014 876 pris-ium
2032 837 2094 868 fur-

1137 872 1205 904 tasse
1220 872 1396 906 officiorum
1413 879 1592 906 memoriam
1605 898 1612 910 ,
1635 877 1668 907 ἃς
1677 880 1799 918 gratiam
1811 881 1957 919 quaerunt‘)
1969 880 2016 909 sed
2027 880 2096 914 dico

1137 917 1194 945 hoc
1213 935 1222 949 ‚
1246 917 1329 956 quod
1347 918 1381 948 ad
1403 918 1527 948 salutem
1547 919 1813 958 i·eipubl.pertinet
1836 930 1840 947 z
1870 931 1923 965 ego
1942 931 2011 950 euni
2034 932 2098 960 izi-213

1137 967 1234 990 tuear,
1246 968 1337 998 quem
1346 970 1454 990 omnes
1465 963 1497 989 in
1508 961 1660 1000 republica
1669 963 1836 1000 principem
1848 960 1904 991 elie
1916 963 2100 993 concedunt?

1137 1009 1192 1040 ego
1203 1002 1235 1029 C.
1247 1001 1367 1031 Caesaris
1384 1001 1522 1031 laudibus
1542 1001 1632 1031 desini
1647 1023 1654 1035 ,
1677 1013 1746 1043 quas
1765 1002 1899 1043 primum
1918 1005 2022 1043 populi
2035 1007 2102 1033 Ro-

1137 1043 1220 1071 mani
1231 1051 1313 1071 nunc
1332 1045 1422 1073 etiam
1440 1044 1555 1073 senatus
1567 1063 1575 1077 ‚
1596 1047 1644 1074 cui
1659 1054 1708 1074 me
1730 1045 1845 1084 semper
1861 1045 1983 1079 addixi,
2006 1047 2099 1084 pitui-v

1139 1084 1221 1116 mis,
1246 1093 1334 1124 atque
1354 1084 1543 1125 ampliffimis
1560 1086 1682 1125 judiciis
1701 1087 1820 1116 videam
1841 1085 1900 1116 effe
1918 1087 2099 1119 celebritas:

1137 1127 1220 1155 Tum
1237 1126 1359 1156 hercule
1379 1137 1428 1156 me
1444 1125 1589 1157 confitear
1602 1128 1823 1166 nonjudicium
1835 1128 1958 1168 aliquod
1967 1128 2099 1158 habuisse

1135 1166 1171 1196 de
1182 1167 1294 1207 reipub.
1306 1168 1431 1199 utilitate
1440 1189 1448 1202 ‚
1461 1169 1509 1198 sed
1521 1169 1698 1199 hominibus
1709 1172 1842 1200 amicum
1853 1190 1861 1202 ,
1873 1180 1922 1200 aut
1932 1172 2098 1200 inimicum

1135 1207 1232 1240 fuiss‘e.
1265 1212 1313 1239 An
1325 1229 1334 1243 ‚
1353 1209 1424 1241 cum
1442 1210 1561 1240 videam
1581 1221 1689 1241 navem
1707 1212 1843 1242 secundis
1862 1214 1962 1242 ventis
1976 1212 2097 1241 cursum

1136 1259 1289 1281 tenentem
1300 1252 1388 1281 suum
1399 1271 1407 1286 ,
1430 1251 1450 1282 si
1468 1262 1532 1282 non
1551 1263 1584 1283 ea
1600 1263 1671 1282 eum
1686 1263 1762 1293 petat
1774 1263 1896 1293 porrum
1907 1274 1914 1287 ‚
1936 1263 2026 1294 quem
2043 1264 2099 1294 ego

1134 1292 1296 1332 aliquando
1314 1293 1462 1333 probavi,
1485 1294 1534 1324 sed
1555 1295 1649 1328 alium
1668 1305 1731 1324 non
1751 1297 1854 1327 minus
1871 1304 1971 1331 tutum
1983 1315 1992 1329 ‚
2013 1304 2102 1335 atquc

1135 1335 1332 1374 tranquillum
1352 1346 1357 1364 ;
1380 1345 1451 1365 cum
1472 1334 1779 1376 tempestate-puonem·
1797 1336 1964 1376 periculose
1983 1339 2099 1376 potius„

1134 1374 1225 1415 quain
1235 1376 1282 1405 illi
1295 1397 1303 1410 ,
1314 1377 1404 1409 salute,
1412 1378 1575 1417 praesertim
1585 1361 1731 1418 proposita
1740 1399 1747 1411 ‚
1761 1379 1969 1418 obtemperem
1982 1398 1989 1411 ‚
2004 1378 2036 1408 ὃς
2046 1388 2097 1418 pa-

1133 1421 1233 1447 ream?
1257 1421 1382 1457 NEQE
1396 1429 1487 1449 emm
1506 1419 1703 1450 inconstantis
1713 1430 1787 1459 puto
1797 1440 1805 1454 ,
1820 1421 1998 1450 sententiam
2012 1440 2020 1453 ‚
2033 1428 2100 1449 tari-

1134 1469 1225 1499 quam
1238 1459 1361 1500 aliquod
1376 1463 1532 1503 navigium
1543 1480 1551 1494 ‚
1572 1470 1658 1502 atque
1669 1462 1788 1492 cursum
1801 1482 1809 1496 ‚
1829 1472 1865 1491 ex
1879 1458 2006 1501 reipubl.
2020 1469 2099 1491 tem-

1133 1500 1242 1540 pestate
1260 1501 1420 1532 moderari.
1451 1505 1516 1543 Ego
1534 1502 1607 1533 vero
1628 1505 1691 1534 haec
1709 1503 1825 1536 didici,
1847 1504 1910 1533 haec
1928 1502 2013 1535 vidi,
2035 1503 2100 1535 haec

1136 1543 1241 1582 scripta
1254 1543 1330 1584 legi:
1348 1544 1412 1574 haec
1425 1543 1462 1573 de
1477 1543 1713 1584 sapientiffimis,
1735 1543 1941 1575 &clariffimis
1950 1546 2023 1574 viris
2035 1564 2043 1577 ,
2066 1545 2100 1575 Sc

1135 1586 1167 1615 in
1178 1585 1232 1614 hac
1241 1585 1345 1625 repub.
1359 1585 1392 1615 &
1401 1587 1435 1615 in
1447 1586 1514 1616 aliis
1525 1587 1698 1616 civitatibus
1716 1590 1729 1619 ἵ
1731 1595 1940 1616 monumenta
1950 1586 2038 1616 nobis
2051 1585 2100 1616 lit-

1135 1635 1202 1656 terae
1214 1626 1432 1666 prodiderunt:
1444 1637 1524 1659 NON
1545 1637 1676 1661 SEMPER
1688 1628 1812 1660 ,easdem
1826 1628 1986 1665 sententias
1999 1627 2036 1661 ab
2047 1628 2102 1658 iis-

1135 1667 1223 1701 dem,
1242 1669 1310 1702 sed,
1332 1669 1533 1710 quascumque
1541 1669 1760 1709 'reipubastatus
1772 1690 1780 1704 ,
1801 1670 1962 1700 inclinatio
1975 1678 2101 1708 tempov

1135 1720 1222 1743 rum„
1243 1711 1496 1742 ratioconcordiae
1506 1710 1687 1751 postularet,
1709 1710 1768 1741 effe
1781 1710 1995 1748 defendendas.
2017 1711 2099 1751 quod

1135 1761 1190 1792 ego
1202 1751 1321 1784 &facio
1330 1772 1343 1786 2
1356 1751 1521 1786 Laterenfis
1531 1753 1586 1787 ,·&
1596 1753 1712 1793 semper
1721 1752 1829 1789 faciam
1841 1763 1846 1781 2
1863 1753 2098 1793 libertatemque,

1135 1803 1225 1834 quam
1237 1796 1279 1826 *in
1298 1804 1351 1835 ‹me
1371 1794 1495 1835 requiris
1506 1808 1524 1828 ,¹
1535 1804 1626 1835 quam
1644 1804 1700 1835 ego
1719 1805 1816 1836 neque
1829 1793 1930 1831 dimisi
1943 1804 2100 1835 umquam,

1136 1845 1235 1876 neque
1245 1835 1398 1866 dimittam
1411 1856 1419 1869 ‚
1442 1846 1507 1866 non
1520 1839 1553 1866 in
1565 1837 1728 1876 pertinacia
1739 1856 1748 1870 ,
1769 1836 1817 1866 scd
1836 1838 1869 1866 in
1888 1835 2016 1876 quadam
2030 1846 2102 1874 moss

1112 1890 1113 1896 ¹
1133 1876 1288 1909 deratione
1298 1876 1424 1917 positam
1434 1878 1557 1917 putabo.
1578 1880 1671 1912 Nunc
1681 1879 1773 1910 venio
1783 1877 1819 1907 ad
1828 1877 1904 1907 illud
1914 1886 2099 1916 extremum,

1133 1918 1214 1959 quod
1231 1918 1335 1949 dixisti
1345 1939 1353 1953 ‚
1373 1919 1449 1950 dum
1459 1920 1572 1950 Plancii
1584 1921 1618 1949 in
1634 1929 1683 1949 me
1699 1921 1845 1949 meritum
1856 1920 1955 1952 verbis
1965 1919 2096 1949 extolle-

1133 1970 1262 1993 rem‚me
1270 1970 1368 1992 arcem
1377 1960 1471 1991 facere
1482 1971 1522 1991 ex
1532 1960 1834 2001 cloaca‚lapidemque
1843 1960 1859 1990 ὲ
1871 1960 2027 2001 sepulchro
2041 1971 2096 1990 ve-

1135 2004 1230 2032 nerari
1239 2011 1294 2041 pro
1305 2001 1374 2034 deo.
1387 2012 1484 2042 neque
1494 2004 1579 2032 enim
1588 2003 1667 2032 milii
1678 2000 1852 2039 insidiarum
1863 2003 2032 2041 periculum
2052 2002 2102 2040 ul-

1135 2043 1220 2076 lum,
1241 2053 1338 2083 neque
1353 2047 1459 2073 mortis
1473 2042 1571 2073 fuisse.
1595 2045 1688 2083 Cujus
1705 2053 1763 2084 ego,
1780 2045 1927 2083 temporis
1946 2045 2097 2074 rationem

1135 2084 1292 2124 explicabo
1309 2080 1420 2117 brevi,
1432 2095 1539 2126 neque
1557 2087 1682 2116 invitus.
1705 2086 1785 2115 nihil
1803 2088 1887 2115 enim
1905 2095 1943 2115 ex
1961 2087 2038 2115 meis
2055 2084 2100 2116 est

1135 2126 1343 2166 temporibus,
1364 2126 1447 2166 quod
1469 2126 1574 2157 minus
1591 2136 1780 2168 pervagatum
1800 2147 1808 2161 ‚
1831 2127 1973 2168 quodque
1991 2125 2098 2157 minus

1135 2178 1184 2198 aut
1204 2178 1272 2198 mea
1288 2170 1583 2198 commemoratione
1597 2169 1779 2199 celebratum
1790 2167 1841 2203 sit,
1861 2178 1910 2199 aut
1921 2169 2102 2199 hominibus

1136 2209 1273 2240 auditum
1284 2229 1292 2243 ‚
1305 2218 1393 2250 atque
1405 2219 1524 2240 notum.
1549 2213 1613 2251 Ego
1624 2213 1708 2242 enim
1719 2231 1727 2244 ,
1743 2210 1908 2241 Laterensis
1918 2231 1927 2244 ‚
1943 2221 1980 2240 ex
1989 2211 2044 2240 illo
2055 2211 2101 2239 in-

1135 2251 1224 2282 cendio
1235 2252 1337 2292 legum
1346 2271 1354 2284 ,
1372 2253 1449 2291 juris
1462 2272 1469 2285 ,
1485 2252 1601 2282 senatus
1612 2272 1620 2286 ,
1633 2253 1790 2284 bonorum
1800 2255 1943 2283 omnium
1955 2273 1962 2286 ‚
1973 2252 2097 2285 cedens,

1134 2293 1207 2323 cum
1225 2303 1293 2323 mea
1310 2293 1423 2323 domus
1442 2293 1546 2324 ardore
1566 2292 1618 2324 suo
1638 2294 1881 2336 deflagrationem
1901 2295 1988 2327 urbi,
2008 2303 2098 2335 atque

1133 2336 1225 2365 Italiae
1237 2337 1294 2365 toti
1305 2337 1485 2368 minaretur,
1505 2334 1560 2365 nisi
1569 2335 1746 2376 quievissem
1760 2346 1765 2366 ⁴.
1782 2337 1917 2367 Siciliam
1928 2338 2018 2376 petivi
2029 2338 2095 2366 ani—-

1135 2387 1188 2406 mo
1199 2397 1207 2409 ‚
1230 2387 1295 2417 quae
1306 2377 1410 2417 &ipsa
1421 2386 1480 2407 erat
1490 2378 1588 2412 mihi,
1613 2376 1683 2408 sicut
1701 2378 1811 2408 domus
1825 2389 1883 2409 una
1893 2399 1902 2412 ,
1923 2377 2095 2419 conjunes'ta:

1135 2419 1168 2449 δε
1179 2419 1371 2449 obtinebatur
1386 2417 1428 2449 Ga
1444 2422 1475 2450 C.
1487 2421 1635 2460 Virgilio:
1655 2431 1805 2461 quo-cum
1827 2431 1876 2451 me
1894 2431 1955 2451 uno
1968 2421 2016 2450 vel
2033 2429 2098 2450 ma-

1134 2460 1219 2491 xime
1232 2461 1304 2491 cum
1315 2460 1428 2492 vetusta
1439 2463 1570 2492 amicitia
1581 2483 1589 2496 ‚
1610 2471 1674 2492 tum
1686 2465 1747 2492 mei
1756 2462 1850 2493 fratris
1869 2463 2011 2503 collegia,
2030 2471 2097 2492 tum

1135 2504 1206 2543 resp.
1235 2503 1364 2534 sociarat.
1398 2503 1475 2533 Vide
1500 2514 1582 2534 nunc
1604 2505 1753 2544 caliginem
1775 2512 1928 2545 temporum
1956 2504 2092 2534 illorum.

1137 2544 1216 2575 Cum
1228 2545 1289 2586 ipsa
1299 2545 1383 2585 paene
1395 2546 1580 2575 insulamihi
1597 2547 1655 2576 sese
1672 2546 1794 2576 obviam
1809 2546 2000 2576 ferreveuet:
2021 2555 2099 2585 prae·

1136 2596 1182 2617 tor
1197 2587 1251 2617 ille
1265 2588 1398 2627 ejusdem
1412 2587 1524 2617 tribuni
1540 2588 1618 2627 pleb.
1629 2588 1829 2617 concionibus
1838 2596 1958 2627 propter
1967 2587 2095 2620 eandem

1136 2629 1252 2669 reipub.
1264 2630 1380 2659 causam
1394 2629 1466 2668 saepe
1478 2638 1600 2659 vexatus
1614 2649 1622 2662 ,
1643 2629 1720 2658 nihil
1730 2630 1857 2668 amplius
1869 2629 1937 2659 dico
1949 2650 1957 2663 ‚
1977 2627 2032 2659 nisi
2047 2640 2097 2660 me

1138 2673 1170 2700 in
1181 2671 1313 2701 Siciliain
1331 2673 1434 2700 venire
1457 2670 1565 2700 noluit.
1588 2670 1670 2711 Qid
1690 2670 1812 2700 dicam?
1832 2671 2022 2712 C.Virgilio‚
2046 2672 2097 2702 tali

1137 2713 1197 2742 civi
1212 2732 1219 2745 ‚
1234 2713 1266 2741 ὃς
1278 2714 1342 2741 viro
1352 2732 1360 2745 ‚
1382 2712 1620 2741 benivolentiam
1632 2722 1663 2740 in
1675 2722 1724 2741 me
1736 2732 1744 2746 ,
1765 2714 1945 2742 memoriam
1955 2723 2057 2742 comm
2064 2724 2100 2743 u-

1137 2755 1226 2782 nium
1245 2763 1417 2793 temporum
1429 2774 1436 2788 ‚
1459 2756 1599 2794 pietatem
1611 2773 1618 2787 2
1634 2754 1850 2784 humanitatem
1862 2774 1870 2787 2
1884 2753 1975 2784 fidem
1987 2754 2098 2785 defuis-

1963 2796 1991 2826 se
2004 2799 2014 2825 ?
2025 2801 2034 2816 ¹
2049 2798 2099 2826 ni-

179 2886 203 2903 1„
221 2879 304 2903 ‘Tamen
314 2880 339 2904 oh
347 2881 410 2904 illam
421 2881 571 2912 constantiam
582 2889 629 2914 qua
638 2881 704 2911 illud,
717 2880 785 2913 35]
811 2880 876 2905 i’ull.
888 2880 915 2905 5.
927 2878 999 2905 Visst.
1013 2880 1093 2905 Grut.

138 2919 220 2938 tamen
229 2915 253 2939 ob
262 2916 325 2939 illam
335 2924 377 2949 quo
385 2916 508 2946 iund‚&c.
528 2915 619 2942 omissa
632 2925 695 2941 voce
706 2918 859 2948 constantiam
891 2914 932 2940 scd
944 2924 991 2940 nec
1001 2915 1095 2940 liabent

141 2947 322 2976 edd.vett.lioc
332 2950 399 2977 loco.
410 2950 490 2976 iidem
501 2959 589 2978 tamen
600 2951 730 2978 collocant
741 2950 822 2982 infra,
836 2953 979 2977 Mtrcllorttm
990 2954 1096 2985 conflua-

143 2986 204 3009 tjam
214 2993 242 3014 0·
252 2987 380 3019 clariffimos
390 2989 529 3019 triumphos,
541 2987 675 3022 quomodo
685 2995 772 3014 tamen
786 2988 852 3013 nulli
865 2987 920 3013 inis.
933 2987 1024 3013 nostri.

1140 2879 1250 2905 :illusum
1262 2888 1326 2916 puto
1337 2880 1367 2906 ad
1381 2879 1490 2906 obsessos
1504 2899 1510 2910 ‚
1531 2879 1562 2905 ad
1573 2880 1638 2906 alios
1652 2900 1660 2911 ,
1681 2879 1775 2914 quibus
1788 2889 1827 2905 res
1839 2880 1873 2906 cst
1894 2889 1953 2905 cuni
1965 2879 2045 2905 lic-stc.
2066 2880 2097 2905 iis

1121 2929 1123 2938 ›
1143 2925 1212 2942 euim
1227 2926 1278 2942 uox
1292 2926 1400 2951 qumque
1420 2915 1502 2942 dixisti
1513 2916 1539 2941 in
1553 2916 1654 2951 vigilias
1665 2923 1778 2950 quatuor
1791 2925 1798 2947 5
1818 2915 1911 2951 quibus
1924 2916 2029 2951 lingulis
2042 2925 2101 2941 niu-

1145 2952 1268 2978 tzibaiitui·
1280 2953 1460 2978 excubitores.

1179 2996 1206 3020 4.
1224 2990 1346 3014 ‘blastum
1356 2989 1371 3013 ὰ
1383 2998 1415 3013 me
1425 2989 1544 3022 habt-ren]
1569 2987 1731 3014 Gulielmius
1742 2997 1793 3014 uon
1805 2987 1914 3014 ubliird'e
1928 3007 1935 3019 ,
1957 2989 2100 3021 qnodormm

182 3027 209 3043 2.
229 3023 275 3045 Pro
285 3029 332 3053 rep.
345 3025 423 3047 vitam
434 3023 595 3056 dedfflrruntsl
616 3023 726 3050 Necesse
737 3023 814 3049 liubui
825 3023 891 3050 istud
908 3024 1022 3058 recipere
1036 3043 1043 3055 ‚
1054 3023 1099 3048 ab·
1142 3023 1157 3048 ix
1169 3034 1201 3048 me
1212 3025 1268 3048 Ιωύ.

140 3053 214 3086 jcfiiso
225 3056 371 3082 reddiderunt
384 3076 392 3088 ,
409 3057 479 3093 quod
500 3055 606 3085 restaret
617 3059 642 3085 iii
653 3059 814 3086 editionibus
828 3059 1011 3085 vetustioribus
1025 3079 1032 3091 =
1052 3058 1099 3084 fir-

147 3097 283 3124 maretque
296 3099 352 3118 tota
360 3093 453 3119 cohors
464 3094 583 3121 codicum
595 3095 664 3121 Pali.
675 3096 739 3121 item
752 3097 778 3120 S.
790 3096 863 3122 vict.
874 3096 900 3120 ὃ(
913 3096 994 3121 (jrut.

181 3133 207 3160 3.
224 3129 253 3151 ln
263 3128 361 3152 aliorum
370 3131 478 3162 vigiliam
488 3132 602 3163 consulum
612 3132 769 3165 randifium]
782 3131 884 3157 Invitus
898 3132 924 3157 ὃ(
937 3131 993 3156 heic
1003 3138 1097 3157 extur-

141 3159 199 3201 bari
213 3161 471 3201 vulgatuni,jugulnm
482 3184 490 3196 ‚
501 3166 570 3201 quod
582 3167 607 3192 in
620 3166 693 3192 nullo
705 3166 853 3202 reperissem
864 3167 923 3193 culo
935 3168 1097 3202 antiquiore,

137 3206 166 3223 iii
179 3196 257 3223 nullis
269 3197 427 3226 membranis
440 3199 509 3227 Pau.
531 3208 692 3237 negaretque
701 3202 846 3231 Lambinus
858 3203 934 3231 suiss'e
945 3204 970 3230 in
983 3202 1046 3230 suis.
1067 3204 1094 3229 ἃ(

1183 3069 1208 3092 5.
1230 3063 1382 3085 monumenta
1391 3060 1453 3084 nobis
1462 3061 1543 3085 litterae
1557 3060 1735 3093 prodiderunt]
1758 3060 1835 3085 Nihil
1849 3060 1949 3086 vari-int
1961 3059 2017 3085 iuss.
2033 3061 2100 3085 Pau-

1145 3095 1265 3130 tugatbus
1277 3103 1363 3121 tamen
1376 3095 1501 3127 malebat,
1512 3098 1647 3121 litterarum
1659 3115 1667 3127 ‚
1679 3097 1704 3122 iii
1718 3096 1791 3130 cujus
1802 3096 1866 3122 item
1878 3095 2034 3123 sententium
2047 3096 2101 3121 ibit

1145 3127 1316 3157 Gulielmius.

1179 3167 1207 3192 6.
1230 3170 1304 3193 cAC.
1315 3168 1435 3201 Virgilio]
1459 3167 1602 3194 Lambinus
1613 3170 1716 3201 Vieginio
1729 3187 1737 3202 ‚
1756 3175 1850 3204 praetci·
1861 3167 1941 3195 libros
1961 3167 2045 3193 editos
2059 3174 2103 3201 ty·

1144 3202 1195 3237 pis,
1206 3202 1362 3239 culminique
1373 3203 1494 3240 scriptos.

1553 3242 1606 3278 Qq
1617 3249 1633 3275 q
1653 3249 1664 3266 2

1256 794 1320 832 Ego
1341 802 1440 822 autem
1458 794 1704 833 C11.Pompejuni
1724 814 1732 827 ‚
1757 805 1821 825 non
1840 796 1907 826 dico
1926 796 2094 830 auctori-m,
2120 804 2131 812 ⁶

1978 3248 1985 3265 i
1996 3259 2000 3263 .
2017 3238 2108 3273 ‘hy-AV,
