2379 3400
218 126 338 172 3250
616 93 1130 145 M.Tut,t.11

215 190 349 223 maxime
370 186 524 218 videntur,
544 181 612 221 quia
629 176 791 218 plenasunt
799 173 952 205 dedecoris
965 191 973 204 ‚
992 171 1162 210 acturpitu-

216 234 313 263 dinis:
332 231 398 261 satis
408 224 575 268 persuasum
586 220 644 251 ess'e
654 219 757 252 debet,
784 216 856 246 nihil
865 213 992 252 effeurile
1002 233 1010 247 ‚
1031 212 1164 253 quodnon

220 270 406 310 bonellumfit.
430 270 619 306 Qamquam
631 261 661 291 id
672 260 794 301 quidem
808 279 816 292 ,
827 257 898 288 cum
910 256 984 296 saepe
993 255 1063 285 alias
1074 274 1081 287 ,
1104 262 1169 283 turn

219 304 321 354 Pyrihi
337 311 417 342 bello
434 309 449 338 a
465 309 499 336 C.
511 305 647 336 Fabricio
661 323 669 336 ,
688 301 811 332 consule
830 302 939 330 iterum
952 317 960 331 ‚
982 297 1014 327 δε
1033 296 1047 326 a
1067 296 1170 327 senatu

220 352 497 393 nostrojudicatum
510 346 561 377 est.
572 345 651 376 cum
663 345 746 374 enim
757 352 810 373 rex
819 341 947 382 Pyrrhus
958 338 1070 379 populo
1078 339 1174 382 Rom.

219 398 335 428 bellum
348 392 426 423 ultro
440 387 604 421 intulisset,
615 386 746 426 cumque
756 385 792 415 dc
803 384 931 423 imperio
942 389 1093 411 certamen
1102 377 1172 408 esset

223 448 292 469 cum
309 445 375 477 rege
391 431 534 475 generoso
548 450 556 464 ‚
578 439 610 459 ac
628 435 770 469 potente3
788 425 911 466 perfuga
928 423 964 453 ab
986 432 1022 452 eo
1040 422 1124 451 venit
1142 422 1175 450 'in

221 479 311 510 castra
322 476 470 508 Fabricii,
492 475 579 513 eique
590 469 632 500 est
643 470 796 509 pollicitus
807 487 815 501 ,
842 465 860 496 si
872 466 1032 505 praemium
1044 462 1097 492 sibi
1107 471 1178 502 pro-

222 518 363 562 posuiss'et
375 538 383 551 ‚
1108 547 1112 551 ¹
1136 547 1140 550 .

221 563 389 594 rediturum
404 579 412 592 ,
432 558 464 587 &
482 566 552 586 eum
572 563 691 584 veneno
711 559 896 582 necaturum.
920 551 1012 578 Hunc
1030 546 1180 577 Fabricius

226 602 406 633 ,reducendum
418 599 533 629 curavit
540 597 573 627 ad
585 597 730 636 Pyrrhum
739 606 743 622 ;
753 593 844 633 idque
854 590 968 621 faetum
980 590 1043 629 ejus
1054 588 1069 619 Ξι
1081 588 1180 619 senatu

225 645 378 676 laudatum
389 641 441 672 est.
467 640 558 681 Atqui
575 636 594 668 si
616 638 744 677 speciem
765 635 900 665 utilitatis
913 653 921 667 ,
941 633 1182 672 opinionemque

226 688 390 729 quaerimus
401 704 410 718 ‚
423 690 566 723 magnum
577 679 652 709 illud
661 678 774 708 bellum
785 675 907 716 perfuga
919 683 1008 707 unus,
1018 673 1051 702 ὃς
1061 679 1181 713 gravem

229 728 430 760 adversarium
441 724 563 764 imperii
575 718 750 752 sustulisset:
775 718 823 748 sed
836 725 979 757 magnum
992 714 1119 745 dedecus
1131 732 1139 745 ,
1152 712 1184 741 &

230 770 381 812 flagitium
393 787 401 801 ,
414 768 539 807 quicum
553 763 648 793 laudis
660 770 808 792 certamen
818 758 920 789 fuiss'ct
931 779 939 791 ,
962 766 1032 787 eum
1048 764 1110 786 non
1122 756 1184 784 vir-

230 821 293 843 tute
305 831 314 844 ,
334 809 381 840 sed
394 808 499 844 scelere
510 807 686 845 superatum.
718 807 726 822 ¹
741 805 850 832 Utrum
864 802 952 841 igitur
962 798 1065 828 utilius
1075 797 1121 827 vel
1134 798 1187 825 Fa-

231 855 329 885 bricio
343 872 351 886 ,
363 853 415 891 qui
424 850 490 880 talis
505 851 536 878 in
549 849 599 877 hac
609 846 682 876 urbe
693 865 702 878 ,
722 844 817 884 qualis
828 841 969 872 Aristides
980 840 1105 870 Athenis
1116 836 1185 869 fuit,

229 896 279 925 vel
292 894 404 925 senatui
427 890 548 922 nostro,
568 890 812 929 quiNuMQAM
823 885 982 914 utilitatem
1001 883 1016 911 a
1044 881 1188 920 dignitate

231 935 476 976 sejunxit,armis
484 941 553 962 cum
564 928 647 960 hoste
655 937 775 960 certare,
785 936 822 956 aii
836 934 960 956 venenis
974 926 984 953 ?
998 926 1031 954 Si
1044 929 1189 952 oLoiuAE

231 979 317 1010 causa
330 976 492 1015 imperium
505 971 707 1012 expetendum
719 969 760 999 est
769 988 776 1002 ,
801 968 894 998 scelus
904 964 992 999 absit,
1013 966 1045 994 in
1055 973 1117 1005 quo
1128 971 1190 991 non

231 1018 330 1062 potest
339 1018 396 1049 esse
407 1017 508 1057 gloria.
533 1014 574 1043 fin
587 1012 654 1053 ipsae
665 1021 736 1052 opes
747 1017 927 1050 expetuntur
940 1016 1065 1048 quoquo
1085 1003 1189 1037 modo,

233 1072 298 1092 non
307 1068 446 1101 poterunt
456 1056 544 1087 utiles
555 1054 613 1085 effe
624 1064 692 1084 cum
708 1052 843 1082 infamia.
859 1053 933 1080 Non
945 1051 1033 1090 igitur
1045 1047 1129 1077 utilis
1141 1045 1191 1074 illa

233 1106 271 1134 L.
285 1103 435 1141 Philippi,
457 1102 518 1139 Q.
542 1096 617 1130 filii,
638 1096 798 1126 sententia:
819 1101 890 1133 quas
907 1093 1043 1121 civitates
1054 1087 1192 1119 L.Sulla,

235 1146 363 1186 pecunia
379 1151 496 1182 accepta
510 1160 518 1173 ‚
547 1149 586 1169 ex
605 1135 860 1169 senatusconsulto
881 1130 1078 1164 liberaviss'et,
1098 1138 1130 1159 ut
1149 1130 1193 1158 hae

234 1187 335 1219 rursus
344 1184 504 1225 ve&igales
522 1179 632 1211 essent:
651 1188 749 1219 neque
768 1178 816 1206 his
835 1177 992 1215 pecuniam
1006 1193 1014 1207 ,
1034 1181 1124 1217 quarn
1139 1179 1194 1211 pro

235 1229 370 1259 libertate
388 1226 548 1256 dederant,
572 1221 772 1252 redderemus.
797 1218 847 1249 Est
867 1219 895 1247 ei
922 1216 1037 1246 senatus
1053 1212 1193 1244 astensus.

236 1269 471 1310 turpeimperio.
494 1268 653 1305 piratarum
672 1263 756 1292 enim
777 1260 885 1290 melior
897 1256 988 1291 fides,
1008 1256 1100 1298 quam
1110 1255 1195 1285 sena-

237 1321 294 1343 tus.
320 1315 358 1341 At
372 1308 455 1340 aucta
464 1306 636 1347 veffigalia:
656 1304 728 1334 utile
739 1304 837 1344 igitur.
861 1303 1034 1341 QousQe.
1043 1296 1196 1327 audebunt

237 1355 336 1384 dicere
346 1351 511 1393 quidquam
522 1348 596 1378 utile
609 1367 617 1380 ,
628 1345 709 1388 quod
720 1354 784 1375 non
796 1343 955 1372 honestum
967 1345 977 1371 ?
988 1338 1086 1371 Porest
1093 1346 1191 1369 autem

236 1396 294 1426 ulli
305 1395 444 1434 imperio,
454 1390 536 1433 quod
548 1390 642 1430 gloria
652 1387 762 1418 fultum
772 1383 830 1415 effe
840 1384 937 1417 debet,
947 1382 979 1413 δε
990 1381 1197 1413 benivolentia

238 1438 391 1467 sociorum
404 1454 412 1469 ,
434 1434 508 1464 utile
528 1430 585 1462 ess‘e
595 1431 701 1460 odium
714 1449 722 1462 ‚
741 1425 906 1458 &infamia
921 1428 930 1455 ?
950 1428 1013 1464 Ego
1023 1425 1113 1454 etiam
1124 1431 1195 1451 cum

241 1482 355 1509 Catone
366 1486 436 1506 meo
447 1476 521 1514 saepe
529 1470 655 1504 dissensi.
679 1472 771 1501 nimis
784 1469 861 1499 mihi
876 1465 1028 1508 praefraete
1043 1464 1197 1495 videbatur

240 1521 381 1552 ararium
394 1538 402 1551 ,
422 1515 637 1557 veeiigaliaque
658 1511 817 1543 deffendere
829 1530 838 1544 ,
849 1510 954 1539 omnia
964 1508 1130 1547 publicanis
1144 1515 1199 1535 ne-

243 1571 325 1602 gare:
351 1559 444 1588 multa
454 1559 561 1588 sociis:
579 1565 649 1585 cum
667 1555 701 1584 in
719 1555 774 1583 hos
789 1549 918 1582 benefici
938 1548 997 1580 effe
1008 1548 1197 1578 deberemus:

242 1601 386 1634 cumillis
399 1598 435 1629 fic
445 1607 540 1640 agere,
554 1606 586 1626 ut
594 1605 663 1626 cum
672 1595 791 1625 colonis
801 1592 909 1623 nostris
919 1591 1094 1621 soleremus:
1104 1597 1199 1628 eoque

245 1645 359 1685 magis,
381 1651 443 1682 quo
462 1640 512 1670 illa
530 1638 675 1668 ordinum
697 1633 876 1675 conjunaio
894 1633 930 1663 ad
948 1632 1071 1662 salutem
1082 1628 1198 1669 reipub.

242 1683 418 1726 pertinebat.
442 1681 524 1711 Male
543 1681 634 1710 etiarn
653 1679 745 1709 Curio
758 1696 766 1710 ,
790 1685 861 1707 cum
879 1674 996 1705 causam
1018 1670 1202 1710 Transpada-

244 1736 357 1758 norum
369 1733 485 1765 aequam
494 1720 551 1752 esse
561 1721 693 1752 dicebat:
717 1720 832 1758 semper
840 1726 940 1747 autem
948 1714 1070 1745 addebat
1082 1733 1090 1746 ‚
1103 1714 1204 1756 Vincere

246 1769 369 1798 utilitas.
392 1767 497 1797 Potius
506 1763 615 1794 diceret
627 1782 635 1796 ,
657 1771 720 1791 non
740 1759 798 1790 esse
815 1767 930 1799 aequarn
942 1776 950 1790 ‚
971 1757 1040 1796 quia
1058 1764 1122 1784 non
1135 1752 1205 1782 eslet

251 1811 334 1840 utilis
344 1810 414 1848 reip.
439 1805 554 1847 ²quam
569 1824 578 1837 ‚
607 1803 678 1834 cum
699 1802 807 1832 utilem
828 1798 885 1829 effe
904 1799 1033 1830 diceret,
1066 1805 1129 1825 non
1147 1792 1205 1824 effe

186 1859 230 1893 23
251 1860 366 1893 aequam
384 1849 531 1879 fateretur.
554 1846 663 1877 Plenus
681 1843 723 1874 est
745 1843 845 1873 sextus
856 1839 977 1870 liberde
988 1836 1098 1868 officiis
1109 1838 1204 1880 Heca-

252 1895 351 1926 tonis,
371 1886 697 1930 taliumquaestionurn
709 1905 718 1919 ‚
737 1884 819 1915 Sitne
837 1882 899 1912 boni
917 1880 977 1910 viri
991 1900 999 1914 ‚
1021 1890 1050 1908 m
1076 1888 1206 1907 maxima

248 1935 369 1966 caritate
377 1941 502 1965 dinume,
518 1930 670 1970 familiam
688 1938 742 1957 non
759 1925 842 1955 alere.
865 1927 898 1966 in
919 1931 1076 1962 utramque
1093 1929 1205 1960 partem

254 1978 379 2017 disputat
393 1985 399 2004 :
418 1975 465 2005 sed
476 1981 576 2003 tamen
585 1970 619 2001 ad
630 1978 801 2000 extremum
816 1970 828 1994 3
842 1966 968 1996 utilitate
977 1972 1059 2003 putat
1067 1961 1206 1993 officium

251 2021 294 2050 dii
303 2028 342 2058 igi
351 2017 447 2056 magis
458 2035 466 2049 ‚
477 2014 568 2056 quam
583 2013 775 2043 humanitate.
829 2009 914 2038 uaerit
925 2005 1003 2047 ,fiin
1013 2003 1209 2044 marijafftura

247 2058 424 2101 szci'endafit
437 2077 445 2091 ,
457 2057 555 2097 equine
562 2053 673 2096 pretiosi
678 2050 773 2095 potius
775 2052 810 2090 ja
842 2059 924 2079 uram
928 2048 1026 2087 faciat
1035 2067 1042 2081 ‚
1054 2057 1091 2075 an
1099 2047 1209 2086 servuli

252 2103 327 2131 vilvs.
348 2102 399 2130 hic
406 2098 467 2129 alio
477 2108 522 2128 res
530 2096 688 2127 familiaris
700 2117 709 2128 ,
720 2093 780 2124 alib
791 2091 1059 2123 ducithumanitas.
1082 2089 1114 2119 Si
1125 2087 1210 2122 tabu-

252 2151 310 2172 tam
319 2143 350 2172 de
362 2138 618 2180 naufragiostnltus
628 2136 791 2177 arripuerit,
804 2131 1013 2174 extorquebitne
1023 2141 1085 2160 eam
1090 2130 1210 2171 supinis,

253 2185 403 2227 Q’i'potuerit
415 2191 425 2211 :1
443 2190 529 2222 negat
541 2201 548 2214 ,
569 2179 686 2221 quiastt
695 2178 842 2217 injurium.
867 2174 949 2216 Qid
961 2184 970 2204 ‚v
983 2173 1108 2202 dominus
1117 2173 1212 2207 navis,

250 2222 384 2269 ‘eripietne
397 2225 504 2265 suum?
527 2221 662 2251 minime:
679 2231 730 2249 non
745 2219 809 2260 plus
821 2239 829 2251 ‚
849 2227 936 2259 quam
950 2215 1174 2256 finavigantem
1186 2215 1215 2243 in

254 2269 312 2299 niro
323 2287 331 2303 ,
346 2267 436 2307 »jicere
444 2266 476 2295 de
487 2274 524 2295 na
531 2264 559 2294 vi
568 2263 650 2297 velit,
659 2263 729 2304 quia
735 2260 843 2302 suasit.
865 2261 982 2300 QoAn
992 2259 1077 2287 enim
1085 2266 1213 2297 perven-

158 282 196 296 “fl

157 298 202 308 *υ

298 2388 307 2405 1
315 2398 321 2404 .
342 2382 423 2405 Unum
433 2381 507 2413 igitur
516 2380 614 2408 utilius,
623 2376 690 2410 ,ἐγ-α]
712 2375 846 2402 Palatinus
858 2384 898 2411 pr.
910 2373 981 2400 favet
991 2371 1102 2399 leffioni
1113 2380 1171 2407 quse
1181 2371 1216 2397 est

256 2415 286 2442 iii
297 2414 416 2442 editione
426 2414 559 2442 Viftorii:
581 2414 658 2448 Vi'fiaem
674 2415 710 2440 ef?
718 2415 803 2446 igitur.
822 2410 865 2437 sed
875 2409 1027 2437 adhaeserim
1039 2408 1116 2435 alteri
1132 2426 1140 2440 ,
1161 2415 1219 2442 quae

258 2454 324 2480 vitem
335 2452 362 2479 in
377 2451 434 2478 Pal.
446 2453 543 2477 altero.

296 2497 323 2514 ².
343 2486 421 2522 Qrim
432 2487 482 2513 cimi
493 2489 576 2512 utilem
585 2486 625 2518 eff«
634 2486 733 2516 diceret,
743 2493 788 2510 non
797 2484 838 2518 effi·
847 2491 935 2517 :quam
941 2479 1087 2514 fateretur]
1108 2481 1171 2506 Secu
1176 2486 1218 2506 tus

259 2522 316 2550 sum
330 2523 478 2554 Palatinos,
489 2521 649 2549 auetoritate
661 2519 744 2547 fultos
755 2519 881 2546 editionis
893 2515 1219 2547 Vietoi·ianae‚1ibroru1n-

262 2569 312 2595 que
323 2559 444 2589 suffridi3
457 2559 511 2584 imo
523 2559 551 2584 8<
563 2558 636 2584 Petri
648 2556 777 2587 Danielis,
789 2556 844 2582 imo
857 2555 1005 2581 editionum
1017 2552 1160 2589 primariis.
1171 2561 1219 2588 po-

260 2596 384 2622 steriores
394 2596 465 2622 enim
475 2595 609 2621 invertere
622 2613 630 2625 ,
647 2602 738 2627 aquam
748 2592 788 2626 effe
798 2593 843 2617 dir.
863 2601 908 2617 non
918 2591 958 2624 effe
967 2591 1108 2623 utilemfat.
1120 2588 1221 2624 inepte.

298 2640 326 2666 3.
345 2635 452 2658 Utilitate
460 2638 534 2664 putat
551 2632 646 2663 officium
664 2630 733 2662 dirigi
752 2629 849 2662 magu]
873 2627 930 2653 Pal.
941 2636 982 2662 pr.
1002 2627 1028 2652 &
1040 2624 1127 2651 editio
1136 2625 1219 2650 Rom.

261 2668 358 2707 prima,
369 2670 475 2693 utilitate
485 2673 602 2698 utputat.
622 2674 707 2700 neque
719 2664 788 2690 secus
803 2666 819 2690 :i
829 2663 950 2689 Viam-io
961 2661 1111 2698 publicatus
1122 2661 1149 2686 δε
1162 2660 1219 2686 Pal.

263 2706 313 2728 tec.
332 2704 377 2730 nili
388 2703 459 2739 quod
471 2703 489 2729 'ii
501 2709 628 2737 praeterea
647 2703 740 2733 dirigit.
762 2699 830 2726 unde
841 2699 949 2735 suspicio
970 2698 1034 2724 mihi
1046 2697 1133 2724 oritur
1145 2696 1221 2723 t'uiss‘e

264 2739 398 2774 primitus,
409 2742 518 2764 utilitate
525 2745 600 2771 putat
610 2739 706 2770 officium
716 2737 788 2769 magis
798 2755 807 2768 ,
827 2735 921 2762 omisso
931 2735 980 2761 illo
990 2735 1069 2767 dirigi.

302 2781 330 2805 4.
349 2776 421 2808 Qafi
428 2776 492 2807 forn
509 2781 552 2799 am
562 2775 669 2799 miranda
687 2773 794 2806 vitiam]
817 2773 859 2798 Sic
871 2771 927 2797 Pal,
938 2780 978 2806 pr.
998 2771 1024 2796 &
1039 2771 1069 2796 F.
1082 2779 1134 2796 non
1147 2769 1221 2803 fime.

266 2808 343 2835 habet
354 2818 439 2836 tamen
451 2810 506 2836 Pal.
517 2809 583 2836 illud
594 2809 727 2835 dimicando
740 2827 748 2840 ‚
768 2808 840 2842 quod
850 2807 989 2834 Turnebus
1001 2805 1100 2840 syllaba
1110 2814 1161 2831 una
1174 2803 1224 2830 de-

267 2852 341 2870 curta
349 2846 393 2877 uit,
404 2845 524 2872 suadente
536 2844 582 2871 nrl'.
594 2845 650 2872 sno.
670 2844 701 2871 ad
713 2853 791 2880 quani
803 2845 897 2871 faciem
909 2844 934 2870 &
946 2843 1060 2870 aliorum
1072 2841 1147 2868 fuere
1157 2841 1222 2867 item

269 2880 437 2907 membranae.
459 2884 553 2907 verum
566 2881 620 2907 Pal.
633 2880 682 2907 sec.
694 2882 839 2907 medicando.

303 2925 334 2957 5.
354 2918 400 2949 ΩΨ·
409 2926 523 2942 »uenenum
551 2917 657 2951 aglons]
680 2917 745 2942 Haec
755 2918 790 2944 est
803 2915 883 2942 lee‘tio
897 2914 1062 2942 consentiens
1074 2912 1222 2939 editionum

269 2952 495 2992 prrrnogeniarum
509 2972 517 2983 ,
528 2962 611 2987 neque
621 2953 697 2979 aliter
710 2951 766 2978 mss.
778 2953 846 2979 1³:111.
859 2951 976 2978 Danielis
990 2971 998 2983 ,
1011 2950 1123 2977 Fabricii
1136 2969 1143 2979 ,
1155 2948 1224 2975 alio-

269 2996 390 3027 [umque.
412 2986 532 3014 Vide-itur
542 2987 684 3015 Brissonius
696 2989 721 3015 in
736 2997 796 3015 voce
806 2992 923 3015 Venenum
941 2987 1010 3013 libro
1022 2987 1062 3012 De
1082 2985 1223 3011 verborum

269 3023 513 3064 lignificationibris.
533 3025 691 3050 recentiores
703 3025 819 3050 maluere
829 3025 1032 3056 vinumsugien15
1044 3022 1111 3048 male
1123 3032 1129 3048 z
1141 3021 1224 3057 potest

269 3069 338 3086 enim
350 3060 398 3086 hoc
408 3060 465 3084 lciri
478 3059 552 3094 gustu
567 3069 573 3084 :
596 3069 680 3094 neque
689 3059 722 3086 de
734 3060 828 3087 talibus
839 3061 1023 3095 interrogatur
1035 3057 1169 3087 venditor.
1181 3056 1224 3083 sed

268 3103 375 3159 emgitor
384 3094 493 3131 ipsemet
507 3094 657 3130 experitur.

326 3152 332 3160 .
353 3130 524 3166 stratorem]
548 3131 611 3158 Non
622 3129 677 3158 vidi
688 3130 733 3166 qui
743 3130 821 3159 aliani
832 3130 974 3160 lectionem
986 3130 1146 3167 produceret
1158 3149 1167 3164 ,
1182 3128 1229 3158 fic·
1245 3122 1251 3163 i
1269 3130 1348 3164 poeti
1359 3126 1542 3162 desumptum,
1552 3119 1716 3157 indicatipfii
1724 3119 1819 3149 dictio.

404 517 431 547 se
444 536 451 549 ,
476 524 506 544 ut
522 515 600 544 elsim
620 509 763 544 veniss'et,
783 507 820 538 sic
838 509 916 539 clam
939 508 971 536 in
980 502 1179 545 Pyrrhicastra
1202 507 1205 538 ;

1223 633 1250 674 fi
1258 633 1384 673 patriam
1388 630 1499 672 prodere
1509 629 1655 659 conabitur
1664 638 1743 671 parer
1755 628 2104 671 ?ssiebztnefiti1u?immo
2115 628 2186 659 vero

1236 1549 1331 1588 fuerit
1341 1558 1352 1576 .-
1376 1548 1410 1579 (γ’
1417 1557 1493 1575 annu
1511 1546 1622 1591 atiquot
1630 1544 1696 1591 piis}
1705 1545 1833 1575 tnciderit
1844 1547 1873 1575 in
1885 1545 1998 1576 eundem
2007 1543 2145 1574 morbum:
2153 1554 2201 1574 nee

1211 89 1750 136 Ciczitours

1217 182 1281 205 tum
1296 171 1374 203 (πρὸ
1388 192 1398 206 ‚
1410 171 1471 212 quo
1485 171 1577 204 sumta
1587 173 1671 202 navis
1682 170 1724 204 est
1733 192 1742 206 ,
1756 181 1819 203 non
1830 172 1950 206 domini
1961 173 2002 206 est
2013 175 2108 208 navis,
2121 174 2175 206 sed>

1220 267 1293 299 aeque
1299 257 1446 297 sapientes,
1452 254 1541 296 sibine
1550 262 1666 296 uterque
1675 256 1768 296 rapiat
1781 275 1789 288 ,
1801 266 1838 284 an
1845 255 1917 285 alter
1927 258 2002 288 cedat
2011 259 2094 288 alteri
2105 263 2115 284 ἓ
2125 268 2175 289 σευ

1222 300 1270 330 dat
1281 298 1353 328 veto
1368 309 1372 327 :
1391 298 1441 328 sed
1455 299 1503 330 ei,
1524 298 1609 334 cujus
1620 298 1714 336 magis
1726 295 1894 326 intersitvel
1907 298 1982 333 suae,
2002 301 2049 330 vel
2061 299 2175 340 reipub.
2291 294 2307 299 ⁸

1222 341 1315 375 causa,
1327 343 1437 370 vivere.
1461 338 1576 380 Qidsi
1584 339 1635 367 haec
1643 339 1728 380 paria,
1741 339 1769 367 in
1781 343 1912 379 utroque?
1924 341 2042 371 nullum
2052 344 2107 372 erit
2116 351 2180 372 cer-

1224 392 1324 413 tarnen
1338 401 1344 415 ‚
1366 381 1412 412 sed
1423 384 1441 407 4
1450 379 1527 420 quasi
1543 381 1619 415 forte
1630 399 1638 413 ‚
1658 389 1708 409 aut
1717 379 1857 411 micando
1868 379 1965 411 vffiius
1978 401 1985 415 ‚
2003 382 2085 412 alteri
2097 383 2180 413 cedat

1225 425 1305 455 alter.
1329 422 1611 464 Qidfipaterfana
1621 421 1725 457 expilat
1735 441 1744 455 ,
1767 421 1906 451 cuniculos
1916 430 1987 462 agat
1995 423 2032 452 ad
2039 425 2178 453 ararium:

1227 466 1360 495 indicetne
1371 464 1400 494 id
1407 462 1723 504 magistratibus-filius?
1743 462 1825 494 nefas
1848 462 1878 492 id
1887 464 2010 504 quidem
2020 463 2071 495 est.
2090 467 2182 505 quin-

1226 510 1316 538 etiam
1328 506 1467 537 defendat
1476 514 1599 545 patrem,
1613 504 1631 534 si
1645 514 1789 546 arguatur.
1802 513 1865 534 non
1875 506 1965 547 igitur
1973 507 2064 545 patria
2072 505 2183 547 praestat

1226 549 1371 579 omnibus
1390 546 1520 577 officiis?
1538 546 1640 576 immo
1657 546 1729 577 verb
1742 558 1747 576 z
1767 546 1815 576 sed
1834 545 1886 584 ipsi
1906 548 2008 587 patriae
2028 547 2182 581 conducit,

1228 593 1293 632 pios
1302 592 1393 620 civeis
1404 589 1509 619 habere
1522 590 1551 618 in
1564 590 1719 628 parenteis.
1732 587 1857 628 Qid,fi
1864 589 2038 629 tyrannidem
2048 596 2185 628 occupare,

1219 217 1435 256 navigantium.
1473 213 1558 255 Qid
1572 233 1580 247 ‚
1596 212 1623 254 fi
1640 213 1668 242 in
1692 223 1750 242 una
1767 212 1867 243 rabula
1880 215 1938 256 fint
1956 217 2007 247 duo
2028 216 2175 257 naufragi,
2333 0 2338 282 1

2335 283 2338 415 !

2335 428 2338 476 ἓ

2336 478 2339 531 ἰ

1231 674 1398 705 obsecrabit
1407 682 1532 712 patrem,
1545 682 1582 701 ne
1592 671 1621 702 id
1632 671 1730 702 faciat.
1755 670 1774 701 si
1787 671 1864 700 nihil
1876 671 2023 711 proficiet,
2033 671 2188 702 accusabit:
2336 663 2339 699 l

1234 715 1397 746 minabitur
1407 716 1515 744 etiarn:
1535 713 1569 743 ad
1589 722 1760 743 extremum
1783 711 1803 743 fi
1814 712 1847 742 ad
1855 715 2019 753 perniciem
2031 714 2131 753 patriae
2141 722 2188 742 res

1233 756 1374 798 specsiabit
1384 776 1392 790 ‚
1405 765 1544 786 PATRIAE
1556 755 1676 785 salutem
1687 762 1847 795 anteponet
1857 755 1940 785 saluti
1951 757 2049 795 patris.
2073 756 2189 795 Qaer'it

1233 801 1323 829 etiam
1346 818 1354 832 ,
1378 797 1405 838 fi
1417 798 1529 845 x{Izpt'cns
1544 796 1714 826 adulterinos
1734 806 1860 826 nummos
1877 797 2010 838 acceperit
2028 796 2185 837 imprudens

1231 850 1277 882 pro
1288 839 1377 869 bonu:
1397 850 1461 868 cum
1482 839 1512 868 id
1535 839 1655 878 rescierit
1669 858 1678 872 ‚
1690 838 1912 880 fhluturufhefit
1922 849 1963 868 eos
1974 857 1982 872 ,
1994 838 2023 879 fi
2033 848 2077 867 cuz
2086 837 2193 872 debeat,

1232 891 1280 925 pro
1291 882 1378 911 bonis.
1402 883 1554 922 Diogenes
1566 883 1606 910 ait
1621 890 1627 908 ε
1648 883 1804 920 Antipater
1819 889 1903 921 negat
1915 890 1921 910 ι
1931 881 2088 920 cuipotius
2098 877 2194 910 ass‘en·

1237 927 1296 954 tior
1314 927 1326 951 5
1337 925 1397 964 Qi
1417 933 1553 952 vencnum
1569 921 1686 962 fugiens
1704 922 1806 951 vendat
1820 921 1926 964 sciens,
1949 921 2078 951 debeatne
2095 921 2192 950 dicere·

1237 968 1310 996 Non
1321 963 1434 995 neccsse
1445 973 1527 1004 putat
1538 967 1690 1004 Diogenes
1700 975 1706 993 :
1718 966 1870 1003 Antipater
1881 966 1938 993 viri
1948 964 2022 993 boni
2032 962 2196 993 existimat»
2362 989 2363 993 ,

1240 1010 1311 1038 Haec
1324 1007 1391 1036 sunt
1404 1005 1482 1047 quasi
1501 1006 1690 1036 controversa
1704 1006 1769 1045 jura
1789 1009 1969 1036 storcorum.
1994 1007 2029 1034 In
2040 1005 2196 1044 mancipio
2335 1008 2336 1011 ’
2357 998 2366 1026 4

1237 1047 1398 1079 vendendo
1409 1067 1418 1082 ,
1430 1047 1594 1077 dicendane
1606 1048 1678 1076 vitia
1689 1066 1697 1080 ,
1708 1056 1771 1076 non
1783 1057 1814 1077 ea
1825 1068 1834 1082 ,
1845 1056 1910 1087 quae
1920 1045 1973 1077 nisi
1986 1046 2097 1076 dixeris
2110 1066 2118 1079 ,
2131 1045 2199 1075 red·
2362 1046 2364 1051 '

1238 1090 1374 1121 hibeatur
1383 1090 1571 1128 mancipium
1580 1089 1646 1127 jure
1656 1088 1739 1118 civili
1753 1099 1758 1117 :
1778 1089 1827 1119 sed
1839 1091 1901 1119 haec
1911 1106 1920 1122 ,
1941 1088 2116 1118 mendacem
2128 1085 2200 1121 effe.
2358 1056 2365 1119 i

1238 1130 1253 1152 ⁶
1265 1133 1426 1162 aleatorem
1437 1151 1446 1165 ,
1458 1130 1601 1164 furacem,
1612 1130 1773 1160 ebriosum.
1797 1131 1891 1161 Alteri
1903 1129 2029 1160 dicenda
2042 1129 2196 1163 videntur,
2358 1122 2369 1201 ἰ

1237 1175 1321 1205 alteri
1333 1183 1397 1203 non
1415 1173 1565 1203 videntur.
1588 1174 1618 1202 Si
1634 1173 1701 1212 quis
1718 1182 1823 1202 aurum
1834 1171 1970 1202 vendens
1982 1191 1993 1205 ,
2012 1171 2197 1201 orichalcum

1240 1217 1269 1246 se
1279 1224 1362 1256 putet
1370 1215 1500 1245 vendere
1514 1233 1523 1248 ,
1545 1213 1697 1243 indicetne
1705 1215 1731 1243 ei
1740 1216 1787 1243 vir
1795 1215 1893 1244 bonus
1903 1233 1913 1247 ,
1924 1222 2029 1243 aurum
2041 1212 2116 1243 illud
2129 1211 2199 1246 esse,

1240 1263 1300 1288 7an
1311 1265 1389 1287 emat
1399 1256 1521 1286 denario
1534 1275 1543 1289 ,
1562 1255 1644 1296 quod
1657 1253 1690 1284 fit
1707 1255 1793 1286 mille
1808 1255 1908 1286 denari
1915 1254 1966 1285 tim
1980 1257 1991 1283 ?
2011 1254 2200 1294 Perspicuum

1239 1301 1301 1340 jam
1312 1298 1354 1329 est
1366 1318 1375 1332 ,
1400 1298 1433 1328 &
1443 1297 1517 1339 quid
1529 1299 1608 1327 mihi
1617 1296 1753 1327 videatur
1762 1316 1771 1331 ,
1789 1297 1822 1328 &
1832 1307 1899 1338 quae
1908 1295 1941 1327 fit
1951 1297 2028 1326 inter
2038 1306 2089 1326 eos
2098 1296 2202 1336 philo-

1242 1341 1350 1381 sophos
1361 1360 1369 1374 ‚
1380 1349 1455 1381 quos
1468 1340 1626 1369 nominavi
1638 1357 1646 1372 ,
1658 1338 1865 1370 controversia.
1879 1341 2004 1372 Pacu,
2016 1337 2048 1368 &
2059 1335 2201 1378 promissa
2218 1354 2235 1379 2

1242 1384 1398 1422 semperne
1421 1380 1561 1423 servanda
1579 1379 1653 1416 smr,
1672 1390 1737 1421 quae
1752 1391 1808 1412 nec
1817 1383 1848 1411 vi
1859 1400 1867 1414 ,
1887 1379 2025 1411 necdolo
2035 1379 2116 1409 malo
2130 1374 2201 1417 ⁸(ur

1244 1433 1385 1465 praetores
1395 1423 1503 1463 solent)
1522 1421 1598 1453 fasta
1617 1420 1693 1452 fint?
1711 1423 1739 1452 Si
1753 1423 1818 1463 quis
1826 1422 2064 1452 medicamentum
2078 1420 2201 1463 cuipiam

1243 1465 1346 1495 dederit
1358 1465 1396 1494 ad
1414 1475 1521 1505 aquam
1541 1465 1706 1493 intercutem
1719 1483 1727 1498 ,
1741 1464 1951 1505 pepigeritque,
1972 1473 2004 1491 ne
2026 1463 2070 1491 illo
2080 1462 2201 1491 medica-

1245 1514 1335 1536 mento
1346 1503 1578 1547 umquamposteh
1588 1511 1721 1533 uteretur.
1738 1504 1767 1545 fi
1773 1515 1800 1534 eo
1810 1504 2006 1534 medicamento
2009 1504 2097 1543 janus
2098 1502 2200 1543 fadi-us

1243 1588 1280 1619 ab
1288 1599 1316 1618 eo
1327 1608 1335 1622 ,
1345 1589 1398 1629 qui
1408 1598 1470 1617 cum
1477 1594 1631 1629 peprgerat‚
1643 1594 1770 1628 impetret
1781 1607 1790 1620 ‚
1801 1588 1914 1617 utitem
1924 1597 1950 1617 eo
1962 1587 2045 1616 liceat
2056 1587 2102 1615 uti
2113 1606 2121 1621 ‚
2132 1585 2203 1628 quid

1238 1629 1468 1671 faciendumfit3
1489 1633 1503 1656 9
1514 1630 1585 1659 cum
1604 1627 1637 1658 sit
1647 1630 1671 1658 is
1682 1630 1867 1659 inhumanus
1878 1648 1886 1662 ,
1905 1630 1957 1669 qui
1969 1637 2033 1657 non
2044 1627 2199 1660 concedat,

1247 1682 1302 1702 nec
1311 1674 1338 1701 ei
1349 1673 1513 1711 quidquam
1524 1668 1573 1700 fiat
1584 1671 1714 1708 injuriae?
1725 1671 1819 1703 Vitae,
1828 1671 1860 1700 &
1875 1671 1959 1700 saluti
1969 1669 2205 1699 consulendum.
2338 1622 2343 1686 1

1247 1712 1341 1754 Qid?
1346 1712 1374 1754 fi
1381 1713 1445 1753 quis
1449 1712 1560 1752 fizpiens
1572 1718 1686 1750 rogatus
1691 1709 1731 1751 fit
1742 1710 1778 1740 ab
1788 1721 1826 1745 eo,
1836 1712 1888 1752 qui
1900 1721 1962 1739 eum
1971 1710 2092 1740 heredem
2096 1710 2204 1750 faeiat,

1248 1754 1312 1784 cum
1332 1763 1356 1783 ei
1374 1752 1532 1789 testamento
1549 1750 1704 1792 sestertium
1722 1753 1821 1782 millies
1840 1752 2017 1793 relinquatur
2034 1771 2042 1785 ,
2073 1759 2108 1781 ut
2125 1749 2211 1780 ante·
2237 1778 2239 1781 .

1249 1793 1338 1838 quem
1348 1794 1530 1824 hereditatem
1539 1794 1640 1827 adeat,
1661 1792 1720 1823 luce
1734 1791 1831 1834 palbm
1844 1794 1872 1822 in
1881 1794 1944 1832 foro
1960 1793 2047 1833 sbltet
2058 1813 2066 1827 ,
2089 1793 2171 1834 idque
2178 1793 2208 1832 se

1244 1836 1397 1878 justarum
1412 1836 1572 1878 promiserit
1584 1856 1592 1869 ,
1612 1833 1687 1876 quiid
1706 1836 1789 1865 aliter
1800 1845 1862 1865 eum
1870 1835 1991 1864 heredem
2000 1835 2155 1875 scripturus
2165 1836 2210 1864 iu:

1251 1890 1302 1909 non
1312 1878 1373 1918 efflet
1382 1890 1393 1906 .·
1399 1879 1498 1918 facim
1508 1898 1516 1911 ,
1533 1878 1606 1918 quod
1614 1877 1772 1917 promiserit
1781 1897 1790 1911 ,
1802 1887 1880 1906 necne
1890 1880 1900 1902 ἔ
1925 1879 1955 1896 ¹0
1964 1874 2130 1907 Promisisse
2138 1876 2212 1906 nol,-

1254 1923 1315 1951 lem
1327 1941 1335 1956 ‚
1349 1921 1382 1951 &
1396 1920 1427 1951 id
1437 1920 1562 1951 arbitror
1569 1917 1655 1949 fuiffe
1664 1920 1825 1960 gravitatis.
1849 1918 1898 1949 sed
1907 1919 2052 1958 quoniam
2062 1915 2210 1958 promisit,

1253 1962 1273 1992 fi
1287 1963 1384 1993 saltare
1403 1964 1436 1992 in
1455 1961 1524 1992 foro
1544 1970 1628 2001 turpe
1642 1960 1750 1994 ducet,
1771 1959 1927 1991 honestius
1936 1961 2118 1993 mentietur,
2141 1957 2211 1990 fiex
2366 1986 2368 1990 .

1253 2005 1416 2035 hereditate
1434 2003 1512 2034 nihil
1530 2004 1659 2043 ceperit,
1681 2002 1773 2043 quam
1791 2000 1811 2032 fi
1828 2003 1955 2042 ceperit:
1972 1999 2027 2032 nisi
2047 2000 2124 2032 forte
2144 2010 2210 2031 eam
2359 2019 2371 2029 ι

1253 2048 1412 2088 pecuniam
1426 2047 1543 2086 inreip.
1565 2054 1710 2086 magnum
1721 2044 1843 2084 aliquod
1853 2053 1972 2084 tempus
1982 2043 2156 2073 contulerit:
2179 2050 2213 2073 ut

1255 2088 1304 2120 vel
1318 2089 1418 2119 saltare
1431 2097 1501 2117 eum
1515 2107 1525 2121 ,
1539 2085 1609 2118 cum
1621 2088 1720 2126 patriae
1730 2086 1920 2116 consulturus
1933 2084 1965 2115 fit
1978 2105 1989 2119 ,
1998 2094 2082 2125 turpe
2095 2094 2158 2114 non
2169 2082 2213 2114 fit.

1260 2134 1308 2161 Ac
1321 2140 1364 2160 NE
1375 2139 1458 2160 lLLA
1469 2128 1591 2170 quidem
1605 2126 1747 2168 promissa
1755 2127 1894 2158 servanda
1901 2127 1979 2161 sunt,
1993 2137 2060 2168 quae
2072 2135 2136 2156 non
2147 2127 2215 2156 sunt
2233 2125 2281 2158 25
2364 2123 2371 2149 ἶ

1259 2175 1296 2202 iis
1308 2171 1375 2212 ipsis
1383 2172 1468 2202 utilia
1480 2191 1488 2205 ,
1509 2170 1619 2212 quibus
1631 2169 1682 2200 illa
1692 2169 1876 2209 promiseris.
1898 2168 1949 2199 Sol
1958 2168 2135 2199 Phaethonti
2151 2166 2216 2198 filio

1261 2215 1307 2254 (ut
1318 2214 1474 2244 redeamus
1493 2214 1528 2243 ad
1547 2211 1672 2251 fabulas)
1684 2211 1833 2241 faeturum
1845 2211 1872 2241 se
1883 2209 1940 2240 esse
1951 2210 2049 2243 dixit,
2070 2207 2216 2250 quidquid

1257 2255 1382 2297 optaffet
1395 2267 1401 2286 ;
1421 2256 1552 2296 optavit,
1573 2262 1607 2284 ut
1618 2254 1647 2283 in
1657 2254 1861 2295 currumpatru
1873 2253 2032 2282 tolleretur:
2052 2249 2219 2291 ”sublatus

2160 2291 2213 2327 ests
2281 2298 2294 2306 ⁵
2340 2329 2341 2337 ἵ

1263 2379 1314 2405 que
1324 2379 1415 2397 omnes
1425 2368 1622 2402 eddAritiquae.
1642 2366 1688 2393 sed
1695 2374 1782 2393 tamen
1793 2366 1840 2392 vix
1860 2365 1927 2392 mihi
1944 2364 2009 2400 eripi
2028 2363 2112 2399 potest
2124 2360 2219 2389 malam

1264 2405 1314 2432 esse
1325 2406 1480 2442 scripturam
1491 2403 1587 2431 codicis
1600 2403 1712 2429 Palatini
1723 2411 1764 2438 pr.
1783 2402 1809 2428 in
1822 2411 1875 2437 quo
1885 2408 2023 2427 amatorem.
2044 2399 2123 2425 servis
2134 2398 2225 2424 otium.
2340 2414 2344 2430 ,3
2365 2420 2369 2426 ,

1264 2441 1383 2469 subtrahe
1395 2461 1404 2474 ,
1423 2440 1552 2467 subtrahis
1571 2439 1654 2466 aleam
1667 2448 1675 2470 3
1697 2448 1749 2466 non
1769 2438 1849 2464 etiam
1868 2446 1982 2464 amores.
2002 2437 2028 2462 δε
2049 2438 2121 2462 certe
2141 2434 2223 2469 longe
2340 2461 2341 2464 ,
2366 2449 2369 2462 .

1262 2478 1339 2514 plura
1349 2478 1445 2505 damna
1454 2476 1565 2503 domino
1575 2476 1733 2510 contingent
1743 2483 1776 2500 ex
1786 2474 1860 2500 servo
1871 2480 1989 2500 amatore
1999 2472 2079 2508 quam
2093 2471 2219 2498 aleatore-

1263 2514 1314 2541 scio
1325 2522 1412 2541 tamen
1423 2522 1481 2549 quac
1490 2511 1523 2538 de
1533 2510 1756 2547 eoJurisconsulti
1769 2521 1775 2537 2
1796 2509 1859 2536 scio.
2344 2527 2346 2542 s
2359 2477 2369 2567 ἒ

1299 2559 1327 2585 7.
1345 2554 1384 2576 An
1394 2558 1456 2576 emat
1476 2550 1572 2575 denario
1584 2567 1591 2579 ‚
1614 2549 1676 2582 quod
1693 2549 1728 2572 efl
1737 2548 1795 2572 mille
1813 2544 1984 2578 denariumss]
2007 2544 2073 2571 Hac
2084 2541 2163 2570 verba
2173 2539 2221 2568 de·

1264 2586 1409 2613 monstrant
1418 2585 1488 2612 clare
1501 2603 1510 2617 ,
1529 2589 1558 2613 τὶ
1569 2585 1627 2610 mille
1637 2583 1800 2617 adjeffivum
1812 2591 1918 2608 manere
1928 2582 1955 2607 in
1967 2582 2013 2606 hac
2023 2578 2222 2615 compositione,

1263 2626 1293 2650 τὸ
1303 2623 1425 2648 denarium
1436 2628 1523 2648 autem
1536 2640 1543 2652 ,
1563 2619 1703 2646 i11te11e5t0
1713 2628 1749 2651 τῷ
1758 2628 1877 2645 nummum
1889 2637 1897 2649 ,
1917 2616 2070 2647 substantivi
2081 2615 2163 2641 vicem
2173 2621 2222 2648 ge-

1265 2668 1334 2691 rere,
1344 2660 1527 2693 &utrumque
1538 2656 1588 2682 effe
1598 2656 1709 2691 genitivi
1722 2656 1805 2682 casus.
1825 2657 1927 2680 Gromv.

1301 2695 1328 2721 8.
1353 2698 1393 2728 (Ut
1399 2692 1598 2726 pretor-assolent)
1607 2692 1758 2725 sac'lafint.]
1771 2691 1813 2717 Sic
1824 2689 1972 2721 Vicini-ius,
1983 2695 2067 2722 neque
2077 2685 2145 2712 secus
2156 2683 2222 2710 olim
2343 2682 2346 2694 ’
2362 2707 2367 2723 1

1266 2731 1317 2758 cust
1330 2750 1339 2762 ‚
1358 2729 1541 2765 subsequentes
1561 2728 1630 2754 enini
1641 2727 1725 2754 aetatis
1737 2726 1847 2753 minoris
1867 2725 2040 2752 interseruerc
2051 2721 2126 2754 solent
2135 2720 2223 2750 dicere,
2341 2704 2346 2738 l
2361 2726 2368 2784 I

1268 2767 1307 2793 vel
1320 2767 1417 2792 edicere.
1428 2773 1456 2792 at
1467 2765 1538 2791 enim
1551 2763 1739 2799 Pal.pr.adhuc
1750 2762 1847 2789 resecat
1857 2760 1923 2788 illud
1930 2757 2104 2794 faHafimr-St
2116 2754 2222 2791 perpla-
2341 2758 2342 2761 ’

1265 2810 1337 2830 cerer
1347 2801 1494 2829 dummodo
1506 2807 1656 2827 annuerent
1667 2800 1727 2826 huic
1737 2797 1873 2835 aposiopefi
1891 2797 1949 2824 aliae
1962 2795 2043 2822 etiam
2054 2791 2222 2818 membranae.
2341 2796 2343 2813 ι
2357 2785 2368 2894 i

2362 2896 2368 2918 9

1301 2847 1333 2873 9.
1352 2838 1412 2864 Ciam
1424 2838 1639 2872 fitisinlmmanm
1650 2854 1658 2867 ‚
1676 2836 1743 2869 ἀνω]
1765 2834 1859 2860 Malim
1879 2832 1935 2859 fere
1951 2831 2003 2857 haec
2012 2828 2100 2856 omnia
2109 2826 2221 2854 attribui

1267 2874 1449 2911 respondenti,
1462 2872 1639 2907 connectique
1654 2881 1724 2903 cum,
1736 2873 1793 2897 Vite
1801 2870 1910 2901 &saluti
1919 2865 2078 2898 consulendum
2088 2866 2133 2889 ert.

1306 2919 1347 2938 10.
1366 2910 1496 2943 ‘Promisi'ſjb
1506 2909 1584 2934 nollem
1596 2927 1604 2939 ,
1622 2909 1687 2939 &id
1695 2908 1800 2932 arbitror
1814 2905 1882 2937 fusJffe
1895 2901 2038 2935 gra-nitatis.
2052 2900 2096 2933 sed
2113 2901 2225 2933 quoniam

1264 2948 1367 2980 promisit
1380 2966 1388 2978 ,
1408 2946 1476 2979 &c.]
1500 2945 1606 2971 Horum
1618 2943 1683 2970 nihil
1694 2941 1812 2969 exstatin
1825 2939 1882 2966 Pal.
1893 2947 1934 2974 pr.
1954 2937 2000 2963 nisi
2019 2935 2050 2962 ad
2061 2943 2133 2962 oram
2146 2943 2225 2961 manu

1270 2983 1426 3010 recentiori.

1308 3028 1348 3046 ιι.
1368 3021 1486 3045 sublatus
1496 3019 1546 3049 efl‚·
1569 3022 1640 3049 atque
1657 3013 1757 3046 insanus
1768 3010 1817 3045 quc}
1837 3012 1937 3044 constitit
1948 3028 1956 3041 ‚
1974 3008 2040 3042 dyc]
2061 3007 2104 3033 Sic
2113 3006 2228 3032 collocat
2364 3031 2366 3037 ¹

1268 3065 1346 3082 voces
1361 3054 1495 3081 Palatinus
1509 3071 1518 3085 ,
1535 3052 1599 3078 item
1612 3047 1732 3075 Lilienfis
1743 3046 1863 3074 Suffridi.
1884 3045 2044 3072 Gulielmius
2064 3043 2163 3070 format
2173 3041 2226 3067 liaec
2364 3052 2366 3065 ι

1269 3092 1295 3118 in
1308 3090 1413 3117 versun-i
1426 3090 1474 3115 lioc
1487 3087 1566 3114 modo
1578 3097 1584 3113 z
1604 3087 1729 3111 sublatur?
1741 3103 1750 3115 ‚
1761 3083 1939 3117 atqucwinsanue
1948 3081 1995 3118 qud
2005 3081 2107 3115 constitit
2113 3081 2175 3104 itin.
2194 3085 2229 3103 ex

2109 3158 2132 3178 ι.
2142 3149 2240 3183 Qum?
