2295 3400
138 160 239 209 442
549 141 1052 193 MTuLLm
1117 141 1662 188 creationis

137 229 298 262 versatum?
308 226 374 269 quis
385 235 455 257 enm
466 234 568 256 contra
578 221 702 266 patriam
713 231 897 264 pugnantem
910 218 1028 262 periiss‘e
1038 221 1098 250 mi·
1124 225 1127 240 ,-
1142 229 1244 254 menta
1262 222 1344 253 urbis
1355 241 1363 256 ,
1384 222 1418 253 δε
1430 222 1510 258 fori,
1528 234 1650 266 propter
1668 225 1785 256 summa
1801 218 1896 256 studia
1915 219 2102 261 amicornm}

142 281 323 312 utrumquem
335 271 449 308 semper
458 277 566 298 omncs
574 267 609 297 ad
621 267 711 296 civile
722 267 914 296 latrocinium
928 273 1030 294 natum
1041 273 1098 303 pu·
1122 276 1125 302 i
1162 275 1208 305 με
1220 274 1320 295 tamen
1331 267 1357 294 ei
1369 265 1429 295 sola
1438 267 1471 295 in
1481 269 1568 297 malis
1578 267 1746 298 restiterunt
1762 279 1767 297 :
1788 267 1884 298 abfuit
1893 267 1928 298 ab
1939 268 2035 298 oculis
2046 272 2101 299 ve*

145 322 281 344 taverunt
293 315 302 339 ?
314 313 390 352 Qis
402 309 524 340 Lentuli
536 309 688 340 societates
698 317 769 337 cum
780 306 1013 346 indicibus‚quis
1023 305 1100 336 insa·
1122 312 1124 342 ξ
1146 309 1157 338 i
1173 317 1228 338 ris:
1249 308 1281 337 δε
1294 327 1301 340 ,
1321 305 1392 336 cum
1406 307 1470 348 lege
1478 310 1670 344 retineretur5
1687 311 1746 350 ipse
1757 311 1785 341 se
1795 310 1913 340 exsulio
1922 309 2008 350 paene
2021 311 2102 340 mul-

146 365 227 387 niam
241 351 674 392 irbadmumquisperversam,
684 358 770 391 atque
782 351 907 395 impiam
918 349 1097 388 religionem
1122 358 1124 361 ·
1145 351 1230 380 tavit.
1254 350 1357 379 Inlioc
1367 357 1425 378 vos
1433 349 1660 391 pudorejudicii
1674 373 1682 385 ,
1699 353 1772 382 &in
1785 353 1836 382 hac
1846 354 1906 382 vita
1921 373 1928 386 ‚
1948 360 2029 382 tanto
2039 353 2102 382 sce-

146 396 334 427 recordatur,
347 395 498 435 quiillum
511 397 519 412 ¹
532 402 581 423 aut
590 392 702 422 nefarie
716 389 865 432 cogitasse,
878 399 927 420 aut
936 389 1023 420 stulte
1036 389 1100 428 spe·
1122 385 1124 423 i
1148 392 1199 422 leri
1219 392 1321 421 locum
1340 388 1427 421 fuisse
1443 390 1587 422 creditis?
1610 394 1760 434 Adspicite
1776 394 1874 434 ipsum
1888 405 1893 422 z
1911 394 2102 424 contuemini
2129 397 2132 421 ἶ

145 437 216 468 mise
228 439 354 466 miretur
366 439 374 465 ?
385 437 460 475 Qus
470 435 507 465 dc
519 437 552 464 C.
565 435 796 475 Cethego‚atque
807 433 869 472 ejus
879 434 913 462 in
923 432 1103 472 Hispaniam
1123 430 1125 467 ὲ
1151 443 1186 463 os
1199 445 1204 463 ;
1219 432 1234 453 6
1243 433 1362 472 conserte
1373 433 1474 462 crimen
1484 443 1548 462 mm
1556 434 1620 464 vita
1628 446 1638 462 .-
1647 438 1753 468 vitam,
1764 436 1800 465 ab
1811 437 1900 466 initio
1909 435 1946 466 ad
1959 437 2104 466 boetem-

147 477 335 520 prosec'tione
345 498 354 512 ‚
374 487 405 507 ac
417 477 453 507 cle
463 477 587 506 vulnere
596 475 761 517 QMeteIli
772 475 816 519 l‘ii
827 475 936 515 cogitat
946 493 954 507 ,
975 475 1023 504 cui
1037 481 1100 502 non
1124 486 1125 517 ζ
1145 485 1201 515 pu:
1213 475 1390 515 explicatam
1401 495 1409 508 ‚
1429 485 1500 505 cum
1509 478 1638 506 crimine
1647 478 1860 517 recognoscite.
1883 479 1974 508 mitto
1981 487 2105 518 rempu-

149 521 184 550 ad
199 520 282 549 illius
300 529 422 559 poenam
438 527 535 549 carcer
553 517 714 549 aedificatus
733 515 789 547 esic
805 516 940 546 videatur
959 521 969 547 ?
988 517 1101 544 omitto
1124 531 1127 561 3
1146 519 1255 548 blicam
1267 537 1275 551 ‚
1299 527 1365 557 quae
1381 515 1440 546 fuit
1457 517 1573 557 semper
1582 518 1671 548 Sulla:
1687 517 1852 548 carifl’ima:
1870 519 1964 548 hosne
1973 521 2100 553 amico&-

148 571 262 592 (σιω-οε
272 581 280 595 ,
293 571 329 591 ne
339 560 371 591 sit
384 559 541 590 infmitum
555 571 560 589 t
579 569 698 590 tantum
709 558 899 598 avobispeto
909 577 917 591 ,
932 566 965 587 ut
976 559 1054 588 taciti
1067 556 1102 585 de

150 604 296 634 ominbus
304 623 313 637 ,
325 613 401 644 quos
411 600 575 636 coniurasse
584 603 741 643 cognitum
750 600 792 642 est
803 620 811 633 ,
820 601 968 640 cogitetis.
992 598 1102 628 intelli-

148 647 222 683 getis
234 665 242 678 ‚
264 654 514 685 unumquemque
523 645 647 674 illorum
658 642 740 683 priris
750 654 767 671 a
782 642 836 682 sna
846 650 911 670 vira
923 661 930 674 ‚
943 642 1033 681 quam
1049 649 1104 669 no-

150 684 206 718 'stra
224 687 389 726 suspicione
409 685 466 716 ess'e
486 686 675 716 damnatum.
698 685 801 725 Ipsum
822 684 907 713 illum
920 682 1103 712 Autronium

150 729 308 769 (quoniam
325 730 388 767 ejus
407 738 524 758 nomen
543 727 710 757 finitimum
730 726 864 756 maxime
889 725 932 755 est
949 724 1037 763 hujus
1055 732 1106 762 pe—

150 771 247 801 riculo
259 791 267 803 ,
287 770 318 800 &
329 771 466 809 crimini)
483 773 498 789 2
510 778 572 799 non
584 769 632 799 sua
643 770 703 799 haec
714 771 773 798 vita
783 769 938 798 convincit
952 767 963 791 ?
993 766 1107 809 semper

151 812 410 851 nudamini-iulans,
422 811 611 841 libidinosus.
633 820 724 851 quem
739 812 769 839 in
781 809 950 848 stuprorum
960 805 1109 837 detensio-

151 854 241 884 nibus
251 864 314 883 non
326 851 530 883 solnm-verbu
543 855 584 882 uti
604 849 830 891 improbiffimis
844 851 968 880 solitum
986 846 1043 878 effe
1054 848 1110 877 scl-
1130 848 1131 859 ¹

155 905 224 925 mus
236 916 243 928 ⁷
263 894 372 925 vei-iim
382 897 470 925 etiam
485 896 593 936 pugnis
603 915 610 927 ‚
637 895 669 923 δε
680 893 810 923 calcibus
821 912 828 926 ‚
850 901 941 932 quem
953 889 1108 920 exturbare

154 939 296 968 homines
306 936 322 966 ὲ
331 935 559 977 posseffionibus
572 955 580 970 ‚
601 935 713 966 caedem
725 933 818 964 faeere
831 935 1002 963 vicinorum
1015 951 1022 965 ‚
1039 931 1110 970 spo-

154 979 224 1009 lim-e
243 977 310 1008 fana
328 980 477 1009 sociorum
490 998 498 1012 ,
516 980 547 1006 vi
556 985 698 1008 conatum
710 976 743 1006 δε
755 977 847 1006 armis
859 974 1021 1004 disturbare
1028 972 1110 1013 judi-

154 1023 198 1051 cia
209 1040 218 1054 ,
237 1022 270 1050 in
282 1020 370 1050 bonis
380 1020 467 1050 rebus
477 1022 597 1049 omneis
606 1027 802 1048 contemnere
814 1037 822 1051 ‚
840 1018 873 1046 in
884 1017 971 1046 malis
982 1023 1110 1055 pugnare

155 1071 257 1093 contra
276 1062 375 1092 bonos
387 1082 394 1094 ‚
415 1071 478 1091 non
497 1061 669 1100 reipublicae
687 1059 788 1090 cedere
800 1079 809 1092 ‚
830 1069 892 1088 non
910 1057 1038 1088 fortunat
1060 1054 1112 1096 ipsi

156 1104 357 1134 succumbere.
383 1104 470 1143 hujus
481 1102 499 1132 si
508 1102 590 1132 causa
599 1112 662 1132 non
673 1099 919 1132 manifestissimis
931 1100 1017 1129 rebus
1028 1108 1112 1128 tene—

155 1155 236 1175 retur
256 1166 264 1178 ,
290 1154 388 1175 tamen
409 1154 479 1174 eum
500 1153 600 1174 mores
618 1143 706 1184 ipsius
726 1163 734 1177 ‚
757 1153 790 1173 ac
808 1145 868 1172 vita
884 1143 1112 1172 convincerent.

95 1198 139 1232 25
159 1191 173 1216 3
185 1187 321 1228 Agedum
336 1207 351 1218 ,.
363 1185 497 1216 conferte
515 1195 596 1216 nunc
609 1196 679 1216 curn
693 1185 776 1214 illius
788 1187 849 1214 vita
862 1186 953 1214 vitam
969 1186 1001 1213 P.
1011 1182 1113 1214 Sullae,

156 1229 245 1260 vobis
254 1249 270 1262 ‚⁴
284 1228 457 1268 populoque
467 1230 611 1258 Romano
622 1225 805 1258 notissimam
823 1246 830 1259 ‚
851 1225 963 1263 judices
973 1245 980 1258 ‚
1004 1224 1036 1253 &
1046 1232 1112 1253 earn

155 1279 223 1301 ante
233 1271 337 1300 oculos
347 1269 461 1299 vestros
471 1271 640 1310 proponite.
665 1268 789 1309 Ecquod
806 1269 894 1303 liujus
910 1266 1024 1296 factum
1038 1285 1046 1299 ‚
1065 1272 1115 1294 aut

155 1310 353 1343 commiss'um
363 1321 429 1341 non
437 1311 535 1341 dicam
544 1311 682 1342 audacius
694 1331 701 1344 ,
722 1310 770 1340 sed
781 1309 862 1350 quod
876 1311 1015 1349 cuiquam
1032 1306 1116 1347 paul—

157 1353 198 1385 Ιὸ,
211 1355 304 1383 minus
322 1353 519 1394 consideratum
535 1353 706 1383 videretur?
725 1350 839 1381 stastum
854 1360 963 1392 quaero.
987 1349 1115 1379 verbum

157 1395 428 1437 ecquodurnqu'am
441 1405 478 1425 ex
488 1405 538 1425 ore
548 1396 637 1433 hujus
646 1393 760 1424 excidit
768 1413 776 1426 ‚
789 1392 868 1423 unde
879 1391 1036 1433 quisquam
1046 1389 1115 1430 pos-

158 1438 201 1468 set
212 1435 329 1467 offendi
346 1440 356 1465 ?
379 1440 418 1467 At
432 1435 506 1467 vero
519 1439 550 1466 in
565 1437 616 1467 illa
624 1438 704 1477 gravi
717 1437 751 1466 L.
762 1435 852 1465 Sullae
862 1433 998 1467 viEtoria‚
1011 1431 1116 1463 turbu·

159 1479 308 1520 lentaque,
318 1481 383 1519 quis
394 1479 508 1509 P.Siilla
518 1480 634 1508 mitior?
644 1479 735 1518 4quis
745 1476 968 1506 misericordior
976 1477 1117 1505 inventus

160 1519 224 1551 est?
242 1520 332 1561 quatri
353 1520 521 1550 multorum
536 1522 586 1550 hic
598 1522 691 1550 vitam
704 1517 748 1549 est
760 1518 776 1548 ὲ
789 1518 909 1548 Β8ιι113
923 1517 1092 1557 deprecatus
1107 1516 1113 1543 l

160 1562 252 1603 quam
266 1563 435 1592 multisunt
448 1562 561 1592 summi
574 1562 734 1594 homines,
755 1557 991 1592 &ornatiffimi,
1015 1558 1047 1587 &
1058 1566 1116 1586 no-

162 1605 212 1634 stri
225 1623 233 1637 ,
255 1603 440 1644 &equestris
457 1604 572 1634 ordinis
583 1623 590 1636 ‚
610 1610 741 1644 quorum
754 1611 808 1641 pro
823 1601 911 1631 salute
928 1601 956 1630 se
970 1601 1017 1629 hic
1027 1598 1117 1629 Sullae

161 1646 329 1687 obligavit?
348 1655 423 1685 quos
434 1655 489 1687 ego
498 1647 691 1675 nominarem
705 1654 710 1672 t
730 1653 826 1683 neque
836 1645 920 1672 enim
933 1640 983 1681 ipsi
996 1641 1118 1672 nolunt,

163 1688 197 1717 δι’.
208 1688 278 1717 huie
288 1707 295 1719 ‚
311 1696 415 1716 animo
424 1685 589 1728 gratifl'imo
599 1706 607 1720 ,
621 1686 739 1716 adsunt:
757 1684 804 1715 sed
814 1686 884 1725 quia
894 1686 986 1723 majus
996 1682 1030 1719 est
1041 1681 1119 1711 bene-

157 1726 261 1767 finum
273 1749 281 1761 ,
294 1737 384 1768 quarn
395 1727 476 1768 poss'e
487 1728 575 1758 debet
584 1730 657 1758 civis
667 1729 728 1757 civi
738 1726 805 1756 dare
817 1747 824 1759 ,
836 1725 904 1755 rdet>
915 1727 930 1755 a
939 1726 1025 1755 vobis
1036 1732 1117 1764 peto,

164 1780 198 1800 ut
208 1790 216 1803 ‚
228 1772 310 1811 quod
322 1774 438 1809 potuit,
452 1771 581 1810 tempori
591 1769 741 1800 tribuatis:
759 1767 841 1809 quod
852 1767 938 1801 fecit,
952 1765 1013 1807 ipsi.
1038 1765 1118 1806 Qid

160 1812 308 1852 reliquam
319 1811 517 1842 constantiam
527 1813 597 1842 vitae
607 1819 848 1841 commemorem
858 1809 1053 1852 ?dignitatem
1063 1811 1072 1836 ?
1082 1808 1117 1836 li—

163 1853 366 1883 beralitatem?
381 1852 621 1883 moderationem
633 1862 666 1882 in
674 1854 796 1892 privatis
808 1851 895 1881 rebus
907 1855 918 1880 ?
928 1850 1119 1891 splendorem

164 1897 198 1925 in
210 1895 353 1934 publicis,
373 1904 439 1934 quae
453 1895 494 1925 ita
510 1895 526 1925 a
538 1894 659 1934 fortuna
672 1894 835 1924 deformata
845 1894 912 1923 sunt
923 1913 932 1926 ,
952 1902 984 1922 ut
993 1900 1093 1921 tamen
1104 1889 1120 1920 a

164 1937 418 1966 „amminehoata
427 1945 628 1976 compareant.
651 1936 726 1977 Qae
736 1935 845 1965 domus
856 1938 866 1964 ?
883 1943 947 1975 quae
958 1933 1119 1964 celebratio

164 1978 360 2017 quotidiana?
376 1987 442 2018 quae
457 1977 613 2008 familiaris
631 1977 758 2020 dignitas
777 1980 788 2006 ?
809 1986 874 2017 quae
895 1975 989 2005 studia
1007 1976 1122 2005 amico-

167 2029 234 2049 rum
247 2023 257 2049 ἓ
269 2029 334 2060 quae
345 2029 383 2049 ex
392 2030 513 2060 quoque
523 2019 630 2050 ordine
639 2018 803 2049 multitudo
815 2022 826 2048 ἓ
849 2021 862 2045 5
871 2020 947 2048 Haec
956 2017 1008 2047 diu
1018 2037 1026 2051 ‚
1039 2016 1121 2045 mul-

166 2069 292 2102 tumque
302 2081 310 2095 ‚
329 2061 361 2092 &
371 2062 470 2091 multo
480 2062 579 2091 labore
588 2060 704 2102 quaesita
713 2081 721 2095 ,
737 2069 797 2090 una
807 2061 915 2101 eripuit
924 2061 1003 2089 liora.
1028 2062 1121 2088 Acce-

166 2104 211 2142 pit
220 2106 250 2133 P⁴
261 2103 340 2133 Sulla
350 2123 358 2137 ,
375 2104 386 2143 j
392 2103 493 2134 udices
504 2124 513 2137 ,
531 2104 697 2133 vehemens
712 2103 823 2132 vulnus
835 2122 843 2136 ‚
863 2102 896 2132 &
915 2099 1118 2131 mortiferum:

169 2154 376 2175 verumtamen
394 2145 543 2184 ejusmodi
555 2165 564 2178 ,
586 2144 666 2185 quod
682 2145 834 2174 videretur
850 2144 917 2184 ejus
934 2145 1012 2177 vita,
1027 2143 1059 2172 &
1070 2151 1123 2172 na-

170 2194 233 2216 tura
249 2188 379 2226 accipere
396 2185 532 2226 potuisse.
556 2185 727 2216 Honestatis
739 2206 747 2219 ,
771 2186 803 2215 &
822 2185 973 2227 dignitatis
991 2182 1123 2215 habuisse

170 2229 266 2258 nimis
282 2238 420 2269 magnam
435 2229 585 2268 judicatus
601 2227 644 2258 est
659 2227 853 2267 cupiditatem
867 2238 871 2256 z
888 2237 978 2267 quam
992 2225 1012 2256 si
1027 2236 1121 2256 nemo

168 2270 245 2300 alius
261 2269 364 2300 habuit
378 2272 412 2300 in
427 2271 582 2301 consulatu
597 2270 748 2309 petendo,
768 2268 1063 2308 cupidiorjudicatus
1080 2267 1122 2298 est

169 2312 218 2341 hic
227 2309 316 2341 fuisse
328 2331 335 2345 ‚
355 2312 446 2352 quam
464 2314 562 2342 ceteri.
586 2311 628 2341 sin
647 2313 737 2341 etiam
756 2312 789 2340 in
807 2311 873 2340 aliis
889 2311 1048 2340 nonnullis
1066 2309 1125 2339 fuit

169 2353 225 2383 istc
239 2353 410 2383 consulatus
420 2363 505 2383 amor
517 2365 521 2382 :
541 2352 663 2383 fortuna
676 2354 708 2382 in
723 2354 780 2382 hoc
791 2351 850 2381 fuit
859 2350 978 2381 fortass'e
992 2353 1121 2392 gravior,

171 2394 261 2435 quim
276 2397 309 2424 in
322 2403 435 2425 ceteris.
461 2394 565 2426 Postea
573 2394 645 2424 vero
655 2397 722 2435 quis
734 2396 766 2424 Ρ.
776 2393 887 2423 Sullam
901 2414 909 2426 ‚
928 2391 982 2422 nisi
993 2401 1124 2422 moeren-

173 2445 232 2466 tem
245 2457 253 2469 ‚
268 2435 430 2467 demissum
441 2456 449 2470 ,
463 2435 670 2476 afilia-umque
681 2435 776 2466 vidit?
791 2437 857 2476 quis
868 2444 1012 2475 umquam
1024 2433 1065 2463 est
1076 2434 1124 2464 su-

171 2478 295 2517 spicatus
305 2499 313 2511 ,
325 2480 404 2509 hunc
415 2479 507 2520 magis
518 2478 591 2508 odio
602 2498 609 2512 ‚
622 2478 712 2518 quarn
725 2476 836 2517 pudore
847 2478 1011 2507 hominum
1023 2475 1124 2516 adspe—

174 2521 256 2550 kttim
268 2540 278 2555 ‚
295 2522 439 2562 lucemque
456 2529 550 2550 vitare
568 2524 580 2550 ἓ
602 2522 663 2560 Qui
681 2520 752 2551 cum
766 2519 862 2550 multa
876 2519 998 2549 haberet
1014 2520 1124 2549 invita-

212 2650 235 2666 ι.
255 2644 319 2667 estat
335 2642 425 2673 ›reflat-i&
432 2643 534 2674 :rigiraffl-
545 2661 553 2672 ,
572 2642 690 2674 autsttilti?
700 2642 804 2675 speraeiy'}
821 2645 921 2667 miretur
932 2642 964 2676 ?]
985 2642 1026 2667 lta
1045 2650 1127 2668 venu-

175 2675 279 2702 stimme
291 2678 462 2711 'ruiii=g⁴1c·.is.
482 2677 595 2703 chmt:
605 2677 737 2712 cogitarat
745 2678 836 2713 pati-'irc
847 2677 1006 2704 eversionem
1021 2697 1029 2708 ‚
1049 2677 1128 2704 stulte

175 2712 289 2748 spei-arat
300 2721 409 2747 regnum
423 2733 429 2745 ‚
441 2715 493 2739 Sec.
518 2713 626 2749 vulgata
646 2721 689 2739 aut
698 2715 841 2748 nefarieaut
851 2714 923 2748 stuli)
940 2714 1043 2747 cogitaffe
1060 2717 1132 2739 mirt-

176 2755 217 2774 tur
227 2752 237 2774 ἓ

214 2793 241 2809 2.
261 2785 372 2819 ‘Ngmsim
384 2786 428 2810 ἐκ(
436 2788 494 2810 esim
503 2785 644 2820 convincit]
657 2785 782 2822 Vulgata,
793 2795 846 2820 non,
855 2795 889 2812 ua
898 2795 938 2811 con
948 2792 1030 2812 ummo
1040 2794 1069 2811 ac
1076 2788 1133 2812 vita

174 2823 303 2845 nminat.
324 2821 391 2846 male
405 2841 412 2851 ,
432 2824 503 2847 eei-te
515 2829 606 2847 contra
626 2821 771 2849 editionem
790 2823 850 2849 :inni
870 2830 1082 2848 ccccmtxxiit.
1103 2823 1130 2848 &

178 2856 246 2882 Pan.
257 2858 328 2882 octo.
350 2867 416 2892 qnos
429 2857 443 2883 si
454 2857 549 2884 liberet
560 2866 685 2886 excutere
698 2878 706 2890 ‚
726 2859 810 2885 multa
819 2859 941 2885 tollerem
953 2857 1036 2884 adhuc
1046 2857 1131 2894 sphal-

178 2899 258 2918 mata.
278 2901 346 2918 nunc
356 2892 421 2919 istud
433 2902 526 2919 moneo
538 2901 640 2920 tantuin
653 2905 658 2921 :
682 2905 714 2921 ne
724 2895 888 2921 arbitrentur
899 2894 1017 2921 homines
1034 2913 1041 2926 ,
1053 2894 1131 2921 Cice-

180 2928 236 2955 roni
251 2927 313 2953 niliil
323 2928 375 2961 jani
387 2930 498 2965 amplius
510 2930 582 2962 addi,
593 2930 659 2956 nihil
670 2931 768 2957 auferri
780 2931 859 2967 posse.
870 2931 925 2958 imo
936 2929 1012 2957 nullo
1022 2930 1132 2957 aufitore

181 2963 334 2990 hodiernam
347 2965 372 2989 in
384 2965 454 2991 diem
467 2966 568 2992 utimur
579 2967 723 2993 vitiosiore.

218 3008 231 3033 3
240 3021 245 3026 .
263 3001 380 3033 <Agedum
389 3002 511 3035 conferres]
537 3002 614 3028 Haud
625 3002 704 3030 aliter
715 3003 782 3030 l’all.
795 3013 819 3030 1.
838 3002 981 3030 Lambinus
992 3003 1062 3029 enim
1074 3005 1132 3035 Agi-

175 3038 267 3063 21d1‹m‚
279 3044 373 3071 proetei·
383 3036 473 3062 libros.
486 3037 569 3072 sicque
580 3038 731 3073 Propertius
743 3050 749 3065 :
772 3043 809 3066 En
819 3040 925 3073 agedum,
936 3040 1029 3066 dominae
1038 3046 1133 3064 mentem

180 3075 306 3097 convertite
323 3074 400 3101 nostri:
411 3092 418 3104 ‚
432 3073 482 3103 &⁶-
503 3082 660 3108 quamquain
681 3075 759 3101 veliin
772 3076 835 3102 mibi
856 3074 971 3111 ignoscat
990 3074 1075 3101 lecim·
1087 3094 1095 3107 ,
1114 3073 1131 3100 si

181 3108 301 3144 deinceps
315 3108 396 3134 rarius
417 3117 541 3135 aiinotein
562 3111 720 3137 imitationes
740 3111 794 3146 ejus
805 3111 968 3138 temerarias.
989 3111 1031 3137 nbi
1051 3110 1083 3137 ab
1101 3120 1132 3137 co

182 3143 274 3170 recedo
286 3154 292 3175 3
311 3144 371 3170 sciat
383 3143 439 3170 fieri
450 3144 500 3171 side
512 3145 722 3174 membranarum
734 3154 866 3177 veterum.
885 3157 947 3177 nam
956 3147 1132 3177 histcjmmo-

180 3180 358 3213 tai·i,‚niillum
371 3179 446 3209 rideo
457 3190 540 3218 operae
552 3181 681 3217 pretium.

1150 560 1233 590 taleis
1241 560 1322 589 viros
1332 578 1341 592 ,
1362 567 1422 588 tarn
1435 559 1561 599 cupidos
1576 560 1619 589 sui
1630 578 1639 593 ,
1660 569 1712 600 per
1729 569 1805 600 quos
1823 569 1867 589 res
1886 561 1949 596 ejus
1968 561 2103 591 secund-ai

1149 600 1304 642 quondam
1316 609 1400 631 erant
1407 610 1516 631 ornata:
1528 621 1536 634 ,
1551 611 1632 631 nunc
1643 601 1969 632 subleivanturadveisae
1978 621 1986 636 ‚
2001 602 2106 632 crude·-

1126 636 1128 670 ’ῑ
1150 641 1258 673 liffime
1267 643 1362 683 perire
1373 643 1472 672 voluit
1481 663 1489 677 ‚
1511 651 1621 673 utcum
1633 643 1765 673 Lentulo
1775 663 1783 676 ,
1803 643 1835 673 ὃς
1847 644 1973 674 Catilina
1984 663 1992 678 ‚
2008 643 2040 674 ὃς
2051 646 2108 674 Ce-

1127 706 1129 723 s
1149 687 1238 727 thego
1266 682 1461 715 foediffimam
1488 687 1583 715 vitam
1608 704 1617 718 ,
1643 695 1675 715 ac
1694 685 1894 715 miserrimam
1905 705 1914 719 ‚
1943 684 2107 726 turpiffima

1155 736 1253 757 morte
1262 725 1408 767 proposita
1419 746 1427 760 ,
1441 726 1558 769 degeret
1570 730 1581 755 ?
1605 729 1679 757 Non
1693 746 1702 761 ‚
1716 726 1794 757 cadit
1804 747 1812 760 ‚
1828 737 1892 757 non
1903 729 2026 768 inquam
2039 748 2047 762 ‚
2059 737 2108 758 ca·

1151 769 1196 798 dit
1208 771 1241 798 in
1255 769 1309 798 hos
1320 777 1421 798 mores
1432 789 1442 801 ‚
1453 779 1516 799 non
1527 771 1559 798 in
1571 769 1652 798 hunc
1661 769 1808 808 pudorem
1821 789 1829 802 ‚
1851 779 1915 799 non
1926 770 1958 798 in
1972 771 2046 800 hanc
2059 771 2109 799 vi—

1153 820 1213 840 tam
1225 830 1234 844 ‚
1253 812 1362 840 nonin
1379 811 1460 840 hunc
1472 812 1633 840 hominem
1650 810 1703 840 ista
1722 811 1858 850 suspicio.
1882 820 1961 840 nova
1970 810 2106 852 quaedam

1159 852 1207 882 illa
1217 853 1389 881 immanitas
1399 860 1503 882 exorta
1512 851 1567 882 est:
1580 852 1765 882 incredibilis
1776 852 1845 885 fuit,
1856 862 1888 882 ac
1898 850 2050 893 singularis
2059 852 2109 882 fu-

1154 903 1204 923 ror
1218 903 1224 922 :
1248 903 1286 923 ex
1296 893 1401 923 multis
1411 894 1447 923 ab
1455 894 1653 924 adolescentia
1662 893 1797 925 collec‘ns
1807 894 1994 934 perditorum
2006 896 2112 924 homi·

1154 945 1230 965 num
1243 936 1323 965 vitiis
1337 935 1458 975 repente
1471 944 1549 966 tanta
1562 934 1614 965 ista
1628 937 1840 976 importunitas
1854 936 1983 966 inauditi
1995 936 2112 966 sceleris

1154 975 1268 1007 exarsit.
1292 976 1397 1006 Nolite
1408 997 1416 1010 ‚
1434 977 1568 1017 judices,
1583 977 1733 1011 arbitrari,
1746 978 1908 1007 hominum
1922 978 2010 1007 illum
2024 978 2111 1019 impe-

1132 1046 1135 1060 «
1157 1027 1220 1047 rum
1229 1039 1236 1052 ‚
1250 1018 1424 1051 &conatum
1433 1017 1530 1049 fuisse.
1554 1028 1592 1048 ne
1615 1029 1652 1049 ue
1662 1020 1746 1049 enim
1757 1019 1816 1049 ulla
1826 1029 1897 1061 gens
1909 1028 1969 1050 tam
1981 1020 2109 1052 barbara,

1155 1069 1205 1090 aut
1214 1069 1274 1090 tam
1284 1061 1428 1090 immanis
1437 1070 1581 1101 umquam
1599 1064 1651 1090 uit
1660 1080 1667 1094 ,
1687 1071 1719 1090 in
1730 1071 1788 1101 qua
1798 1071 1860 1091 non
1873 1061 1967 1091 modo
1980 1070 2024 1091 tot
2034 1082 2042 1095 ,
2062 1061 2110 1091 sed

1157 1111 1235 1132 unus
1249 1110 1309 1132 tarn
1322 1101 1451 1132 crudelis
1466 1101 1559 1132 hostis
1573 1104 1673 1143 patriae
1690 1101 1723 1132 sit
1735 1112 1888 1133 inventus.
1913 1103 2019 1133 belluae
2031 1104 2111 1144 quaess

1158 1144 1228 1174 dam
1238 1143 1297 1173 illae
1306 1152 1343 1173 ex
1355 1146 1500 1183 portentis
1511 1146 1661 1174 immanes
1673 1163 1681 1177 ,
1693 1154 1724 1174 ac
1734 1143 1803 1174 fercc
1817 1165 1824 1178 ,
1838 1144 1936 1174 forma
1946 1146 2111 1174 hominurn

1156 1185 1269 1215 indutae
1278 1204 1287 1218 ‚
1300 1184 1487 1214 exstiterunt.
1503 1185 1658 1225 perspicite
1667 1187 1758 1215 etiam
1767 1195 1854 1226 atque
1863 1187 1953 1215 etiam
1964 1206 1973 1219 ,
1981 1186 1992 1225 j
1998 1186 2119 1216 udices‚.

1158 1227 1238 1257 nihil
1249 1228 1333 1256 enim
1344 1225 1388 1256 est
1397 1246 1405 1260 ‚
1425 1227 1506 1267 quod
1520 1229 1553 1256 in
1565 1229 1618 1256 hac
1629 1227 1712 1256 causa
1722 1227 1780 1257 dici
1793 1225 1881 1267 poffit
1890 1225 2114 1257 vehementius.

1158 1269 1280 1309 penitus
1289 1269 1473 1308 introspicite
1483 1268 1618 1298 Catilina:
1631 1288 1639 1301 ,
1651 1270 1810 1302 Autronii,
1823 1269 1944 1310 Cethegi
1956 1289 1963 1302 ,
1975 1269 2114 1305 Lentuli,

1159 1319 1387 1350 ceterorumque
1399 1312 1540 1340 menteis.
1563 1320 1634 1351 quas
1644 1319 1699 1340 vos
1709 1312 1742 1340 in
1752 1311 1798 1340 his
1809 1310 1951 1340 libidines
1961 1331 1970 1344 ,
1983 1321 2047 1351 quae
2059 1310 2113 1341 fla-

1159 1354 1229 1394 gitia
1242 1373 1250 1385 ‚
1269 1361 1339 1392 quas
1349 1351 1548 1392 turpitudines
1559 1372 1566 1386 ‚
1582 1361 1705 1393 quantas
1714 1352 1847 1382 audacias
1857 1372 1865 1385 ‚
1882 1353 1973 1392 quam
1983 1352 2114 1383 incredi-

1160 1394 1247 1424 bileis
1257 1393 1372 1423 furores
1382 1403 1475 1434 ,quas
1485 1403 1570 1424 notas
1580 1393 1736 1427 scelerum,
1745 1404 1809 1435 quae
1821 1395 1929 1424 indicia
1938 1394 2116 1433 parricidio-

1160 1445 1227 1465 rum
1240 1455 1248 1468 ‚
1263 1445 1390 1476 quantos
1400 1435 1681 1476 acervnsfacinorum
1689 1438 1860 1476 reperietis?
1873 1445 1911 1465 ex
1925 1438 2041 1476 magnis
2052 1456 2061 1470 ,
2080 1437 2116 1467 ὃς

1161 1477 1312 1507 diuturnis
1323 1498 1330 1511 ‚
1348 1478 1379 1508 &
1389 1487 1450 1518 jam
1462 1477 1618 1518 desperatis
1626 1478 1797 1517 reipublicae
1807 1478 1921 1507 morbis
1931 1477 1984 1508 ista
1993 1478 2118 1518 repente

1161 1560 1280 1602 quando
1292 1581 1300 1594 ,
1321 1561 1354 1590 &
1369 1561 1461 1591 sanari
1479 1563 1581 1591 civitas
1599 1559 1698 1600 poss'it.
1731 1564 1839 1602 Neque
1865 1562 1950 1590 enim
1966 1561 2010 1592 est
2033 1562 2117 1602 quis-

1161 1612 1249 1644 quam
1264 1622 1272 1636 ,
1292 1604 1343 1643 qui
1353 1602 1526 1636 arbitretur,
1547 1603 1607 1632 illis
1620 1601 1738 1633 inclufis
1757 1605 1789 1633 in
1807 1603 1959 1643 republica
1973 1602 2127 1643 pestibus,⁴

1165 1643 1278 1674 diutius
1289 1645 1352 1673 liaec
1362 1643 1433 1673 stare
1445 1642 1583 1684 potuifl'e.
1607 1646 1705 1684 itaque
1715 1654 1767 1674 eos
1777 1654 1841 1674 non
1851 1644 1886 1674 ad
1898 1643 2118 1684 perficiendum

1164 1685 1261 1716 scelus
1270 1705 1278 1719 ,
1302 1685 1350 1715 sed
1368 1685 1406 1714 ad
1421 1686 1534 1714 luenda»
1546 1684 1696 1727 reipublicae
1704 1694 1801 1727 poencm
1810 1687 1903 1717 Fusiae
1916 1686 2053 1726 quaedam
2067 1688 2117 1717 in-

1163 1730 1338 1758 citaverunt.
1361 1730 1397 1757 In
1408 1728 1488 1757 hunc
1499 1729 1588 1769 igitur
1597 1736 1715 1769 gregem
1728 1736 1781 1757 vos
1790 1737 1873 1757 nunc
1882 1728 2029 1758 P-Sullam
2040 1748 2048 1762 ‚
2064 1730 2115 1769 ju-

1165 1770 1245 1800 dices
1256 1789 1263 1803 ‚
1276 1778 1313 1798 ex
1324 1770 1370 1798 bis
1381 1789 1388 1802 ‚
1400 1771 1530 1810 quicum
1542 1770 1599 1799 hoc
1608 1771 1727 1803 vivunt,
1737 1778 1824 1809 atque
1837 1771 1978 1799 vixerunt
1987 1789 1996 1803 ,
2020 1771 2117 1800 hone-

1165 1809 1362 1842 stiss'imorum
1374 1811 1538 1840 hominurn
1549 1811 1686 1851 gregibus
1698 1830 1706 1844 ,
1726 1812 1888 1851 rejicietis?
1901 1820 1938 1840 ex
1948 1811 2006 1841 hoc
2014 1812 2125 1843 homi-⁷

1163 1903 1276 1934 partem
1288 1914 1296 1928 ‚
1308 1903 1395 1935 atque
1405 1896 1436 1924 in
1447 1895 1658 1934 parricidarum
1668 1903 1779 1924 coetum
1789 1914 1797 1927 ,
1810 1904 1842 1924 ac
1851 1903 2013 1925 numerum
2024 1904 2120 1926 trans-

1162 1936 1284 1966 feretis?
1306 1937 1369 1966 Ubi
1378 1938 1433 1976 erit
1443 1938 1534 1977 igitur
1543 1936 1620 1966 illud
1630 1934 1827 1966 fortissimum
1835 1936 2125 1979 praefidiumpudoris3·

1167 1988 1228 2019 quo
1243 1980 1275 2008 in
1287 1978 1355 2008 loco
1365 1977 1455 2008 nobis
1465 1979 1525 2008 vita
1535 1978 1603 2008 ante
1614 1977 1676 2007 asta
1686 1977 1839 2018 proderit?
1854 1978 1936 2018 quod
1949 1978 1984 2008 ad
1997 1988 2127 2020 tempus

1163 2019 1396 2050 existimationis
1413 2028 1501 2060 partae
1520 2019 1634 2049 fi⁴u5tus
1650 2020 1845 2050 reservabitur
1857 2039 1865 2053 ‚
1889 2018 1910 2049 si
1928 2021 1962 2050 in
1980 2029 2118 2051 exn-emo

1163 2061 1336 2092 discrimine
1349 2082 1357 2096 ‚
1372 2072 1403 2092 ac
1413 2061 1609 2092 dimicatione
1620 2061 1749 2092 fortuna:
1759 2061 1889 2091 deserit?
1902 2059 1923 2091 fi
1936 2071 2001 2091 non
2010 2062 2118 2092 aderit?

1164 2102 1185 2133 si
1194 2104 1271 2133 nihil
1281 2103 1433 2144 adjuvabit
1444 2106 1454 2133 ?
1464 2102 1650 2142 Quaestiones
1661 2104 1749 2134 nobis
1758 2104 1911 2134 servorum
1921 2122 1929 2137 2
1941 2113 1974 2134 ac
1983 2112 2119 2134 tormen-

1165 2154 1192 2176 ta
1203 2146 1350 2176 accusator
1358 2147 1516 2176 minitatur
1528 2156 1534 2175 ·.
1554 2147 1586 2175 in
1597 2146 1706 2186 quibus
1715 2154 1896 2187 quamquam
1907 2145 1985 2175 nihil
1994 2146 2121 2186 periculi

1163 2188 1344 2227 suspicamur
1365 2198 1370 2217 z
1394 2197 1494 2218 tamen
1511 2188 1563 2217 illa
1584 2197 1771 2218 ‘rottMENTA
1794 2196 1975 2217 GUEERNAT
1997 2196 2119 2221 bonon,

1171 2229 1343 2260 moderatur
1351 2239 1453 2260 natura
1460 2229 1506 2269 cuj
1513 2230 1602 2269 usque
1613 2238 1677 2259 tum
1687 2231 1781 2259 animi
1792 2249 1800 2261 ‚
1813 2237 1877 2258 tum
1887 2230 2020 2268 corporis
2029 2248 2038 2261 ,
2047 2233 2063 2257 7
2071 2238 2121 2259 re-

1167 2272 1209 2313 git
1219 2270 1371 2312 quaesitor,
1389 2270 1484 2301 fleffit
1502 2270 1599 2300 libido
1609 2291 1618 2304 ‚
1637 2272 1804 2310 corrumpit
1812 2270 1874 2309 spes
1884 2289 1892 2303 ‚
1910 2268 2045 2300 infirmat
2053 2280 2120 2300 me-

1169 2321 1214 2342 tus
1225 2332 1233 2346 ,
1255 2322 1288 2342 ut
1303 2315 1336 2342 in
1352 2321 1396 2342 tot
1414 2322 1514 2342 rerum
1531 2311 1672 2353 angustiis
1685 2312 1888 2341 nihilveritati
1898 2311 1958 2341 loci
1967 2311 2119 2353 relinqua—

1168 2363 1222 2383 tur.
1247 2350 1261 2372 ⁸
1273 2355 1341 2383 Vita
1351 2353 1473 2384 Rsullae
1485 2362 1670 2393 torqueatur:
1695 2363 1732 2382 ex
1742 2363 1775 2383 ea
1783 2361 1929 2393 quaeratur
1938 2372 1946 2386 ‚
1966 2363 2041 2383 num
2053 2364 2121 2394 quae

1169 2394 1436 2425 occulteturlibido
1447 2414 1455 2427 ‚
1472 2405 1547 2424 num
1558 2394 1639 2435 quod
1650 2395 1734 2424 lateat
1743 2394 1858 2424 facinus
1868 2413 1877 2427 ‚
1892 2404 1967 2424 num
1977 2405 2043 2436 quae
2053 2405 2122 2426 cru-

1168 2435 1272 2466 delitas
1285 2457 1294 2470 ‚
1315 2446 1390 2466 num
1402 2446 1467 2476 quae
1478 2436 1607 2467 audacia.
1631 2437 1708 2466 nihil
1718 2438 1825 2466 erroris
1834 2438 1931 2466 eritin
1943 2436 2025 2467 causa
2037 2456 2046 2470 ,
2066 2447 2124 2468 nec

1173 2477 1358 2509 obscuritatis
1371 2499 1379 2511 ,
1391 2478 1503 2516 judices
1514 2498 1522 2511 ‚
1535 2476 1553 2507 si
1564 2479 1579 2508 a
1588 2478 1675 2508 vobis
1687 2478 1751 2507 vira
1759 2486 1890 2518 perpetua
1897 2487 1955 2507 vox
1965 2498 1974 2512 ,
1989 2487 2021 2508 ea
2030 2499 2038 2512 ,
2053 2489 2121 2520 quae

1171 2519 1335 2561 gravissima
1351 2520 1439 2550 debet
1457 2518 1514 2550 effe
1527 2540 1537 2554 ‚
1559 2520 1702 2551 audietur.
1726 2520 1857 2550 Nullum
1869 2521 1902 2549 in
1915 2520 1970 2550 hac
1981 2521 2124 2593 causa-te-

2075 2571 2135 2593 em—

1461 2619 2134 2629 mss———ssffi-

1212 2649 1240 2675 4.
1251 2643 1308 2675 Qis
1319 2644 1484 2676 mili-ricora'm
1492 2639 1605 2668 inw'mm
1614 2645 1649 2668 ef?
1658 2642 1691 2675 Ρ]
1704 2641 1855 2668 Clausulam
1868 2652 1973 2679 quoque
1984 2645 2049 2672 hanc
2059 2654 2124 2672 eno-

1173 2679 1240 2704 tarit
1251 2690 1264 2704 e
1285 2679 1428 2715 Furingicis
1440 2678 1613 2705 Gulielmius.
1635 2677 1758 2705 haeftenus
1770 2679 1846 2705 nobis
1857 2679 1954 2707 defuit.
1975 2689 2033 2708 nam
2045 2681 2125 2708 Cice-

1170 2714 1241 2740 ronis
1252 2714 1313 2746 css‘e,
1325 2724 1401 2741 nenio
1411 2714 1485 2750 spero
1494 2713 1611 2750 negabit.

1210 2759 1236 2783 5.
1257 2755 1307 2777 Hac
1317 2752 1356 2777 diis
1375 2754 1516 2785 multumque
1528 2770 1535 2782 ‚
1554 2751 1681 2782 (fundu),
1699 2750 1765 2785 &ej
1788 2750 1831 2778 Est
1849 2750 1916 2778 illud
1926 2751 1970 2786 qui)
1987 2760 2021 2779 ex
2030 2751 2135 2779 iisdem,

1171 2787 1328 2813 membranis
1341 2799 1346 2814 :
1369 2789 1396 2813 ὃς
1408 2788 1444 2813 ita
1456 2788 1551 2813 Cicero
1563 2794 1665 2813 tantum
1678 2786 1807 2822 loquitu=·.

1208 2823 1235 2849 6.
1255 2826 1360 2857 Conferat·
1369 2826 1456 2849 crimen
1473 2832 1522 2848 cum
1532 2825 1587 2848 vita
1597 2835 1604 2848 .-
1622 2825 1701 2848 ‘vitam
1711 2824 1741 2848 ab
1749 2825 1816 2849 initio
1826 2823 1859 2848 ad
1873 2824 1912 2848 hoc
1921 2829 2010 2855 tmpm·
2018 2825 2124 2856 explica-

1170 2865 1220 2884 iam
1231 2868 1281 2884 cnm
1295 2862 1392 2886 crimine
1411 2860 1554 2892 recogyregfcite
1566 2877 1573 2890 ‚
1593 2858 1659 2892 ἐγὼ]
1685 2858 1802 2894 Expreffi
1822 2857 1854 2884 ad
1868 2858 1975 2884 verbum
1988 2859 2125 2886 Erfurdici

1171 2894 1267 2921 codicis
1288 2895 1441 2932 scripturam
1454 2915 1462 2927 ,
1483 2903 1541 2921 cuni
1562 2904 1614 2930 quo
1635 2893 1760 2920 hansteniis
1780 2893 1947 2921 consentiunt
1965 2893 2034 2921 Pall.
2054 2895 2126 2931 quod.

1171 2931 1282 2957 habeant
1292 2941 1342 2957 cum
1352 2934 1447 2957 crimini-
1458 2940 1503 2956 rec.
1523 2930 1632 2965 Vulgati
1643 2929 1700 2955 heic
1710 2929 1811 2956 mutili.

1206 2975 1234 3002 7.
1255 2970 1319 3000 Regii
1329 2967 1455 3001 quaessior]
1477 2965 1638 2992 Gulielmius
1650 2965 1707 2991 heic
1717 2966 1786 3001 capit
1797 2967 1932 2999 quaefitorem
1941 2975 1989 3002 pro
1999 2973 2103 2994 tortore
2114 2975 2122 2995 :

1171 3003 1346 3029 cuiaccedere
1358 3013 1408 3030 non
1420 3001 1530 3039 possum.
1551 3009 1614 3038 puto
1624 3001 1694 3028 enim
1713 3011 1772 3027 eum
1785 3001 1897 3037 intelligi
1918 3003 1964 3038 qui
1983 3004 2125 3030 toi-mentis

1171 3038 1300 3074 praesidet.
1317 3039 1342 3065 ‘iii
1356 3049 1409 3075 quo
1438 3046 1546 3065 nantum
1559 3036 1641 3064 fuerit
1651 3037 1779 3063 momenti
1791 3037 1909 3073 pluribus
1921 3038 2021 3065 ostendi
2031 3048 2126 3066 exem.-

1172 3075 1222 3111 plis
1232 3074 1263 3101 ad
1276 3075 1398 3101 Tacitum
1411 3075 1428 3101 li
1453 3084 1509 3101 .vi.
1523 3073 1619 3100 Annal.
1629 3082 1684 3109 cap.
1696 3081 1741 3107 47.
1752 3073 1773 3099 f.

1210 3110 1237 3136 8.
1258 3113 1311 3137 Vita
1321 3112 1425 3137 ‘Psallae
1435 3117 1573 3144 torqueatur
1584 3121 1591 3135 :
1607 3119 1636 3136 ex
1645 3110 1698 3143 em]
1719 3109 1869 3136 Commoda
1888 3109 1987 3140 Ῑεᾶἱος
2010 3110 2057 3138 nisi
2075 3110 2126 3137 ob-

1172 3146 1268 3173 starent
1284 3146 1351 3172 l'all.
1373 3147 1453 3174 nostri
1474 3147 1503 3172 δί
1521 3145 1572 3172 cusi
1589 3145 1754 3182 antiquitus;
1774 3146 1905 3181 inquibus
1919 3166 1926 3178 ,
1945 3148 2000 3173 Vita
2008 3148 2128 3178 P.Sulk,

1174 3184 1287 3218 ‘tin-quase
1299 3195 1304 3209 .·
1322 3192 1350 3210 ex
1359 3192 1386 3211 ea
1397 3193 1404 3211 :
1422 3182 1494 3219 quod
1504 3181 1608 3212 auribus
1620 3186 1691 3211 certe
1702 3182 1828 3210 ineisnon
1840 3191 1933 3219 parum
1943 3181 2088 3210 blanditii-r.

1998 3226 2022 3245 x.
2042 3219 2135 3246 <irno-

1159 1521 1206 1549 vis
1225 1520 1340 1558 erupit,
1361 1529 1411 1553 ut,
1435 1529 1469 1549 ea
1483 1518 1619 1550 confecia
1631 1539 1639 1553 2
1658 1519 1691 1548 &
1706 1518 1819 1560 ejecita,
1840 1519 2046 1550 convalescere
2062 1520 2116 1550 ali-
2161 1522 2173 1541 ‘v

2138 1730 2190 1765 28*

1166 1863 1240 1883 num
1260 1862 1408 1886 numero,
1429 1863 1466 1884 ex
1485 1854 1539 1883 hac
1558 1852 1700 1883 familiari
1720 1852 1881 1893 dignitate,
1901 1854 1934 1882 in
1947 1854 2123 1893 impiorum.
2163 1871 2170 1874 -
