2295 3400
152 165 255 215 444
555 142 622 191 M.
706 138 1069 187 TULL11

157 219 479 270 majorum'iiiiagines,
500 223 561 263 ipse
580 231 720 254 ornatum
732 241 740 255 ‚
763 231 796 252 ac
805 219 947 252 vestitum
958 228 1108 259 recupera-

159 274 216 304 bit.
238 271 357 301 omnia,
373 267 482 301 iudices
494 285 502 299 ,
515 267 576 297 haec
585 262 688 295 amiffa
697 264 764 294 sunt
775 274 780 292 ’.
791 265 895 294 omnia
905 263 1020 302 generis
1031 281 1038 294 ,
1052 271 1108 291 no-

162 315 258 345 minis
269 332 277 343 ,
301 304 422 340 lionoris
434 305 557 347 insignia
566 315 651 346 atque
661 314 835 336 ornamenta
847 303 1052 342 uniusjudicii
1062 312 1106 333 ca·

161 356 290 386 lamitatc
302 350 480 381 occiderunt.
504 347 552 379 sed
564 358 600 377 ne
610 346 882 387 exstinetorpatriae
891 366 900 379 ,
918 355 955 375 ne
963 345 1108 385 proditor,

163 408 200 428 nc
212 393 303 425 liostis
313 391 491 431 appelletur,
512 400 548 420 ne
559 390 633 420 hanc
658 393 666 408 ¹
680 389 776 418 labem
796 389 866 418 tanti
884 396 1003 429 generis
1018 389 1051 416 in
1069 386 1111 416 fa-

164 438 248 468 milia
267 435 429 474 relinquat:
448 432 478 462 id
498 431 626 464 laborat,
645 431 698 460 ²id
715 431 844 463 metum
863 440 902 459 ne
918 428 1047 469 denique
1065 430 1113 459 hic

164 479 255 510 miser
262 486 328 511 con}
336 483 408 505 niati
423 473 456 503 δε
464 472 698 503 conscelerati&
709 471 868 512 proditoris
879 471 959 501 filius
969 472 1113 500 nomine-

163 530 210 551 tur
225 530 228 547 :
250 512 422 557 huic'puero
437 526 442 544 ;
461 518 512 556 qui
523 513 565 544 est
576 516 602 544 ei
614 516 672 544 vita
684 514 732 544 sua
744 512 844 543 multo
853 514 986 546 charior,
1006 514 1114 542 metuit

163 564 211 592 cui
224 562 347 590 honoris
356 560 486 598 integros
495 555 611 586 studius
621 566 684 586 non
695 554 728 586 fit
736 555 892 586 traditurus
902 574 911 588 ,
926 565 962 584 ne
973 562 1113 584 aeternam

167 602 327 631 mumma
336 599 461 630 dedecora
471 599 628 638 relinquat.
642 599 753 642 hic—vos
764 606 824 627 orat
833 616 843 631 ,
849 607 859 638 J
865 596 964 626 udices
976 616 984 628 ,
997 605 1114 635 parvus,
1125 614 1128 619 ι

165 655 197 675 ut
215 646 240 675 ιζ·
259 641 418 683 aliquando
430 661 438 673 ‚
459 639 477 669 si
490 649 553 670 non
565 642 678 679 integra
687 644 823 672 torinna,
851 648 880 669 at
895 637 1023 671 afflieh,
1043 647 1116 677 patri

167 689 218 717 {uo
237 686 372 726 gratulari
391 682 498 712 sinatis-
521 681 710 711 huicinisem
724 683 841 710 notiora
856 679 1115 717 suntjudiciorum

164 731 269 758 atr-,iera
279 746 286 759 ‚
300 726 332 756 δε
342 725 419 759 fori,
440 727 452 751 3
462 723 553 764 quam
562 723 702 762 campi&
714 722 948 762 disciplinarum.
972 722 1116 760 Nonjam

165 770 202 799 de
213 772 270 798 vita
280 767 403 799 pstilla:
412 786 421 800 ‚
431 766 547 805 judices
558 785 568 798 ,
581 765 627 795 sed
640 765 676 794 de
686 765 832 804 sepultura
842 763 1044 793 contenditur.
1058 771 1118 791 vita

164 820 261 851 erepta
277 808 319 839 est
336 809 485 848 superiore
500 806 617 846 judicio
634 817 639 835 ;
662 816 762 838 nunc,
783 815 820 835 ne
830 814 935 844 corpus
945 804 1117 843 ejicientur,

166 852 346 883 laboramus.
369 849 451 891 Qud
461 858 544 880 enini
559 847 601 877 cst
614 849 683 877 liziic
695 847 801 887 reliqui
817 866 826 880 ‚
845 845 925 886 quod
936 855 1005 875 eum
1018 846 1051 875 in
1060 853 1120 873 vita

166 896 220 925 liae
238 895 352 923 teneat?
372 901 424 921 aut
439 890 511 931 quid
531 889 590 922 est,
611 888 809 929 quamobrem
828 889 889 918 haec
902 889 1041 927 cuiquam
1059 887 1121 915 vita

132 950 142 960 κ
168 935 324 966 videatur?
343 936 448 973 Nuper
457 934 482 961 is
494 933 589 961 homo
599 930 655 960 fuit
665 932 696 959 in
705 932 824 960 civitate
834 929 949 959 P.Sulla
961 950 970 962 ,
983 937 1016 959 ut
1026 936 1119 957 nemo

169 980 195 1007 ei
209 978 236 1008 se
246 986 342 1016 neque
352 976 466 1005 honore
477 993 485 1007 ,
506 983 603 1012 neque
615 973 703 1013 gratia
713 991 721 1005 ,
742 981 798 1001 nec
810 970 940 1001 fortunis
953 969 1118 1001 anteferret.

165 1029 246 1050 nunc
256 1019 397 1057 spoliatus
407 1017 493 1046 omni
505 1014 648 1054 dignitate
658 1034 667 1046 ‚
679 1023 743 1054 quai:
754 1022 852 1052 erepta
860 1013 928 1043 sunt
938 1031 946 1045 ‚
961 1022 1026 1043 non
1038 1019 1121 1049 repe—

166 1063 220 1091 tit:
240 1059 321 1101 quod
337 1058 457 1088 fortuna
473 1058 506 1085 in
525 1055 613 1085 malis
630 1056 738 1095 reliqui
756 1054 829 1084 fecit
841 1075 849 1088 ,
866 1063 899 1084 ut
907 1064 978 1085 cum
988 1062 1118 1094 parente,

165 1112 238 1133 cum
254 1101 374 1133 liberis,
392 1108 462 1129 cum
478 1097 564 1126 fratre
575 1116 583 1129 ‚
601 1106 671 1128 cum
687 1097 734 1126 nis
747 1094 914 1126 necessariis
929 1095 1029 1136 lugere
1038 1096 1120 1125 suam

166 1144 364 1174 calamitatem
380 1142 484 1172 liceat,
505 1138 535 1168 id
546 1137 645 1168 sibine
656 1139 785 1178 eripiatis
798 1158 806 1172 ,
815 1138 932 1177 judices
941 1157 950 1170 ‚
971 1147 1025 1167 vos
1036 1137 1122 1166 obte-

167 1186 266 1216 statur.
289 1186 335 1213 Te
351 1183 451 1222 ipsum
462 1183 525 1220 jam
539 1200 551 1213 ,‚
567 1183 719 1220 Torquate
732 1200 741 1212 ‚
762 1184 779 1206 4.
790 1180 945 1218 expletum
961 1177 1019 1209 effe
1032 1179 1121 1218 hujus

168 1228 296 1257 misci-{is
307 1235 356 1264 par
366 1234 435 1253 erat.
447 1221 497 1253 etfi
507 1222 584 1252 nihil
592 1221 672 1252 aliud
681 1222 782 1255 Sullae,
796 1220 849 1251 nisi
859 1221 1047 1251 consulatum
1056 1220 1121 1250 abs-

169 1266 308 1299 tuliss’ctis
319 1286 326 1300 ‚
346 1275 446 1296 tamen
465 1274 502 1295 eo
516 1273 570 1294 vos
589 1272 750 1294 contentos
760 1261 818 1293 ess'e
834 1263 998 1302 oportebat.
1020 1263 1122 1291 hono-

168 1312 208 1340 ris
223 1311 306 1339 enim
321 1308 478 1338 contentio
490 1316 544 1336 vos
561 1304 597 1335 ad
613 1306 731 1335 causam
744 1325 753 1338 ,
772 1314 835 1334 non
845 1305 1017 1334 inimicitiae
1028 1303 1122 1333 dedu-

167 1360 287 1382 xerunt.
310 1349 366 1381 Sed
378 1359 448 1379 cum
458 1349 529 1378 huic
539 1347 632 1377 omnia
643 1357 705 1376 cum
715 1347 810 1376 honore
821 1345 950 1376 detrae‘h
960 1345 1015 1375 sint
1025 1365 1033 1379 ,
1047 1344 1121 1375 cum

169 1397 200 1423 in
211 1395 265 1423 hac
273 1392 393 1422 fortuna
404 1391 508 1421 misera
518 1410 528 1424 ‚
547 1400 579 1420 ac
591 1387 802 1418 lueiuosiffima
810 1387 967 1418 destitutus
977 1386 1010 1417 sit
1022 1397 1027 1416 ε
1047 1386 1122 1428 quid

167 1434 210 1466 est
222 1455 229 1467 ‚
250 1433 331 1475 quod
345 1440 465 1472 expetas
478 1430 630 1471 amplius?
649 1430 763 1460 lucisne
780 1431 855 1460 hanc
874 1429 992 1459 usuram
1011 1431 1123 1468 eripere

168 1478 215 1507 vis
224 1496 232 1510 ‚
243 1479 364 1516 plenam
374 1475 571 1514 lacrymarum
582 1492 591 1506 ‚
602 1479 688 1512 atque
699 1473 837 1501 moer'oris
846 1491 855 1504 ,
867 1472 900 1500 in
910 1481 1046 1510 quacum
1060 1480 1124 1500 ma-

167 1528 255 1550 ximo
266 1519 393 1549 cruciatu
405 1536 414 1550 .
435 1524 523 1556 atque
539 1515 645 1545 dolore
662 1515 827 1544 retinetur?
845 1512 972 1542 libenter
986 1511 1124 1542 reddide-

209 1627 220 1644 ῐ
228 1637 234 1644 .
253 1619 342 1643 Labem
359 1617 424 1641 tami
437 1615 528 1648 generis
538 1617 563 1640 in
575 1615 640 1648 fami
649 1616 700 1639 iam
711 1632 720 1644 ‚
740 1611 806 1646 drzu]
828 1613 908 1639 Putat
927 1611 999 1638 istud
1018 1612 1126 1638 retineri

169 1652 240 1690 posse
252 1672 261 1684 ‚
274 1660 369 1679 contra
378 1651 533 1678 sententiam
546 1649 667 1676 Lambini
681 1668 689 1679 ,
701 1648 862 1675 Gulielmius
875 1659 882 1675 :
905 1648 933 1674 δῦ
945 1648 978 1674 sic
987 1647 1045 1674 saue
1057 1648 1127 1674 Pali.

169 1690 262 1717 nostri.
275 1688 321 1715 nis.
334 1689 420 1714 Heiir.
436 1686 560 1723 Stephani
571 1686 741 1717 tantiscelem's.

207 1734 236 1751 2.
255 1726 284 1751 Id
291 1727 388 1756 metum
408 1732 434 1749 nc
444 1724 540 1757 denique
548 1723 585 1747 hit·
595 1722 672 1755 miser,
683 1722 801 1755 conjurati
809 1721 838 1751 <ly
847 1721 995 1754 conscelerati
1002 1720 1031 1750 ὠν
1044 1719 1127 1752 prodi—

169 1762 299 1796 tori'sfilius
309 1763 455 1786 nommetur:
476 1761 531 1784 hnic
537 1765 608 1790 puero
621 1776 628 1788 ,
640 1760 680 1791 qui
690 1759 725 1783 ef?
734 1759 756 1782 ei
763 1757 874 1790 ‹vitafita
884 1756 954 1781 muln
964 1759 1042 1781 carior
1052 1775 1060 1787 ‚
1076 1765 1124 1780 mt-

169 1800 233 1829 aus'r,-
253 1800 289 1823 cni
299 1796 397 1826 hunerix,
406 1795 473 1829 &ej
496 1793 566 1819 Hele
584 1792 679 1828 viginti
691 1801 761 1819 nunc
778 1793 892 1828 primum
904 1791 1031 1818 accedunt
1051 1800 1125 1816 voees

169 1833 274 1860 πέλοι-ἰ
286 1833 386 1862 nostro,
393 1839 429 1858 ex
440 1829 588 1864 Turingico
598 1828 758 1864 exemplari,
768 1837 826 1865 quae
834 1826 940 1869 prorsus
950 1827 1123 1865 requireban-

173 1876 230 1902 tur,
240 1869 267 1896 ὃς
277 1868 331 1897 fine
341 1867 437 1903 quibus
445 1864 531 1895 sensus
541 1864 665 1892 mutilus.

553 1987 1229 2053 M.TULL1US

1150 139 1694 186 Ciciinonxs

1153 223 1191 252 rit
1200 240 1208 254 ‚
1226 220 1341 251 ademta
1352 220 1521 260 ignominia
1529 219 1680 251 soediffimi
1693 218 1840 250 crimini:-
1863 228 1900 250 an
1909 218 1982 250 verb
1991 217 2102 251 inimi&

1151 273 1223 293 cum
1235 271 1266 292 ut
1276 262 1428 302 expellas-P
1444 263 1528 301 cujus
1542 272 1579 292 ex
1594 263 1678 292 misci
1687 264 1720 291 iis
1732 282 1740 295 ,
1761 260 1780 291 si
1791 260 1861 292 esses
1872 260 2102 297 crudelissimus,

1152 305 1267 334 videndo
1277 302 1410 334 fruElum
1419 312 1534 343 caperes
1544 304 1688 340 majorem
1700 325 1707 336 ‚
1722 304 1811 344 quam
1821 303 1982 333 audiendo.
2005 306 2031 334 O
2041 305 2103 333 mi-

1153 347 1249 377 serum
1263 367 1271 379 ‚
1284 348 1315 376 &
1327 345 1481 374 infelicem
1492 346 1578 374 illum
1588 345 1683 378 diem,
1693 356 1752 386 quo
1762 346 1866 375 consul
1876 344 2021 375 omnibus
2031 355 2105 376 cen-

1155 389 1239 418 turiis
1250 387 1362 418 RSulla
1371 387 1555 416 renuntiatus
1564 385 1621 416 est!
1638 388 1658 419 ὸ
1666 387 1769 418 falsam
1780 388 1861 427 spem
1875 390 1879 416 !
1894 386 1936 417 5¹0
1945 387 2105 417 volucrem.

1134 440 1138 462 ¹.
1155 430 1307 460 fortunam
1321 431 1326 457 !
1347 427 1482 458 &caecam
1501 428 1692 468 cupiditatem
1706 431 1711 458 l
1732 428 1965 468 &praeposteram
1978 429 2107 470 gratula-

1158 475 1273 502 tionem
1287 473 1292 500 ¹.
1312 469 1326 490 ⁶
1337 471 1426 510 quam
1439 470 1493 499 cito
1509 471 1557 499 illa
1569 472 1662 500 omnia
1672 480 1709 500 ex
1721 471 1821 500 laetitia
1833 490 1841 504 ‚
1861 471 1893 500 δε
1903 471 2056 510 voluptate
2068 467 2107 500 ad.

1159 513 1275 543 luelum
1286 533 1294 546 ‚
1310 512 1342 541 ὃς
1355 513 1518 551 lachrymas
1527 511 1708 545 reciderunt,
1720 521 1751 541 ut
1762 532 1769 544 ,
1782 514 1832 552 qui
1842 512 1942 550 paullo
1952 512 2019 541 ante
2030 521 2107 542 con-

1159 556 1200 586 sul
1212 554 1376 595 designatus
1388 552 1506 586 fuisset,
1526 555 1667 584 retineret
1680 554 1800 593 repente
1815 553 1935 582 nullum
1944 552 2109 593 vestigium

1158 596 1287 637 pristina:
1298 596 1451 637 dignitatis
1464 598 1469 624 l
1494 595 1575 636 Qid
1592 596 1675 624 enim
1690 604 1750 624 erat
1759 596 1830 624 mali
1840 614 1849 628 ‚
1868 594 1948 634 quod
1960 595 2030 624 huic
2041 594 2109 634 spo-

1159 641 1229 668 liato
1248 640 1364 668 honoie
1373 657 1382 671 ‚
1402 636 1497 671 sama,
1518 637 1648 666 iortunis
1659 656 1666 669 ,
1689 634 1785 665 deeffe
1804 635 1974 667 videretur?
1993 645 2043 666 aut
2057 635 2111 666 cui

1159 689 1246 710 nova:
1256 681 1415 710 calamitati
1425 679 1507 709 locus
1519 678 1597 708 ullus
1607 676 1728 707 reliclus
1737 676 1827 708 cll'et?
1841 686 1923 718 urget
1932 677 2039 708 eadem
2046 676 2112 708 for-

1160 732 1248 755 tuna,
1267 732 1334 762 qua:
1345 722 1451 761 coepit:
1473 722 1579 760 reperit
1589 729 1706 749 novum
1718 729 1898 749 moerorem:
1917 729 1979 749 non
1989 720 2111 760 patitur,

1161 765 1320 793 hominem
1330 762 1537 792 calamitosum
1549 771 1610 792 uno
1623 761 1718 791 modo
1728 759 1874 791 affliehim
1885 780 1894 795 ‚
1909 771 1972 791 uno
1981 764 2015 791 in
2025 760 2109 791 luein
2131 769 2172 805 33

1159 807 1264 844 perire.
1287 804 1342 835 Sed
1351 805 1412 843 jam
1423 803 1574 843 impedior
1583 812 1702 844 egomet
1711 822 1720 836 ,
1737 802 1854 843 judices
1864 822 1873 836 ‚
1888 803 1991 833 dolore
2001 804 2112 836 animi,

1162 857 1200 875 ne
1217 846 1254 876 de
1273 846 1362 885 liujus
1383 845 1501 875 miseria
1517 845 1600 884 plura
1615 844 1724 874 dicam.
1747 843 1919 884 vestraejam
1930 844 1997 874 sunt
2005 853 2112 884 partes,

1158 887 1274 928 judices
1287 898 1292 915 :
1305 889 1336 916 in
1346 886 1440 917 vestra
1450 886 1677 916 mansuetudine
1688 906 1696 920 ,
1708 894 1793 926 atque
1802 888 1983 917 humanitate
1995 886 2114 919 causam.

1161 938 1255 958 totam
1267 938 1391 968 repono.
1402 938 1456 958 vos
1471 929 1503 958 &
1514 927 1676 967 rejeffione
1685 926 1864 967 interposita,
1878 928 1955 958 nihil
1964 928 2115 968 suspican-

1162 971 1241 1000 tibus
1252 972 1356 1004 nobis,
1365 972 1516 1009 repentini
1527 972 1559 999 in
1569 979 1625 1000 nos
1634 970 1641 1008 j
1647 969 1748 1000 udices
1757 969 1943 1003 consedistis,
1954 969 1990 1000 ab
1999 969 2116 1000 accusa-

1162 1012 1277 1042 toribus
1288 1010 1395 1041 delec’ti
1404 1011 1439 1041 ad
1454 1011 1535 1051 spem
1548 1011 1725 1044 acerbitatis,
1737 1010 1753 1041 a
1765 1011 1884 1042 fortuna
1895 1012 1982 1041 nobis
1992 1010 2028 1041 ad
2039 1020 2117 1050 prae-

1162 1052 1270 1084 sidium
1281 1055 1463 1083 innocentiae
1472 1052 1636 1083 constituti.
1651 1056 1694 1083 Ut
1703 1063 1768 1092 ego,
1778 1053 1851 1095 quid
1864 1054 1899 1083 de
1910 1063 1960 1084 me
1967 1054 2117 1093 pop.Ro-

1165 1104 1246 1125 man.
1257 1094 1451 1128 existimaret,
1462 1096 1533 1135 quia
1544 1095 1660 1124 severus
1671 1096 1703 1124 in
1714 1095 1870 1135 improbos
1883 1094 2014 1128 fueram,
2030 1093 2115 1124 labo-

1166 1138 1239 1170 ravi,
1251 1136 1295 1169 &‚
1306 1145 1371 1177 quae
1380 1138 1476 1175 prima
1484 1137 1656 1166 innocentis
1667 1137 1744 1166 mihi
1754 1135 1886 1166 defensio
1896 1136 1937 1166 est
1947 1136 2057 1169 oblata,
2068 1136 2117 1177 su-

1162 1179 1239 1218 scepi
1252 1189 1258 1207 ;
1269 1176 1305 1207 fic
1315 1187 1368 1207 vos
1378 1177 1564 1207 severitatem
1572 1177 1756 1216 judiciorum
1768 1198 1776 1212 ‚
1787 1187 1852 1218 qua:
1862 1187 1912 1217 per
1922 1179 1977 1206 hos
1987 1178 2119 1207 menseis

1165 1224 1197 1250 in
1207 1221 1350 1249 homines
1360 1216 1563 1249 audacissimos
1571 1217 1648 1248 facia
1657 1218 1699 1248 est
1712 1239 1720 1252 ‚
1742 1220 1863 1249 lenitate
1873 1229 1906 1249 ac
1916 1218 2121 1249 misericordia

1163 1262 1306 1302 mitigate.
1320 1262 1388 1291 Hoc
1397 1264 1469 1291 cum
1483 1262 1640 1300 impetrare
1650 1260 1666 1290 a
1675 1260 1763 1290 vobis
1772 1260 1833 1300 ipsa
1840 1260 1923 1290 causa
1932 1259 2032 1290 debet:
2047 1268 2115 1291 tum

1166 1303 1209 1335 est
1219 1302 1306 1334 vestri
1320 1304 1434 1335 animi,
1446 1310 1531 1343 atque
1541 1303 1659 1332 virtutis
1671 1302 1814 1333 declarare
1824 1321 1833 1336 ,
1847 1312 1911 1332 non
1920 1300 1977 1332 effe
1986 1311 2038 1332 eos
2048 1311 2119 1337 vos,

1165 1346 1201 1377 ad
1211 1354 1286 1386 quos
1295 1342 1483 1385 potiffimum
1495 1364 1508 1377 ,
1520 1341 1689 1384 interposita
1698 1343 1861 1384 rejeffione
1872 1363 1880 1377 ‚
1893 1343 2035 1374 devenire
2043 1353 2120 1374 con-

1165 1388 1292 1418 venerit.
1314 1389 1350 1416 In
1359 1395 1419 1427 quo
1430 1395 1487 1426 ego
1497 1405 1506 1420 ‚
1516 1385 1642 1424 judice&
1652 1395 1706 1415 vos
1717 1405 1726 1420 ‚
1738 1394 1886 1426 quantum
1897 1394 1982 1415 meus
1990 1395 2075 1416 arnor
2085 1388 2120 1418 in

1164 1439 1220 1460 vos
1229 1427 1367 1469 postulat,
1380 1436 1495 1458 tantum
1507 1428 1620 1460 hortor,
1630 1436 1663 1457 ut
1670 1429 1831 1458 communi
1842 1426 1941 1457 studio
1952 1446 1962 1461 ,
1972 1429 2122 1468 quoniam

1165 1473 1199 1502 in
1210 1470 1297 1501 rebus
1307 1470 1375 1510 conj
1380 1467 1464 1499 unffi
1478 1468 1591 1502 sumus,
1603 1469 1832 1499 mansuetudine
1844 1489 1855 1502 ,
1872 1469 1905 1499 δε
1915 1469 2122 1504 misericordia

1166 1511 1263 1544 vestra
1271 1508 1377 1542 falsam
1387 1511 1404 1542 a
1416 1510 1506 1541 nobis
1516 1509 1699 1542 crudelitatis
1706 1510 1819 1542 famam
1829 1511 2022 1551 repellamus.-

1206 1619 1232 1648 3.
1251 1613 1331 1646 Qt'im
1342 1612 1457 1645 tempi&
1473 1612 1680 1646 disciplima-nm]
1703 1613 1818 1648 Egregie
1839 1613 1867 1639 &
1885 1613 1936 1640 hoc
1945 1614 2124 1642 Erfurdiensta

1168 1648 1226 1674 ille.
1247 1658 1306 1675 nam
1318 1648 1426 1682 vulgata
1436 1654 1539 1673 tantum
1552 1667 1559 1679 ‚
1571 1647 1644 1682 quim
1653 1649 1842 1682 dtsbplinarum.
1860 1649 2006 1676 Lambinus
2017 1659 2050 1678 ex
2062 1651 2125 1678 Ste-

1170 1684 1247 1719 pliaui
1259 1683 1305 1710 nis.
1316 1682 1472 1718 qmimftholae
1480 1684 1509 1713 ἐγ
1517 1684 1607 1716 discipl.

1204 1727 1232 1752 4.
1253 1722 1376 1752 Explttum
1386 1719 1427 1752 effi
1433 1726 1481 1751 par
1489 1720 1567 1753 eran]
1586 1720 1625 1746 lta
1635 1729 1739 1759 quoque
1752 1719 1922 1748 Erfsriliense
1932 1721 2081 1758 exemplar,
2093 1729 2125 1750 ut

1167 1754 1287 1791 deinceps
1300 1764 1378 1782 nenio
1387 1753 1508 1780 dubitare
1519 1754 1613 1781 debeat
1622 1755 1655 1782 de
1665 1757 1788 1783 lectionis
1801 1757 1922 1783 veritate.
1935 1755 2124 1794 vulgosspauat.

1205 1800 1229 1824 5.
1249 1796 1265 1817 0
1276 1790 1544 1825 Υιιιιῖιιι·νενηίῐῐυήιιηιυη.]
1559 1791 1636 1819 cit-at
1647 1793 1729 1819 Laur.
1741 1791 1828 1824 vaila,
1838 1793 1850 1817 ὀ
1859 1800 1952 1818 vanam
1961 1794 2125 1829 volucremque

1161 1828 1296 1860 sbi-tunam.

1202 1863 1232 1891 6.
1250 1861 1328 1897 Qsim
1339 1864 1381 1889 cito
1388 1862 1432 1890 illa
1438 1863 1542 1898 νηπίω]
1564 1862 1726 1892 Gulielmius
1736 1863 1906 1893 substitutum
1917 1871 2026 1902 cuperet
2033 1867 2131 1895 ominu-

1329 1991 1744 2054 CicERo

1036 2101 1271 2158 PRO

245 2152 1216 2286 A.L1C1N10
1321 2197 2057 2287 ARCHIA

812 2326 857 2385 P
954 2326 1013 2385 O
1111 2329 1164 2387 E
1255 2328 1319 2387 T
1406 2327 1483 2386 A

562 2453 909 2501 ORATIO
987 2450 1748 2505 VICESIMASEXTA.

191 2597 199 2607 ,
210 2595 223 2600 ,ψ
244 2587 262 2601 ¹:-
347 2584 368 2601 w'
379 2582 410 2611 ’μ’

193 2632 203 2642 ·
284 2658 285 2661 ¹
369 2608 417 2658 's‘
447 2619 541 2649 sentio
552 2618 642 2659 quam
653 2618 858 2661 sitexiguum:
876 2628 925 2649 aut
943 2618 963 2648 si
980 2630 1037 2661 qua
1048 2630 1133 2649 exer-

284 2666 287 2669 *
317 2682 320 2688 .
340 2636 417 2713 ΑΞΞ,
446 2661 549 2691 citatio
572 2660 713 2694 dicendi,
733 2663 767 2691 in
789 2671 846 2701 qua
864 2671 913 2690 nie
936 2671 1000 2691 non
1015 2660 1132 2691 infitior

267 2705 278 2714 b
366 2709 370 2720 Ι
393 2703 396 2708 ”

372 2707 426 2746 §.3⁶-
447 2702 639 2732 mediocriter
649 2700 707 2732 esse
717 2703 864 2733 versatum
877 2713 882 2732 ·,
897 2711 947 2732 aut
956 2723 964 2736 ,
980 2702 999 2733 si
1010 2703 1131 2743 hujusce

358 2778 372 2781 ,.
388 2743 419 2771 ¹?
449 2745 491 2773 rei
511 2745 585 2774 ratio
612 2744 710 2784 aliqua
726 2763 735 2778 ‚
762 2744 799 2774 ab
817 2746 1003 2784 optimarum
1021 2746 1129 2774 artium

404 2780 421 2793 ‘³
450 2784 556 2814 studiis
567 2805 575 2819 ‚
594 2795 626 2816 ac
639 2785 794 2827 disciplina
806 2784 956 2826 profeEta,
975 2785 992 2816 ἐι
1005 2796 1061 2827 qua
1074 2795 1130 2827 ego

448 2827 569 2856 nullum
588 2826 737 2858 confiteor
751 2829 843 2858 aetatis
862 2837 937 2857 meae
955 2837 1072 2867 tempus
1081 2829 1133 2858 ab-

185 2864 345 2896 hon-iisse:
366 2876 466 2897 earum
481 2878 579 2898 rerum
593 2871 737 2899 omniurn
751 2870 799 2899 vel
812 2870 845 2899 in
858 2870 966 2909 primis
974 2871 1023 2899 hic
1031 2872 1066 2899 A.
1079 2871 1133 2899 Li-

183 2908 282 2937 cinius
294 2906 426 2938 frueium
440 2909 454 2939 a
469 2919 518 2940 me
531 2919 661 2949 repetere
673 2910 765 2950 prope
781 2911 832 2941 suo
846 2911 912 2951 jure
929 2911 1025 2941 debet.
1050 2914 1130 2940 Nam

182 2951 281 2989 quoad
293 2948 460 2990 longiilimt}
473 2951 567 2990 potest
578 2961 665 2982 mens
678 2962 745 2982 mea
759 2953 899 2992 respicere
916 2952 1042 2992 spatium
1059 2962 1133 2992 pia:-

183 2992 261 3020 tciiti
269 2994 416 3030 temporis
426 3011 435 3026 ,
448 2993 479 3022 ὅς
490 2996 624 3032 pueritiae
633 2995 815 3024 memoriam
825 2993 969 3025 recordari
979 2995 1132 3028 ultimam,

202 2826 209 2832 ·
231 2816 357 2844 0‘120

190 3097 297 3152 ’,ΝΕ
306 3109 346 3126 7105
356 3101 446 3133 quidem
455 3103 508 3126 huic
526 3105 604 3127 cunm
614 3104 717 3137 studim]
738 3105 802 3131 Non
814 3106 883 3131 mali:
894 3106 1030 3132 corculum
1042 3105 1138 3131 Gallim

275 3134 325 3161 ΠΥ).-
334 3136 462 3163 Claudius
475 3138 606 3165 Puteanus
617 3140 693 3164 kuitce
703 3143 746 3164 nm'
758 3142 851 3173 studia:
867 3142 911 3168 sed
922 3142 980 3170 mis.
999 3141 1064 3170 nihil
1078 3151 1137 3169 iiiu—

185 3176 253 3199 taiit.
274 3172 373 3208 recepit
382 3173 410 3200 i<i
421 3181 508 3202 tamen
518 3173 547 3201 iii
557 3181 716 3203 contextum
726 3176 885 3212 Lambinus.

442 2579 457 2607 1
480 2583 532 2616 Qu
545 2585 586 2607 11>
607 2575 691 2607 estin
703 2586 754 2607 me
764 2577 878 2619 ingenii
892 2597 900 2610 ‚
909 2576 1037 2617 judices,
1049 2577 1130 2618 qnod
1153 2575 1155 2627 l
1175 2578 1244 2609 inde
1265 2578 1357 2620 usque
1375 2587 1510 2619 repetens
1523 2599 1531 2614 ,
1551 2580 1633 2610 hunc
1649 2579 1740 2611 video
1759 2579 1836 2610 mihi
1851 2578 2023 2622 principem,
2044 2577 2079 2609 &
2096 2574 2133 2609 ad

1179 2621 1395 2659 suscipiendam
1405 2641 1414 2654 ,
1435 2621 1468 2651 &
1480 2622 1515 2651 ad
1536 2623 1567 2651 in
1590 2621 1762 2652 rediendam
1781 2623 1930 2651 rationem
1948 2623 2057 2652 horum
2072 2619 2133 2650 stu·

1176 2663 1299 2692 diorum
1310 2661 1461 2692 exstitisse.
1518 2662 1557 2692 uo
1591 2662 1611 2692 fi
1625 2664 1686 2694 haec
1699 2674 1757 2693 vox
1767 2664 1856 2702 hujus
1867 2664 1983 2694 hortatu
1993 2682 2002 2697 ‚
2023 2671 2134 2702 praece·

1177 2705 1290 2744 ptisque
1300 2703 1485 2735 conformata
1495 2725 1503 2738 ,
1516 2705 1674 2735 nonnullis
1685 2704 1847 2746 aliquando
1857 2705 1942 2734 saluti
1952 2703 2028 2734 fuit:
2045 2703 2061 2733 a
2070 2712 2132 2774 <auo

1177 2745 1207 2775 id
1218 2747 1385 2785 accepimus
1396 2765 1405 2780 ‚
1424 2755 1485 2786 quo
1495 2748 1599 2776 ceteris
1609 2747 1747 2786 opitulari
1759 2767 1766 2780 ‚
1786 2747 1820 2776 δε
1830 2746 2025 2776 aliosservare
2033 2754 2073 2785 po
2101 2754 2133 2773 e·

1179 2797 1246 2816 mus
1257 2807 1265 2821 ‚
1285 2788 1355 2817 huic
1368 2786 1504 2827 profecto
1519 2786 1572 2827 ipfi
1582 2807 1590 2821 ,
1611 2798 1758 2828 quantum
1768 2786 1910 2818 est'fitum
1921 2789 1954 2817 in
1964 2787 2053 2816 nobis
2064 2806 2072 2819 ,
2094 2785 2129 2815 &

1179 2839 1269 2868 opem
1280 2849 1288 2862 ‚
1305 2829 1338 2859 &
1348 2829 1470 2859 salutem
1480 2828 1556 2859 ferre
1567 2829 1721 2860 debemus.
1744 2833 1788 2860 Ac
1800 2849 1808 2864 ,
1825 2839 1863 2859 ne
1873 2830 1940 2869 quis
1949 2828 1964 2858 a
1973 2827 2063 2858 nobis
2073 2827 2132 2857 hoc

1177 2873 1217 2900 ita
1227 2871 1287 2901 dici
1296 2870 1375 2901 forte
1387 2873 1512 2901 miretur
1521 2890 1530 2904 ,
1548 2870 1630 2911 quod
1643 2872 1698 2901 alia
1709 2871 1850 2912 quaedam·
1858 2872 1890 2900 in
1901 2871 1958 2899 hoc
1966 2868 2087 2900 facultas
2097 2866 2133 2898 fit

1177 2914 1291 2954 ingenii
1304 2932 1313 2946 ,
1335 2923 1432 2953 neque
1444 2914 1506 2943 haec
1514 2912 1635 2942 dicendi
1646 2914 1720 2943 ratio
1731 2932 1739 2946 ,
1756 2921 1804 2942 aut
1814 2911 1985 2951 disciplina:
2008 2915 2019 2930 ¹
2028 2920 2066 2940 ne
2076 2918 2135 2940 nos

1177 2955 1300 2994 quidem
1311 2955 1381 2984 huic
1390 2954 1493 2984 curisti
1504 2953 1603 2984 studio
1613 2955 1734 2993 penitus
1743 2963 1886 2994 umquam
1898 2952 1994 2983 dediti
2003 2951 2141 2982 fuimus-¹

1176 2999 1191 3015 ²·
1200 2998 1323 3026 Etenim
1333 3005 1442 3026 omnes
1451 3005 1525 3026 artes
1534 3015 1543 3029 ‚
1558 3005 1624 3036 quae
1633 2995 1669 3026 ad
1679 2996 1899 3026 humanitatem
1909 2994 2137 3066 pertinentbha-

2087 3042 2140 3066 ent

1221 3113 1249 3131 2.
1269 3108 1362 3131 Etenim
1371 3115 1446 3132 omncs
1455 3113 1522 3134 artes
1532 3124 1541 3140 ,
1553 3105 1621 3141 ἀνα]
1643 3104 1797 3134 Arbitrantur
1810 3103 1970 3133 Gulielmius
1982 3102 2139 3141 legendum,

1184 3145 1222 3168 set
1230 3144 1301 3169 enim.
1320 3151 1374 3171 non
1384 3141 1469 3171 malea

2026 3217 2054 3240 t·
2071 3207 2142 3246 offla
