2297 3389
472 144 743 190 ORA'rro
789 153 911 185 PRO
958 138 1010 185 A.
1060 136 1408 185 CLtrnnrro
1455 139 1681 186 Avtro.

94 225 108 245 ¹
125 220 216 255 latius
233 220 334 264 potuit
350 240 359 256 ,
379 220 517 253 abditum
537 220 635 261 aliqua
654 221 687 250 in
706 226 785 258 parte
803 216 907 257 panis,
926 214 1018 257 quam
1040 214 1061 245 fi

94 273 197 296 totum
214 263 462 306 colliquefaaum
483 264 518 292 in
537 264 663 302 potione
687 258 779 291 esset?
803 256 931 290 celerius
948 259 1058 305 potuit.

95 310 112 328 ²
126 306 307 341 comestum,
318 305 408 347 quam
419 313 544 345 epotum
553 305 587 333 in
599 312 689 333 venas
700 322 709 336 ,
720 310 809 343 atque
819 302 852 330 in
862 308 984 329 omneis
992 308 1058 338 par-

96 350 153 380 teis
171 350 305 388 corporis
320 348 512 388 permanare?
530 344 647 376 facilius
665 343 767 375 fallere
787 345 819 372 in
832 350 908 382 pane
934 338 968 380 (fi
986 338 1060 386 esset

96 389 359 428 animadversum)
377 388 469 430 quam
479 389 512 418 in
525 388 654 428 poculo,
672 385 745 418 cum
757 386 796 415 ita
803 382 962 414 confusum
975 380 1059 428 esset,

97 441 132 463 ut
151 432 263 463 secerni
280 431 367 461 nullo
387 430 483 461 modo
500 428 616 471 poffet?
637 432 679 459 At
693 427 836 469 repentina
853 432 942 455 morte
958 425 1057 464 periit.

101 477 114 502 Ξ
127 473 217 516 Qod
228 471 248 502 fi
258 471 329 503 esset
340 474 380 503 ita
397 472 531 503 factum:
552 481 654 502 tamen
667 481 702 501 ea
717 479 763 500 res
775 489 784 503 ,
803 476 925 509 propter
943 465 1059 496 multo-

95 525 166 547 rum
185 514 336 554 ejusmodi
345 523 476 546 mortem
489 534 499 548 ,
518 514 584 545 satis
596 512 716 543 firmam
725 512 837 542 veneni
856 509 1058 550 suspicionem

43 580 56 584 -
97 566 164 587 non
177 556 303 587 haberet.
326 554 348 586 sl
365 555 438 587 effet
447 556 661 597 suspiciosum:
680 559 782 585 tamen
796 552 832 583 ad
842 552 917 582 alios
932 548 1035 590 potitis
1045 568 1055 583 ,

97 598 189 639 quam
208 598 245 628 ad
263 599 390 628 Avitum
402 600 575 639 pertineret.
602 595 719 627 Verum
731 598 766 626 in
784 604 820 625 eo
838 594 904 634 ipso
916 593 1060 622 homines

97 638 360 681 impudentissime
379 642 579 671 mentiuntur.
604 639 639 670 Id
657 647 690 669 ut
706 637 896 678 intelligatis:
923 634 958 665 &
976 643 1059 681 rnor-

97 690 162 712 tem
178 682 259 721 ejus,
274 682 326 715 &,
345 682 606 723 quemadmodum
620 680 688 722 post
705 687 837 710 mortem
850 697 858 711 ,
877 678 911 707 in
930 678 1058 706 Avitum

99 722 136 754 fit
151 724 269 754 crimen
280 723 296 755 a
307 733 400 755 matre
409 723 583 766 quaefitum,
601 722 784 763 cognoscite.
807 717 888 749 Cum
897 727 1005 765 vagus,
1025 716 1058 746 δε

95 766 184 796 exsul
200 775 309 796 erraret
319 786 327 800 ‚
347 775 434 808 atque
444 766 580 807 undique
597 764 735 795 exclusus
744 762 927 802 Oppianicus
937 779 946 794 ‚
962 769 997 789 in
1007 760 1060 789 Fa-

97 807 220 838 lernum
242 808 271 838 se
287 808 323 839 ad
342 811 374 839 C.
386 808 574 850 Qintilium
594 803 767 837 contuliffet
786 815 792 833 ;
811 803 855 833 ibi
871 799 1008 843 primum
1025 802 1060 848 in

99 849 246 880 morbum
264 849 392 883 incidit,
412 860 445 881 ac
461 851 530 880 satis
540 849 754 880 vehementer,
766 845 879 886 diuque
894 850 1059 885 aegrotavit.

98 890 181 922 Cum
195 890 268 922 effet
275 901 335 922 una
342 890 441 926 Saffia,
459 891 593 921 &Statio
609 890 702 920 Albio
712 887 855 930 quodam,
866 887 989 919 colono,
1002 886 1061 914 ho-

99 934 186 964 mine
195 933 309 963 valente
318 953 326 967 ,
338 934 391 974 qui
401 931 489 963 simul
499 931 556 962 effe
575 931 688 962 solebat
698 951 707 964 ‚
727 929 906 961 familiarius
916 935 1057 961 uteretur,

96 974 189 1016 quarn
200 977 247 1006 vir
254 973 503 1008 diffolutiffimus,
515 974 665 1005 incolumi
680 972 812 1005 fortuna.
824 972 883 1011 pati
892 967 1005 1011 posset:
1025 968 1059 998 δε

92 1017 145 1057 jus
163 1016 239 1047 illud
257 1018 448 1046 matrimonii
464 1015 596 1050 castum,
620 1024 707 1056 atque
725 1015 753 1044 le
775 1015 916 1046 itimum‚
934 1011 1060 1041 damna-

97 1060 182 1089 tione
199 1059 259 1088 viri
267 1058 418 1089 sublatum
436 1058 641 1089 arbitraretur:
663 1058 745 1088 Nico
773 1064 851 1086 ratus
860 1053 984 1096 quidam
995 1072 1004 1087 ,
1022 1050 1060 1082 fi-

94 1099 173 1130 deh's
183 1101 340 1140 Oppianici
352 1100 484 1131 servulus
495 1121 505 1134 ,
514 1099 715 1140 percuriosuS,
728 1099 761 1129 &
771 1096 903 1128 minime
915 1094 1060 1128 mendax,

97 1142 195 1172 multa
219 1143 329 1172 dicitur
345 1144 514 1173 renuntiare
524 1142 657 1172 domino
667 1141 771 1172 solitus
781 1137 849 1169 esse.
872 1141 988 1168 Interea
998 1139 1060 1177 Op-

94 1185 232 1223 pianicus
250 1194 321 1214 cum
331 1184 396 1224 jam
406 1184 626 1215 convalesceret
636 1203 645 1217 ‚
657 1193 754 1224 neque
764 1184 796 1212 in
805 1181 931 1212 Falerno
942 1181 1060 1219 impro-

94 1226 221 1256 bitatem
238 1226 343 1257 coloni
358 1225 473 1257 diutius
481 1226 558 1257 ferre
570 1225 666 1267 poss'et
677 1246 685 1259 ,
705 1226 738 1256 &
749 1226 808 1254 huc
822 1222 859 1254 ad
874 1222 980 1252 urbem
991 1231 1062 1262 pro-

96 1266 194 1298 fectus
216 1266 288 1298 effer
319 1268 452 1307 (solebat
472 1270 558 1298 enim
580 1276 662 1298 extra
681 1275 798 1308 portam
821 1264 935 1306 aliquid
953 1264 1062 1294 habere

98 1308 245 1340 conducti
256 1310 266 1350 )
285 1309 422 1341 cecidiss'e
432 1320 470 1340 ex
487 1320 566 1351 equo
576 1310 687 1340 dicitur
695 1329 704 1344 ‚
726 1309 759 1339 &
770 1309 865 1338 homo
875 1305 997 1336 infirma
1008 1314 1062 1335 va-

97 1351 234 1382 letudine
250 1352 328 1381 latus
347 1351 483 1392 offendiffe
500 1353 713 1385 vehementer,
739 1351 772 1380 &
784 1369 792 1383 ,
813 1347 1007 1389 posteaquam
1026 1346 1062 1376 ad

96 1393 207 1423 urbem
216 1403 286 1424 cum
299 1393 376 1424 febri
385 1395 616 1434 venerit,paucis
626 1392 731 1423 diebus
741 1391 799 1422 effe
809 1399 961 1421 mortuus.
974 1392 1060 1419 Mor-

97 1437 137 1466 tis
146 1436 239 1469 ratio,
258 1434 375 1475 judices
387 1456 395 1469 ‚
417 1435 568 1475 ejusmodi
577 1434 637 1469 est,
656 1442 748 1465 utaut
765 1431 1061 1471 nihilhabeatsuspi—

97 1478 196 1508 cionis
207 1497 216 1510 ‚
228 1485 305 1514 qaut,
324 1476 419 1519 siquid
438 1477 542 1511 habet,
562 1476 594 1508 id
612 1478 691 1507 intra
701 1476 821 1519 parietes
839 1476 872 1504 in
889 1472 1058 1504 domestico

27 1524 57 1561 6
64 1534 78 1568 3
98 1519 207 1567 scelere
216 1519 356 1567 versetur.
382 1518 454 1567 rost
464 1529 595 1567 mortem
608 1520 672 1559 ejus
684 1517 879 1566 Saffianstatim
890 1515 994 1546 moliri
1005 1525 1060 1545 ne-

28 1565 31 1569 ’
94 1559 168 1592 faria
185 1560 296 1591 mulier
311 1570 403 1601 coepit
419 1560 540 1592 infidias
561 1560 626 1603 filio
646 1571 652 1590 z
674 1559 874 1602 quaestionern
894 1558 1002 1589 habere
1022 1557 1059 1587 de

92 1604 153 1634 viri
170 1611 270 1633 morte
289 1603 455 1634 constituit.
478 1606 555 1634 emit
571 1603 608 1634 de
627 1606 662 1634 A.
674 1604 802 1643 Rupilio
817 1622 826 1636 ‚
846 1611 908 1642 quo
920 1608 980 1630 erat
989 1599 1059 1630 usus

94 1646 279 1686 Oppianicus
299 1645 438 1680 medico,
462 1649 632 1677 Stratonem
643 1645 792 1686 quendam
804 1665 812 1679 ‚
832 1641 911 1685 quasi
924 1651 957 1672 ut
974 1641 1058 1671 idern

89 1686 218 1721 faceret,
239 1687 322 1729 quod
333 1690 441 1718 Avitus
453 1689 487 1718 in
495 1688 630 1718 emendo
640 1690 780 1729 Diogene
793 1686 911 1717 fecerat.
934 1687 983 1714 De
1000 1685 1059 1728 hoc

91 1732 230 1760 Stratone
241 1750 249 1764 ,
271 1730 304 1760 &
314 1729 351 1760 de
371 1729 474 1761 affecla
492 1730 624 1771 quodam
635 1730 720 1760 servo
732 1729 786 1760 suo
796 1725 985 1770 quaefituram
998 1724 1058 1756 esse

92 1771 183 1802 dixit.
206 1780 345 1811 praeterea
360 1772 580 1802 servumillum
592 1770 913 1812 Nicostratum,que1n
934 1766 1058 1797 nimiam

91 1813 239 1854 loquacem
256 1812 362 1847 fuiss'e,
382 1824 415 1845 ac
424 1815 559 1844 nimium
580 1813 709 1844 domino
720 1812 843 1843 fidelem
852 1810 1056 1842 arbitrabatur»

83 1855 132 1886 -ab
151 1857 210 1886 hoc
227 1855 414 1887 adolescente
432 1858 599 1897 Oppianico
619 1857 653 1886 in
671 1854 870 1896 quaestionem
884 1851 1056 1893 postulavit.

95 1898 159 1928 Hic
176 1896 247 1928 cum
257 1895 328 1928 effer
342 1898 398 1928 illo
416 1907 551 1938 tempore
563 1908 656 1939 puer,
677 1898 710 1928 &
722 1898 774 1928 illa
783 1895 908 1938 quaestio
919 1894 956 1925 de
966 1896 1056 1934 patris

95 1941 140 1970 iui
160 1948 258 1969 morte
274 1938 418 1970 constitui
431 1940 595 1970 diceretur:
612 1939 663 1969 etsi
680 1940 770 1969 illum
790 1940 910 1969 servum
921 1957 929 1970 ‚
950 1937 984 1966 &
1002 1935 1056 1965 fibi

94 1981 277 2012 benivolum
288 1979 345 2011 efle
360 2001 369 2014 ‚
390 1982 422 2011 &
438 1983 511 2021 patri
527 1979 614 2011 fuiffe
623 1981 815 2011 arbitrabatur
824 1991 833 2014 3
857 1979 936 2009 nihil
953 1987 1056 2008 tamen

93 2022 138 2054 est
156 2023 242 2053 ausus
259 2023 398 2053 recusare.
422 2023 615 2053 Advocantur
625 2024 734 2052 amici:
758 2022 791 2052 &
804 2022 936 2060 hospites
946 2022 1056 2059 Oppia-

93 2066 171 2098 nici,
184 2062 314 2105 &ipfius
323 2065 464 2095 mulieris
480 2065 581 2098 multi,
600 2065 741 2094 homines
753 2061 892 2095 honesti,
912 2070 1000 2102 atque
1019 2071 1055 2090 o-

91 2107 220 2138 mnibus
238 2106 325 2137 rebus
345 2108 453 2137 ornati.
477 2107 638 2137 tormentis
661 2106 807 2136 omnibus
826 2101 1052 2134 vehementissi-

92 2151 154 2179 mis
171 2150 320 2190 quaeritur.
353 2147 431 2179 Cum
449 2147 541 2178 ess'ent
559 2149 656 2178 animi
675 2147 831 2178 servorum
847 2166 859 2180 .,
885 2146 917 2175 &
929 2145 993 2185 spe,
1015 2145 1050 2177 (ψ

84 2199 170 2222 rnetu
187 2190 302 2223 tentati,
317 2198 351 2220 ut
367 2190 480 2231 aliquid
494 2192 527 2220 in
536 2189 702 2231 quaestione
712 2189 861 2219 dicerent:
880 2196 983 2218 tamen
997 2185 1052 2226 (ut

85 2233 233 2273 arbitror)
251 2231 425 2262 auctoritate
436 2232 662 2265 advocatorum,
674 2231 707 2261 &
717 2233 746 2261 vi
763 2238 986 2261 tormentorum
998 2228 1050 2259 ad-

87 2274 192 2309 ducti,
215 2276 250 2304 in
263 2275 387 2304 veritate
409 2274 603 2307 manserunt,
625 2283 724 2314 neque
743 2273 773 2303 se
795 2271 960 2314 quidquam
979 2271 1052 2301 scire

87 2318 241 2349 dixerunt.
265 2314 397 2356 Qaestio
415 2316 470 2346 illo
481 2316 530 2346 die
540 2315 577 2346 de
586 2317 755 2346 amicorum
774 2315 920 2345 sententia
932 2310 1051 2344 dimifla

88 2359 142 2390 est.
165 2360 240 2390 Satis
257 2358 351 2400 longo
367 2358 525 2388 intervallo
534 2356 602 2398 post
618 2359 727 2388 iterum
741 2356 937 2388 advocantur,
959 2355 1051 2384 habe-

88 2411 138 2432 tur
147 2401 184 2432 de
202 2402 319 2440 integro
334 2399 475 2440 quaestio:
495 2400 579 2430 nulla
597 2401 642 2430 vis
653 2408 878 2430 tormentorum
888 2399 1052 2428 acerrimo-

90 2453 160 2476 rum
182 2443 434 2483 praetermittitur:
456 2443 583 2482 averftm'
599 2441 753 2476 advocati,
772 2441 805 2471 δε
820 2442 884 2481 jam
904 2441 958 2469 vix
978 2438 1051 2469 ferre

90 2484 191 2527 poss'e:
210 2484 307 2516 furere
318 2484 466 2518 crudelis,
486 2486 757 2525 atqueimportuna
772 2483 905 2516 mulier,
925 2481 979 2511 fibi
997 2491 1052 2511 ne-

90 2534 296 2569 quaquamsut
308 2524 451 2565 sperass'et,
466 2537 508 2561 ea,
522 2536 587 2567 quae
603 2524 772 2568 cogitasset,
782 2523 951 2565 procedere.
970 2522 1050 2554 cum

88 2568 154 2611 jam
173 2577 286 2601 tortor,
301 2576 387 2608 atque
397 2566 490 2598 essent
506 2576 656 2598 tormenta
672 2567 733 2607 ipsa
742 2565 851 2597 defess'a
863 2586 872 2600 ,
892 2575 991 2607 neque
1009 2574 1054 2596 ta—

92 2621 168 2642 men
178 2611 231 2641 illa
249 2608 344 2639 finem
354 2609 448 2641 facere
465 2610 573 2641 vellet:
590 2609 717 2651 quidam
730 2619 768 2639 ex
783 2608 944 2642 advocatis,
954 2608 1051 2638 homo

92 2654 127 2685 ὃς
139 2652 305 2683 honoribus
315 2652 421 2691 populi
439 2661 560 2683 ornatus
571 2672 580 2687 ,
597 2653 630 2682 &
640 2652 758 2682 summa
770 2652 879 2681 virtute
889 2649 1031 2690 praeditus
1042 2670 1051 2683 ,

90 2695 260 2737 intelligere
278 2693 305 2723 se
316 2693 405 2727 dixit,
418 2704 482 2725 non
502 2694 533 2724 id
547 2696 603 2735 agi,
615 2703 648 2724 ut
658 2703 766 2724 verum
780 2694 984 2723 inveniretur:
1002 2691 1052 2722 sed

90 2747 126 2768 ut
141 2736 256 2778 aliquid
255 2735 422 2777 fals'rdicere
431 2744 599 2777 cogerentur.
615 2739 684 2766 Hoc
697 2733 856 2777 postquam
866 2736 956 2766 ceteri
965 2744 1052 2765 corn-

88 2779 256 2821 probarunt
273 2789 278 2808 2
297 2788 337 2808 ex
355 2780 498 2808 omniurn
520 2779 665 2816 sententia
680 2777 880 2808 constitutum
901 2776 963 2811 est,
986 2777 1054 2807 satis

90 2821 189 2852 videri
206 2819 264 2851 effe
282 2818 448 2861 quaefitum.
484 2820 633 2851 Redditur
658 2822 827 2861 Oppianico
849 2818 1054 2850 Nicostratus:

90 2864 238 2894 Larinum
253 2864 315 2904 ipsa
330 2861 530 2903 proficiscitur
549 2872 620 2894 cum
639 2862 717 2896 suis,
733 2871 861 2894 maerens
872 2881 880 2897 ‚
901 2860 984 2904 quod
990 2862 1055 2903 jam

128 2978 153 2996 1.
173 2972 261 2995 Latius
267 2972 355 3003 potuit,
365 2971 496 3005 abditum]
540 2970 583 2996 uei
593 2969 734 3006 potuissem
747 2968 883 2996 includere
892 2968 1049 3006 scripturam

89 3004 154 3032 osio
165 3005 345 3032 palatinorum
356 3007 366 3033 ?
377 3007 421 3042 qui
433 3016 524 3033 ornnes
535 3006 552 3033 fi
571 3005 741 3033 iconstabant
751 3006 778 3033 in
788 3008 955 3039 larius-potuit,
965 3005 1049 3032 solum

91 3051 102 3066 x
110 3040 226 3072 ariabaut
236 3042 262 3067 in
272 3043 352 3069 tertia
362 3052 425 3069 voce
437 3062 445 3074 ,
455 3043 546 3069 aditum
557 3062 565 3075 ‚
577 3043 694 3069 additum.
711 3041 754 3069 sed
764 3043 792 3068 &
804 3042 837 3068 fic
846 3050 953 3079 quoque
963 3043 1051 3069 omnis

89 3078 174 3104 editio
185 3084 259 3103 vetus
270 3087 279 3108 5
299 3085 329 3105 ut
338 3085 437 3105 taceam
449 3079 613 3106 membranas
627 3098 635 3111 ‚
654 3080 669 3105 it
680 3078 813 3105 Lambino
823 3078 965 3115 productas
977 3088 985 3109 ς
1009 3088 1051 3104 re-

90 3115 192 3140 centius
204 3113 254 3139 cusi
267 3133 275 3145 ,
286 3115 548 3149 latentiuspotuit‚&c.
558 3116 638 3144 male.
657 3124 716 3143 nam
727 3114 754 3141 id
764 3124 828 3142 mox
840 3115 958 3152 sequitur
969 3126 975 3142 ;
985 3115 1052 3148 saci-

90 3154 138 3178 b‘m
144 3152 227 3183 fallere
236 3152 261 3174 in
268 3157 339 3182 pane.

126 3195 155 3213 2.
175 3186 324 3220 comestum]
337 3186 437 3216 Datum
446 3186 497 3215 hoc
505 3188 649 3218 Prisciano.
666 3198 727 3219 nam
738 3187 862 3225 plutearii
874 3187 954 3217 nostri
965 3186 1052 3216 adhae-
1069 3213 1070 3217 ,

1962 152 2054 200 371

1100 216 1180 247 certe
1192 218 1383 249 incolumem
1395 217 1494 249 filium
1502 217 1567 250 fore
1574 218 1697 260 putabat
1707 238 1715 252 ‚
1734 216 1770 248 ad
1780 225 1871 259 quem
1883 225 1948 246 non
1965 215 2060 246 modo

1100 268 1207 289 verum
1216 262 1345 294 crimen.
1357 260 1406 291 sed
1417 270 1455 291 ne
1465 259 1534 293 ficta
1541 261 1667 302 quidem
1679 261 1807 300 suspicio
1817 260 1985 299 perveniret
1997 269 2002 287 :
2024 258 2058 288 δε

1098 302 1147 329 cui
1161 311 1225 331 non
1236 301 1331 332 modo
1341 311 1438 342 aperta
1455 304 1653 334 inimicorum
1669 304 1853 344 oppugnatio
1864 321 1873 335 ,
1890 300 1939 331 scd
1956 310 1994 330 ne
2008 310 2060 330 oc-

1098 341 1184 371 cultae
1202 343 1328 383 quidem
1345 347 1448 375 matris
1464 343 1581 376 insidiae
1596 355 1705 376 nocere
1714 342 1886 386 potuiffent.
1910 344 2058 372 Larinum

1097 382 1255 423 postquam
1276 388 1379 416 venit:
1397 396 1462 426 quae
1474 387 1634 418 astratone
1650 387 1707 417 illo
1719 396 1874 417 venenum
1892 393 1975 415 antea
1992 385 2061 414 viro

1098 424 1152 471 suo
1163 424 1334 458 datum,s1bi
1344 429 1513 466 persuasum
1523 428 1579 460 ess'e
1590 427 1938 463 fimuiasset‚instru6tam
1950 427 1978 456 ei
1986 436 2062 456 con-

1099 464 1199 499 tinuo,
1210 466 1243 496 &
1254 476 1389 497 ornatam
1400 471 1501 500 Larini
1512 471 1671 501 medicinae
1680 470 1853 501 exercenda:
1862 470 1947 500 causa
1965 466 2059 497 raber-

1098 518 1166 537 nam
1174 507 1266 539 dedit.
1288 511 1407 543 Unum,
1423 511 1562 545 alterum,
1576 516 1698 543 tertium
1708 523 1823 543 annum
1834 510 1919 543 Sassia
1927 510 2060 551 quiesse·
2075 511 2096 543 6
2103 522 2123 553 4

1098 549 1157 584 bat,
1168 558 1200 580 ut
1213 550 1304 584 velle.
1321 559 1408 591 atque
1428 561 1529 591 optare
1545 554 1658 594 aliquid
1675 555 1850 584 calamitatis
1869 553 1934 583 filio
1945 551 2060 593 potius,

1119 591 1189 622 uam
1200 591 1230 622 id
1242 591 1399 626 struere,&
1409 594 1513 623 moliri
1523 595 1684 625 videretur.
1695 599 1778 626 Tum
1790 598 1912 626 interim
1925 597 2061 625 Horten-

1110 643 1152 667 10,
1164 634 1291 664 Metello
1309 637 1393 664 Coss.
1404 643 1437 664 ut
1446 636 1527 665 hunc
1539 637 1739 676 Oppianicum
1758 637 1837 668 aliud
1849 646 1985 679 agentem
1998 657 2005 669 ‚
2027 646 2061 666 ac

1098 675 1178 705 nihil
1196 676 1346 716 ejusmodi
1356 677 1549 718 cogitantem,
1559 679 1594 708 ad
1613 679 1687 708 hanc
1697 680 1914 709 accusationem
1925 678 2060 709 detrahe-

1098 726 1153 750 ret,
1164 719 1264 748 invito
1280 717 1439 759 despondit
1449 721 1476 748 ei
1487 718 1581 750 filiam
1592 720 1687 752 suam,
1698 721 1781 750 illam
1793 741 1800 753 ‚
1820 731 1910 761 quam
1922 731 1959 750 ex
1970 730 2061 761 gene-

1097 769 1131 790 ro
1151 759 1331 800 susceperat,
1352 769 1386 790 ut
1402 770 1475 791 eum
1493 763 1607 801 nuptiis
1624 762 1776 802 affigamm
1794 761 1900 796 simul,
1921 763 1954 792 ὃς
1974 761 2062 793 testa-

1099 803 1197 832 menti
1214 801 1261 842 spe
1276 801 1459 836 devinctum,
1475 802 1678 843 poffithabere
1690 806 1722 833 in
1732 803 1882 843 potestate.
1907 807 1975 834 Hoc
1995 804 2061 844 ipso

1096 843 1160 874 fere
1171 852 1306 884 ternpore
1315 847 1410 876 Strato
1420 844 1472 875 ille
1482 845 1618 876 medicus
1630 845 1717 876 domi
1726 845 1841 875 furtum
1852 845 1922 876 fecit
1933 866 1942 879 ,
1957 846 1989 876 ὃς
2001 856 2059 875 cae-

1098 885 1169 916 dem
1179 886 1340 925 ejusmodi.
1365 885 1444 917 Cum
1454 885 1525 918 esset
1534 889 1566 917 in
1577 887 1690 918 aedibus
1701 889 1874 920 armarium,
1889 889 1921 916 in
1931 898 1992 928 quo
2005 888 2061 917 sci-

1097 936 1143 958 ret
1150 926 1208 958 effe
1219 938 1424 959 nummorum
1434 930 1623 978 aliquantum
1635 950 1642 963 ‚
1656 929 1689 959 &
1697 931 1760 959 auri
1774 940 1779 959 z
1798 928 1893 959 noctu
1902 929 1978 958 duos
1988 939 2063 958 con-

1099 970 1199 1000 servos
1216 969 1415 1001 dormienteis
1433 971 1543 1001 occidit
1554 992 1561 1005 ‚
1584 973 1617 1001 in
1634 972 1841 1012 piscinamque
1854 970 1979 1009 dejecit:
2000 970 2061 1009 ipse

1098 1011 1220 1040 armarii
1229 1011 1357 1050 fundum
1364 1014 1488 1052 exsecuit
1498 1033 1506 1047 ‚
1528 1014 1561 1044 ὃς
1572 1023 1634 1043 tt-s.
1657 1012 1673 1026 '¹‘
1697 1013 1729 1043 &
1739 1016 1801 1043 auri
1812 1014 1945 1053 quinque
1956 1012 2062 1052 pondo

1099 1052 1229 1087 abstulit,
1241 1064 1304 1084 uno
1314 1064 1353 1084 ex
1362 1055 1453 1085 servis
1463 1064 1556 1095 puero
1565 1065 1629 1086 non
1640 1055 1740 1095 grandi
1753 1056 1885 1085 conscio.
1909 1057 1999 1084 Furto
2007 1063 2064 1093 po-

1100 1095 1202 1126 stridie
1211 1098 1335 1136 cognito
1346 1117 1354 1131 ,
1369 1098 1474 1127 omnis
1484 1097 1610 1137 suspicio
1622 1099 1653 1127 in
1664 1107 1715 1127 eos
1727 1097 1827 1127 servos
1838 1117 1846 1130 ‚
1858 1107 1911 1138 qui
1924 1107 1976 1125 non
1986 1106 2060 1124 com-

1097 1136 1245 1178 parebant,
1254 1139 1515 1170 commovebatur.
1534 1139 1614 1169 Cum
1624 1138 1756 1170 exsectio
1767 1139 1818 1169 illa
1825 1138 1912 1168 fundi
1923 1140 1954 1168 in
1965 1147 2062 1167 arma*

1100 1182 1146 1210 rio
1156 1180 1451 1215 animadverteretur,
1464 1182 1634 1222 quaerebant
1644 1183 1786 1211 homines
1796 1201 1803 1215 ‚
1819 1191 1954 1222 quonam
1965 1180 2060 1210 modo

1102 1220 1166 1252 fieri
1179 1220 1329 1262 potuifl‘et.
1361 1223 1494 1263 Qidam
1504 1234 1543 1254 ex
1552 1226 1655 1254 amicis
1664 1222 1761 1254 Saffiae
1772 1222 1940 1254 recordatus
1950 1221 1992 1252 est
2003 1242 2010 1254 ‚
2032 1222 2061 1251 se

1100 1274 1196 1304 nuper
1211 1266 1244 1294 in
1260 1264 1401 1296 auQione
1415 1265 1543 1306 quadam
1563 1264 1670 1296 vidiss'e
1685 1267 1716 1295 in
1727 1265 1815 1295 rebus
1828 1266 1955 1294 minutis
1965 1264 2060 1294 adun·

1099 1316 1165 1336 cam
1177 1316 1215 1336 ex
1225 1309 1314 1336 omni
1324 1316 1404 1347 parte
1414 1308 1565 1342 dentium,
1576 1308 1609 1338 δε
1619 1308 1782 1338 tortuosam
1793 1308 1896 1337 venire
1906 1306 2058 1339 serrulam,

1097 1358 1155 1389 qua
1174 1349 1250 1378 illud
1269 1348 1400 1389 potuiss‘e
1416 1351 1455 1380 ita
1470 1350 1675 1380 circumsecari
1691 1349 1852 1380 videretur.
1886 1351 1934 1378 Ne
1946 1348 2060 1377 muita:

1098 1391 1278 1431 perquiritur
1287 1390 1303 1420 a
1310 1390 1510 1421 coactoribus·
1521 1393 1676 1422 invenitur
1684 1402 1718 1421 ea
1727 1391 1837 1422 serrula
1846 1389 1880 1420 ad
1891 1393 2060 1420 Stratonem

1099 1431 1275 1472 perveniss'e.
1297 1435 1367 1463 Hoc
1380 1434 1463 1462 initio
1473 1434 1635 1474 ficspicionis
1644 1443 1721 1467 orto,
1737 1432 1876 1473 &aperte
1888 1430 2061 1461 insimulato

1098 1477 1235 1505 Stratone
1246 1494 1256 1508 ‚
1274 1483 1348 1514 puer
1364 1476 1417 1505 ille
1429 1477 1568 1506 conscius
1583 1477 1739 1516 pertimuit
1754 1486 1759 1503 1
1779 1485 1845 1505 rem
1862 1483 1990 1504 ornnem
2004 1473 2062 1503 do-

1098 1518 1192 1546 minae
1203 1516 1363 1547 indicavit:
1374 1517 1516 1548 homines
1527 1520 1557 1548 in
1568 1518 1681 1558 piscina
1690 1519 1807 1547 inventi
1817 1517 1902 1547 sunt:
1920 1518 2014 1546 Strato
2025 1517 2060 1546 in

1098 1559 1220 1589 vincula
1229 1558 1388 1598 conjectus
1397 1559 1458 1590 est:
1475 1569 1561 1601 atque
1577 1562 1667 1590 etiam
1681 1561 1712 1589 in
1725 1560 1844 1590 taberna
1852 1559 1916 1596 ejus
1924 1558 2063 1591 nummi,

1099 1611 1285 1642 nequaquam
1305 1611 1416 1632 omnes
1427 1622 1436 1635 ‚
1455 1604 1652 1642 reperiuntur.
1683 1601 1882 1632 Constituitur
1890 1599 2016 1641 quaestio
2025 1599 2063 1629 de

1097 1641 1189 1673 furto.
1212 1653 1283 1673 nam
1301 1642 1374 1684 quid
1391 1644 1550 1685 quisquam
1570 1645 1707 1684 suspicari
1717 1643 1797 1673 aliud
1806 1641 1925 1683 potest?
1945 1645 1995 1672 An
2004 1643 2064 1672 hoc

1097 1684 1218 1715 dicitis?
1236 1687 1364 1715 armario
1374 1687 1507 1726 expilato
1520 1707 1528 1721 ,
1539 1688 1665 1727 pecunia
1673 1686 1766 1716 ablata
1775 1705 1784 1718 ‚
1805 1694 1869 1715 non
1879 1686 1968 1714 omni
1978 1694 2063 1714 recu-

1096 1736 1212 1767 perata,
1234 1725 1337 1757 occisis
1355 1728 1535 1758 hominibus
1556 1727 1724 1758 institutam
1743 1726 1801 1758 esse
1812 1725 2010 1767 quaestionem
2025 1726 2063 1755 de

1099 1778 1197 1799 morte
1206 1771 1365 1809 Oppianici
1379 1771 1448 1801 ?cui
1464 1770 1615 1810 probatis?
1628 1769 1701 1810 quid
1712 1769 1764 1803 est,
1775 1769 1856 1810 quod
1869 1766 1973 1798 minus
1984 1768 2065 1798 veri-

1098 1810 1194 1841 simile
1203 1810 1335 1852 proferre
1347 1811 1488 1852 potuistis
1500 1816 1510 1841 ?
1529 1812 1661 1845 Deinde,
1667 1820 1699 1841 ut
1708 1821 1849 1842 omittam
1859 1811 2064 1843 cetera‚trien-

1098 1855 1153 1883 nio
1180 1853 1248 1894 post
1270 1862 1400 1884 mortem
1420 1856 1578 1894 Oppianici
1598 1853 1634 1884 de
1657 1854 1722 1893 ejus
1741 1862 1838 1884 morte
1857 1852 2064 1894 quaerebatur?

1098 1899 1196 1936 Atque
1216 1897 1306 1926 etiarn
1326 1896 1435 1936 incensa
1451 1897 1509 1926 odio
1517 1895 1630 1938 pristino
1641 1916 1649 1930 ,
1668 1895 1873 1926 Nicostiatum
1884 1894 2063 1925 eundemil-

1097 1938 1161 1967 lum
1173 1947 1239 1967 tum
1250 1936 1310 1968 fine
1320 1939 1405 1968 causa
1415 1940 1448 1968 in
1462 1938 1660 1979 quaestionem
1677 1937 1847 1977 postulavit.
1878 1937 2062 1976 Oppianicus

1096 1978 1198 2019 primo
1208 1980 1360 2010 recusavit.
1372 1979 1564 2021 posteaquam
1575 1980 1628 2009 illa
1637 1978 1834 2009 abducturam·
1842 1978 1871 2008 se
1881 1977 2063 2010 filiarrbmu-

1096 2030 1221 2051 taturam
1232 2020 1289 2050 effe
1300 2020 1513 2051 testamentum
1526 2023 1704 2051 minaretur:
1715 2021 1838 2051 mulieri
1847 2017 2060 2049 crudelissima:

1095 2063 1214 2092 servum
1223 2060 1430 2092 fidehffimum
1444 2083 1451 2096 ,
1463 2073 1526 2093 non
1536 2065 1569 2093 in
1587 2062 1786 2103 quaestionem
1799 2062 1868 2092 tulit
1880 2082 1888 2094 ‚
1910 2061 1957 2091 sed
1968 2061 2059 2101 plane

1094 2103 1133 2134 ad
1140 2104 1175 2143 fu
1192 2104 1313 2145 plicium
1330 2104 1422 2135 dedit.
1455 2104 1525 2135 Post
1535 2106 1700 2135 triennium
1712 2105 1802 2144 igitur
1811 2105 1916 2144 agitata
1927 2103 2058 2143 denique
2072 2107 2119 2147 65

1094 2156 1160 2187 quae
1189 2149 1219 2175 io
1228 2145 1264 2175 de
1274 2147 1333 2176 viri
1345 2154 1444 2176 morte
1460 2146 1638 2177 habebatur:
1661 2146 1695 2176 &
1713 2146 1749 2176 de
1767 2145 1878 2187 quibus
1899 2146 1990 2175 servis
2003 2145 2058 2174 ha-

1073 2196 1074 2214 l
1093 2188 1240 2218 bebatur?
1255 2190 1344 2218 Nova
1354 2208 1362 2221 ,
1373 2188 1462 2218 credo
1472 2209 1481 2222 ,
1493 2198 1536 2218 res
1547 2187 1665 2227 obje<sta
1675 2208 1683 2221 ,
1695 2198 1769 2218 novi
1777 2186 1900 2228 quidam
1912 2187 2056 2216 homines

1094 2231 1127 2261 in
1138 2230 1338 2269 suspicionem
1350 2232 1450 2260 vocati
1459 2231 1536 2261 sunt.
1561 2230 1597 2260 de
1608 2233 1743 2260 Stratone
1754 2250 1763 2263 ,
1782 2231 1814 2259 &
1824 2229 1858 2259 de
1872 2228 2055 2259 Nicostrato.

1094 2271 1175 2313 Qid
1187 2275 1197 2301 ?
1208 2274 1317 2302 Romae
1325 2271 1482 2313 quaesitum
1492 2272 1528 2303 de
1539 2271 1601 2302 istis
1612 2272 1790 2302 hominibus
1801 2281 1865 2301 non
1873 2273 1956 2301 erat?
1973 2273 2057 2301 Itane

1093 2313 1237 2344 tandem?
1257 2314 1436 2354 mulier-jam
1446 2324 1511 2344 non
1522 2314 1641 2347 morbo,
1657 2313 1704 2344 sed
1716 2313 1823 2344 scelere
1837 2312 1951 2343 furiosa
1961 2332 1970 2347 ,
1981 2311 2055 2342 cum

1092 2355 1293 2398 quaestionem
1305 2355 1451 2386 habuiffet
1461 2359 1569 2387 Romae
1579 2377 1587 2390 ,
1610 2355 1680 2386 curn
1692 2356 1728 2385 de
1739 2358 1779 2385 T.
1792 2356 1905 2388 Annii,
1917 2357 1954 2385 L.
1967 2356 2060 2385 Ruti-

1092 2399 1137 2432 lii,
1150 2401 1180 2429 P.
1193 2400 1311 2431 Saturii‚
1328 2398 1360 2428 &
1370 2407 1537 2428 ceterorum
1550 2397 1830 2428 honestissimorum
1841 2399 1977 2427 virorum
1991 2397 2059 2427 sen-

1093 2442 1186 2471 tentia
1195 2439 1394 2470 constitutum
1405 2439 1486 2474 effer,
1494 2441 1559 2471 satis
1570 2439 1726 2481 quaesitum
1736 2439 1832 2470 videri
1845 2451 1850 2468 :
1862 2438 1966 2469 eadem
1981 2438 2017 2468 de
2027 2448 2059 2468 re

1092 2483 1225 2513 triennio
1235 2482 1301 2523 post
1310 2502 1318 2515 ‚
1340 2482 1448 2512 iisdem
1459 2482 1495 2513 de
1505 2482 1684 2512 hominibus
1696 2502 1703 2515 ,
1727 2482 1813 2511 nullo
1823 2480 1959 2511 adhibito
1968 2500 1977 2513 ,
1991 2490 2058 2510 non

1093 2524 1191 2555 dicam
1200 2526 1268 2555 viro
1278 2524 1328 2563 (ne
1338 2525 1486 2554 colonum
1500 2523 1578 2554 forte
1589 2522 1713 2554 abfuiss'e
1723 2523 1839 2559 dicatis)
1856 2521 1905 2552 sed
1924 2520 1989 2551 bono
2007 2523 2058 2551 vi-

1093 2577 1121 2596 ro
1133 2577 1144 2594 .·
1154 2568 1187 2596 in
1198 2565 1252 2596 filii
1264 2575 1350 2607 caput
1359 2565 1557 2607 quaestionem
1573 2566 1679 2595 habere
1688 2574 1792 2594 conata
1803 2563 1854 2594 est.
1878 2567 1927 2594 An
1940 2565 1998 2594 hoc
2008 2563 2056 2594 di-

1094 2610 1182 2639 citis?
1200 2610 1279 2639 mihi
1289 2610 1372 2638 enirn
1383 2610 1508 2638 venitin
1519 2617 1667 2639 mentem,
1679 2606 1751 2647 quid
1761 2606 1819 2636 dici
1830 2604 1931 2646 possit,
1943 2604 2057 2636 tametsi

1094 2651 1191 2681 adhuc
1203 2661 1266 2681 non
1277 2649 1347 2681 esset
1356 2649 1475 2680 dictum
1488 2661 1493 2679 :
1507 2649 1603 2679 4cum
1615 2649 1768 2678 haberetur
1778 2648 1815 2678 de
1826 2647 1906 2678 furto
1915 2647 2055 2688 quaestio,

1093 2696 1262 2724 Stratonem
1281 2692 1394 2734 aliquid
1414 2692 1449 2722 de
1466 2701 1586 2722 veneno
1604 2689 1662 2720 effe
1678 2688 1848 2720 confessum
1867 2693 1879 2719 ἓ
1904 2692 1973 2719 Hoc
1994 2699 2058 2720 uno

1073 2735 1076 2775 fi
1096 2735 1203 2769 modo,
1212 2735 1327 2775 judices
1339 2755 1347 2768 ,
1364 2734 1438 2775 saepe
1450 2734 1618 2764 multorum
1630 2730 1933 2774 improbitatedepneffiae
1946 2732 2053 2761 veritas

1095 2778 1230 2818 emergit,
1250 2777 1284 2808 δε
1301 2778 1485 2807 innocentiae
1500 2773 1634 2806 defensio
1643 2775 1801 2805 interclusa
1813 2774 1949 2814 respirat:
1973 2773 2057 2814 quod

1094 2822 1192 2854 aurii,
1218 2829 1280 2858 Qr
1306 2829 1350 2849 AD
1367 2828 1534 2848 FRAUDEM
1554 2817 1655 2848 callidi
1675 2817 1760 2850 sunt,
1784 2826 1849 2846 non
1865 2824 1982 2847 tantum
2002 2826 2055 2846 au—

1094 2862 1185 2896 dent,
1206 2870 1354 2903 quantum
1372 2863 1560 2903 excogitant:
1584 2868 1635 2890 aut
1659 2858 1726 2893 illi,
1751 2868 1899 2899 QORUM
1920 2867 2056 2930 εΜιΝἰΕτ

1635 2924 1637 2927 ,
1964 2909 2056 2930 autu-

1091 2969 1185 2996 rebant
1197 2970 1304 3005 vulgato
1315 2978 1322 2999 3
1337 2969 1362 2994 ni
1373 2967 1443 3004 quod
1454 2976 1495 3003 pr.
1506 2967 1533 2992 δε
1544 2965 1797 2998 οξὶτινιιε,εοη7ςθῖ.ἠι.

1129 3014 1154 3041 3⁴
1175 3006 1323 3039 Qodfiefflt
1331 3003 1493 3038 majanum]
1505 3002 1583 3030 Nihil
1596 3003 1698 3029 variant
1707 3001 1765 3027 mss.
1776 3000 1868 3027 nostri.
1889 2998 1998 3026 mallem
2010 3004 2052 3025 tct-

1091 3050 1165 3073 men,
1175 3045 1200 3067 Si
1210 3042 1261 3075 effer
1269 3045 1305 3066 ita
1316 3053 1323 3073 ,-
1334 3048 1424 3071 tamen,
1434 3041 1486 3071 &tu

1126 3085 1154 3110 4.
1175 3078 1232 3103 Csmz
1250 3078 1375 3103 haberetur
1392 3077 1418 3101 de
1430 3078 1499 3109 surm
1515 3075 1637 3110 questio]
1667 3072 1839 3101 Praemi'ttunt
1857 3071 1959 3098 vetuste
1979 3069 2031 3096 cufi
2043 3088 2053 3101 ‚

1091 3120 1221 3140 mementote
1241 3132 1249 3144 ‚
1268 3122 1319 3138 cnm
1337 3113 1472 3138 haberetur.
1502 3121 1587 3148 neque
1605 3111 1704 3138 abeunt
1723 3110 1781 3136 inss.
1802 3109 1916 3136 Palatia.
1936 3106 2002 3133 :ideo
2022 3114 2053 3131 ut

1092 3148 1283 3186 dispiciendum
1298 3149 1329 3178 sit
1348 3168 1357 3183 ‚
1376 3147 1512 3186 quomodo
1530 3149 1588 3175 heic
1605 3148 1705 3175 iterum
1723 3147 1813 3175 locum
1831 3144 1906 3173 suum
1924 3150 2052 3178 occupare

1092 3193 1181 3222 queat.

1527 3221 1554 3251 A
1564 3230 1578 3249 a
1589 3229 1604 3248 a
1623 3227 1640 3248 2
1959 3222 1984 3244 t·
1999 3213 2053 3244 Esto
