2379 3400
236 496 253 527 x,

245 1624 264 1659 S

668 103 739 152 M.
817 101 1180 147 TULL11

267 203 397 232 t³oncm,
412 191 584 226 mirabiliter
595 186 764 218 dosirinam
776 192 813 213 ex
823 178 1008 211 umbraculis
1020 175 1220 207 eruditorum,

270 227 393 281 duoque
411 259 418 271 ‚
444 245 506 266 non
526 230 620 261 modo
638 231 668 258 in
690 227 803 258 solem,
825 231 912 263 atque
929 221 1083 260 pulverem
1095 237 1103 251 ‚
1125 216 1174 264 sed
1191 217 1223 245 in

272 284 368 324 ipsum
380 279 537 310 discrimen
549 292 558 306 ‚
578 273 731 309 aciemque
745 265 897 307 produxit.
923 264 1004 291 Nam
1019 260 1051 290 &
1062 259 1224 305 mediocri-

272 335 316 354 ter
335 320 438 352 doctos
452 324 574 356 magnos
585 316 617 342 in
629 320 687 350 rep.
710 310 808 340 viros,
831 307 864 336 &
883 301 1070 335 doetiffimos
1081 303 1224 331 homines

273 374 334 395 non
349 363 440 392 nimis
452 361 483 388 in
496 366 555 396 rep.
580 353 706 384 versatos
717 371 725 385 ‚
747 349 860 380 multos
872 354 1111 377 commemorare
1121 340 1224 383 poffu-

272 414 349 435 mus.
373 403 433 442 Qi
450 409 521 429 vero
541 405 660 436 utraque
679 404 708 423 re
720 391 896 422 excelleret,
918 398 949 418 ut
962 386 1151 432 &doetrinae
1163 382 1223 414 stu-

273 447 331 476 diis
351 445 383 474 &
393 441 517 481 regenda
526 441 644 469 civitate
654 437 791 476 princeps
801 430 871 462 cffet
884 450 892 464 ‚
912 431 979 470 quis
988 429 1076 459 facile
1090 448 1097 462 ‚
1120 435 1224 467 praeter

275 491 353 518 hunc
364 507 371 519 ,
395 484 524 515 inveniri
534 478 653 521 potest?
673 482 709 507 A.
722 479 795 507 Puto
805 471 897 514 posse,
913 471 1079 512 &quidem
1090 470 1222 510 aliquem

273 530 309 560 de
329 528 421 559 tribus
441 525 537 555 nobis.
573 520 629 552 Sed
649 529 751 560 perge,
772 527 801 547 ut
821 524 963 556 coeperas.
996 516 1039 543 M.
1060 511 1224 551 Qiaefitum

272 573 363 602 iffitui·
383 569 419 600 ab
442 568 503 597 illis
518 562 560 595 est
571 584 579 597 ,
602 563 767 602 placeretne
778 568 875 589 unum
888 559 919 587 in
930 557 1048 586 civitate
1062 553 1120 585 ess'e
1130 553 1221 593 magi-

274 597 395 644 (iratum
409 631 416 643 ,
438 611 486 640 cui
509 606 615 646 reliqui
625 611 760 644 parerent
772 612 777 630 :
788 600 869 642 quod
883 597 996 629 emetis
1006 595 1224 638 regibusintel·

274 656 336 696 ligo
356 649 492 694 placuiss‘c
504 647 612 679 nostris
624 644 798 685 majoribus¹
821 641 878 673 Sed
887 642 1034 682 quoniam
1047 639 1142 680 regale
1150 640 1226 669 civi-

275 699 340 728 tatis
361 703 471 736 genus,
492 690 651 731 probatum
669 686 841 728 quondam,
863 682 963 724 postea
979 691 1118 712 nontam
1130 683 1225 721 regni,

274 748 362 780 quam
376 745 449 775 regis
460 730 745 770 vitiis,xepudiatum
757 727 809 762 est,
825 735 940 756 nomen
953 723 1071 755 tantum
1082 723 1232 753 videbitur

273 790 350 822 regis
369 770 552 817 repudiatum
565 793 573 806 ,
596 782 640 802 res
651 770 804 804 manebit,
825 768 845 798 si
859 777 936 798 unus
946 767 1092 796 omnibus
1103 765 1226 806 reliquis

274 818 490 862 magistratibus
508 814 675 855 imperabit,
698 815 796 854 Qiare
814 820 869 841 nec
886 810 999 849 Ephori
1011 807 1229 838 Lacedaemone

275 863 336 894 sine
356 861 441 892 causa
456 859 472 889 a
489 859 694 897 Theopompo
712 852 839 894 oppositi
859 852 976 893 regibus
988 871 997 884 ,
1018 860 1073 880 nec
1082 849 1158 890 apud
1173 859 1229 879 nos

274 904 447 937 consulibus
464 900 589 931 tribuni.
614 900 695 928 Nam
717 896 792 926 illud
812 894 936 936 quidem
956 893 1052 932 ipsum
1066 912 1074 925 ‚
1097 891 1178 932 quod
1198 892 1230 921 in

274 949 340 988 jure
364 943 492 986 positum
516 941 577 974 est,
601 940 687 970 habet
703 938 830 971 consul,
848 932 1231 975 uteireliquimagistratus

277 997 385 1020 omnes
397 993 515 1027 pareant
527 1004 536 1018 ‚
557 991 683 1022 excepto
698 981 822 1011 tribuno
832 998 841 1012 ‚
852 979 902 1019 qui
914 975 980 1017 post
990 975 1122 1008 exstitit,
1138 985 1176 1005 ne
1188 975 1229 1009 id,

274 117 397 166 1206

267 1030 358 1073 -quod
368 1028 459 1058 fuerit
469 1024 552 1057 ess'et:
573 1025 630 1055 hoc
641 1025 725 1053 enim
737 1019 873 1062 primum
887 1020 1000 1049 minuit
1009 1018 1232 1057 consularejus‚

278 1071 361 1114 quod
373 1069 486 1100 exstitit
496 1067 555 1108 ipse
567 1086 576 1100 ,
597 1068 649 1107 qui
661 1075 696 1095 eo
711 1074 774 1095 non
785 1070 951 1093 teneretur:
972 1059 1082 1090 deinde
1095 1059 1177 1099 quod
1189 1069 1233 1089 at-

277 1115 346 1145 tulit
355 1112 504 1143 auxilium
517 1110 640 1149 reliquis
651 1117 714 1137 non
726 1104 820 1136 modo
833 1101 1051 1145 magistratibus
1061 1121 1068 1135 ‚
1084 1101 1132 1131 sed
1143 1103 1233 1131 etiam

274 1157 411 1198 privatis,
422 1152 537 1184 consuli
549 1160 612 1180 non
622 1148 803 1190 parentibus.
824 1155 858 1184 Q
869 1148 1014 1186 Magnum
1024 1143 1098 1174 dicis
1109 1143 1234 1173 malum.

276 1208 347 1229 nam
366 1195 419 1226 ista
432 1192 572 1235 potestate
582 1201 658 1224 nata,
668 1191 793 1232 gravitas
803 1189 998 1228 optimatium
1011 1185 1119 1216 cecidit
1131 1206 1139 1218 ‚
1159 1195 1234 1215 con-

275 1240 430 1278 valuitque
446 1239 494 1276 jus
514 1233 729 1265 multitudinis.
754 1234 799 1262 M.
813 1233 887 1261 Non
898 1228 1008 1261 estita,
1029 1229 1153 1267 Qiinte.
1168 1236 1233 1256 non

276 1284 361 1313 enim
377 1282 425 1320 jus
439 1277 514 1308 illud
525 1276 622 1308 solum
637 1275 790 1315 superbius
800 1272 915 1313 populo
926 1291 934 1305 ,
949 1269 998 1300 sed
1009 1270 1175 1299 violentius
1187 1269 1235 1298 vi-

278 1325 341 1355 deri
353 1320 465 1353 neceffe
477 1327 536 1349 erat
548 1329 553 1348 z
564 1317 625 1359 quo
635 1316 825 1358 posteaquam
840 1313 970 1345 modica,
983 1312 1016 1342 &
1029 1311 1146 1352 sapiens
1155 1319 1235 1341 tem·

276 1366 389 1408 peratio
397 1360 511 1395 accessit
521 1381 530 1395 ,
546 1360 688 1391 conversa
696 1359 747 1389 lex
757 1359 789 1388 in
800 1357 921 1388 omneis
935 1353 987 1385 est.

311 1421 440 1471 Deest
451 1421 629 1465 omnium
644 1414 760 1479 hujus
774 1413 871 1479 legar
884 1413 1065 1475 capitum
1079 1407 1203 1473 expli-

347 1490 452 1534 catio
467 1485 494 1530 ιὶ
502 1485 698 1549 principio
711 1515 725 1537 ,
744 1480 865 1544 usque
877 1477 936 1523 ad
947 1476 1016 1523 hoc
1030 1488 1167 1543 caput,

593 1554 773 1595 Domum
787 1563 877 1591 cum
891 1544 915 1589 l.

285 1631 418 1660 Domum
440 1633 511 1654 CuM
532 1631 642 1653 LAune
664 1627 849 1650 nannum-0.
882 1615 972 1647 Nihil
997 1615 1080 1644 enim
1106 1633 1115 1646 ,
1135 1619 1240 1652 praeter

282 1669 422 1701 laudem,
444 1666 532 1696 bonis
553 1673 639 1704 atque
659 1660 895 1692 innocentibus,
915 1666 1012 1697 neque
1032 1665 1070 1685 ex
1092 1653 1239 1686 hostibus,

285 1722 384 1753 neque
402 1710 418 1738 a
436 1708 524 1738 sociis
542 1704 764 1745 reportandum.
786 1704 853 1744 jam
873 1699 948 1730 illud
959 1707 1091 1737 apertum
1104 1694 1241 1736 profecto

285 1753 327 1785 ‘²st
341 1774 349 1786 '
372 1750 451 1782 nihil
469 1747 527 1778 esse
537 1749 652 1787 turpius
667 1766 676 1779 ¹
699 1748 790 1786 quam
801 1749 984 1784 quemquam
999 1740 1087 1780 legam
1098 1737 1152 1768 mfi
1167 1745 1241 1776 τεῖρ’
1261 1746 1263 1783 ἒ
1283 1769 1524 1809 Pompejumque
1534 1769 1672 1800 nostrum
1680 1771 1785 1799 ceteris
1797 1768 1884 1799 rebus
1894 1768 2040 1799 omnibus
2049 1768 2167 1809 semper
2175 1778 2243 1798 am-

285 1840 346 1868 rjnt
360 1856 368 1869 ,
391 1836 442 1875 qui
466 1833 615 1873 legatione
633 1828 809 1859 hereditates
823 1846 831 1860 ,
850 1833 900 1855 aut
912 1823 1087 1863 syngraphas
1099 1821 1161 1850 suas
1174 1828 1242 1859 pes-
1261 1823 1263 1840 s
1282 1808 1624 1854 pliffimis,summisque
1635 1810 1727 1841 effero
1738 1810 1923 1841 laudibus2de
1932 1810 2091 1842 tribunitia
2100 1809 2244 1851 potestate

285 1795 377 1827 causa.
400 1792 517 1822 Omitto
535 1787 797 1830 quemadmodum
809 1784 856 1814 isti
868 1784 897 1814 se
908 1790 1028 1823 gerant,
1048 1789 1135 1819 atque
1148 1777 1242 1819 gesse-

284 1880 458 1919 sequuntur.
492 1877 528 1903 In
548 1870 728 1902 hominibus
749 1867 791 1899 est
810 1869 868 1897 hoc
886 1862 1005 1895 fortall'e
1026 1864 1148 1892 vitium.
1181 1859 1239 1890 Sed

284 1929 386 1961 quaero
398 1938 406 1952 ‚
428 1915 500 1958 quid
524 1915 621 1954 reapse
639 1911 673 1942 sit
692 1912 826 1951 turpius,
852 1907 944 1949 quarn
959 1904 1019 1935 sine
1029 1904 1241 1944 procuratione

285 1964 421 1994 senator,
444 1960 554 1998 legatus
574 1955 634 1986 fine
654 1953 822 1985 mandatis,
843 1949 903 1980 sirie
922 1949 986 1978 ullo
1008 1949 1080 1986 reip.
1103 1946 1242 1975 munere?

285 2003 368 2046 quod
384 2001 507 2043 quidem
527 2008 622 2041 genus
639 1997 799 2037 legationis
817 2002 874 2033 ego
883 1990 999 2023 consul,
1009 1996 1195 2030 quamquam
1205 1985 1241 2016 ad

287 2043 491 2077 commodum
507 2041 622 2072 senatus
632 2040 780 2080 pertinere
790 2036 936 2067 videatur,
949 2041 1050 2062 tamen
1061 2029 1244 2071 approbante

288 2089 390 2120 senatu
409 2081 648 2125 frequentiffimo
667 2101 674 2114 ,
700 2084 709 2099 ¹
731 2077 784 2109 nifi
805 2078 883 2107 mihi
904 2072 1068 2105 leviffimus
1087 2072 1247 2102 tribunus-

288 2130 367 2171 pleb.
383 2137 447 2158 tum
461 2121 665 2157 intercessisset,
678 2119 868 2152 sustulissem.
890 2126 991 2148 tamen
1004 2116 1104 2145 minui
1114 2122 1244 2153 tempus,

289 2173 323 2202 &
341 2170 422 2212 quod
440 2177 500 2199 erat
518 2165 674 2197 infinitum
687 2184 696 2198 ,
714 2171 850 2194 annuum
871 2159 940 2191 feci.
960 2160 1000 2189 ita
1013 2155 1168 2197 turpitudo
1181 2164 1247 2185 ma-

288 2222 353 2246 net,
364 2212 557 2242 diuturnitate
569 2208 687 2238 sublata.
711 2205 836 2243 Sedjam
850 2224 858 2237 ,
878 2201 897 2231 si
912 2202 1024 2241 placet,
1036 2198 1249 2239 deprovinciis

287 2254 461 2286 discedatur,
477 2254 508 2282 in
519 2250 684 2290 urbemque
695 2247 836 2277 redeatur.
857 2249 893 2275 Α.
905 2243 1005 2273 Nobis
1014 2242 1108 2282 placet
1120 2251 1125 2269 z
1138 2239 1187 2270 sed
1198 2240 1247 2272 iis,

289 2299 384 2337 quiin
398 2295 562 2336 provinciis
573 2292 639 2322 sunt
650 2310 658 2325 ,
680 2288 812 2320 minime
825 2288 928 2328 placet.
952 2287 996 2314 M.
1010 2288 1049 2313 At
1061 2281 1132 2313 vero
1145 2302 1153 2315 ,
1164 2284 1247 2314 Tite,

291 2338 312 2369 si
330 2346 446 2378 pareant
464 2338 511 2366 his
527 2334 660 2376 iegibus,

291 2381 426 2411 dulcius:
447 2388 501 2408 nec
513 2374 687 2406 laboriosius
700 2393 708 2407 ‚
727 2371 943 2411 molestiusque
953 2368 1118 2408 provincia.
1136 2365 1193 2396 Sed
1205 2364 1249 2394 se-

292 2424 392 2464 quitur
411 2423 460 2451 lex
479 2439 488 2454 ,
511 2428 577 2460 qua:
593 2418 686 2448 sancit
701 2424 767 2445 eain
787 2414 979 2444 tribunorum
997 2410 1040 2450 pl.
1062 2406 1249 2448 potestatem,

333 2560 342 2576 i
351 2552 412 2584 ,ΧΨ
421 2550 476 2575 mihi
485 2550 609 2581 Imiffimur
618 2544 763 2578 ‘ri-ibunm]
776 2545 817 2571 lta
827 2542 928 2578 vulgat.
939 2540 1084 2571 editiones,
1095 2538 1151 2565 mss'.
1163 2545 1250 2564 tamen

293 2594 324 2614 ut
335 2587 361 2612 &
372 2586 485 2612 Victorii
496 2584 561 2611 edit.
580 2583 648 2609 levis.
668 2582 700 2609 sic
710 2581 781 2607 infra
791 2579 881 2617 paullo
894 2587 951 2614 cap.
965 2586 1006 2604 ιο.
1017 2577 1086 2602 lexeis
1095 2576 1124 2606 (J
1133 2584 1177 2601 non
1186 2576 1253 2600 honos

289 2623 385 2658 fiirtaffe
395 2622 490 2654 plureis.

332 2667 347 2683 2
355 2678 360 2683 .
379 2659 452 2690 Cujus
461 2660 563 2690 primum
573 2663 647 2682 orrum
655 2656 679 2689 fi
686 2653 806 2679 recordari
815 2654 926 2678 volumus
936 2652 1004 2676 bre-ivi
1012 2656 1108 2682 tempore
1118 2653 1252 2678 recreatur,

295 2696 407 2727 maritoque
417 2696 540 2718 concretior
549 2693 578 2723 (21⁶
589 2692 671 2725 fedior
680 2698 753 2716 natm
763 2689 822 2723 effi]
846 2690 885 2714 Ita
896 2688 966 2713 enim
979 2685 1120 2722 legendum
1133 2695 1138 2710 z
1163 2683 1253 2718 loqui-

296 2736 341 2756 tur
351 2730 383 2755 dc
393 2729 545 2755 Tribunicia
560 2728 685 2763 potestate
705 2727 777 2752 velut
796 2725 828 2750 de
847 2722 991 2750 monstroso
1012 2730 1098 2758 partu.
1118 2723 1254 2745 Conci-etum

298 2765 485 2799 iiitellige,iion
497 2764 706 2790 contaminatum
718 2762 924 2796 &inquinatum
933 2779 940 2789 ,
951 2767 980 2786 ut
991 2758 1090 2785 censuit
1100 2755 1254 2786 Turnebus

298 2799 340 2826 sed
352 2801 422 2833 cujus
434 2800 548 2826 membra
561 2799 626 2826 male
638 2799 793 2825 coaluerunt
805 2809 810 2824 ;
834 2807 884 2823 non
896 2795 1024 2831 descripta
1035 2796 1062 2820 ὃ(
1073 2792 1195 2820 ordinata
1205 2811 1215 2824 ,
1226 2792 1253 2817 &

299 2835 350 2862 suis
363 2836 424 2861 locis
437 2855 444 2866 ,
457 2836 571 2862 numeris
582 2834 717 2876 modisque
727 2833 808 2870 posita
819 2833 877 2865 5sed
889 2832 1005 2864 turbata,
1015 2830 1149 2867 permixta
1158 2830 1185 2855 Sc
1196 2827 1255 2855 aliis

297 2871 350 2898 alia
360 2879 453 2906 prester
464 2879 580 2897 naturam
594 2872 665 2897 velut
675 2870 772 2897 inserta
782 2869 850 2896 sunt.
871 2872 973 2895 Gronov.

339 2915 365 2942 3.
385 2907 470 2932 Deinde
484 2916 532 2931 cum
546 2908 594 2940 effic
608 2911 650 2933 ciro
661 2909 751 2940 legatur
762 2925 769 2937 ,
788 2905 930 2941 tanquam]
952 2904 995 2930 sic
1005 2902 1102 2929 habent
1113 2901 1182 2928 Pall.
1193 2898 1256 2926 edd.

302 2943 368 2970 Aldi
383 2962 390 2973 ,
406 2942 529 2967 Victorii.
541 2942 596 2968 niss'.
607 2943 727 2969 Turnebi
737 2945 781 2968 oflo
791 2945 832 2975 leg.
844 2951 875 2968 ex
887 2951 940 2976 quo
951 2941 998 2966 ille
1010 2959 1017 2971 ‚
1031 2941 1086 2973 stolo
1095 2940 1171 2973 Gajue
1182 2936 1256 2963 facit.

300 2978 462 3006 Gulielmius
477 2978 536 3002 xero
552 2997 558 3007 ,
576 2987 624 3003 orco
633 2981 732 3011 legatus.
753 2979 809 3004 noti
820 2978 1011 3004 suntoi—cim'ex
1025 2985 1081 3006 iure
1092 2974 1176 3001 civili.
1198 2974 1256 2998 Au-

301 3022 375 3041 ratus
395 3023 427 3040 ex
448 3012 617 3051 conjectura,
645 3016 775 3045 allegatum
806 3016 960 3044 Caute-rus,
979 3014 1100 3045 abligatus
1120 3030 1128 3041 ,
1161 3011 1258 3035 Putea-

301 3060 350 3078 nus
371 3058 468 3076 nerium·
488 3068 495 3080 ‚
532 3049 644 3082 nonique
672 3051 803 3075 Gruterus
831 3052 959 3075 Leihatut.
997 3056 1084 3074 cetera
1112 3046 1168 3073 fere
1197 3054 1257 3071 cum

300 3086 363 3113 edd.
383 3087 409 3112 &
424 3084 480 3111 mss.
500 3083 685 3112 consentiunt,
706 3085 750 3110 nisi
762 3085 831 3119 quod
851 3085 973 3111 abdicent
992 3089 1021 3111 τὸ
1039 3083 1111 3116 nescio
1120 3092 1163 3117 quo
1176 3083 1256 3114 paflo-

301 3123 376 3149 locus
396 3122 478 3156 igitur
498 3119 628 3155 depositus
642 3138 649 3150 ‚
669 3128 744 3154 quern
758 3120 912 3153 conjeSturfi
932 3121 1019 3146 fimare
1041 3119 1112 3145 velle
1125 3138 1132 3150 ‚
1153 3118 1188 3144 est
1201 3124 1256 3142 rete

301 3159 387 3193 jaculo
406 3156 498 3195 piscari
508 3157 534 3184 iu
555 3159 637 3187 aere,
657 3164 807 3191 quanquam
828 3156 892 3183 mihi
913 3165 998 3192 neque
1017 3155 1149 3184 Gulielm.
1169 3148 1274 3189 neque·¹

682 2331 760 2361 nihil
773 2332 827 2360 erit
838 2331 884 2359 his
896 2326 966 2358 urbe
979 2346 987 2361 ,
1005 2324 1190 2355 nihildomo
1201 2323 1250 2352 sua
1269 2334 1270 2344 i

1259 91 1355 139 (31
1391 107 1420 139 c
1456 106 1485 138 E
1521 107 1558 139 R
1593 108 1691 140 0=n
1729 110 1748 141 1
1783 110 1805 142 s

1262 183 1329 214 quae
1351 175 1385 204 in
1404 183 1465 214 rep.
1478 173 1591 206 nostra:
1614 173 2042 217 dequadiss‘erinihilneceffe
2054 176 2106 210 est.
2130 179 2221 221 QAt

1263 217 1435 246 mehercule
1444 226 1511 258 ego,
1522 216 1620 250 frater,
1632 227 1745 258 quaero,
1755 217 1792 248 de
1801 217 1855 249 ista
1864 220 2007 260 potestate
2015 222 2088 263 quid
2100 222 2221 253 sentias.

1265 267 1335 306 nam
1362 259 1441 288 mihi
1459 258 1583 298 quidem
1594 258 1876 299 pestiferavidetui·,
1899 265 2008 304 quippe
2020 266 2127 305 quaein
2141 264 2221 294 sedi-

1265 309 1348 330 tione
1360 319 1369 334 ,
1388 299 1421 330 &
1441 300 1476 330 ad
1496 300 1677 332 seditionem
1689 310 1757 332 nata
1765 300 1799 332 fit
1813 312 1820 331 ι
1840 305 1854 322 ²
1865 305 1948 343 cujus
1956 306 2090 344 primum
2101 315 2215 339 ortum,

1266 341 1286 371 si
1301 341 1446 372 recordari
1458 343 1620 376 volumus,
1639 344 1717 374 inter
1727 345 1927 375 armacivium
1941 365 1949 379 ‚
1963 347 1995 376 &
2007 350 2169 388 occupatis,
2185 348 2220 379 δε

1264 382 1385 414 obseffis
1404 384 1485 414 urbis
1509 385 1583 415 locis
1600 395 1788 425 procreatum
1808 386 1958 417 videmus.
1979 391 1992 415 3
2007 390 2127 421 Deinde
2145 389 2220 420 cum

1243 453 1244 462 ,
1265 424 1335 456 effer
1355 424 1416 457 cito
1440 427 1568 467 legatus,
1592 436 1732 469 tanquam
1754 438 1792 459 ex
1814 428 2025 463 x11.tabu1is‚
2048 431 2170 472 insignis
2184 430 2223 462 ad

1264 467 1489 498 deformitatem
1508 478 1581 509 puer
1598 490 1607 503 ,
1638 470 1727 501 brevi
1749 479 1885 511 tempore
1902 480 2015 501 creatus
2033 491 2042 506 ,
2062 475 2222 514 multoque

1266 512 1388 544 taetrior,
1400 509 1555 541 &foedior
1565 520 1650 542 natus
1665 511 1716 542 est.
1738 516 1756 539 4
1765 515 1865 558 Qem
1877 514 1962 543 enim
1976 513 2028 543 ille
2037 523 2102 544 non
2112 515 2220 546 edidit?
2237 527 2261 560 9

1264 562 1316 593 qui
1327 554 1403 592 prim
1410 551 1462 583 um
1473 572 1481 587 ,
1500 562 1533 584 ut
1543 555 1642 594 impio
1656 554 1785 596 dignum
1794 557 1854 585 tuit
1865 575 1874 588 ,
1885 554 2016 595 patribus
2029 565 2156 586 ornnem
2167 559 2224 587 ho-

1267 604 1375 642 norem
1388 597 1498 635 eripuit
1509 615 1517 629 ,
1529 597 1635 626 omnia
1646 597 1754 627 infima
1764 597 1892 627 summis
1902 598 1979 637 paria
1987 596 2069 631 fecit,
2081 598 2222 633 turbavit.

1269 637 1390 667 miscuit
1402 647 1407 666 z
1420 636 1493 667 cum
1503 637 1832 679 afflixifl'etprincipum
1844 641 2020 681 gravitatem
2032 659 2041 674 ,
2055 649 2224 681 numquam

1269 688 1370 709 tamen
1388 680 1576 720 conquievit.
1592 690 1679 721 atque
1695 690 1728 711 ut
1746 684 1803 712 Cri-
1827 683 2013 712 Flaminium
2034 701 2042 715 ,
2072 691 2161 722 atque
2179 691 2225 715 ea.

1247 750 1248 756 ,
1268 731 1332 768 qua:
1356 722 1417 760 jam
1441 722 1534 761 prisca
1555 722 1639 756 sunt,
1659 723 1933 764 relinquamzquid
1955 724 2029 762 juris
2045 723 2136 754 bonis
2154 725 2228 754 viris

1248 787 1249 796 ,
1269 765 1321 793 Τι.
1346 765 1471 794 Gracchi
1491 764 1657 795 tribunatus
1677 766 1821 806 reliquit?
1840 764 1890 795 etsi
1909 767 2122 806 quinquennio
2145 766 2231 800 ante,

1271 807 1310 853 I)-
1324 807 1448 835 Brutum
1460 826 1469 839 ,
1492 806 1565 837 &P.
1576 808 1750 847 Scipionem
1760 807 1898 838 consules
1913 827 1921 840 ,
1938 817 2033 848 qum,
2056 807 2228 848 &quantos

1270 857 1351 877 viros
1368 850 1373 876 Ξ
1398 849 1494 878 homo
1512 851 1657 879 omnium
1679 848 1807 880 infimus
1819 870 1828 882 ,
1849 850 1882 879 &
1906 848 2122 880 sordidiffimus
2135 849 2232 880 tribu-

1273 898 1330 919 nus
1351 890 1392 930 pl.
1404 892 1436 920 C.
1449 892 1598 921 Curiatius
1608 893 1641 921 in
1652 892 1773 922 vincula
1783 892 1915 931 conjecit
1927 902 1931 920 :
1943 891 2025 932 quod
2035 891 2102 922 ante
2111 890 2228 922 facium

1273 941 1338 961 non
1350 940 1429 964 erat-i
1442 934 1477 961 C.
1489 932 1560 963 vero
1573 935 1723 964 Gracchus
1735 937 1747 961 5
1757 935 1853 964 ruinis
1864 953 1872 967 ‚
1893 933 1926 963 δε
1936 935 1974 963 iis
1985 932 2049 963 sicis
2060 953 2068 967 ‚
2086 943 2157 974 quas
2169 933 2232 973 ipse

1252 995 1253 998 η
1273 973 1301 1003 se
1314 972 1468 1014 projecisse
1479 977 1511 1005 in
1521 974 1624 1006 forum
1635 975 1714 1006 dixit
1727 986 1732 1005 :
1752 975 1860 1016 quibus
1869 975 2102 1016 digladiarentur
2116 978 2193 1005 inter
2203 974 2233 1005 se

1274 1017 1354 1045 cives
1370 1036 1378 1049 ,
1390 1025 1492 1046 nonne
1503 1027 1630 1047 omnem
1642 1020 1714 1057 reip.
1727 1016 1834 1048 statum
1849 1019 2054 1057 permutavit?
2075 1017 2157 1056 Quid
2167 1018 2232 1057 jam

1275 1056 1311 1086 de
1333 1059 1487 1088 Saturnini
1506 1058 1671 1098 suppliciO,
1692 1059 1874 1100 reliquisque
1892 1059 2012 1092 dicam?
2031 1069 2106 1100 quos
2125 1069 2163 1089 ne
2181 1059 2236 1089 de-

1254 1141 1255 1147 *
1275 1099 1385 1138 pellere
1406 1099 1530 1140 quidem
1547 1103 1563 1131 a
1587 1101 1614 1130 se
1634 1099 1695 1130 fine
1713 1099 1793 1130 ferro
1803 1101 1983 1140 potuitresp.
2007 1103 2175 1131 Curantem
2185 1109 2237 1132 aut

1276 1150 1392 1188 vetera,
1412 1149 1461 1171 aut
1471 1141 1568 1173 aliena
1581 1141 1770 1183 proferamus
1779 1142 1882 1183 potius
1892 1162 1901 1176 ‚
1921 1142 2011 1183 quam
2024 1142 2057 1172 &
2072 1142 2170 1173 nostra
2181 1163 2189 1176 ,
2201 1143 2236 1173 δε

1276 1184 1425 1213 recentia?
1441 1186 1509 1224 quis
1532 1194 1678 1226 umquam
1699 1194 1759 1215 tam
1778 1184 1894 1218 audax,
1915 1193 1975 1214 tam
1994 1185 2137 1214 inimicus
2147 1184 2238 1214 nobis

1275 1222 1376 1272 fuisset
1386 1244 1394 1258 ‚
1415 1233 1446 1255 ut
1464 1227 1609 1266 cogitaret
1620 1236 1763 1268 umquam
1774 1226 1811 1256 de
1820 1225 1892 1256 statu
1903 1225 2004 1256 nostro
2015 1225 2237 1260 labefaetando»

1277 1265 1332 1297 nifi
1355 1276 1536 1298 mucronem
1560 1269 1691 1310 aliquem
1711 1269 1906 1299 tribunitium
1924 1266 2084 1298 exacuisse:
2105 1269 2137 1298 in
2156 1269 2238 1298 nos?

1275 1318 1368 1349 quem
1390 1308 1463 1339 cum
1480 1311 1624 1341 hommes
1648 1311 1778 1341 scelerati
1789 1320 1821 1341 ac
1832 1310 1939 1351 perditi
1951 1320 2013 1340 non
2025 1309 2121 1340 modo
2132 1310 2236 1340 ullain

1277 1352 1373 1398 domo
1383 1370 1396 1398 ,Ι
1413 1351 1461 1382 sed
1473 1353 1557 1383 nulla
1566 1354 1599 1384 in
1609 1361 1697 1394 gente
1709 1355 1870 1393 reperirent
1884 1372 1894 1387 ,
1919 1354 2034 1393 genteis
2045 1350 2098 1382 fibi
2108 1354 2142 1381 in
2153 1361 2240 1382 tene-

1277 1393 1338 1423 bris
1357 1402 1429 1433 reip.
1449 1395 1660 1434 perturbandas
1677 1403 1867 1435 putaverunt.
1898 1394 1989 1433 Quod
2007 1394 2097 1424 nobis
2112 1393 2239 1434 quidem

1276 1438 1430 1482 egregium
1442 1456 1450 1470 ,
1463 1436 1495 1466 &
1505 1437 1540 1468 ad
1550 1437 1812 1467 immortalitatem
1826 1438 1984 1467 memoriae
1991 1435 2171 1477 gloriosum,
2183 1445 2241 1465 ne-

1278 1487 1396 1507 minem
1415 1479 1447 1507 in
1460 1488 1515 1508 nos
1525 1479 1663 1510 mercede
1672 1479 1733 1510 ulla
1742 1478 1899 1509 tribunum
1911 1476 2037 1518 potuiffe
2045 1479 2167 1518 reperiri
2183 1475 2239 1507 nist

1278 1521 1327 1549 cui
1351 1529 1390 1548 ne
1406 1518 1464 1549 esse
1482 1520 1608 1560 quidem
1626 1519 1898 1551 licuiffettribuno.
1922 1519 2041 1550 Sedille
2051 1518 2239 1559 quasstrages

1279 1560 1398 1590 edidit?
1416 1570 1463 1590 eas
1482 1562 1641 1595 videlicet,
1661 1571 1732 1602 quas
1749 1559 1810 1591 fine
1835 1562 1950 1591 ratione
1963 1580 1971 1595 ,
1993 1570 2025 1590 ac
2044 1559 2105 1590 sine
2118 1561 2179 1590 ulla
2188 1561 2239 1600 spe

1280 1602 1361 1632 bona
1370 1600 1453 1632 furor
1462 1602 1549 1633 edere
1558 1612 1660 1644 potuit
1668 1606 1795 1642 impurae
1804 1602 1899 1633 beluae
1916 1622 1924 1636 ‚
1937 1602 2104 1632 multorum
2116 1600 2240 1632 inflam-

1282 1652 1379 1673 matus
1398 1642 1564 1675 furoribus.
1596 1646 1805 1686 Qamobrem
1825 1647 1858 1674 in
1881 1643 1934 1674 ista
1952 1644 2078 1684 quidem
2098 1654 2130 1674 re
2147 1644 2240 1673 vehe-

1282 1694 1402 1715 menter
1417 1685 1532 1716 Sullam
1542 1687 1638 1726 probo
1654 1707 1664 1720 ,
1684 1688 1735 1727 qui
1750 1685 1889 1715 tribunus
1898 1686 1977 1725 pleb.
1990 1685 2110 1725 sualege
2120 1686 2242 1726 injuriae

1281 1726 1425 1756 faciendae
1434 1726 1608 1767 potestatem
1621 1728 1766 1758 ademerit
1778 1747 1786 1761 ,
1808 1727 1915 1757 auxilii
1933 1725 2049 1757 ferendi
2068 1728 2241 1767 reliquerit:

1283 1860 1375 1882 taceo.
1400 1862 1455 1883 nec
1479 1854 1563 1884 enim
1576 1852 1791 1894 reprehendere
1802 1852 1895 1886 libet,
1915 1862 1971 1883 nec
1981 1852 2098 1883 laudare
2109 1850 2242 1893 poffum.

1263 1911 1264 1914 =
1284 1895 1328 1923 M.
1350 1895 1433 1925 Vitia
1449 1895 1573 1936 quidem
1594 1895 1760 1925 tribunatus
1772 1894 1908 1935 praeclare
1923 1914 1932 1929 ,
1952 1897 2076 1934 Quinte,
2090 1895 2242 1935 perspicis.

1283 1935 1340 1966 sed
1359 1936 1402 1967 est
1421 1939 1526 1979 iniqua
1545 1939 1579 1967 in
1598 1939 1687 1967 omni
1702 1946 1732 1967 re
1740 1936 1917 1970 accusanda,
1943 1934 2142 1976 praetermiffis
2152 1936 2242 1966 bonis

1285 1979 1438 2009 malorum
1458 1981 1647 2010 enumeratio
1667 1998 1676 2013 ,
1695 1980 1903 2019 vitiorumque
1919 1977 2052 2008 seleffio.
2084 1981 2166 2009 Nam
2186 1976 2244 2008 isto

1264 2037 1265 2055 ;
1285 2020 1410 2061 quidem
1425 2021 1521 2052 modo
1533 2020 1549 2042 ⁶
1558 2021 1785 2052 velconsulatus
1793 2022 1975 2061 vituperatio
1986 2018 2064 2055 est‚si
2071 2020 2245 2053 consulum,

1285 2072 1362 2109 quos
1371 2073 1546 2094 enumerare
1558 2064 1633 2094 nolo
1643 2083 1652 2098 ,
1664 2072 1781 2104 peccata
1789 2063 1955 2103 collegeris.
1979 2065 2045 2103 Ego
2055 2064 2138 2092 enim
2149 2061 2244 2092 fateor

1286 2114 1320 2135 in
1339 2105 1393 2136 ista
1411 2106 1472 2146 ipsa
1491 2105 1635 2147 potestate
1653 2103 1746 2135 iness'e
1767 2104 1912 2146 quiddam
1933 2105 2016 2135 mali.
2038 2104 2094 2136 Sed
2114 2104 2246 2137 bonum,

1287 2148 1370 2188 quod
1390 2148 1433 2179 est
1449 2147 1604 2189 quaesitum
1623 2149 1656 2177 in
1674 2157 1726 2181 ea,
1745 2145 1806 2177 fine
1818 2145 1874 2177 isto
1885 2146 1967 2177 malo
1978 2156 2041 2176 non
2055 2146 2246 2176 haberemus.

1289 2191 1396 2221 Nimia
1414 2190 1540 2231 potestas
1560 2188 1602 2220 est
1621 2189 1812 2219 tribunorum
1823 2189 1942 2230 quuis
1951 2191 2057 2230 negat?
2076 2187 2125 2219 sed
2137 2189 2182 2218 vis
2192 2197 2249 2227 po-

1288 2234 1352 2274 puli
1372 2233 1470 2263 multo
1489 2233 1614 2266 saevior,
1636 2232 1796 2272 multoque
1805 2232 2035 2264 vehementior,
2063 2240 2129 2271 quae
2139 2229 2249 2260 ducem

1288 2275 1372 2317 quod
1385 2274 1470 2305 habet
1480 2295 1489 2309 ‚
1503 2273 1658 2305 interdum
1669 2274 1768 2303 lenior
1776 2272 1819 2303 est
1830 2292 1838 2306 ‚
1850 2272 1941 2313 quam
1954 2271 1975 2302 si
1986 2273 2107 2303 nullum
2119 2271 2249 2301 haberet.

1290 2320 1353 2350 dux
1372 2320 1457 2348 enim
1477 2318 1530 2348 suo
1548 2316 1683 2357 periculo
1705 2314 1843 2357 progredi
1853 2317 1983 2355 cogitat:
2002 2314 2107 2354 populi
2119 2314 2251 2351 impetus

1289 2360 1415 2402 periculi
1436 2361 1585 2390 rationem
1606 2358 1650 2388 sui
1672 2357 1844 2387 nonhabet.
1868 2360 1932 2385 7At
1941 2355 2103 2396 aliquando
2113 2353 2253 2384 incendi-

1290 2413 1358 2437 tur;
1382 2402 1415 2432 &
1432 2401 1556 2444 quidem
1570 2399 1644 2440 saepe
1653 2399 1777 2430 sedatur.
1799 2397 1882 2438 quod
1892 2399 1978 2428 enim
1994 2396 2037 2427 est
2047 2406 2107 2427 tam
2117 2395 2252 2436 despera-

2188 2445 2256 2467 tum

1291 2535 1402 2563 Gruteri
1422 2533 1577 2569 conjectura
1596 2531 1742 2568 displiceat.

1327 2580 1355 2605 4.
1376 2573 1448 2605 Qem
1467 2573 1527 2595 enim
1545 2572 1582 2596 ide
1598 2578 1643 2595 non
1662 2569 1734 2594 edidit
1745 2571 1754 2594 ,1
1764 2568 1777 2602 ]
1799 2566 1843 2593 Sic
1855 2565 1996 2593 Turnebus
2015 2564 2136 2600 aliaeque.
2158 2562 2253 2590 verum

1291 2609 1428 2636 Vitiorum
1438 2606 1560 2633 asterisco
1571 2612 1645 2633 notat
1654 2614 1720 2639 quem
1730 2607 1791 2630 enim
1800 2605 1813 2619 *¹
1834 2613 1879 2629 mn
1889 2603 1970 2629 edidit.
1990 2601 2077 2628 Palat.
2088 2599 2183 2627 tertius
2193 2607 2254 2625 cum

1293 2644 1424 2672 Lainbiiio
1436 2643 1500 2669 iacit
1510 2643 1621 2669 ass'erens
1635 2661 1643 2674 ,
1661 2643 1779 2676 qux-enim
1788 2641 1825 2666 ille
1832 2649 1877 2666 non
1886 2640 1942 2666 edit.
1961 2639 2082 2665 ceterum
2102 2643 2191 2673 quart.
2203 2642 2253 2671 pro

1293 2682 1366 2708 edidit
1379 2700 1386 2711 ,
1398 2680 1502 2706 addidit.

1332 2727 1358 2751 5.
1377 2716 1461 2743 Ruinis
1470 2716 1537 2746 &iia-
1548 2714 1628 2748 ficis]
1651 2714 1691 2740 Ita
1701 2712 1822 2739 Turncb.
1834 2721 1911 2747 quem
1923 2710 2026 2747 sequuti
2037 2708 2162 2736 Lambin.
2174 2712 2254 2741 atque

1294 2753 1381 2781 Aldus
1393 2753 1432 2779 N.
1443 2750 1504 2777 cdd.
1516 2752 1629 2786 vulgata:
1642 2769 1650 2782 ‚
1672 2750 1747 2775 ruinis
1766 2750 1795 2780 &a
1813 2749 1914 2781 emifiiiia
1932 2748 2011 2773 exitiis
2022 2765 2030 2779 ‚
2049 2743 2120 2781 quod
2131 2742 2216 2769 exstat
2226 2742 2254 2768 in

1294 2797 1357 2818 tert.
1369 2798 1474 2825 quoque
1486 2788 1542 2814 Pal.
1553 2795 1579 2814 at
1591 2793 1678 2822 quart.
1689 2795 1736 2822 pro
1746 2786 1846 2819 emilitiiae
1854 2785 1942 2810 exitiis.
1959 2785 2045 2809 Locus
2056 2780 2150 2807 intime
2161 2786 2255 2804 corru-

1293 2835 1364 2864 ptus.
1384 2824 1498 2852 allubu'it
1509 2823 1627 2850 Turiiebi
1639 2830 1728 2849 tamen
1739 2830 1791 2858 prm
1803 2821 1911 2856 vulgat-‚i
1922 2819 2014 2846 leffio.
2035 2825 2092 2843 nam
2104 2815 2189 2841 statim
2201 2812 2256 2849 post

1295 2871 1423 2889 mucronem
1434 2861 1575 2887 meminit:
1597 2859 1763 2895 requiritque
1782 2858 1836 2884 tale
1854 2855 1918 2893 quid
1935 2854 2047 2882 adsitum
2059 2851 2167 2879 verbum
2179 2850 2257 2883 digla-

1296 2900 1434 2925 diaremur.

1332 2935 1359 2960 6.
1381 2936 1423 2961 Vel
1436 2934 1571 2966 constilarm
1586 2932 1705 2964 vituperio
1721 2929 1782 2963 effi]
1803 2927 1903 2963 Recepi
1914 2932 2005 2952 contra
2014 2933 2105 2951 omnes
2116 2921 2177 2949 edd.
2189 2922 2257 2948 hanc

1297 2971 1439 2998 lectionem
1452 2968 1589 3005 repositam
1601 2970 1616 2994 a
1627 2966 1751 2993 concordi
1762 2964 1845 2990 Palat.
1856 2961 1991 2988 consensu.
2014 2971 2071 2987 iiam
2093 2959 2126 2986 fic
2136 2958 2259 2993 loquitur

1299 3008 1396 3035 Cicero
1407 3004 1630 3041 frequentissime,
1639 3002 1748 3037 aliique.
1759 2999 1847 3034 Vulgo
1856 2998 2024 3031 vituperabilis
2033 3000 2078 3030 eft,
2091 2994 2162 3032 quod
2173 2995 2258 3031 liquet

1298 3044 1361 3070 mihi
1374 3052 1422 3079 pro
1432 3041 1522 3078 gloss‘a.
1809 3069 1811 3071 ι

1335 3088 1362 3114 7.
1384 3083 1414 3104 Et
1424 3076 1550 3111 aliquando
1559 3073 1709 3100 incenditur:
1730 3071 1919 3105 &quidemsfepe
1930 3069 2059 3103 sedeirmn]
2081 3069 2123 3095 Sic
2133 3068 2159 3095 in
2171 3065 2262 3094 omni-

1299 3115 1348 3141 bus
1359 3121 1454 3150 praeter
1464 3118 1600 3148 quartum,
1613 3107 1811 3139 rescribentem,
1821 3109 1850 3138 ὠ·
1859 3107 2103 3141 aliquandoftdamr.
2114 3113 2166 3132 non
2178 3101 2261 3135 male,

1299 3151 1316 3179 fi
1326 3151 1411 3180 adhuc
1422 3158 1489 3178 unus
1498 3144 1638 3184 pluresque
1649 3143 1769 3172 melioris
1780 3151 1850 3172 notae
1861 3143 1935 3173 testes
1946 3142 2113 3171 accederent.
2201 3174 2267 3209 φυῇ

2177 3184 2188 3203 1
2195 3194 2200 3201 ‚
2232 3184 2239 3197 Ι

2266 1990 2307 2018 10
