2295 3400
154 170 252 232 456
563 163 1078 211 M.Tu1.1.11

155 260 224 281 rum
243 258 307 289 erga
326 257 373 278 nie
394 247 498 276 merita
517 246 700 285 praedicamh
712 266 721 281 ,
741 255 826 286 atque
843 245 1010 278 recolenda.
1042 247 1115 275 Ho-

157 293 263 322 dierno
274 300 371 320 autem
383 289 430 317 dic
442 290 626 318 nominatim
637 292 652 318 a
663 299 711 318 me
722 289 939 330 magistratibus
951 287 1036 317 statui
1047 296 1114 328 gra-

159 335 213 364 tias
227 332 282 362 effe
301 330 424 371 agendis
437 349 444 362 ‚
466 330 498 359 Sc
515 329 552 359 de
569 332 690 370 privatis
710 332 780 359 uni:
800 332 851 371 qui
870 339 924 370 pro
944 330 1033 360 salute
1048 337 1115 359 mea

161 375 327 410 municipia
338 392 346 405 ,
369 371 559 410 coloniasque
576 370 697 405 adiss'et,
719 373 868 411 populum
882 374 976 402 Rom.
992 370 1115 411 supplex

160 411 341 446 obscerallbt,
353 413 528 442 sententiam
541 411 660 443 dixisset
671 423 747 446 eam,
757 423 849 454 quam
858 423 913 443 vos
924 414 1027 446 secuti,
1039 413 1116 442 mihi

158 457 332 495 dignitatem
353 464 451 484 meam
471 453 648 484 reddidistis.
672 464 728 484 vos
748 465 798 485 me
817 454 976 485 florentem
1002 454 1116 493 semper

159 493 300 528 ornastis:
321 496 507 526 laborantem
519 516 527 529 ,
550 497 716 526 mutatione
739 495 828 526 vestis
846 517 855 530 ,
878 496 911 526 &
923 496 1016 536 prope
1031 494 1114 525 luetu

158 537 257 569 vestro
268 558 276 571 ,
297 537 394 578 quoad
409 537 512 570 licuit,
533 537 719 567 defendistis.
743 537 854 568 Nostra
870 539 1017 568 memoria
1033 537 1116 567 sena-

157 589 237 610 tores
249 590 286 609 ne
302 590 330 607 m
342 579 398 618 [im
407 578 520 620 quidem
527 580 652 619 periculis
665 589 777 610 mutare
789 579 902 610 vestem
913 579 1047 610 solebant
1059 589 1064 608 ;
1083 580 1116 608 in

158 632 231 652 meo
251 621 384 662 periculo
404 622 520 650 senatus
536 620 617 650 veste
636 630 748 652 mutata
769 620 844 655 fuit,
864 620 961 662 quoad
972 621 1116 659 licuitper

157 673 266 694 eorum
277 661 391 695 edistii,
407 663 459 702 qui
476 671 543 692 mea
558 663 687 702 pericula
704 673 767 693 non
786 662 881 693 modo
898 664 951 693 suo
967 660 1112 703 praesidio‚

158 704 210 735 sed
221 707 311 734 etiam
321 702 414 734 vestra
425 703 632 743 deprecatione
644 704 802 735 nudarunt.
827 705 945 746 Qibus
960 714 1014 746 ego
1028 703 1115 734 rebus

159 745 288 785 objeEtis
300 766 308 779 ,
328 744 399 776 cum
418 747 496 775 mihi
514 747 629 785 privato
646 745 874 787 confligendum
890 746 1025 776 viderem
1042 754 1114 775 curn

160 787 269 818 eodem
288 795 439 819 exercitu,
461 796 553 827 quem
570 787 675 817 consul
693 798 756 818 non
770 790 879 821 armis,
900 788 949 818 sed
958 786 1053 817 vestra
1062 797 1114 816 au-

129 830 139 840 *
160 828 296 860 &oritate
305 829 489 868 superaram:
509 829 805 869 multamecumipse
816 831 957 869 reputavi.
988 831 1115 858 Dixerat

156 874 191 902 in
201 873 349 901 concione
358 870 483 902 consul,
505 870 532 899 se
545 870 616 900 clivi
627 871 789 910 Capitolini
805 879 907 911 poenas
919 870 954 901 ab
963 870 1114 910 equitibus

158 915 253 944 Rom.
265 914 470 952 repetiturum.
494 913 679 941 nominatim
699 912 749 942 alii
766 912 1020 952 compellabantur
1033 931 1041 945 ,
1062 911 1114 940 alii

155 955 339 986 citabantur,
355 952 635 992 aliirelegabantur:
658 953 753 983 aditus
766 955 950 993 templorum
960 962 1041 983 erant
1051 962 1114 982 non

154 996 255 1027 solum
264 993 405 1037 praesidiis
416 1014 424 1027 ‚
446 994 478 1024 δε
488 1004 578 1024 manu
591 1014 598 1028 ,
618 994 723 1025 verum
735 997 823 1026 etiam
835 995 1035 1026 demolitione
1047 993 1116 1024 sub—

160 1038 224 1068 lati.
258 1039 340 1068 Alter
347 1036 451 1067 consul
464 1055 473 1067 ,
495 1045 527 1065 ut
536 1046 586 1065 me
597 1056 605 1069 ‚
623 1036 656 1066 &
667 1037 803 1077 rempub.
819 1047 884 1067 non
895 1037 989 1067 mode>
1000 1036 1114 1066 desere-

155 1090 241 1112 rent,
263 1080 310 1110 sed
331 1080 419 1108 etiam
437 1075 574 1107 hostibus
588 1080 659 1117 reip.
671 1079 850 1118 proderent,
867 1076 1043 1119 pastionibus
1062 1086 1114 1107 eos

157 1121 280 1152 suorum
298 1120 493 1160 praemiorum
513 1118 666 1160 obligarat.
697 1123 765 1151 Erat
782 1121 857 1151 alius
875 1120 909 1150 ad
929 1128 1026 1161 portas
1042 1128 1112 1148 cum

155 1165 287 1203 imperio
298 1165 330 1191 in
341 1160 453 1190 multos
463 1169 576 1194 annos,
597 1170 768 1203 magnoque
782 1164 915 1192 exercitu
929 1172 935 1191 ι
954 1169 1047 1202 quem
1058 1170 1114 1201 ego

157 1206 325 1235 inimicum
342 1203 420 1232 mihi
434 1199 522 1231 fuisse
538 1211 604 1232 non
617 1202 703 1233 dico:
724 1202 842 1234 tacuisse
854 1223 862 1237 ,
882 1203 954 1233 cum
966 1203 1111 1232 diceretur

157 1245 380 1277 ess'ejnimicus,
391 1243 462 1273 scio.
485 1245 563 1274 Duae
571 1253 665 1284 partes
675 1243 732 1275 efl'e
742 1247 775 1275 in
785 1245 887 1285 repub.
895 1244 966 1274 cum
976 1252 1115 1283 putaren-

157 1297 223 1318 tur:
239 1287 325 1318 altera
334 1295 383 1315 me
394 1284 561 1324 deposcere,
574 1288 880 1326 propterinimicitias
893 1296 898 1315 :
909 1285 998 1315 altera
1007 1283 1115 1315 timide

156 1328 337 1361 defendere.
348 1335 467 1368 propter
476 1327 677 1366 suspicionem
693 1328 781 1358 caedis
800 1328 963 1368 putabatur.
993 1328 1116 1365 Qiiau—

157 1379 221 1401 tem
232 1380 282 1400 me
292 1369 446 1410 deposcere
457 1368 633 1399 videbantur
643 1390 652 1405 ,
673 1372 706 1400 in
716 1371 776 1400 hoc
785 1378 934 1400 auxerunt
945 1369 1116 1399 dimicatio-

158 1413 209 1443 nis
221 1421 339 1442 metum
349 1431 358 1446 ,
379 1409 460 1451 quod
473 1420 642 1451 numquam
658 1410 823 1442 inficiando
838 1412 1042 1452 suspicionem
1058 1411 1116 1440 ho-

159 1456 283 1484 minum
295 1474 303 1487 ,
316 1462 477 1493 curamque
487 1455 672 1483 minuerunt.
697 1457 795 1492 Quare
805 1452 877 1484 curn
888 1453 1021 1483 viderem
1033 1452 1116 1481 sena-

158 1504 226 1526 tum
246 1496 371 1525 ducibus
390 1495 548 1528 orbatum,
569 1504 618 1525 me
630 1495 875 1536 amagistratibus
892 1496 1000 1535 partim
1018 1503 1115 1533 oppu-

155 1546 283 1578 gnatum
295 1557 303 1570 ‚
322 1538 427 1577 partim
440 1535 595 1575 proditum
607 1557 615 1569 ‚
631 1540 738 1576 partim
748 1536 930 1567 dereliaurn
944 1547 949 1565 :
970 1536 1068 1565 servos
1080 1533 1116 1563 si-

157 1579 330 1609 mulatione
343 1577 517 1618 couegiorum
531 1580 716 1608 nominatim
730 1577 788 1608 cfl’e
796 1580 977 1618 conscriptos
986 1597 994 1611 ‚
1016 1578 1116 1616 copias

158 1622 280 1651 omneis
293 1620 426 1650 Catilina:
437 1617 520 1659 paene
533 1619 641 1649 iisdem
656 1619 784 1651 ducibus
798 1620 834 1650 ad
852 1620 935 1661 spem
952 1619 1039 1648 caedis
1052 1638 1060 1652 ‚
1081 1617 1114 1647 δε

157 1662 372 1692 incendiorum
388 1659 445 1690 effe
455 1669 604 1690 revocatas
616 1671 622 1690 t
638 1663 760 1702 Equites
772 1664 866 1692 Rom.
878 1661 1115 1702 proscriptionis:

157 1705 327 1743 municipia
338 1723 346 1736 ,
357 1701 498 1732 vastitatis
512 1712 518 1731 2
533 1704 652 1733 omneis
664 1723 673 1736 ,
688 1703 778 1734 caedis
787 1713 871 1733 metu
882 1702 939 1733 effe
949 1710 1110 1742 permotos:

157 1747 267 1786 potui,
284 1747 367 1785 potui
380 1764 389 1777 ‚
405 1746 435 1774 P.
444 1746 477 1774 C.
488 1744 593 1774 multis
603 1744 773 1776 :meroribus
782 1744 951 1776 fortissimis
962 1746 1032 1774 viris
1041 1764 1049 1778 ‚
1065 1753 1113 1773 me

157 1789 209 1821 vi,
229 1787 375 1827 armisque
388 1784 564 1815 defendere:
583 1796 640 1816 nec
655 1788 733 1817 mihi
748 1788 809 1827 ipse
826 1788 877 1817 ille
893 1788 1014 1817 animus
1031 1785 1114 1815 idem

158 1839 246 1859 meus
258 1849 266 1863 ‚
285 1829 373 1858 vobis
384 1837 446 1857 non
458 1828 632 1867 incognitus
641 1849 650 1862 ‚
669 1828 774 1858 defuit.
798 1829 847 1858 sed
857 1828 996 1859 videbam
1008 1847 1016 1860 ‚
1038 1825 1058 1856 fi
1068 1828 1114 1856 vi-

157 1869 261 1902 ciffi—m
270 1869 447 1910 praesentem
457 1867 653 1899 adversarium
663 1889 671 1903 ,
684 1870 820 1900 nimium
831 1870 945 1900 multos
955 1870 1032 1898 milii
1042 1869 1116 1898 alios

157 1911 216 1943 ess'e
228 1910 404 1942 vincendos.
427 1908 448 1939 si
458 1908 556 1939 vietus
566 1909 673 1941 essem:
686 1912 791 1942 multis
801 1912 890 1942 bonis
902 1912 934 1941 &
943 1921 997 1950 pro
1008 1919 1068 1943 me,
1081 1909 1114 1939 δε

156 1963 279 1983 mecum
291 1973 300 1987 ,
312 1954 402 1982 etiam
412 1950 478 1992 post
488 1960 537 1980 me
547 1950 604 1981 effe
614 1953 816 1992 pereundum:
830 1953 1040 1992 tribuniciique
1050 1952 1116 1982 sari-

157 1997 258 2037 guinis
268 1996 377 2024 ultores
387 2013 396 2027 ,
408 1991 465 2023 efl‘e
474 1994 643 2033 praesenteis
654 2005 659 2023 :
670 2005 746 2025 meae
758 1997 864 2025 mortis
874 2004 988 2034 poenas,
992 1993 1113 2033 judicio,

98 2049 111 2073 1
123 2052 143 2082 4
159 2035 363 2078 &posteritati
381 2036 532 2066 reservari.
565 2036 681 2070 Nolui,
702 2036 773 2067 cum
792 2036 896 2067 consul
914 2045 1114 2067 communem

157 2079 282 2110 salutem
301 2076 361 2107 sine
383 2076 460 2107 ferro
472 2075 671 2107 defendissem
683 2098 692 2111 ,
711 2088 811 2109 meam
821 2081 952 2119 privatus
963 2080 1052 2108 armis
1062 2078 1115 2108 de-

154 2119 278 2150 fendere
289 2130 295 2149 :
306 2119 462 2159 bonosque
472 2119 554 2148 viros
564 2119 663 2160 lugere
674 2120 767 2150 malui
778 2130 859 2151 meas
867 2119 1012 2153 fortunas,
1021 2117 1113 2161 quam

156 2162 219 2193 suis
229 2161 390 2201 desperare.
413 2170 445 2190 ac
455 2158 474 2189 si
485 2160 565 2190 solus
575 2159 668 2191 ell'em
678 2160 853 2191 interfectus
862 2181 870 2195 ,
883 2163 963 2191 mihi
973 2171 1056 2201 turpe
1068 2171 1074 2190 :
1091 2158 1113 2189 fi

154 2213 230 2235 cum
242 2203 347 2233 multis
358 2221 367 2236 ,
386 2202 463 2241 reip.
473 2200 626 2232 funestum
636 2201 703 2233 fore
713 2202 879 2233 videbatur.
903 2203 993 2241 Quod
1004 2202 1024 2232 si
1035 2203 1113 2234 mihi

153 2254 298 2276 aeternam
315 2242 372 2274 esse
390 2253 556 2274 aerumnam
572 2242 754 2284 propositam
767 2245 936 2274 arbitrarer:
956 2253 1055 2275 morte
1063 2254 1114 2273 me

155 2287 219 2327 :ipse
228 2287 330 2326 potius
340 2306 349 2319 ,
363 2285 453 2325 quam
465 2285 647 2325 sempiterno
659 2286 764 2315 dolore
774 2284 957 2316 multass'em.
982 2285 1031 2315 sed
1039 2284 1112 2314 cum

156 2327 292 2360 viderem
305 2347 312 2361 ,
334 2337 385 2357 me
395 2335 457 2356 non
468 2326 583 2356 diutius
597 2347 606 2361 ,
620 2326 709 2368 quam
720 2328 813 2367 ipsam
824 2337 918 2367 remp.
931 2336 968 2356 ex
978 2328 1032 2356 hac
1042 2327 1114 2358 urbe

155 2368 331 2400 abfuturum
343 2379 349 2398 z
371 2377 469 2408 neque
488 2378 542 2409 ego
560 2369 612 2398 illa
627 2371 823 2400 exterminata
842 2372 851 2387 ¹
863 2369 939 2398 mihi
956 2377 1114 2398 remanen-

158 2411 232 2442 dum
244 2411 373 2451 amplius
382 2411 482 2449 putavi
495 2420 501 2438 ·.
521 2409 612 2440 &illa
623 2430 632 2443 ,
652 2408 828 2451 fimulatque
836 2418 972 2441 revocata
982 2408 1024 2439 est
1036 2428 1044 2442 ,
1065 2418 1113 2438 me

158 2453 259 2483 ,secum
271 2454 377 2492 pariter
387 2453 557 2491 reportavit.
583 2453 706 2481 Mecum
722 2453 799 2492 leges
809 2471 817 2486 ,
838 2461 959 2482 mecum
974 2449 1115 2491 quazstio-

158 2504 212 2524 nes
222 2513 230 2527 ,
241 2503 362 2524 mecum
371 2494 433 2533 jura
442 2492 664 2534 magistratuum
675 2513 684 2527 ,
693 2503 813 2524 mecum
825 2493 938 2523 senatus
945 2491 1114 2524 autstoritas,

159 2545 283 2565 mecum
305 2535 422 2565 libertas
433 2554 441 2568 ,
464 2544 585 2565 mecum
605 2537 694 2565 etiam
706 2533 827 2576 frugum
843 2534 955 2564 ubertas
966 2554 975 2567 ,
995 2543 1115 2563 mecum

159 2576 285 2608 deorum
297 2597 304 2610 ‚
322 2577 353 2606 δε
366 2578 529 2606 hominum
539 2575 704 2607 samititates
716 2587 824 2606 omnes
834 2596 843 2610 ,
857 2576 889 2606 ὃς
898 2577 1056 2617 religiones
1066 2575 1117 2604 ab-

159 2617 293 2649 fuerunt.
316 2620 390 2659 Qae
401 2616 421 2648 si
430 2618 544 2659 semper
551 2616 682 2649 abess'ent
690 2637 700 2654 ‚
710 2620 804 2660 magis
812 2617 920 2649 vestras
928 2617 1061 2648 fortunas
1071 2617 1118 2646 lu-

1159 163 1698 214 Ciciznouis

1156 255 1256 287 gcrem
1268 265 1276 279 ,
1295 245 1384 288 quam
1399 245 1587 279 desiderarem
1601 258 1694 279 meas.
1715 247 1757 279 fin
1766 246 1926 289 aliquando
1935 253 2109 279 revocaren-

1159 297 1222 317 tur:
1242 287 1467 327 intelligebam,
1489 291 1566 320 mi'ni
1584 301 1656 321 cum
1676 291 1737 320 illis
1754 290 1814 321 una
1833 288 1890 320 effe
1908 289 2108 320 redeundum.

1160 329 1252 368 Cujus
1261 330 1324 358 mei
1335 329 1433 359 sensus
1445 330 1619 362 certiffimus
1630 331 1710 362 testis
1721 331 1762 362 est
1772 333 1821 362 hic
1832 332 1912 362 idem
1924 353 1931 364 ‚
1951 333 2003 371 qui
2013 329 2113 361 custos

1158 371 1262 410 capitis
1280 369 1338 400 fuit
1349 391 1358 404 ,
1379 373 1434 401 Cn.
1445 371 1580 402 Plancius
1591 393 1600 406 ,
1620 375 1672 414 qui
1687 393 1696 407 ‚
1717 374 1861 404 omnibus
1876 372 2113 414 provincialibus

1160 414 1346 442 ornamentis
1357 431 1365 445 ,
1379 413 1609 455 commodisque
1620 414 1758 455 depositis
1767 436 1775 450 ‚
1788 424 1882 446 totam
1894 415 1974 445 suam
1985 412 2116 455 quaestu-

1160 463 1221 483 ram
1236 454 1268 483 in
1282 463 1332 483 me
1347 454 1537 485 sustentando
1547 476 1555 489 ,
1578 456 1610 486 δε
1621 457 1824 487 conservando
1839 457 2007 487 collocavit.
2030 456 2082 496 qui
2093 452 2117 485 sl

1162 497 1238 524 milii
1248 494 1374 535 quaestor
1384 498 1554 536 imperatori
1565 496 1681 528 fuisset:
1702 500 1734 528 in
1749 497 1803 528 filii
1818 498 1887 528 loco
1897 496 2009 528 fuisset.
2032 505 2114 527 nunc

1161 536 1239 566 certe
1249 538 1303 566 erit
1314 538 1345 566 in
1356 540 1486 576 parentis
1497 558 1505 572 ,
1517 538 1588 568 curn
1601 538 1689 569 fuerit
1698 538 1825 579 quaestoi·
1834 549 1899 569 non
1909 540 2028 578 imperii
2040 558 2048 571 ‚
2063 537 2114 568 sed

1160 578 1273 608 doloris
1293 581 1364 608 mei.
1389 582 1592 620 Qapropter,
1613 589 1706 620 patres
1726 581 1903 620 conscripti,
1923 581 2070 620 quoniam
2081 580 2116 609 in

1161 629 1254 659 remp.
1272 619 1337 649 sum
1352 623 1458 660 pariter
1470 631 1540 651 cum
1554 623 1656 661 repub.
1668 621 1818 651 restitutus
1831 633 1836 650 2
1856 631 1920 651 non
1930 619 2067 651 modoin
2082 629 2115 650 ea

1160 660 1348 691 defendenda
1366 663 1446 693 nihil
1467 665 1606 693 minuam
1624 663 1661 693 de
1676 663 1810 693 libertate
1824 673 1890 693 mea
1901 662 2022 702 pristina
2033 681 2041 696 ,
2063 661 2114 692 sed

1159 702 1419 745 etiamadaugebo.
1463 707 1586 735 Etenim
1603 725 1612 738 ‚
1629 703 1649 734 si
1659 715 1726 735 eam
1736 713 1800 735 tum
1811 704 2008 735 defendebam
2020 723 2028 737 .
2039 702 2112 734 curn

1160 746 1237 774 mihi
1255 745 1368 785 aliquid
1388 746 1440 776 illa
1462 746 1604 776 debebat:
1623 746 1696 787 quid
1714 756 1796 777 nunc
1814 757 1864 777 nie
1879 746 1973 776 facere
1985 753 2114 785 oportet,

1158 785 1230 815 cum
1241 796 1298 826 ego
1309 788 1354 816 illi
1364 786 1521 826 plurimam
1530 787 1606 817 debeo
1619 791 1630 817 3
1645 798 1715 818 nam
1747 788 1798 818 uid
1808 788 1850 818 est
1861 808 1869 822 ,
1883 787 1964 828 quod
1973 789 2113 817 animum

1164 837 1267 857 meum
1276 826 1408 869 frangere
1420 849 1427 862 ‚
1448 839 1497 859 aut
1506 829 1659 859 debilitare
1671 840 1708 869 po
1734 840 1772 863 it,
1786 831 1872 869 cujus
1886 829 1978 869 ipsam
1991 828 2114 859 calami-

1160 877 1251 898 tatem
1270 879 1332 899 non
1349 869 1445 900 modo
1463 871 1577 901 nullius
1594 871 1716 905 deliniri,
1735 872 1783 902 sed
1792 874 1882 902 etiam
1893 871 2067 900 divinorum
2079 871 2113 901 in

1160 910 1294 950 rempub.
1306 911 1523 942 beneficiorum
1536 912 1641 942 testem
1652 911 1709 943 esse
1720 913 1843 943 videatis
1855 916 1945 942 ?nam
1956 912 1989 942 &
1999 913 2114 951 impor-

1158 960 1215 982 tata
1227 951 1269 982 cst
1278 972 1286 985 ,
1298 955 1366 993 quia
1377 952 1568 984 defenderam
1577 956 1729 984 civitatem
1743 966 1748 984 ;
1768 955 1800 985 &
1811 964 1876 984 mea
1887 954 2041 984 voluntate
2052 953 2114 983 sus-

1156 1002 1238 1033 cepta
1257 993 1318 1026 est,
1336 1004 1375 1024 ne
1390 994 1405 1025 a
1422 1005 1471 1025 me
1486 995 1606 1025 defensa
1618 996 1732 1036 respub.
1750 1006 1801 1036 per
1809 996 1940 1026 eundem
1952 1005 2002 1025 me
2013 1004 2114 1025 extre-

1161 1045 1249 1064 mum
1266 1037 1299 1065 in
1312 1035 1473 1067 discrimen
1489 1047 1650 1068 vocaretur.
1673 1041 1728 1068 Pro
1739 1048 1788 1068 me
1797 1048 1861 1068 non
1871 1057 1879 1071 ‚
1901 1046 1934 1068 uc
1945 1046 2000 1077 pro
2009 1039 2042 1067 P.
2054 1039 2112 1066 Po-

1157 1077 1246 1116 pillio
1257 1095 1265 1110 ,
1284 1077 1474 1108 nobiliffimo
1486 1080 1614 1110 homine
1625 1099 1633 1114 ,
1653 1080 1852 1110 adolescentes
1867 1078 1922 1109 filii
1932 1099 1940 1112 ,
1963 1088 2027 1108 non
2040 1087 2111 1118 pro-

1158 1120 1345 1157 pinquorum
1369 1120 1535 1150 multitudo
1564 1122 1711 1160 populum
1735 1124 1867 1151 Roman.
1886 1120 1928 1151 est
1949 1120 2110 1161 deprecata,

1158 1169 1222 1188 non
1233 1178 1241 1192 ‚
1264 1168 1296 1188 ut
1310 1169 1364 1199 pro
1375 1162 1419 1200 Q
1424 1162 1552 1195 Metello
1561 1182 1570 1196 ,
1592 1163 1713 1192 summo
1725 1162 1758 1194 ὃς
1767 1161 1925 1193 clariffimo
1941 1165 2006 1192 viro
2018 1181 2026 1195 ,
2046 1161 2112 1202 spe·-

1160 1199 1234 1230 &ata
1241 1200 1304 1239 jam
1316 1201 1512 1232 adolescentia
1522 1201 1602 1233 filius
1614 1214 1619 1232 z
1638 1213 1701 1234 non
1711 1206 1748 1233 L.
1760 1204 1792 1233 δε
1802 1206 1833 1233 C.
1847 1203 1983 1236 Metelli,
2003 1203 2112 1233 consu-

1159 1243 1231 1272 lares
1244 1261 1252 1275 ‚
1264 1252 1328 1272 non
1339 1252 1445 1273 eorum
1456 1243 1542 1274 liberi
1553 1264 1562 1278 ‚
1574 1254 1639 1274 non
1649 1245 1839 1284 QMetellus
1850 1247 1954 1284 Nepos
1964 1263 1973 1278 ,
1983 1245 2112 1284 quitum

1158 1284 1345 1314 consulatum
1362 1285 1479 1324 petebat
1494 1305 1502 1319 ,
1526 1295 1590 1316 non
1608 1286 1728 1316 Luculli
1746 1306 1754 1320 ,
1777 1287 1895 1317 Servilii
1912 1305 1921 1319 ,
1944 1287 2111 1326 Scipiones,

1158 1325 1375 1356 ²Metellorum
1398 1324 1454 1356 filii
1471 1346 1480 1360 ,
1504 1326 1609 1357 flentes
1621 1348 1629 1362 ,
1653 1338 1686 1358 ac
1703 1328 1863 1362 sordidati,
1883 1328 1997 1368 populo
2014 1329 2111 1358 Rom.

1159 1367 1396 1408 supplicaverunt
1409 1378 1414 1397 2
1436 1368 1484 1398 sed
1498 1378 1568 1398 unm
1575 1368 1683 1406 frater,
1703 1372 1755 1410 qui
1765 1372 1798 1400 in
1812 1380 1861 1399 me
1873 1371 1998 1409 pietate,
2016 1367 2111 1403 filius;

1158 1407 1289 1440 consiliis
1309 1429 1317 1442 ,
1345 1419 1449 1450 parens
1462 1422 1472 1444 3
1492 1421 1594 1441 amore
1608 1431 1617 1445 ,
1637 1410 1682 1451 (ut
1697 1412 1768 1452 erat)
1785 1411 1872 1441 frater
1889 1413 2030 1442 inventus
2048 1409 2110 1440 est:

1160 1451 1293 1492 squalore
1304 1451 1336 1481 &
1347 1453 1485 1491 lacrymis
1499 1472 1509 1487 ,
1528 1453 1561 1482 &
1569 1453 1755 1493 quotidianis
1764 1453 1901 1493 precibus
1909 1472 1918 1486 ,
1929 1450 2111 1483 desiderium

1159 1494 1221 1523 mei
1230 1494 1368 1522 nominis
1377 1494 1560 1528 renovari,&
1569 1504 1667 1524 rerum
1677 1494 1824 1536 gestarum
1834 1496 2015 1524 memoriam
2026 1494 2112 1524 usur-

1158 1536 1221 1574 pari
1233 1535 1340 1575 co'e‘git.
1363 1537 1415 1575 qui
1431 1533 1503 1565 cum
1522 1534 1663 1566 statuisset
1673 1556 1681 1570 ,
1697 1534 1753 1566 nifi
1761 1546 1812 1576 per
1820 1546 1875 1567 vos
1887 1545 1935 1565 me
1945 1535 2111 1576 recuperas:-

1159 1576 1200 1606 set
1209 1595 1217 1609 ,
1232 1577 1358 1606 eandem
1370 1577 1469 1606 subire
1477 1576 1630 1607 fortunam
1641 1598 1650 1610 ,
1666 1586 1752 1618 atque
1762 1578 1844 1608 idern
1855 1576 1907 1608 sibi
1916 1577 2113 1608 domicilium

1159 1618 1192 1647 δε
1201 1619 1269 1647 vitae
1281 1636 1290 1651 ,
1311 1617 1343 1647 ὃς
1356 1620 1462 1648 mortis
1475 1618 1644 1658 deposceret
1656 1630 1661 1648 :
1680 1628 1781 1649 tamen
1795 1629 1965 1660 numquam
1979 1629 2035 1649 nec
2047 1628 2114 1649 ma-

1157 1658 1353 1701 gnitudinem
1363 1661 1499 1701 negotii,
1515 1670 1571 1690 nec
1582 1660 1776 1691 solitudinem
1787 1661 1868 1691 suam
1879 1681 1889 1695 ‚
1908 1671 1964 1691 nec
1973 1663 2038 1690 vim
2049 1662 2113 1690 ini-

1160 1703 1327 1735 micorum,
1350 1711 1382 1731 ac
1399 1701 1456 1732 tela
1474 1703 1639 1741 pertimuit.
1662 1703 1745 1732 Alter
1754 1701 1812 1733 fuit
1819 1711 2020 1743 propugnator
2029 1711 2112 1731 mea-

1158 1753 1225 1772 rum
1236 1741 1443 1777 fortunarum,
1456 1743 1488 1774 &
1499 1742 1636 1774 defensor
1645 1742 1789 1777 affiduus,
1807 1745 1925 1774 summa
1935 1746 2042 1774 virtute
2055 1763 2064 1776 ,
2077 1743 2111 1774 &

1156 1786 1280 1824 pietate,
1304 1788 1336 1815 C.
1350 1785 1417 1815 Piso
1428 1805 1437 1819 ,
1452 1795 1554 1826 gener:
1572 1787 1627 1826 qui
1640 1788 1739 1815 minas
1749 1787 1946 1815 inimicorum
1958 1794 2111 1815 meorum:

1159 1828 1211 1867 qui
1224 1828 1401 1856 inimicitias
1413 1826 1512 1856 affinis
1527 1829 1589 1857 mei
1602 1847 1610 1860 ,
1629 1829 1792 1867 propinqui
1805 1827 1848 1856 sui
1859 1846 1868 1860 ,
1889 1827 2038 1856 consulis:
2057 1828 2112 1867 qui

1158 1871 1309 1902 Pontum,
1331 1867 1363 1898 &
1374 1868 1546 1908 Bithyniam
1563 1868 1692 1909 quaestor
1707 1878 1760 1908 pro
1777 1878 1845 1898 mea
1860 1868 1951 1898 salute
1967 1868 2112 1908 neglexit.

1160 1909 1250 1939 Nihil
1259 1919 1405 1949 umquam
1416 1911 1531 1940 senatus
1541 1910 1578 1940 de
1587 1913 1617 1941 P.
1627 1911 1762 1951 Popillio
1771 1910 1902 1940 decrevit
1911 1930 1920 1944 ‚
1940 1919 2112 1950 numquam

1158 1952 1191 1981 in
1201 1952 1259 1982 hoc
1268 1951 1373 1981 ordine
1384 1954 1421 1989 Q.
1431 1952 1547 1982 Metelli
1559 1954 1676 1982 mentio
1684 1951 1761 1982 salita
1771 1951 1822 1981 est.
1848 1952 2031 1982 Tribunitiis
2041 1952 2112 1982 sunt

1158 1993 1202 2022 illi
1221 1992 1445 2035 rogationibus,
1465 1992 1630 2024 interfeetis
1651 1993 1804 2028 inimicis,
1826 1992 1957 2034 denique
1966 1993 2049 2024 nulla
2057 2003 2112 2024 au-

1158 2034 1292 2066 &oritate
1309 2035 1445 2068 senatus,
1467 2033 1593 2065 restituti
1603 2047 1612 2069 3
1629 2034 1701 2066 cum
1719 2036 1791 2066 alter
1802 2045 1909 2065 eorum
1927 2035 2041 2066 senatui
2059 2045 2112 2075 pa-

1156 2075 1276 2111 ruiss'et,
1297 2076 1370 2107 alter
1383 2078 1469 2111 vim,
1488 2076 1662 2118 caedemque
1680 2075 1810 2118 fugisset.
1833 2080 1914 2107 Nam
1933 2079 1964 2107 C.
1985 2077 2110 2118 quidem

1157 2120 1269 2150 Marius
1279 2138 1288 2152 ‚
1307 2120 1360 2159 qui
1375 2120 1428 2150 hac
1444 2120 1609 2150 hominum
1624 2121 1773 2150 memoria
1787 2121 1889 2149 tertius
1898 2128 1966 2149 ante
1977 2129 2026 2148 me
2035 2128 2111 2150 con-

1156 2160 1259 2191 sularis
1271 2180 1280 2195 ,
1301 2160 1474 2201 tempestate
1492 2161 1577 2191 civili
1596 2161 1736 2201 expulsus
1757 2160 1820 2195 est,
1838 2171 1901 2190 non
1919 2159 2014 2190 modo
2032 2160 2048 2190 a
2065 2161 2111 2191 se-

1156 2211 1228 2232 natu
1246 2212 1310 2232 non
1326 2201 1369 2232 est
1387 2202 1538 2233 restitutus
1555 2213 1561 2232 ς
1577 2203 1626 2233 sed
1644 2203 1735 2232 reditu
1743 2203 1794 2242 fiio
1813 2203 1946 2233 senatum
1963 2200 2110 2232 cunctum

1155 2243 1241 2283 paene
1268 2244 1392 2274 delevit.
1425 2244 1507 2275 nulla
1535 2244 1572 2274 de
1599 2245 1660 2274 illis
1689 2243 1914 2285 magistratuum
1942 2241 2108 2276 consensio,

1158 2286 1241 2315 nulla
1250 2285 1285 2315 ad
1295 2295 1392 2325 remp.
1401 2284 1621 2315 defendendam
1631 2286 1735 2325 populi
1745 2287 1837 2315 Rom.
1848 2285 2113 2317 convocatiomul-

1154 2327 1201 2356 lus
1211 2327 1304 2356 Italiae
1314 2336 1417 2356 motus
1429 2345 1438 2360 ,
1448 2327 1531 2356 nulla
1542 2326 1656 2356 decreta
1664 2327 1902 2365 municipiorum
1912 2345 1920 2358 ,
1933 2326 1966 2355 &
1976 2326 2113 2356 colonia-

1155 2377 1223 2397 rum
1241 2367 1428 2396 exstiterunt.
1459 2370 1555 2404 Quare
1563 2365 1633 2396 cum
1645 2377 1695 2397 me
1704 2366 1964 2398 vesti-aaueioritas
1979 2366 2114 2397 arcess'ie-

1157 2410 1205 2442 rit,
1217 2408 1345 2448 populus
1355 2410 1448 2438 Rom.
1460 2410 1614 2441 revocarit,
1630 2409 1704 2448 resp.
1716 2409 1901 2448 implorant,
1913 2409 1995 2439 Italia
2005 2409 2114 2440 cuncta

1157 2451 1242 2490 paene
1261 2449 1318 2479 suis
1337 2450 1453 2478 humeris
1473 2451 1643 2490 reportarit:
1662 2460 1727 2480 non
1745 2452 1956 2484 committam,
1975 2453 2053 2481 P.C.
2066 2460 2112 2485 ut,

1159 2491 1232 2522 cum
1246 2501 1278 2521 ea
1289 2493 1366 2521 mihi
1376 2489 1431 2521 sint
1442 2490 1573 2521 restituta
1584 2511 1592 2524 ,
1611 2501 1676 2532 qua:
1693 2494 1725 2521 in
1742 2490 1882 2531 potestate
1895 2502 1962 2523 mea
1972 2502 2036 2522 non
2045 2492 2113 2523 fue—

1159 2542 1228 2563 runt
1238 2553 1246 2567 ,
1258 2543 1290 2564 ea
1300 2543 1364 2563 non
1373 2532 1495 2562 habeam
1507 2553 1515 2566 ,
1528 2543 1593 2573 qua:
1602 2534 1662 2574 ipse
1670 2533 1802 2573 praestare
1812 2531 1919 2573 poffim
1929 2553 1937 2566 ,
1948 2534 2111 2575 praesertim

1158 2574 1230 2604 cum
1242 2575 1293 2606 illa
1309 2573 1412 2605 amissa
1427 2577 1622 2616 recuperarim
1633 2594 1642 2610 ,
1661 2576 1801 2606 virtutem
1811 2574 1934 2614 &fidem
1943 2585 2113 2618 numquam

1159 2617 1322 2648 amiserim.

1841 2660 1912 2706 M.
1947 2659 1997 2707 T
2012 2677 2043 2706 U
2058 2675 2114 2706 L-

196 2767 220 2784 i.
241 2760 306 2785 Mihi
316 2762 479 2785 remanendum
495 2761 609 2794 pum-vi]
632 2762 691 2789 Vox
710 2761 930 2798 ampliusins'crta
952 2763 988 2791 cst
998 2762 1116 2793 auetori-

157 2801 212 2834 tpte
223 2794 278 2819 1¹21.
289 2796 351 2821 noui
364 2797 390 2820 S:
405 2796 514 2824 Erfurd.
535 2796 606 2824 idem
619 2805 707 2826 tamen
724 2808 808 2826 nonus
820 2796 876 2825 lion
900 2798 1056 2834 Qnostcbat
1075 2797 1115 2824 di-

158 2829 318 2857 stiunt-ulain
330 2835 429 2863 putavi.

194 2874 223 2893 2·
242 2867 385 2895 Mss'sslhrum
397 2868 474 2904 filib]
494 2869 631 2898 Manutius
652 2869 749 2899 Paulus
760 2870 867 2907 conjicit
877 2872 1038 2905 Metellarum,
1053 2879 1120 2907 quo-

1155 2763 1236 2789 modo
1246 2763 1309 2790 item
1322 2762 1410 2790 fuerat
1420 2763 1446 2789 in
1458 2764 1578 2791 oratione
1595 2762 1762 2799 praecedenti.
1784 2764 1812 2790 8<
1821 2763 1961 2790 absurdum
1979 2762 2038 2790 sane
2051 2764 2111 2789 Me-

1157 2799 1232 2825 tellas
1242 2800 1299 2826 istas
1313 2799 1414 2826 sorores
1425 2800 1543 2826 Metellis
1553 2800 1574 2833 ej
1581 2799 1667 2826 ul'dem
1688 2800 1795 2826 familiae
1806 2807 1898 2837 nuptas
1908 2799 1984 2828 fuisse
1995 2809 2004 2831 ἢ
2024 2807 2052 2827 ul.
2062 2799 2111 2826 ob-

1157 2835 1242 2864 servat
1251 2836 1361 2873 Pighius
1371 2835 1420 2864 lib.
1430 2844 1494 2865 xiv.
1506 2836 1590 2865 Rom.
1601 2835 1758 2864 Annalium.

1984 3155 1996 3178 ί
2006 3172 2012 3180 .
2030 3153 2112 3180 Ponti-

2135 713 2176 746 ¹5
