2379 3400
228 585 278 616 40

686 104 757 153 M.
834 100 1197 147 Turum

445 191 553 227 rationi
563 195 676 231 pareatt
691 195 752 227 quo
763 182 841 215 nihil
851 180 894 212 est
901 179 937 211 ad
947 177 1047 209 officia
1055 174 1235 207 conservan-

538 242 596 262 tius
615 242 621 260 :
641 228 749 260 deinde
759 247 768 260 ‚
789 234 822 255 ut
838 220 1089 254 animadvertatur
1101 237 1109 251 ,
1129 225 1240 257 quanta

749 269 877 298 climus:
896 272 929 294 ut
940 271 1015 293 neve
1026 261 1120 298 major
1133 278 1141 292 ‚
1163 267 1241 288 neve

750 311 845 351 piatur
863 326 872 341 ,
892 314 981 346 quam
999 302 1083 334 causa
1101 299 1241 341 postulet.

753 360 786 381 ut
795 360 827 380 ea
839 369 847 383 ,
859 358 924 389 quae
934 346 1083 386 pertinent
1091 342 1126 372 ad
1137 341 1241 371 libera—

1022 384 1133 415 Modus
1143 392 1242 413 autem

1032 426 1082 457 nte
1094 425 1243 456 diximus,

1108 464 1248 497 stantiffi-

287 116 411 169 1228

284 202 431 243 apperitus
511 236 515 244 ἶ

287 245 323 274 da
343 244 534 272 accommooa

288 286 341 316 iila
359 290 404 311 res
426 277 458 307 sit
470 297 478 309 ,
498 284 587 315 quam
599 270 746 302 efficerev

291 331 393 354 minor
410 329 495 351 cura,
515 318 546 346 δε
568 323 656 355 opera
675 311 747 343 susci

293 372 301 386 ¹
321 365 441 394 tertium
454 358 494 389 est
504 379 512 390 ‚
525 363 721 387 utcaveamus
733 373 741 386 ,

293 408 352 435 lein
364 404 503 442 speciem,
514 398 546 430 &
555 398 731 438 dignitatem
744 390 926 423 moderanda
934 386 998 417 fint.

293 449 336 477 eit
358 446 510 484 optimus,
531 440 621 470 decus
640 438 738 477 ipsum
763 433 882 465 tenere,
899 431 934 460 de
943 438 1028 470 quoa

293 498 351 519 nec
370 496 422 525 pio
444 483 505 512 redi
518 480 648 521 longius.
672 482 686 498 ²
701 480 821 508 Horum
835 482 934 518 tamen
946 479 1037 502 trium
1047 478 1106 508 prae

296 538 384 559 mum
398 537 411 556 e
442 531 618 567 ‚appetitum
627 521 809 561 obtemperare
817 516 932 545 rationi.
1180 551 1185 556 .

337 570 488 607 Deinceps
497 567 534 596 de
543 565 648 594 ordine
660 571 758 592 rerum
769 581 778 593 ,
798 559 830 589 &
841 563 1015 596 temporum
1027 556 1248 592 opportunitate

292 611 456 643 dicendum
467 608 518 638 est.
541 611 553 634 3
571 608 634 636 Hac
644 613 743 635 autem
763 603 886 632 scientia
904 598 1076 628 continetur
1091 603 1141 626 ea,
1162 600 1251 632 quarn

299 655 395 684 Graeci
414 652 514 683 {u'fdisw
529 649 709 678 nominant,
732 653 794 674 rion
807 644 899 674 hanc,
920 647 1008 680 quam
1025 639 1254 674 interpretamur

296 693 492 725 modestiam:
513 691 616 731 quoin
627 688 718 718 verbo
732 685 840 716 modus
852 681 928 712 inest
943 691 948 709 ;
970 678 1019 709 sed
1030 678 1082 708 illa
1094 675 1136 706 est
1149 676 1250 708 ἐνάἶξὶκ,

296 738 330 767 in
344 745 400 776 qua
410 733 588 772 intelligitur
598 730 714 760 ordinis
722 726 923 758 conservatio.
947 725 1049 761 Itaque
1061 739 1069 752 ,
1081 728 1112 765 ut
1123 716 1247 747 eandem

297 788 354 808 nos
364 774 542 807 modestiam
555 772 738 812 appellemus
752 789 760 802 ,
772 767 809 798 fic
822 765 963 797 definitur
972 763 987 792 a
999 763 1106 792 Stoicis
1116 779 1124 792 ‚
1146 767 1179 788 ut
1192 767 1252 787 Μο-

298 828 420 850 rmsrm
435 837 443 851 ,
465 826 516 846 sir
537 821 701 844 seiam-m
718 819 819 841 earum
831 816 929 838 rerum
941 826 950 839 ‚
970 809 1185 844 quaeagentur,
1204 807 1255 828 aur

295 862 457 892 dicentur,
477 858 545 887 loco
563 856 616 886 suo
633 852 887 885 collocandarum.
913 850 1009 887 itaque
1021 845 1138 874 videtur
1148 840 1252 871 eadem

295 905 346 932 vis
357 902 472 931 ordinis
487 919 495 933 ‚
505 899 537 928 &
546 897 757 928 collocationis
765 893 840 923 fore.
867 893 947 920 Nam
958 889 990 917 &
1002 885 1141 916 ordinem
1153 882 1188 912 sic
1201 881 1253 911 de-

299 944 412 974 finiunt
422 962 429 975 ‚
454 947 736 971 COMPOSITIONEM
749 944 848 968 rerum
859 934 935 972 aptis
947 950 958 963 ,
969 929 1010 961 ⁷&
1020 923 1255 970 accommodatis

299 987 384 1017 locis.
405 985 507 1014 locum
520 990 619 1011 autem
630 978 758 1010 actionis
768 997 777 1011 ‚
797 974 1031 1015 oportunitatem
1043 976 1187 1015 temporis
1198 963 1254 1015 esse

299 1029 416 1058 dicunt.
440 1033 558 1063 tempus
568 1031 666 1052 autem
676 1019 808 1050 adrionis
817 1013 1124 1057 oportunum‚Gi·aece
1138 1017 1253 1040 ευκιιρικ,

301 1068 409 1100 Latine
424 1066 587 1107 appellatur
595 1060 719 1094 occasio.
739 1060 775 1090 sic
785 1058 819 1089 fit
830 1078 838 1093 ,
862 1066 894 1087 ut
907 1053 1053 1100 modestia
1064 1054 1145 1097 ¹³3⁶!
1164 1057 1253 1088 quam

300 1113 340 1140 ita
351 1112 588 1148 interpretamur,
600 1114 632 1135 ut
641 1104 717 1136 dixi,
729 1103 850 1132 scientia
859 1098 892 1128 sit
901 1102 1114 1139 oportunitatis
1125 1091 1254 1121 idoneo-

299 1162 371 1183 rum
398 1152 432 1181 ad
443 1149 590 1190 agendum
601 1153 783 1185 temporum.
806 1147 824 1169 4
833 1140 890 1172 Sed
899 1136 993 1179 potest
1004 1134 1061 1165 efle
1074 1133 1176 1164 eadem
1187 1140 1256 1170 pru-

297 1194 409 1224 dentiae?
427 1190 567 1222 definitio
582 1209 590 1223 ,
610 1189 647 1219 de
665 1197 724 1228 qua
739 1185 888 1225 principio
904 1181 1050 1211 diximus.
1082 1177 1140 1219 hoc
1154 1182 1254 1221 autem

303 1235 373 1266 loco
384 1235 419 1265 de
432 1233 653 1264 moderatione,
674 1229 706 1259 &
717 1226 929 1267 temperantia,
953 1222 1095 1251 &earum
1108 1215 1258 1263 iimilibus

301 1277 463 1307 virtutibus
484 1274 659 1315 quaerimuS.
682 1273 804 1310 Itaque,
825 1277 890 1308 quae
912 1272 995 1294 erant
1013 1259 1178 1305 prudentiae
1188 1265 1257 1295 prof

302 1320 385 1352 oria,
414 1318 468 1348 suo
486 1318 555 1347 loco
573 1313 652 1345 dieta
676 1313 756 1343 sunt.
779 1319 845 1351 quae
862 1316 963 1338 autern
981 1306 1085 1333 harum
1095 1307 1259 1330 virtutum,

302 1353 317 1388 3¹
339 1360 376 1390 de
392 1360 502 1400 quibus
514 1357 630 1398 jamdiu
641 1355 796 1395 loquimur
805 1371 817 1385 ,
834 1360 899 1391 quae
910 1348 1061 1392 pertinent
1068 1342 1104 1373 ad
1114 1348 1257 1389 verecun-

302 1402 384 1433 diam
396 1421 404 1435 ‚
425 1401 458 1431 &
469 1400 504 1430 ad
515 1408 621 1430 eorum
631 1396 897 1437 approbationem,
918 1388 1099 1432 quibuicum
1109 1390 1257 1428 vivimus,

304 1453 386 1474 nunc
403 1441 530 1473 dicenda
550 1441 626 1471 sunt.
650 1438 734 1469 Talis
757 1435 800 1466 est
818 1436 906 1476 igitur
915 1430 991 1461 ordo
1004 1427 1160 1458 astionum
1171 1423 1258 1454 adhi-

301 1485 419 1516 bendus
427 1505 438 1518 ‚
457 1493 488 1514 ut
503 1503 512 1516 ,
523 1479 782 1524 quemadmodum
792 1479 827 1508 in
837 1478 973 1506 oratione
981 1468 1130 1500 constanti
1144 1486 1152 1499 2
1176 1463 1214 1494 sle
1227 1465 1258 1493 in

302 1529 368 1557 vita
378 1527 482 1556 omnia
491 1523 546 1554 sint
555 1531 624 1565 apta
637 1525 715 1552 inter
724 1521 752 1551 se
765 1540 773 1553 ,
796 1519 829 1548 &
838 1513 1061 1558 convenientia.
1080 1512 1205 1557 'Tuaen
1216 1504 1258 1535 est

302 1571 389 1598 enim
404 1587 413 1599 ‚
423 1566 569 1605 valdeque
578 1563 737 1595 vitiosum,
749 1564 820 1590 inre
834 1554 952 1589 severa6
963 1560 1109 1584 convivio
1118 1549 1256 1594 dignum,

304 1619 355 1640 aut
375 1608 536 1638 delicatum
558 1606 690 1645 aliquem
705 1602 815 1632 inferre
825 1600 1008 1630 sermonem.
1032 1596 1111 1637 Bene
1122 1589 1259 1634 Pericles,

306 1650 379 1680 cum
393 1649 512 1679 haberet
522 1647 668 1687 collegam
680 1647 713 1674 in
723 1651 845 1683 praetura
854 1637 1036 1679 Sophoclem
1047 1641 1165 1680 poetam
1175 1649 1184 1662 ‚
1209 1630 1259 1658 hi-

305 1702 364 1733 que
383 1691 419 1721 de
436 1690 597 1720 communi
617 1685 721 1716 officio
735 1681 946 1715 convenissent
961 1700 969 1712 ,
991 1677 1098 1706 &calu
1108 1670 1259 1717 formosus

305 1743 378 1774 puer
388 1733 559 1773 praeteriret,
569 1727 748 1768 dixissetque
759 1724 933 1764 Sophocles,
944 1724 967 1748 O
976 1715 1259 1760 puertiraptiiclarum,

304 1775 430 1805 Pericle!
452 1775 506 1801 <At
525 1772 741 1811 enimpraerorem
753 1787 760 1801 ‚
781 1764 908 1805 Sophocle
921 1783 928 1795 ,
951 1762 1024 1789 decet
1035 1768 1083 1786 non
1094 1757 1187 1800 sotem
1198 1763 1260 1781 ma-

303 1826 358 1846 mm
371 1836 379 1848 ,
395 1815 443 1854 sed
460 1814 548 1843 etiam
568 1811 658 1841 oculos
679 1807 849 1844 abstinente&
869 1803 972 1834 habere.
997 1802 1094 1844 Attque
1105 1799 1162 1825 hoc
1176 1795 1258 1824 idem

303 1857 469 1898 Sophocles
479 1853 498 1885 si
507 1857 539 1884 in
549 1853 725 1884 athletarum
739 1849 916 1890 probatione
925 1840 1045 1875 dixisset
1055 1859 1062 1872 ,
1078 1837 1155 1878 justa
1164 1846 1262 1875 repre-

304 1897 449 1931 hensione
466 1894 609 1929 caruist'et.
629 1902 707 1923 tanta
727 1901 773 1921 vrs
794 1889 835 1920 est
855 1889 887 1918 δε
897 1888 957 1917 loci
969 1904 980 1921 2
999 1883 1030 1912 &
1044 1888 1198 1928 temporis.
1218 1880 1261 1907 Ut

307 1941 327 1973 fi
337 1943 403 1982 quis
415 1960 423 1973 ,
436 1937 634 1969 cumcausam
646 1934 679 1964 sit
688 1933 806 1964 aeturus
819 1952 827 1964 ,
849 1932 881 1961 in
891 1931 1007 1960 itinere,
1019 1934 1068 1954 aut
1084 1932 1114 1952 in
1124 1919 1261 1969 3111111113-

305 1985 391 2014 tione
412 1983 510 2012 secum
521 1979 583 2020 ipse
594 1977 767 2008 meditetur,
783 1982 832 2004 aut
843 1971 863 2001 si
873 1971 946 2013 quid
961 1966 1041 1999 aliud
1057 1971 1198 2011 attentius
1207 1971 1261 2008 co-

305 2027 397 2067 giret,
408 2033 471 2054 non
482 2019 708 2062 reprehendatur
718 2029 724 2047 2
735 2026 762 2048 at
773 2017 829 2046 hoc
839 2015 921 2045 idem
933 2011 954 2042 sl
964 2013 996 2042 in
1006 2015 1152 2040 convivio
1165 2008 1261 2036 iaciat,

297 2106 1346 2125 W

347 2145 370 2161 1.
389 2139 491 2161 Tertium
500 2138 534 2161 eff
544 2142 570 2160 ut
581 2143 710 2160 caveamus
723 2152 730 2163 ,
749 2139 776 2157 nt
795 2140 822 2156 ca
842 2141 891 2165 qux
904 2132 1023 2162 pertinent
1039 2129 1071 2154 ad
1083 2129 1202 2154 liberalem
1214 2130 1271 2161 spe—

303 2175 362 2197 «iem
370 2172 400 2201 &-
409 2172 543 2205 dignitatem
554 2170 694 2195 moderanda
701 2168 777 2202 firm]
799 2168 849 2193 Par
860 2166 928 2192 illud
941 2165 1082 2191 verborum
1091 2171 1118 2189 ut
1129 2173 1267 2194 caveamus,

306 2207 353 2234 sus
366 2208 420 2233 icor
430 2208 462 2233 ab
473 2207 640 2233 librariorum
651 2204 754 2239 adjmffim
765 2212 853 2229 manu.
872 2202 952 2228 finon
965 2211 972 2231 ;
993 2201 1104 2227 inclinat
1121 2200 1224 2226 animus
1235 2198 1268 2225 acl

306 2217 453 2270 Jefizioiiem
465 2243 503 2277 pri
508 2252 531 2268 rii
538 2262 543 2267 .
555 2241 680 2272 Palatini,
690 2249 716 2264 ut
727 2249 754 2265 ea
763 2249 812 2273 qua
818 2240 936 2271 pertinent
946 2238 979 2262 ad
985 2237 1232 2269 lihera‹'itatemspecie
1240 2236 1270 2266 (ὲν

305 2281 438 2313 dtgnitatc5
449 2279 637 2312 moderatzſsnt:
672 2275 787 2302 uomodo
798 2284 859 2300 cum
870 2275 897 2299 &
909 2273 1014 2308 legatur
1023 2273 1050 2298 in
1063 2271 1223 2297 membranis
1235 2272 1270 2297 D.

306 2315 396 2377 gli-ici
407 2314 568 2351 Augustianis
580 2334 589 2347 ‚
608 2313 663 2341 nihi
693 2313 790 2339 certius
803 2311 838 2338 cst
854 2318 935 2346 qnam·
953 2309 986 2335 sic
999 2308 1121 2344 deinceps
1131 2307 1268 2345 publican-

331 2360 386 2378 um.

346 2397 374 2414 2.
393 2391 481 2413 Harum
491 2394 571 2413 tamen
583 2389 657 2413 trium
671 2387 880 2419 prastannffinmm
892 2384 952 2417 effi]
974 2381 1152 2409 Mauricianus
1168 2380 1269 2414 prael'e’n-

308 2427 426 2459 n'ffimum.
448 2423 513 2449 &id
527 2423 597 2449 verbi
609 2424 800 2457 interpretatur
819 2421 956 2455 eleganter
966 2418 1154 2444 eruditiffimus
1165 2417 1269 2442 Vistoia

351 2469 376 2495 3.
397 2464 448 2485 Hac
461 2467 541 2485 autem
553 2460 654 2492 scientia
664 2461 795 2484 continetur
803 2466 831 2481 ea
840 2465 911 2490 qnam
923 2475 931 2487 ,
943 2455 1009 2488 εἶχε]
1031 2453 1148 2489 Repoiui
1158 2453 1183 2478 in
1197 2460 1272 2478 vete-

311 2504 368 2522 rem
379 2495 465 2522 sedem
477 2494 630 2530 scripturam
641 2494 789 2520 editionum
800 2501 920 2519 veterum
934 2511 943 2523 ‚
962 2499 1041 2526 quam
1050 2490 1077 2515 &
1089 2487 1214 2525 expressit
1224 2488 1271 2513 Vi-

312 2532 368 2558 ἃοι
376 2532 414 2558 ius
428 2551 434 2563 ‚
445 2538 573 2566 extatque
583 2532 609 2557 in
622 2530 734 2556 Palatini.
745 2530 771 2556 ὃ(
784 2530 815 2556 F.
825 2529 861 2555 D.
872 2536 931 2554 nam
943 2535 1026 2563 nuper
1036 2533 1102 2553 natae
1113 2544 1121 2557 ,
1140 2527 1185 2551 haec
1195 2532 1272 2550 antem

307 2569 412 2601 selemia
422 2570 523 2593 continet
532 2576 583 2592 eam
596 2586 604 2598 ‚
614 2567 665 2597 dyc.

351 2612 378 2636 4.
398 2604 524 2636 sedpotefz
533 2603 572 2636 effe
582 2602 686 2636 eadum]
709 2603 749 2628 M.
761 2601 791 2627 P.
802 2609 865 2626 voce
877 2598 1031 2634 transposita
1041 2617 1050 2630 ,
1060 2599 1139 2623 eadem
1148 2597 1188 2629 effi·
1200 2605 1208 2626 3
1221 2596 1271 2621 Pa-

311 2639 413 2667 latinus
422 2640 486 2665 vero
498 2648 538 2673 pr.
548 2638 659 2674 amplius
671 2649 678 2664 :
693 2638 872 2671 scdpotcffhaec
881 2636 961 2661 eadem
969 2635 1008 2663 elle
1021 2643 1029 2664 ;
1045 2633 1115 2669 quod
1127 2633 1272 2668 perplacet.

355 2684 382 2708 5.
402 2679 435 2701 Dc
452 2677 537 2709 quibus
548 2676 602 2708 jam
615 2676 656 2700 diu
666 2673 809 2707 [ejicimur]
829 2673 872 2698 Sic
882 2673 923 2697 M.
935 2672 965 2697 F.
976 2672 1011 2696 D.
1022 2670 1085 2696 item
1099 2669 1213 2695 Pal-itin.
1226 2678 1273 2694 nc—

335 2720 366 2737 ue
375 2711 453 2737 aliter
463 2718 508 2737 aut
518 2710 601 2737 editio
611 2710 732 2737 Romana
740 2708 826 2745 prima
837 2727 845 2740 ,
855 2714 901 2735 aut
912 2707 1011 2743 vulgati
1021 2705 1129 2733 auctore
1141 2704 1273 2732 Vixstorio.

329 2746 449 2782 equiores
462 2747 625 2780 ‚jmndudum

354 2783 382 2807 6.
401 2786 515 2808 Con-civia
531 2783 625 2816 dignum
637 2801 645 2813 ,
664 2789 709 2807 aut
718 2781 845 2807 delicatum
857 2799 865 2812 ,
883 2779 950 2813 ἐγω]
972 2780 1012 2804 M.
1023 2778 1054 2804 F.
1066 2779 1101 2804 D.
1112 2780 1225 2804 convivia
1235 2777 1275 2801 di-

311 2825 374 2851 gna.
395 2818 477 2844 Palat.
488 2818 567 2853 prim.
577 2820 683 2844 con-nivii
698 2818 774 2843 difla.
793 2825 852 2852 quae
865 2815 947 2842 leffio
959 2815 1016 2841 fine
1029 2814 1182 2849 iiiillecuplo
1194 2813 1274 2839 Cice-

317 2861 385 2879 rone
402 2853 508 2888 dignior
528 2863 606 2889 quam
623 2854 727 2884 altera5
747 2862 807 2879 meo
817 2851 1052 2888 quidemjudicio:
1073 2849 1220 2885 dijudicent
1231 2857 1273 2875 ta—

320 2896 381 2915 men
393 2888 588 2924 prudentiores.

354 2932 383 2959 7.
403 2927 434 2949 Ut>
448 2927 473 2949 in
485 2926 577 2956 fidibus
595 2932 640 2950 ant
656 2927 683 2950 in
699 2925 791 2959 tibiis]
812 2923 946 2951 Palatinus
964 2922 1066 2959 primus
1077 2942 1085 2954 ‚
1106 2928 1133 2948 m
1150 2923 1176 2947 in
1185 2922 1275 2954 fidibm·
1290 2937 1292 2947 .

318 2960 394 2986 tibiis.
415 2959 514 2985 omissis
524 2960 627 2986 ceteris.

356 2995 384 3021 8.
403 2998 430 3022 si
447 3004 514 3020 acres
524 3004 552 3021 ac
570 2997 688 3027 diligentes
697 2996 793 3030 judices
802 2996 842 3028 effe
850 2998 961 3021 volumus
970 2994 1213 3027 animadvcrfhrelique
1230 2994 1274 3017 vi-

314 3032 430 3065 riarum]
452 3030 543 3056 Editio
554 3030 674 3057 Romana
693 3032 777 3067 prima
789 3052 797 3063 ‚
816 3033 938 3065 diltgemes
947 3032 986 3064 ff
996 3034 1106 3055 volumni-
1115 3029 1275 3055 ammadver-

307 3067 376 3101 sorei·
384 3069 498 3092 vitiorum
509 3075 516 3096 3
537 3075 620 3100 neque
631 3066 708 3092 aliter
719 3067 830 3093 Palatin.
842 3067 948 3093 secund.
960 3068 1000 3092 M.
1012 3067 1043 3092 F.
1055 3066 1089 3092 D.
1100 3065 1171 3101 quod
1181 3064 1214 3092 ad
1227 3073 1275 3090 vo-

317 3105 473 3138 cenijudices
482 3101 590 3133 aetii-iet,
602 3101 643 3128 std
654 3101 722 3127 solus
733 3104 764 3127 F.
773 3102 870 3136 adjecit
880 3103 1040 3128 encliticam.

352 3146 382 3175 9.
400 3138 620 3173 Exficpercillurum
631 3145 676 3165 aut
686 3139 807 3173 remtffione
819 3157 827 3171 ,
845 3146 889 3164 aut
898 3138 1083 3174 comitantem]
1105 3136 1185 3166 Haud
1196 3136 1276 3172 aliter

1276 93 1817 141 CICEROttis

1256 175 1261 194 ¹
1278 175 1463 204 inhumanus
1472 173 1625 207 videatur,
1637 173 1752 213 inscitia
1760 175 1914 215 temporis.
1935 175 1991 208 sed
2003 185 2036 209 ea
2053 197 2063 213 ,
2074 187 2140 220 quae
2152 178 2236 209 mu1.
2270 190 2275 199 1

1282 226 1346 247 tum
1367 215 1403 247 ab
1423 217 1606 246 humanitate
1618 215 1785 255 discrepant
1796 234 1806 248 2
1824 225 1856 246 ut
1867 236 1875 251 ,
1895 216 1915 247 fi
1924 220 1990 259 quis
1999 222 2032 250 in
2042 220 2110 251 foro
2120 228 2233 253 cantet,

1282 267 1331 288 aut
1349 255 1369 287 sl
1388 267 1446 298 qua
1463 256 1506 287 est
1517 257 1572 287 alia
1583 267 1685 297 magna
1699 254 1888 297 perversitas,
1906 258 1992 290 facile
2002 271 2158 302 apparent,
2179 270 2235 291 nec

1287 308 1467 341 magnopere
1487 298 1734 329 admonitionem
1746 318 1755 333 ,
1777 298 1810 328 &
1828 309 1969 340 praecepta
1977 301 2147 334 desiderant.
2168 312 2236 344 quae

1285 350 1385 371 autem
1395 350 1484 380 parva
1493 341 1634 370 videntur
1645 338 1703 370 effe
1715 339 1823 370 denna
1834 360 1842 373 ,
1864 350 1961 381 neque
1969 343 1985 372 a
1996 345 2098 375 multis
2107 345 2240 385 intelligi

1288 381 1406 422 possunt
1417 382 1473 416 ,ab
1484 383 1520 411 iis
1529 381 1571 412 est
1581 381 1754 422 diligentius
1763 381 1993 412 declinandum:
2006 389 2021 412 7
2032 394 2064 415 ut
2074 388 2105 415 in
2116 385 2240 418 fidibus,

1288 434 1338 454 aut
1362 426 1394 453 in
1416 424 1499 454 tibiis
1511 442 1519 457 ‚
1542 426 1682 464 quamvis
1699 423 1834 463 paullum
1855 423 2021 463 discrepent
2031 445 2041 459 ,
2063 435 2162 457 tamen
2179 427 2209 457 id
2221 426 2238 456 a

1289 467 1398 497 sciente
1419 465 1618 496 animadverti
1637 465 1728 495 solet:
1749 463 1785 495 sic
1804 464 1972 496 videndum
1995 466 2037 496 est
2053 468 2087 497 in
2108 469 2168 498 vita
2177 487 2186 502 ‚
2202 477 2241 498 ne

1290 507 1367 538 forte
1378 507 1448 547 quid
1459 506 1588 548 difirepet
1600 519 1608 541 3
1622 507 1670 536 vel
1682 507 1781 536 multo
1792 508 1882 536 etiarn
1898 510 1991 548 magis
2001 528 2010 541 ,
2020 518 2081 548 quo
2092 509 2196 546 major,
2208 509 2242 539 &

1291 550 1401 579 melior
1422 547 1577 578 achonum
1592 569 1600 581 ,
1619 548 1709 589 quarn
1725 548 2042 579 sonorumconcentus
2053 549 2105 580 est.
2129 552 2240 590 Itaque,
2262 561 2301 593 4¹

1293 601 1325 620 ut
1345 592 1374 620 in
1391 589 1507 635 *fidibus
1525 589 1709 620 musicorum
1731 599 1816 619 aures
1834 590 1882 620 vel
1902 593 2032 621 minima
2042 591 2173 622 sentiunt
2185 601 2191 620 :
2203 589 2242 620 sic

1297 641 1353 662 nos
1365 651 1373 664 ‚
1383 628 1397 650 ὅ
1408 630 1427 660 si
1438 641 1515 661 acres
1528 651 1535 664 ,
1545 641 1578 661 ac
1587 631 1865 671 diligentesjudices
1875 630 1932 661 effe
1943 633 2097 666 volumus,
2108 632 2246 663 animad-

1294 673 1483 713 versoresque
1495 675 1638 702 vitiorum
1650 693 1659 706 ‚
1671 682 1778 714 magna
1788 674 1860 712 saepe
1870 674 2077 715 intelligemus
2088 684 2126 704 ex
2137 675 2245 713 parvis.

1297 719 1345 745 Ex
1360 716 1521 745 oculorum
1539 715 1646 744 obtutu
1657 734 1666 748 ‚
1685 718 1700 741 9
1718 724 1755 744 ex
1765 714 1991 754 superciliorum
2002 714 2251 748 autremiffione‚

1296 755 1560 787 autenm-actione
1571 776 1581 789 ‚
1602 766 1638 785 ex
1649 755 1810 790 mcestitia,
1834 765 1872 785 ex
1887 757 2032 788 hilaritate
2042 777 2051 790 ‚
2071 767 2109 788 ex
2119 758 2178 787 risu
2188 777 2196 790 ,
2209 765 2249 786 ex

1297 800 1469 831 locutione,
1488 807 1526 827 ex
1548 800 1720 831 reticentia,
1739 807 1777 827 ex
1793 801 1990 828 contentione
2004 800 2088 829 vocis
2100 820 2109 833 ,
2127 808 2165 828 ex
2177 797 2250 829 sub·-

1299 839 1454 872 miffione,
1472 849 1511 869 ex
1528 841 1633 869 ceteris
1646 838 1793 869 similibus
1804 858 1812 872 ,
1837 838 1923 869 facile
1935 840 2135 879 judicabimus
2146 859 2155 874 ‚
2174 839 2255 880 quid.

1298 891 1404 912 eorum
1415 881 1480 921 apte
1490 880 1540 911 fiat
1550 901 1558 914 ,
1569 881 1642 927 quid
1654 880 1689 910 ab
1700 879 1803 911 officio
1814 901 1823 914 ,
1833 890 1993 922 naturaque
2002 882 2154 922 discrepet.
2179 884 2250 921 Qio

1299 926 1330 953 'in
1340 933 1447 963 genere
1459 933 1521 952 non
1532 922 1574 952 est
1583 923 1828 955 incommodum,
1839 923 1923 962 quale
1934 923 2075 964 quodque
2085 932 2192 954 eorum
2203 922 2249 954 sit,

1299 976 1332 994 ex
1350 965 1569 1004 ai'iujudicare:
1593 967 1622 983 ¹0
1633 974 1663 994 ut
1677 984 1686 998 ‚
1706 963 1727 993 fi
1736 964 1808 1004 quid
1819 964 1958 995 dedeceat
1967 968 1998 994 i'n
2010 967 2075 995 aliis
2086 986 2095 999 ,
2118 967 2250 995 vitemus

1299 1010 1330 1036 δε
1346 1006 1406 1045 ipsi.
1430 1005 1558 1036 fitenim
1570 1006 1669 1036 nescio
1681 1015 1742 1045 quo
1759 1006 1853 1035 modo
1865 1025 1872 1038 ,
1894 1016 1925 1035 ut
1941 1016 2052 1036 MAGis
2062 1010 2093 1036 in
2107 1007 2174 1037 aliis
2187 1015 2251 1036 cer-

1297 1057 1404 1078 namus
1415 1067 1424 1080 ,
1452 1048 1543 1087 quarn
1565 1050 1597 1076 in
1616 1046 1836 1086 nobismetipsis
1847 1067 1856 1080 ‚
1877 1050 1886 1066 ¹
1895 1051 1903 1066 ¹
1924 1046 1944 1076 fi
1962 1048 2033 1088 quid
2053 1049 2249 1088 delinquitur.

1296 1092 1394 1130 itaque
1412 1088 1559 1119 facillime
1574 1092 1601 1108 ¹²
1612 1089 1800 1128 corriguntur
1812 1091 1844 1117 in
1853 1087 1997 1119 discendo
2007 1109 2016 1123 ‚
2037 1100 2166 1130 quorum
2178 1091 2254 1119 vitia

1298 1134 1455 1161 imitantur
1465 1151 1473 1164 ,
1486 1129 1667 1160 emendandi
1677 1129 1759 1160 causa
1772 1150 1780 1162 ‚
1792 1129 1937 1169 magistri.
1961 1134 2024 1161 Nec
2034 1131 2106 1161 vero
2117 1132 2249 1161 alienum

1299 1172 1341 1203 est
1353 1192 1361 1206 ,
1376 1177 1383 1191 ¹
1393 1176 1405 1200 3
1417 1172 1452 1202 ad
1465 1182 1498 1202 ea
1510 1172 1646 1212 eligenda
1661 1191 1670 1204 ,
1687 1181 1752 1211 quae
1766 1171 1984 1202 dubitationem
1995 1170 2121 1202 afferunt
2134 1192 2144 1206 ,
2166 1171 2252 1202 adhi-

1298 1215 1367 1244 bere
1377 1213 1485 1245 destos
1497 1215 1640 1243 homines
1652 1233 1661 1246 ,
1681 1214 1728 1243 vel
1738 1215 1828 1242 etiarn
1843 1214 2004 1254 ustiperztos
2014 1234 2022 1248 ‚
2043 1214 2076 1244 ὃς
2089 1234 2098 1248 ,
2117 1214 2189 1254 quid
2203 1214 2251 1243 his

1300 1256 1366 1286 ¹4de
1376 1266 1495 1297 quoque
1505 1253 1599 1285 officii
1609 1265 1716 1296 genere
1724 1255 1844 1294 placeat,
1856 1258 2020 1295 exquirere.
2039 1259 2156 1294 MAJoR
2166 1257 2251 1285 enim

1299 1308 1363 1338 pars
1380 1297 1417 1328 εὸ
1436 1298 1496 1328 sere
1505 1296 1614 1326 deferri
1626 1297 1701 1326 solet
1716 1317 1726 1329 ‚
1749 1306 1809 1337 quo
1820 1297 1835 1325 a
1849 1307 1952 1327 natura
1962 1298 2021 1337 ipsa
2030 1297 2196 1327 deducitur.
2218 1298 2252 1326 in

1300 1339 1410 1380 quibus
1426 1339 1591 1369 videndum
1610 1337 1651 1368 est
1663 1358 1671 1371 ‚
1696 1348 1758 1367 non
1781 1338 1875 1368 modo
1887 1339 1959 1379 quid
1970 1339 2257 1379 quisqueloquatur‚.

1300 1382 1350 1412 sed
1372 1383 1461 1411 etiam
1476 1400 1485 1414 ,
1506 1383 1533 1407 ¹5
1552 1380 1623 1421 quid
1641 1381 1765 1420 quisque
1779 1380 1903 1413 sentiat,
1923 1390 2010 1421 atque
2020 1384 2110 1410 etiam
2120 1401 2129 1414 ,
2149 1390 2206 1420 qua
2216 1379 2262 1409 de-

1301 1424 1383 1454 causa
1402 1423 1526 1463 quisque
1539 1423 1650 1452 sentiat.
1678 1425 1717 1451 Ut
1727 1421 1970 1461 enimpiclzores,
1996 1422 2078 1456 &ii,
2103 1424 2156 1462 qui
2173 1420 2254 1462 signa

1302 1464 1480 1495 fabricantur
1492 1484 1500 1496 ‚
1524 1462 1552 1483 ¹⁶
1564 1464 1596 1493 δε
1613 1462 1686 1493 vero
1697 1473 1786 1493 etiam
1801 1464 1909 1501 poetae,
1920 1465 2004 1493 suum
2017 1463 2142 1503 quisque
2153 1461 2256 1502 opusa

1301 1507 1392 1547 vulgo
1410 1504 1584 1536 confides-ari
1606 1505 1686 1534 vult:
1706 1513 1737 1533 ut
1748 1523 1756 1536 ‚
1782 1503 1801 1532 si
1812 1505 1885 1543 quid
1901 1505 2113 1543 reprehensum
2123 1502 2260 1543 fititplu-

1303 1549 1383 1577 ribus
1395 1567 1402 1579 ,
1424 1547 1455 1575 id
1466 1555 1623 1585 corrigatur
1646 1546 1753 1584 :hique
1765 1545 1798 1573 &
1808 1546 1908 1575 secum
1924 1565 1932 1577 ,
1951 1546 2059 1576 &cum
2071 1546 2137 1576 aliis
2149 1565 2158 1578 ,
2178 1543 2256 1585 quid.

1304 1590 1338 1618 in
1362 1598 1400 1617 eo
1421 1596 1574 1627 peccatum
1600 1585 1633 1615 sit
1648 1606 1656 1619 ,
1674 1587 1855 1626 exquirunt:
1877 1586 1915 1616 sic
1924 1586 2176 1625 aliorumjudicio
2186 1595 2254 1626 per-

1304 1630 1398 1660 multa
1409 1629 1498 1658 nobis
1509 1629 1541 1657 ὅ.
1551 1628 1683 1657 reicienda
1693 1647 1701 1660 ‚
1718 1630 1751 1656 ὅῑ
1761 1637 1824 1657 nori
1834 1627 1985 1661 facienda,
2001 1629 2035 1658 δε
2045 1628 2187 1658 mutanda
2197 1647 2205 1661 ,
2217 1627 2252 1657 &t

1302 1670 1458 1710 corrigenda
1471 1671 1544 1699 sunt.
1569 1672 1642 1709 Γρᾶ).
1653 1669 1724 1697 vcro
1735 1678 1820 1698 more
1830 1679 1957 1709 aguntur
1967 1691 1975 1702 ,
1995 1669 2198 1710 institutisque
2208 1671 2254 1699 ci-

1303 1713 1413 1742 vilibus
1428 1731 1435 1744 ,
1449 1711 1532 1740 dens
1544 1712 1620 1739 nihii
1631 1710 1673 1738 est
1684 1712 1926 1748 praecipiendum.
1951 1711 2005 1740 Illa
2015 1713 2098 1740 enim
2110 1712 2169 1751 ipsa
2178 1720 2254 1750 prae-

1300 1762 1382 1793 cepta
1393 1754 1460 1782 sunt
1474 1763 1479 1780 ·.
1502 1761 1556 1780 nec
1568 1760 1749 1790 quemquam
1764 1752 1819 1781 hoc
1830 1761 1926 1781 errore
1937 1752 2007 1781 duci
2016 1761 2132 1792 oportet
2143 1772 2150 1785 ,
2163 1761 2211 1785 ut,
2231 1749 2254 1781 si

1302 1794 1374 1835 quid
1385 1798 1514 1824 Socrates
1524 1813 1531 1826 ,
1552 1802 1600 1821 aut
1613 1793 1776 1833 Aristippus
1784 1802 1885 1822 contra
1898 1802 2014 1823 morem
2025 1813 2034 1826 ‚
2057 1787 2254 1823 consuetudi-

1302 1845 1434 1875 nemque
1446 1835 1569 1864 civiiem
1579 1834 1706 1863 iecerint
1715 1853 1723 1866 ,
1745 1836 1874 1863 locutive
1886 1833 1941 1863 {int
1951 1854 1960 1867 ,
1980 1834 2060 1864 idem
2074 1833 2125 1864 sibi
2135 1835 2257 1865 arbitre-

1303 1888 1350 1909 tur
1360 1879 1457 1907 licere.
1482 1879 1599 1917 Magnis
1609 1876 1669 1908 illi,
1680 1875 1713 1905 Sc
1724 1875 1837 1905 divinis
1846 1876 1935 1906 bonis
1946 1878 2019 1906 banc
2029 1876 2173 1906 licentiam
2183 1874 2258 1906 affe-

1303 1920 1477 1962 quebantur.
1502 1919 1684 1958 Cynicorum
1696 1917 1766 1947 vero
1776 1921 1860 1951 ratio,
1875 1923 1972 1948 ¹7*tota
1983 1918 2024 1949 est
2034 1918 2190 1956 ejicienda.
2213 1916 2256 1947 est

1303 1964 1387 1992 enim
1407 1963 1531 1991 inimica
1550 1959 1754 1994 verecundiae,
1776 1959 1834 1990 sine
1843 1970 1900 2000 qua
1919 1960 2121 1994 nibilre&um
2133 1958 2190 1992 effe
2202 1969 2258 1999 po·-

1306 2003 1376 2038 tess,
1398 2003 1476 2034 nihil
1489 2002 1661 2034 honestum.
1684 2004 1744 2034 Eos
1755 2012 1854 2033 autem
1868 2022 1876 2036 ‚
1889 2013 2031 2043 ,qnorum
2043 2012 2103 2034 vita
2111 2000 2260 2043 perspeesta

2224 2053 2263 2073 in,

1347 2100 2249 2109 ffl———w

1311 2124 1368 2151 inss‘.
1380 2124 1459 2151 nostri
1470 2125 1498 2150 Sc
1509 2122 1648 2149 Gulielinii
1662 2141 1669 2152 ,
1690 2122 1717 2147 St
1729 2121 1830 2147 ultimae
1842 2119 1976 2146 vetustatis
1987 2118 2128 2145 editiones.
2149 2119 2271 2146 Parrha-.

1308 2160 1356 2187 sius
1369 2161 1492 2187 tamenin
1503 2158 1628 2195 Qaesitis
1649 2166 1693 2193 per
1703 2156 1837 2193 epistol-im
1851 2174 1859 2186 ‚
1879 2156 2012 2181 invehitur
2030 2157 2056 2181 in
2075 2155 2162 2185 nescio
2180 2164 2261 2191 quem

1306 2197 1486 2232 impressorem
1499 2214 1507 2227 ,
1527 2203 1652 2230 tanquam
1663 2193 1829 2220 hunclocum
1842 2191 1988 2218 mutilarit:
2009 2190 2152 2225 legendum
2170 2192 2240 2217 enim
2252 2202 2272 2218 :v

1306 2242 1335 2258 ex
1353 2235 1481 2258 CA'C'WIHiGFn'
1492 2233 1671 2265 strperciliorum
1683 2249 1690 2261 ,
1711 2238 1755 2255 aur
1775 2229 1895 2261 remffone
1907 2247 1915 2259 ,
1935 2235 1980 2253 aut
2001 2229 2166 2253 conti-aeliam.
2186 2228 2262 2254 Bone

1308 2270 1378 2295 Deus
1392 2289 1400 2300 ,
1412 2278 1477 2304 quos
1488 2268 1534 2293 ille
1544 2267 1636 2292 habuit
1646 2265 1744 2292 libros!

1347 2314 1387 2332 10.
1410 2308 1440 2330 Ut
1453 2304 1543 2338 fiqm'd
1551 2304 1659 2328 dedeceat
1676 2305 1702 2327 ln
1712 2301 1768 2327 aliils
1779 2319 1787 2331 ,
1805 2302 1912 2325 vitemus
1920 2299 1949 2329 εἴγ’
1957 2298 2023 2332 ipsi]
2045 2299 2134 2326 Prima
2142 2298 2225 2325 editio
2235 2302 2262 2325 in

1305 2343 1354 2368 illos
1367 2360 1373 2373 ,
1393 2339 1528 2376 quomodo
1546 2341 1573 2365 δε
1586 2338 1696 2365 Maurit.
1707 2336 1884 2372 expressitque
1893 2334 2040 2361 Victorius.
2060 2335 2117 2361 alise
2130 2354 2138 2366 ,
2158 2339 2184 2362 in
2204 2336 2263 2361 illis.

1308 2378 1376 2413 prim
1383 2398 1388 2403 .
1400 2377 1534 2403 Palatinus
1547 2395 1555 2408 ‚
1566 2377 1621 2408 utfi
1629 2375 1688 2408 qnid
1695 2373 1804 2399 dedeceat
1813 2375 1871 2397 allos
1881 2374 1986 2396 vitemus
1994 2372 2037 2405 ipsi
2044 2390 2053 2403 ,
2063 2380 2111 2406 pro
2121 2375 2147 2397 in
2155 2372 2201 2397 illis
2210 2380 2261 2407 pu-

1307 2422 1370 2450 gnat
1382 2412 1529 2440 Parrhasius
1543 2431 1551 2443 ‚
1562 2412 1587 2438 in
1601 2410 1724 2446 Qaefitis
1735 2418 1780 2444 per
1790 2407 1938 2444 epistolam.

1347 2459 1387 2476 11.
1416 2449 1482 2482 „Qid
1497 2446 1669 2482 delinquitur]
1692 2446 1814 2471 Romana
1830 2444 1916 2479 prima
1927 2462 1936 2474 ‚
1952 2444 2118 2477 delinquatur.
2146 2442 2262 2470 Palatin.

1306 2486 1385 2522 prim.
1397 2487 1565 2519 delinquimm.
1585 2481 1655 2518 quod
1666 2483 1693 2508 8<
1703 2481 1848 2517 genuinum
1859 2479 1984 2515 putarim.

1347 2532 1389 2548 12.
1407 2524 1565 2553 Corriguntur
1573 2523 1598 2545 in
1609 2518 1722 2552 discendo,
1732 2526 1829 2551 quorum
1841 2516 1934 2549 vitiza]
1956 2514 2096 2550 Sequiores
2107 2514 2169 2541 edd.
2179 2517 2263 2548 corrig.

1308 2560 1340 2584 illiv
1358 2562 1383 2584 in
1400 2558 1460 2590 disc.
1476 2556 1561 2592 prima
1581 2556 1645 2581 νει-ὀ
1662 2554 1781 2580 oninium
1801 2553 1866 2578 item
1877 2551 2000 2577 Romana
2013 2549 2124 2578 secunda
2138 2551 2265 2577 exhibent

1309 2594 1385 2620 nobis.
1400 2614 1406 2624 ,
1425 2597 1450 2619 in
1470 2592 1616 2625 discernendo
1633 2594 1700 2616 vitia
1717 2597 1831 2624 qnorum:
1849 2586 1915 2614 adeo
1933 2595 1963 2614 ut
1981 2587 2105 2623 incipiam
2123 2586 2242 2624 suspicari
2253 2604 2263 2619 ,

1308 2630 1376 2657 illud
1390 2650 1396 2662 ,
1408 2634 1434 2656 ln
1443 2630 1549 2661 discendo
1561 2647 1568 2659 ‚
1579 2627 1738 2654 inculcatum
1749 2625 1781 2652 ab
1789 2625 1945 2659 interprete.

1350 2676 1391 2703 13.
1412 2666 1452 2692 Ad
1459 2674 1487 2690 ca
1496 2664 1624 2698 eligendas]
1648 2662 1782 2689 Palatinus
1793 2660 1907 2697 primus,
1915 2660 2047 2692 dirigenda.

1352 2711 1394 2735 14.
1412 2706 1446 2728 De
1455 2700 1566 2735 quoque]
1587 2701 1628 2726 Ita
1646 2707 1751 2735 quoqne
1769 2696 1896 2733 publicati
1911 2697 1926 2722 a
1945 2695 2077 2723 Uestorio.
2094 2703 2155 2722 narn
2173 2693 2218 2722 alii
2236 2693 2265 2720 de

1310 2749 1355 2766 uno
1364 2748 1460 2774 quoqne.
1481 2735 1549 2772 quod
1563 2737 1588 2762 in
1601 2735 1676 2762 nullo
1687 2735 1743 2761 mss'.
1756 2732 1906 2760 (Julielmii.

1353 2784 1361 2801 i
1370 2784 1382 2808 5
1390 2794 1395 2800 .
1415 2773 1480 2806 Qid
1486 2773 1677 2807 qmfiquessntiat
1690 2791 1698 2803 ,
1708 2779 1780 2804 atque
1789 2772 1861 2795 etiam
1870 2777 1918 2802 qua
1928 2768 1954 2793 de
1963 2768 2034 2800 causi
2045 2764 2262 2800 quisque-sentiar]

1312 2810 1461 2837 Parrhasius
1480 2809 1635 2839 invehitur,
1655 2807 1780 2844 Qaesitls
1801 2805 1849 2831 suis
1861 2813 1906 2840 per
1925 2803 2058 2839 epistolam
2070 2820 2078 2832 ‚
2097 2802 2123 2827 in
2135 2808 2264 2836 typogra-

1311 2847 1391 2883 phnin
1406 2844 1641 2876 Mediolanensem,
1653 2851 1777 2879 tanquam
1787 2841 1819 2867 de
1830 2840 1876 2867 suo
1885 2838 2016 2873 adjecisset
2027 2837 2150 2863 Ciceroni
2165 2856 2173 2867 ,
2193 2844 2264 2870 atquc

1310 2887 1380 2909 etiam
1391 2882 1475 2916 quade
1484 2881 1556 2912 causa
1568 2881 1662 2914 qutfique
1673 2880 1774 2912 fintiat.
1795 2876 1828 2904 ad
1840 2876 1886 2902 illa
1897 2883 1983 2901 tnnien
1995 2872 2083 2899 omnia
2095 2873 2264 2907 reperiuntur

1311 2919 1337 2945 in
1359 2917 1523 2944 editionibus
1542 2915 1732 2951 antiquioribus
1745 2933 1753 2947 ‚
1780 2911 1922 2946 nostrisque
1934 2920 1940 2936 ε
1961 2908 2026 2935 ader}
2047 2907 2104 2934 inff-
2122 2908 2266 2944 locumque

1312 2955 1386 2981 suum
1398 2954 1468 2980 belle
1480 2960 1600 2979 tuentur.

1352 2991 1395 3017 16.
1414 2994 1448 3016 Et
1464 2991 1521 3014 verb
1538 2991 1612 3014 etiam
1624 2985 1717 3020 poeta]
1737 2983 1848 3010 Videtur
1865 2980 1932 3008 istud
1952 2979 2138 3016 complacitum
2158 2979 2267 3014 Gulielff

1315 3027 1381 3058 mio,
1394 3025 1517 3052 suadente
1527 3025 1582 3058 ejus
1593 3022 1764 3049 Mauritiano.
1785 3017 1870 3044 Aldus
1887 3025 1973 3043 tamen
1986 3016 2121 3043 Manutius
2135 3015 2266 3052 prodidit,

1316 3063 1410 3090 restare
1420 3063 1445 3089 in
1457 3060 1587 3098 pleristiue
1597 3057 1654 3085 mff.
1665 3058 1692 3083 &
1710 3057 1767 3081 veri
1775 3056 1924 3087 etiampo'e'tae
1935 3072 1943 3085 ,
1965 3061 2051 3088 neque
2068 3051 2138 3079 secus
2150 3052 2268 3079 Palatin-

1316 3100 1396 3136 prim.
1410 3098 1519 3133 aliique.

1319 3161 1322 3164 .
1356 3143 1399 3170 17.
1417 3135 1473 3162 Tota
1482 3128 1664 3166 effq'ici'endass
1686 3126 1797 3161 Forian,
1806 3124 2042 3162 rffcicnhfinqust
2050 3123 2233 3153 Gulielmius.-

2174 3170 2197 3188 1.
2206 3162 2271 3187 Bene
