2360 3400
100 1492 127 1528 6
131 1493 149 1529 8
166 1492 315 1525 constanti
329 1494 452 1526 tulisset.

547 128 642 160 DE

188 198 353 240 imaginem
364 214 374 231 ‚
393 202 428 226 ut
437 196 618 226 Democrito
633 194 763 226 videtur.
787 195 878 226 Unde
891 193 1058 235 profectam
1074 196 1153 226 ima·

212 241 313 272 inem?
329 240 346 269 ii
357 237 533 278 corporibus
552 239 637 268 enim
656 237 761 268 solidis
770 257 780 272 ,
801 237 834 268 &
844 237 860 268 a
873 239 961 268 certis
971 236 1072 279 figuris
1085 237 1151 268 vult

187 252 280 313 fluere
292 281 447 321 imagines.
469 279 554 321 quod
572 281 663 320 igitur
672 281 760 310 Marii
778 289 888 320 corpus
906 282 989 310 erat?
1013 283 1024 299 ¹
1035 282 1084 310 Ex
1098 289 1148 311 eo,

185 324 286 365 inquit
295 341 305 356 ,
316 321 399 363 quod
407 321 511 352 fuerat.
534 321 622 361 plena
629 322 696 352 sunt
706 323 878 364 imaginum
888 322 1005 352 omnia.
1026 320 1079 352 ista
1090 321 1148 362 igi—

185 373 234 396 tur
252 374 301 394 me
314 365 417 406 imago
427 364 517 394 Marii
534 373 567 393 in
586 373 728 404 campum
739 366 892 394 Atinatem
907 363 1145 404 persequebatur.

185 406 270 437 nulla
287 408 372 436 enim
390 405 500 446 species
516 407 640 447 cogitari
657 404 754 446 potest
765 425 773 440 ,
793 405 848 435 nisi
863 406 949 446 pulsu
963 406 1144 445 imaginum.

183 447 265 488 Qud
277 457 346 489 ergo
358 451 370 477 ?
389 447 451 478 istae
461 449 608 488 imagines
618 450 659 479 ita
666 447 757 478 nobis
766 445 842 477 dieto
850 448 995 476 audientes
1004 447 1091 480 sunt.
1112 455 1147 477 ut

182 488 273 520 simul
289 499 376 531 atque
394 490 544 524 velimus,
563 493 737 521 accurrant?
755 491 887 520 etiamne
905 498 1008 519 earum
1027 498 1140 523 rerum,

181 541 247 572 quae
259 532 350 562 nullae
360 532 449 562 sunt?
467 542 534 572 quae
545 531 587 563 est
596 534 680 562 enim
699 536 714 552 ²
724 531 823 562 forma
834 541 894 562 tam
904 529 1039 561 inusitata
1049 550 1060 565 ,
1082 539 1142 561 tam

179 573 265 604 nulla
275 593 284 608 ‚
297 584 387 615 quam
398 584 462 604 non
472 573 525 604 fibi
536 574 596 614 ipse
606 576 726 605 animus
736 572 824 614 poffit
833 572 996 614 effingere?
1010 582 1043 603 ut
1053 593 1062 607 ‚
1074 583 1141 614 quae

179 624 349 657 numquam
361 616 495 647 vidimus
506 636 515 650 ,
538 619 550 644 ³
562 626 594 646 ea
604 625 704 647 tamen
717 615 877 646 informata
891 615 1052 646 habeamus
1061 634 1071 648 ‚
1087 624 1141 655 op-

177 657 324 697 pidorum
346 657 415 689 situs
425 678 434 692 ,
456 659 621 688 hominum
636 657 751 700 figuras.
775 660 862 688 Num
881 660 988 698 igitur,
1009 655 1080 687 cum
1093 666 1142 687 aut

179 708 286 729 muros
297 699 458 740 Babylonis
469 720 478 734 ,
490 709 539 730 aut
547 704 565 727 4
574 702 706 730 Homeri
715 699 822 730 faciem
832 703 945 740 cogito,
957 700 1059 741 imago
1069 699 1141 729 illo-

175 750 247 772 rum
259 742 415 783 mealiqua
424 742 529 782 pellit?
551 743 664 772 Omnia
677 743 785 783 igitur,
804 751 869 782 quae
884 742 1028 772 volumus
1039 760 1048 775 ‚
1069 749 1141 771 nota

177 783 269 814 nobis
280 783 338 814 effe
347 781 477 824 possunt.
502 784 581 813 nihil
595 783 637 814 est
651 787 735 814 enim
746 784 783 814 de
794 793 856 823 quo
866 784 995 824 cogitare
1009 792 1140 823 nequea-

177 833 258 854 mus.
282 826 384 855 Nullae
393 835 464 866 ergo
479 826 625 865 imagines
639 825 789 865 obrepunt
802 828 834 855 in
847 827 969 856 animos
983 824 1140 855 dormien-

175 867 255 896 tium
271 867 476 900 extrinsecus,
495 876 554 896 nec
572 869 704 897 omnino
721 866 822 897 fluunt
840 867 920 897 illae:
940 875 997 897 nec
1006 868 1139 907 cognovi

174 916 379 948 quemquam,
396 910 448 948 qui
469 908 584 945 majore
603 907 779 938 aufi‘toritate
793 910 872 938 nihil
885 908 1006 938 diceret.
1028 909 1137 938 animo-

174 958 242 978 rum
259 948 303 979 eff
319 959 352 978 ea
369 950 411 979 vis
421 969 429 983 ‚
446 959 534 990 eaque
541 957 663 983 natura,
685 958 719 979 ut
731 950 851 990 vigeant
858 950 1032 990 vigilantes,
1047 951 1135 981 nullo

137 1014 145 1016 v
172 989 341 1022 adventitio
349 992 436 1032 pulsu
446 1011 456 1025 ‚
481 991 528 1021 sed
539 992 592 1022 suo
602 1000 710 1026 motu,
732 991 908 1023 incredibili
915 991 1043 1033 quadam
1054 993 1136 1022 cele-

171 1034 269 1064 ritate.
292 1035 334 1063 Hi
345 1033 416 1064 cum
427 1032 608 1064 sustinentur
616 1035 762 1065 membris
772 1054 781 1068 ,
794 1034 827 1064 &
835 1044 960 1075 corpore
971 1054 980 1068 ‚
1002 1034 1036 1064 &
1045 1035 1064 1064 s
1059 1033 1135 1064 ensi-

173 1073 231 1105 bus
242 1094 251 1109 .
263 1077 368 1106 omnia
376 1077 500 1106 certiora
509 1085 652 1110 cernunt,
665 1078 797 1118 cogitant
807 1095 815 1110 ‚
830 1076 974 1107 sentiunt.
996 1075 1069 1107 cum
1079 1085 1136 1107 au-

170 1123 237 1150 tem
247 1117 311 1148 haec
323 1117 469 1148 subtra&a
481 1117 567 1152 sunt,
589 1117 777 1159 desertusque
787 1120 907 1149 animus
916 1119 1059 1159 languore
1068 1128 1134 1149 cor—

172 1159 256 1198 poris
265 1178 273 1193 ‚
284 1167 349 1189 tum
360 1161 483 1199 agitatur
491 1160 551 1200 ipse
563 1169 613 1199 per
623 1160 691 1190 sese.
706 1161 806 1201 itaque
816 1161 850 1190 in
862 1170 900 1190 eo
911 1160 943 1190 &
953 1159 1060 1190 formae
1067 1170 1133 1191 vei·-

170 1199 273 1231 iantur
283 1220 293 1235 ‚
305 1201 339 1231 &
349 1201 481 1232 tuitiones
493 1212 498 1231 z
519 1201 552 1231 &
563 1201 660 1232 multa
670 1201 783 1236 audiri,
803 1203 899 1233 multa
908 1201 968 1233 dici
979 1202 1132 1233 videntur.

171 1242 247 1272 Haec
259 1242 371 1274 scilicet
383 1244 541 1274 imbecillo
552 1263 561 1277 ‚
580 1242 760 1285 remissoque
774 1246 880 1276 animo
890 1264 900 1278 ‚
917 1244 1014 1275 multa
1027 1247 1132 1276 omni-

170 1282 229 1314 bus
238 1285 339 1315 modis
347 1285 471 1316 confusa
482 1306 490 1320 ‚
512 1285 545 1316 ὃς
554 1287 659 1317 variata
670 1286 820 1317 versantur
830 1306 838 1321 ,
853 1288 1048 1327 maximeque
1060 1288 1131 1318 reli-

166 1326 247 1366 quiae
267 1336 368 1357 earum
381 1338 479 1358 rerum
494 1337 658 1359 moventur
669 1330 700 1358 in
712 1330 822 1359 animis
832 1349 842 1362 ,
865 1329 899 1360 &
908 1330 1054 1370 agitantur
1063 1349 1074 1363 ‚
1094 1329 1131 1360 de

168 1366 283 1408 quibus
302 1370 462 1410 vigilantes
480 1379 530 1401 aut
546 1372 746 1411 cogitavimus
757 1390 766 1405 ,
787 1379 838 1401 aut
849 1372 983 1412 egimus:
1005 1379 1039 1402 ut
1051 1373 1130 1402 mihi

167 1410 356 1450 temporibus
373 1412 436 1442 illis
450 1408 585 1443 multum
595 1414 627 1441 in
638 1414 744 1442 animo
753 1414 867 1443 Marius
876 1412 1043 1444 versabatur
1052 1433 1061 1448 ,
1081 1423 1129 1444 re-

166 1452 315 1487 cordanti,
325 1452 414 1494 quam
424 1454 478 1484 ille
484 1462 606 1495 gravem
616 1453 703 1484 suum
714 1454 810 1494 casum
818 1464 920 1495 magno
928 1454 1126 1496 animo‚quam

496 1497 584 1525 Hanc
594 1495 685 1525 credo
698 1496 815 1526 causam
829 1496 866 1526 de
880 1497 936 1526 'illo
953 1497 1127 1528 somniandi

163 1534 265 1566 fuisse.
287 1536 361 1567 Tibi
373 1545 474 1567 autem
486 1535 523 1567 de
533 1546 584 1566 me
593 1545 664 1567 curn
675 1536 881 1567 sollicitudine
891 1539 1034 1578 cogitanti
1045 1538 1128 1569 subi-

165 1584 198 1606 to
209 1576 276 1607 sum
286 1577 365 1608 visus
376 1578 507 1608 emersus
515 1578 532 1608 ὲ
542 1576 684 1608 flumine.
707 1579 826 1609 inerant
835 1579 964 1608 enimin
972 1580 1127 1620 utriusque

161 1616 302 1649 nostrum
312 1621 437 1653 animis.
447 1619 638 1662 vigilantium
647 1619 852 1661 cogitationum
861 1618 1035 1661 vestig-imm
1043 1631 1126 1661 quae-

165 1659 236 1690 dam
255 1660 396 1701 adjuneia
412 1662 494 1693 sunt:
515 1670 549 1692 ut
566 1662 644 1692 mihi
662 1662 699 1692 de
713 1671 919 1693 monumento
929 1664 1036 1692 Marii:
1054 1663 1123 1701 tibi,

159 1700 245 1743 quod
258 1712 353 1743 equus
363 1723 373 1737 ,
391 1704 425 1734 in
442 1713 504 1744 quo
521 1712 578 1744 ego
592 1703 741 1739 vehebat,
760 1713 883 1735 mecum
898 1702 959 1734 una
971 1703 1125 1740 demersus

157 1743 262 1774 rursus
271 1746 415 1785 apparuit.
438 1749 488 1775 An
498 1754 530 1775 tu
539 1745 641 1775 censes
658 1745 752 1776 ullam
762 1755 857 1776 anurn
868 1754 929 1775 tam
939 1744 1064 1776 deliram
1073 1745 1122 1776 fu-

160 1793 260 1816 turam
279 1785 386 1821 fuiffe,
405 1796 438 1817 ut
450 1786 579 1817 somniis
588 1786 737 1821 crederet,
758 1785 813 1816 nisi
821 1786 876 1816 ista
884 1787 951 1817 casu
962 1796 1122 1819 nonnum.—

159 1836 252 1867 quam
263 1847 272 1862 ‚
291 1827 371 1858 forte
381 1829 493 1859 temere
504 1837 715 1859 concurrerent
725 1838 737 1861 ‚2
753 1828 928 1859 Alexandro
938 1828 1025 1859 draco
1039 1829 1122 1869 loqui

157 1869 241 1900 visus
251 1868 303 1900 est.
326 1870 424 1901 Potest
444 1873 576 1901 omnino
595 1871 654 1900 hoc
672 1868 729 1900 esse
747 1869 855 1900 falsum
869 1889 877 1903 ,
898 1868 994 1909 potest
1003 1879 1119 1900 verum:

158 1910 211 1941 sed
231 1920 331 1942 utrum
352 1910 407 1946 fit,
427 1916 440 1940 5
452 1922 518 1943 non
532 1910 590 1942 effe
601 1911 750 1942 mirabile.
775 1921 838 1941 non
849 1913 933 1941 enim
943 1910 1058 1942 audivit
1068 1912 1120 1942 ille

155 1951 324 1984 draconem
334 1953 522 1995 loquentem,
533 1953 582 1984 sed
592 1952 635 1984 est
642 1953 725 1983 visus
732 1953 834 1983 audire
847 1964 853 1982 2
865 1952 898 1982 &
907 1952 1045 1993 quidem,
1057 1963 1119 1994 quo

158 1995 258 2034 majus
269 1993 303 2025 fit
312 2015 321 2029 ‚
334 1994 405 2026 cum
417 1996 548 2026 radicem
559 2005 610 2026 ore
623 2004 739 2026 teneret
749 2014 757 2029 ,
778 1995 895 2025 locutus
905 1994 957 2025 est.
980 1994 1036 2026 Sed
1047 1995 1121 2024 nihil

154 2035 201 2066 eff
218 2046 356 2078 magnum
367 2037 536 2077 sbmnianti.
557 2040 668 2078 Qiaero
683 2046 784 2068 autem
801 2047 855 2067 cur
865 2037 1038 2067 Alexandro
1058 2046 1117 2068 tarn

155 2077 271 2109 illustre
281 2079 437 2110 somnium
449 2099 458 2114 ,
471 2088 532 2110 tarn
543 2088 658 2110 certum
670 2098 678 2113 ,
695 2089 751 2110 nec
762 2080 832 2109 huic
840 2078 938 2108 eidem
949 2077 1020 2109 alias
1031 2099 1040 2112 ,
1062 2089 1118 2109 nec

155 2120 252 2151 multa
261 2122 378 2151 ceteris.
401 2123 481 2152 Mihi
491 2122 614 2163 quidem
626 2140 635 2155 ,
651 2129 756 2161 praeter
764 2122 822 2150 hoc
833 2122 1002 2151 Marianum
1016 2141 1024 2154 ‚
1037 2121 1117 2151 nihil

153 2161 224 2193 sane
236 2182 245 2196 ,
256 2162 337 2207 quod
348 2165 558 2194 meminerim.
581 2162 596 2183 ⁶
605 2162 721 2194 Frustra
731 2165 820 2204 igitur
828 2172 885 2192 con
891 2162 993 2192 sumtae
1003 2171 1048 2193 tot
1058 2173 1115 2194 no-

154 2202 219 2235 &es
226 2212 286 2235 tam
297 2205 385 2247 longa
395 2207 428 2236 in
438 2214 531 2237 aetate.
551 2207 644 2236 Nunc
651 2204 776 2246 quidem
788 2213 907 2244 propter
916 2203 1113 2235 intermiffio-

151 2255 224 2276 nem
235 2245 360 2277 forenfis
369 2257 467 2288 operae
477 2247 743 2279 &lucubrationes
752 2247 879 2280 detraxi,
893 2245 925 2276 δε
935 2247 1113 2277 meridiatio-

151 2297 198 2317 nes
206 2288 319 2323 addidi,
330 2290 440 2330 quibus
450 2292 494 2320 uti
503 2299 588 2321 antea
597 2299 662 2320 non
674 2288 806 2319 solebam
818 2299 824 2318 z
838 2298 893 2319 nec
905 2297 966 2318 tam
976 2288 1109 2320 multum

151 2329 309 2361 dormiens
321 2350 330 2365 ‚
349 2331 414 2362 ullo
424 2332 548 2362 somnio
557 2332 621 2363 sum
632 2331 826 2365 admonitus,
847 2332 936 2361 tantis
945 2331 1109 2370 praesertim

149 2370 188 2402 de
199 2371 304 2402 rebus:
324 2383 381 2404 nec
393 2375 471 2404 mihi
484 2375 581 2416 magis
594 2374 717 2414 usquam
732 2372 856 2407 videor,
876 2382 967 2413 quam
977 2371 1048 2403 cum
1060 2382 1109 2404 aut

148 2413 184 2443 in
192 2413 261 2445 foro
271 2415 477 2456 magistratus,
487 2418 579 2446 autin
589 2418 671 2447 curia
681 2416 816 2446 senatum
826 2414 918 2445 video
929 2434 937 2449 ,
947 2415 1108 2446 somniare.

86 2459 133 2503 69
150 2457 272 2486 Etenim
291 2457 341 2496 (ex
352 2456 500 2488 divisione
510 2459 569 2489 hoc
578 2457 741 2489 secundum
752 2456 808 2498 est)
823 2466 889 2498 quae
898 2457 941 2487 est
948 2459 1107 2488 continua-

148 2498 193 2528 tio
205 2517 214 2532 ,
227 2498 466 2540 conjunctioque
475 2508 588 2531 naturae
597 2500 698 2541 (quam
710 2519 719 2534 ‚
740 2508 773 2530 ut
783 2500 869 2533 dixi,
883 2508 993 2530 vocant
1003 2504 1105 2531 συμπά-

145 2540 221 2579 θειαν)
231 2540 381 2579 ejusmodi
391 2561 400 2575 ‚
420 2550 454 2572 ut
463 2542 615 2572 thesaurus
625 2551 663 2572 ex
673 2551 735 2572 ovo
746 2541 876 2583 intelligi
887 2541 991 2572 debeat
1004 2545 1014 2570 ?
1031 2551 1103 2572 nam

143 2581 258 2612 medici
267 2591 305 2612 ex
314 2582 492 2622 quibusdam
505 2583 593 2614 rebus
604 2584 636 2614 &
645 2583 850 2614 advenienteis
861 2602 870 2617 ,
885 2582 918 2613 &
927 2583 1102 2614 crescenteis

721 113 820 160 1)1
854 128 944 161 v·1
981 129 1016 162 n
1052 129 1084 160 A
1122 127 1156 161 τ
1194 126 1214 158 1
1250 126 1280 156 o
1319 126 1354 159 Ν
1390 126 1420 161 Ε
1496 114 1590 162 Ι,ι
1628 131 1669 163 Β.
1741 116 1803 167 IL

2028 141 2158 196 1179

1195 199 1250 220 nes
1259 209 1268 225 ,
1280 200 1313 240 ut
1321 192 1380 224 hoc
1387 192 1499 240 ipsum,
1505 195 1584 237 pleni
1593 216 1602 232 ‚
1614 195 1845 241 enedivefimue,
1856 209 1896 233 ex
1902 203 2035 244 quodam
2045 216 2157 248 genere

1193 232 1386 281 somniorum
1405 237 1536 279 intelligi
1555 238 1639 279 poffe
1657 239 1810 274 dicuntur.
1845 245 2014 278 Thesaurus
2031 257 2104 280 vero
2123 250 2157 283 δε

1191 273 1350 310 hereditas,
1362 277 1396 308 &
1406 278 1518 314 honos,
1529 280 1563 312 &
1574 280 1712 316 vietoria.
1726 283 1759 315 &
1771 286 1866 317 multa
1875 290 1994 328 generis
2006 290 2155 330 ejusdem,

1191 324 1248 363 qua
1261 326 1332 348 cum
1350 319 1482 367 somniis
1497 323 1623 354 naturali
1633 328 1816 366 cognatione
1819 328 1833 367 j
1838 331 2012 370 unguntur?
2033 333 2156 365 Dicitur

1190 358 1316 398 quidam
1329 380 1337 393 ‚
1350 371 1432 407 *cum
1451 364 1485 393 in
1504 364 1619 396 somnis
1639 368 1803 407 complexu
1816 372 1949 402 Venerio
1965 373 2151 414 jungeretur,

1189 399 1319 445 calculos
1329 402 1456 442 ejecisse.
1481 406 1570 437 video
1581 407 1794 449 sympathiam.
1816 412 1915 444 visum
1935 413 1978 445 est
1996 417 2079 447 enim
2094 417 2152 448 tale

1188 440 1344 488 ehje-&um
1356 444 1539 482 dormienti,
1554 459 1586 479 ut
1595 449 1642 484 id,
1653 450 1734 492 quod
1746 454 1865 489 evenit,
1887 463 1993 486 natura
2002 458 2043 488 vis
2054 478 2063 492 ,
2082 468 2148 490 non

1185 490 1276 530 opinio
1286 495 1377 532 erroris
1388 485 1528 534 effecerit.
1550 493 1624 533 Qae
1636 494 1727 533 igitur
1743 504 1846 527 natura
1862 497 1974 529 obtulit
1986 499 2068 530 illam
2080 500 2148 542 spe-

1186 535 1265 555 eiem
1282 529 1456 564 Simonidi,
1477 530 1558 572 aqua
1576 543 1722 566 vetaretur
1739 539 1897 579 navigare?
1918 549 1966 571 aut
1977 541 2050 582 quid
2061 551 2151 573 natu-

1186 568 1409 615 raecopuiatum
1420 571 1525 604 habuit
1535 575 1710 611 Alcibiadis,
1720 579 1802 619 quod
1812 580 1960 616 scribitur,
1971 583 2127 615 somnium
2138 587 2151 614 ἓ

1187 618 1243 656 qui·
1257 611 1362 655 paullo
1380 622 1449 659 ante
1464 615 1622 648 inreritum
1633 638 1641 653 ‚
1660 619 1741 650 visus
1752 620 1794 651 est
1805 622 1838 651 in
1848 622 1964 654 somnis
1974 626 2078 656 arnicae
2089 625 2149 656 ess'c

1184 654 1315 698 amicius
1327 656 1471 685 amiculo.
1494 659 1524 687 Is
1542 658 1614 689 cum
1632 658 1703 691 ess'et
1721 662 1871 702 projeStus
1890 665 2087 701 inhumatus,
2109 668 2147 698 ab

1184 693 1386 740 omnibusque
1405 696 1537 729 desertus
1552 710 1678 739 jaceret:
1696 705 1791 735 amica
1800 715 1909 746 corpus
1920 706 1986 747 ejus
2004 710 2079 739 texit
2092 709 2146 739 suo

1181 735 1286 775 pallio.
1310 738 1392 778 Ergo
1407 739 1465 769 hoc
1481 742 1573 771 inerat
1588 745 1619 772 in
1634 744 1720 774 rebus
1734 744 1851 777 futuris:
1875 748 2014 780 &causas
2027 759 2147 781 natura-

1183 779 1240 806 leis
1253 777 1379 808 habebat
1394 790 1400 808 ι
1416 790 1453 811 an
1465 801 1473 814 ,
1496 783 1529 812 δε
1546 793 1578 814 ut
1596 784 1745 817 videretur
1756 807 1764 820 ,
1791 788 1823 818 &
1837 798 1870 819 ut
1881 793 2039 826 eveniret,
2059 793 2142 824 casus

1181 816 1304 850 effecit?
1347 821 1429 860 Qid
1441 825 1451 851 ?
1464 824 1598 864 ipsorum
1617 836 1809 868 interpretum
1825 832 2022 871 conjeciturae,
2038 843 2143 865 nonne
2163 837 2215 869 7³

1182 864 1277 901 magis
1293 861 1404 903 ingenia
1415 863 1556 896 declarant
1568 887 1575 900 ‚
1595 878 1698 899 eorum
1710 889 1718 904 ‚
1737 871 1827 911 quam
1837 874 1901 904 vim
1914 894 1923 908 ‚
1943 876 2145 907 consensum-

1180 908 1385 951 que-naturae?
1405 907 1513 938 Cursor
1525 908 1560 939 ad
1571 910 1711 951 Olympia
1725 912 1872 952 proficisci
1885 918 2040 957 cogitans,
2061 919 2143 949 visus

1178 944 1222 975 est
1241 955 1275 975 in
1292 950 1409 978 romnis
1422 959 1505 979 curru
1521 951 1728 994 quadrigarum
1740 955 1815 983 vehi.
1839 958 1929 987 mane
1939 958 1975 988 ad
1985 959 2144 1000 conjeElm-

1178 996 1259 1034 rem.⁴
1276 991 1318 1019 At
1328 989 1397 1024 ille,
1417 993 1527 1022 Vinces
1539 1013 1548 1026 ,
1572 995 1680 1036 inquit.
1705 995 1736 1026 id
1747 998 1831 1027 enim
1841 998 1976 1030 celeritas
1986 999 2140 1042 fignificat,

1180 1028 1214 1076 ὃς
1232 1039 1278 1060 vis
1289 1040 1456 1073 equorum.
1479 1034 1548 1066 Post
1567 1036 1650 1067 idem
1669 1037 1704 1068 ad
1723 1040 1956 1080 Antiphontem.
1980 1044 2008 1072 Is
2027 1052 2140 1079 autem,

1178 1073 1324 1106 vincare,
1346 1075 1465 1115 inquit,
1487 1076 1601 1107 necesse
1615 1078 1667 1109 est.
1697 1083 1747 1109 An
1761 1090 1826 1111 non
1840 1083 1985 1124 intelligis
1999 1094 2141 1125 quattuor

1177 1122 1244 1144 ante
1254 1122 1283 1144 te
1292 1115 1471 1147 cucurrisse?
1481 1120 1557 1150 Ecce
1566 1120 1642 1151 alius
1651 1121 1770 1152 cursor:
1782 1132 1868 1164 atque
1878 1125 1988 1156 horum
1999 1128 2139 1158 somnio·

1176 1164 1243 1202 rum
1256 1176 1266 1190 ‚
1287 1156 1436 1189 &talium
1446 1159 1555 1200 plenus
1565 1160 1608 1192 est
1616 1161 1772 1204 Chryfippi
1782 1166 1876 1200 liber,
1895 1167 2003 1206 plenus
2013 1171 2141 1209 Antipa-

1175 1205 1222 1228 tri.
1245 1198 1349 1246 sed‘ad
1368 1200 1519 1232 cursorem
1535 1204 1635 1234 redeo.
1657 1206 1694 1235 ad
1707 1207 1902 1246 interpretem
1912 1208 2038 1244 detulit,
2051 1212 2141 1252 aqui-

1174 1239 1233 1286 [arri
1247 1240 1277 1280 st:
1295 1251 1325 1270 m
1338 1241 1441 1281 sbmnis
1455 1244 1554 1284 vi'fiim
1574 1245 1760 1286 effifadium.
1784 1253 1823 1279 At
1842 1249 1913 1285 ille,
1933 1251 2038 1282 Vicisti
2052 1273 2062 1286 ,
2083 1253 2137 1284 ista

1173 1291 1258 1312 enim
1271 1284 1321 1313 avi
1334 1285 1415 1316 volat
1431 1288 1515 1318 nulla
1528 1289 1751 1319 vehementius.
1773 1295 1789 1319 7
1803 1293 1886 1323 Huic
1895 1292 2037 1333 equidem
2049 1296 2141 1325 Anti·-

1172 1324 1234 1364 pho
1246 1344 1256 1359 ‚
1276 1326 1350 1356 Baro
1363 1345 1373 1360 ,
1390 1329 1491 1369 inquit
1501 1349 1511 1362 ‚
1532 1338 1560 1360 te
1572 1329 1691 1361 vieium
1704 1329 1763 1362 effe
1775 1342 1840 1364 non
1854 1334 1938 1364 vides
1951 1337 1962 1364 ?
1983 1334 2036 1366 ista
2049 1338 2136 1367 enim

1170 1368 1234 1396 avis
1252 1367 1401 1399 infestans
1417 1371 1487 1401 alias
1504 1381 1572 1401 aves
1587 1374 1621 1402 &
1632 1375 1744 1414 agitans
1756 1394 1765 1407 ,
1782 1375 1898 1416 semper
1912 1377 1973 1416 ipsa
1986 1372 2137 1416 postrema

1172 1407 1227 1438 est.
1259 1412 1362 1442 Parere
1378 1411 1516 1452 quaedam
1534 1423 1674 1445 matrona
1689 1418 1814 1455 cupiens
1833 1437 1842 1451 ,
1864 1417 2005 1449 dubitans
2023 1418 2136 1451 essetne

1170 1459 1324 1512 praegnans
1339 1472 1348 1486 ‚
1371 1454 1432 1485 visa
1450 1454 1494 1484 est
1511 1456 1545 1485 in
1562 1458 1663 1497 quiete
1682 1456 1856 1498 obfignaram
1873 1458 1969 1490 habere
1986 1468 2132 1491 naturam.

1194 1493 1308 1524 retulit.
1331 1496 1462 1537 Negavit
1472 1506 1539 1527 eam
1551 1517 1560 1531 ,
1579 1500 1726 1539 quoniam
1738 1499 1889 1541 obfignata
1897 1500 1999 1533 fuisset
2009 1522 2017 1537 ‚
2030 1505 2134 1534 conci·

1172 1544 1241 1575 pere
1249 1534 1390 1581 potuisse.
1405 1539 1445 1568 At
1453 1537 1541 1572 alter,
1553 1549 1758 1581 praegnantem
1768 1541 1827 1572 effe
1837 1543 1929 1574 dixit.
1943 1547 1958 1570 9
1971 1554 2041 1574 nam
2052 1545 2133 1574 inane

1168 1575 1306 1616 obsignari
1314 1577 1485 1617 nihilsblere.
1500 1582 1530 1600 ¹0
1539 1583 1614 1618 Quae
1624 1580 1668 1612 est
1676 1581 1729 1613 ista
1737 1593 1781 1613 ars
1790 1585 1859 1623 conj
1864 1584 1975 1614 enoris
1985 1605 1993 1618 ,
2005 1586 2134 1616 eluden-

1169 1621 1207 1647 tis
1218 1620 1343 1658 ingenio
1353 1628 1364 1650 ,τ
1373 1629 1410 1650 an
1421 1630 1452 1651 ea
1461 1641 1469 1654 ,
1480 1631 1546 1662 quae
1557 1622 1644 1655 dixi,
1656 1622 1933 1655 &innumerabilia
1943 1645 1952 1658 ‚
1964 1636 2031 1666 quae
2040 1627 2133 1658 colle-

1169 1657 1215 1689 ἃᾶ
1223 1659 1335 1690 habent
1343 1662 1447 1695 Stoici,
1460 1663 1626 1705 quidquam
1637 1662 1814 1705 significant,
1826 1664 1882 1696 nisi
1891 1676 2018 1698 acumen
2028 1670 2134 1698 horni-

1167 1710 1255 1736 num,
1264 1710 1304 1732 ex
1314 1700 1514 1735 similitudine
1522 1705 1630 1746 aliqua,
1640 1706 1846 1741 conieauram
1858 1708 1953 1739 modo
1963 1710 2132 1744 huc,modb

1169 1743 1242 1773 illuc
1250 1742 1427 1776 ducentium
1438 1745 1660 1789 ?Medici·figna
1670 1748 1808 1788 quaedam
1816 1749 1928 1781 habent
1938 1760 1975 1781 ex
1986 1754 2086 1787 venis,
2096 1752 2130 1784 Se

1168 1793 1207 1815 ex
1220 1784 1326 1824 spiritu
1337 1789 1459 1826 aegroti:
1483 1789 1648 1829 multisque
1666 1799 1705 1820 ex
1721 1791 1788 1821 aliis
1805 1790 1905 1823 futura
1921 1793 2131 1832 praesentiunt.

1165 1825 1389 1858 Gubernatores
1399 1827 1471 1859 cum
1483 1830 1679 1860 exsultanteis
1688 1832 1831 1873 loligines
1840 1834 1970 1864 videi-int
1981 1854 1990 1869 ,
2006 1845 2055 1867 aut
2064 1837 2130 1868 del·

1165 1868 1276 1906 phinos
1294 1867 1321 1897 se
1337 1870 1370 1898 in
1384 1878 1506 1909 portum
1522 1872 1732 1910 conjicienteis
1743 1893 1750 1907 ,
1769 1874 1958 1915 tempestatem
1968 1877 2127 1917 significari

1162 1917 1276 1948 putant.
1301 1911 1375 1941 Haec
1391 1913 1505 1941 ratione
1522 1913 1684 1952 explicari,
1704 1914 1737 1946 δε
1747 1915 1782 1946 ad
1794 1925 1929 1947 naturam
1939 1917 2028 1949 facile
2038 1930 2128 1952 revo-

1162 1951 1220 1980 cari
1231 1948 1372 1990 possunt:
1391 1955 1426 1982 ea*
1441 1952 1514 1983 vero
1531 1963 1598 1994 quae
1617 1956 1719 1994 paullo
1732 1957 1800 1987 ante
1815 1957 1901 1991 dixi,
1921 1960 2008 1990 nullo
2019 1963 2125 1994 modo.

1164 1994 1204 2022 At
1222 1994 1307 2023 enim
1327 1991 1482 2032 obstruatis»
1500 1994 1657 2031 diuturna,
1680 1997 1755 2036 (haec
1768 2000 1853 2030 enim
1874 2010 1939 2041 pars
1953 2011 2011 2033 una
2024 2003 2124 2048 restat)
2144 2017 2183 2049 71

1162 2034 1304 2079 notandis
1318 2036 1407 2066 rebus
1427 2035 1499 2067 fecit
1510 2046 1616 2068 artem.
1641 2042 1690 2070 An
1704 2039 1833 2074 tandem
1842 2042 1960 2074 somnia
1971 2044 2123 2078 observari

1157 2075 1305 2116 possunt?
1324 2087 1458 2117 quonam
1468 2079 1581 2110 modo:
1605 2080 1674 2112 sunt
1684 2084 1768 2113 enim
1779 2084 2018 2116 innumerabiles
2027 2090 2123 2119 varie-

1163 2127 1243 2148 tates.
1268 2119 1358 2148 Nihil
1378 2128 1437 2150 tam
1456 2120 1654 2162 praepostere,
1677 2132 1738 2154 tam
1758 2125 1935 2160 incondite,
1955 2136 2014 2158 tam
2029 2138 2123 2161 mon—

1159 2158 1275 2191 struose
1284 2163 1407 2201 cogitari
1416 2162 1513 2202 potest
1523 2183 1532 2196 ,
1542 2163 1624 2204 quod
1636 2174 1700 2195 non
1710 2164 1817 2205 poffirn
1823 2177 1856 2197 us
1867 2167 2025 2200 somniare.
2049 2174 2121 2210 Quo

1159 2201 1255 2233 modo
1274 2204 1364 2244 igitur
1382 2204 1446 2234 haec
1465 2203 1602 2239 infinita,
1625 2206 1657 2236 &
1677 2208 1793 2248 semper
1810 2219 1890 2240 nova
1904 2219 1954 2241 aut
1972 2216 2122 2246 memoria

1156 2245 1321 2285 compleo&
1333 2264 1342 2278 ,
1364 2255 1414 2276 aut
1430 2246 1618 2278 observando
1638 2258 1741 2280 notare
1758 2249 1914 2290 possumus
1933 2255 1944 2282 ?
1966 2253 2121 2298 Astrologi

1157 2295 1260 2317 motus
1278 2294 1435 2317 crrantzum
1448 2286 1592 2323 stellarum
1612 2299 1802 2322 notaverunt.
1826 2294 1971 2324 inventus
1980 2294 2023 2326 est
2031 2299 2117 2332 enim

1156 2328 1230 2358 ordo
1239 2330 1272 2359 in
1283 2331 1321 2359 iis
1330 2328 1423 2360 stellis
1434 2350 1442 2363 ,
1454 2333 1580 2371 quinon
1592 2332 1758 2372 putabatur.
1779 2333 1855 2365 cedo
1867 2335 1986 2367 tandem
1999 2357 2008 2371 ‚
2020 2341 2072 2379 qui
2083 2338 2119 2371 fic

1155 2370 1230 2401 ordo
1239 2391 1248 2405 ‚
1267 2380 1314 2401 aut
1324 2381 1389 2413 quae
1397 2373 1586 2404 concursatio
1599 2373 1810 2406 somniorum?
1836 2387 1897 2417 quo
1906 2378 2001 2409 modo
2011 2389 2114 2413 autem

1154 2411 1296 2454 distingui
1312 2412 1434 2453 pofl'unt
1447 2424 1515 2445 vera
1529 2415 1648 2447 somnia
1659 2417 1675 2447 a
1688 2415 1767 2447 siffis
1777 2438 1785 2452 ,
1806 2418 1878 2449 cum
1890 2419 1993 2451 eadem
2006 2421 2039 2452 &
2048 2423 2117 2454 aliis

1151 2454 1236 2485 aliter
1248 2457 1393 2491 evadant,
1420 2459 1444 2475 ¹¹
1458 2456 1611 2488 &iisdem
1626 2468 1691 2489 non
1702 2459 1818 2500 semper
1827 2460 1935 2492 eodem
1946 2462 2063 2493 modo?
2083 2474 2116 2496 ut

1151 2497 1229 2526 mihi
1241 2499 1356 2528 mirum
1369 2498 1503 2529 videatur
1512 2518 1521 2533 ‚
1540 2498 1612 2529 cum
1623 2500 1752 2531 mendaci¹
1760 2502 1866 2531 bomini
1876 2523 1884 2536 ‚
1894 2514 1925 2532 ne
1936 2514 2033 2534 verum
2043 2506 2114 2547 qui-

1147 2537 1210 2568 dem
1218 2537 1323 2569 dicenti
1333 2540 1435 2570 credere
1442 2541 1581 2580 sbr'eamus
1590 2561 1599 2575 ,
1610 2553 1672 2584 quo
1683 2543 1779 2574 inodo
1788 2543 1850 2576 isti,
1862 2544 1882 2574 si
1893 2546 2048 2577 somnium
2059 2558 2114 2579 ve-

1145 2590 1213 2611 rum
1228 2581 1316 2613 evasit
1327 2583 1449 2624 aliquod
1460 2603 1469 2616 ‚
1490 2593 1555 2614 non
1566 2593 1604 2613 ex
1619 2585 1724 2615 multis
1738 2584 1841 2626 potius
1852 2588 1905 2616 uni
1918 2586 2010 2618 fidem
2022 2588 2113 2621 dero-

142 2621 448 2665 murbosintelligunt:
460 2625 618 2656 nonnullae
628 2627 719 2657 etiarn
728 2624 904 2656 valitudinis
913 2623 1101 2667 fignificatio-
1142 2631 1232 2663 gant,
1252 2624 1343 2666 quam
1360 2635 1399 2655 ex
1418 2635 1481 2656 uno
1501 2626 1735 2658 innumerabilia
1753 2625 1944 2660 confirmant.
1967 2632 1997 2661 Si
2017 2633 2109 2672 igitur

2011 2682 2112 2715 neque

181 2755 206 2774 ι.
226 2749 267 2774 Ex
275 2756 298 2772 eo
314 2749 394 2782 inquit
402 2748 465 2783 quod
470 2747 583 2782 suetan]
604 2747 692 2775 Recita
703 2748 761 2775 Pal.
771 2755 860 2776 tamen
869 2758 911 2784 pr.
924 2750 1027 2784 fluerat.
1050 2749 1101 2778 sce.

136 2784 311 2846 flussi’gvrma
326 2826 378 2846 tam
393 2819 537 2855 inusitata]
556 2820 620 2848 Non
635 2819 756 2857 displicet
766 2819 837 2857 quod
848 2820 884 2848 est
902 2820 929 2848 in
941 2821 998 2849 Pal.
1016 2822 1098 2859 prim.

140 2858 361 2927 mvfftgrramm
379 2894 535 2927 infir-marm]
555 2892 599 2920 Est
610 2894 625 2920 a
636 2893 706 2920 Pau.
723 2894 750 2920 8<
762 2893 877 2921 Victorii
894 2892 1022 2922 editione.
1041 2895 1100 2923 aliae

135 2927 256 2962 formata.
276 2930 303 2955 S.
314 2928 431 2956 ViEimris
442 2929 511 2956 liber
519 2930 664 2963 i'dfhrmam.

177 2970 207 2997 4.
227 2967 319 2991 Homeri·
320 2966 409 2999 faciem
417 2967 495 2999 cogito,
504 2969 577 2999 imago
585 2966 700 3000 illorum]
723 2965 781 2992 Pal.
791 2975 832 3002 pr.
843 2968 924 2999 cogita.
946 2966 1016 2994 unde
1026 2967 1098 2995 forte

110 3002 113 3004 '
141 3008 194 3027 non
205 3000 274 3027 male
285 3000 342 3028 Pal.
354 3008 418 3029 tert.
436 3003 464 3028 δε
484 3010 573 3038 quart.
583 3005 650 3036 cogito
662 3021 670 3034 ‚
688 3006 783 3036 cogitato
793 3021 801 3036 ‚
819 3005 903 3035 imago.
921 3002 1007 3039 sicque
1017 3004 1097 3032 etiam

139 3034 282 3063 Wouverii
292 3037 369 3064 liber.
388 3037 431 3064 sed
441 3037 506 3065 bene
516 3038 593 3065 habet
605 3038 722 3073 vulgata.
847 3075 851 3079 Ι
906 3075 911 3080 ⁸
1016 3075 1021 3080 .
1039 3076 1044 3080 ι

167 3081 206 3135 -ἔὶ
224 3075 334 3136 Qnsffi
343 3075 477 3135 ng'rfflla]
488 3074 533 3102 Est
542 3076 559 3101 :i
569 3074 638 3102 Pan.
649 3074 735 3102 tribus
745 3075 773 3102 &
783 3075 811 3103 S.
823 3074 895 3103 Vnst.
904 3083 971 3104 item
980 3074 1099 3104 editione

139 3108 319 3185 v⁸6.⁰1r=:r¹eistrq
327 3118 401 3176 {fuir
410 3129 543 3179 confiimprae
551 3153 583 3173 ror
592 3132 696 3183 nmen]
716 3148 776 3175 Pal.
785 3157 828 3185 pt.
837 3148 890 3177 fine
900 3148 1096 3187 praeposstione,

125 3180 240 3215 *papi-e.
249 3181 277 3208 8<
291 3189 335 3209 vix
346 3181 383 3211 est
393 3189 485 3210 utnon
495 3182 529 3211 fic
537 3181 669 3220 scripserit
681 3185 789 3214 Cicero.

1176 2746 1205 2784 7ss
1224 2753 1284 2776 Hiu'c
1294 2750 1397 2784 equi'dem
1405 2752 1520 2783 <Antipho
1530 2762 1540 2783 ,-
1561 2753 1624 2777 Baro
1636 2770 1644 2782 ,
1655 2753 1735 2785 inquit
1747 2770 1755 2782 ‚
1772 2758 1795 2776 re
1803 2753 1896 2776 »νὶέῖιιιη
1906 2752 1947 2785 effi
1955 2761 2000 2778 non
2008 2751 2106 2788 videi-,J

1143 2785 1224 2813 Haud
1234 2786 1313 2813 aliter
1333 2786 1443 2822 l‘al.p1·.
1463 2796 1492 2812 ac
1502 2786 1552 2813 sec.
1572 2796 1632 2813 nam
1644 2794 1708 2814 tert.
1728 2786 1785 2813 heic
1796 2788 1906 2813 mutilus
1918 2788 1954 2815 est
1966 2807 1974 2820 ,
1994 2795 2105 2824 quartus

1144 2823 1207 2849 veto
1221 2832 1311 2849 vocem
1322 2822 1395 2849 illam
1409 2822 1557 2849 inusitatam
1569 2823 1658 2849 omisit
1668 2832 1676 2853 ;
1688 2832 1766 2858 quam
1777 2831 1865 2850 tamen
1874 2823 1992 2850 etiam-in
2004 2824 2107 2860 scriptis

1142 2858 1192 2886 suis
1214 2859 1311 2895 reperit
1322 2859 1469 2885 Victorius.
1491 2859 1611 2895 vulgati,
1621 2861 1748 2891 amiplm,
1757 2860 1790 2885 ru
1800 2860 1869 2891 verb,
1878 2862 1967 2894 inquit.
1977 2859 2088 2888 insulse.

1177 2895 1204 2923 8.
1224 2896 1340 2930 Raima]
1361 2896 1403 2921 lta
1413 2895 1473 2921 libri
1486 2896 1576 2922 rostri.
1599 2895 1688 2931 inepte
1698 2896 1782 2930 igitur
1793 2895 1937 2923 Lambinus
1952 2896 2102 2933 interponit

1139 2931 1173 2958 ad
1184 2931 1318 2958 sententio:
1327 2931 1539 2968 perspicuitatem
1550 2931 1583 2959 de
1594 2932 1650 2965 suo,
1661 2932 1694 2957 ad
1702 2933 1846 2966 conjemrem
1859 2933 1950 2960 retulit.
1969 2931 2030 2960 sitis
2041 2932 2101 2960 sub-

1139 2968 1228 2995 intelli
1250 2968 1316 2994 itur.

1174 3012 1204 3039 9.
1225 2977 1290 3030 kam
1299 3006 1370 3030 Inane
1379 3004 1517 3039 obfignari]
1538 3005 1602 3031 Non
1622 3003 1691 3032 male
1702 3002 1788 3032 forsan
1807 3012 1849 3042 pr.
1859 3004 1888 3031 δε
1898 3011 1987 3041 quart.
2005 3005 2102 3037 nam&

1139 3042 1211 3066 inane
1220 3041 1245 3066 ob
1254 3051 1261 3064 ι
1295 3060 1301 3066 .

1179 3085 1220 3102 io.
1239 3041 1296 3102 [εἴ
1304 3077 1390 3109 eflista
1399 3085 1443 3102 ars
1460 3076 1617 3113 conjefforim]
1638 3076 1706 3105 Pin.
1717 3086 1771 3105 non
1781 3076 1927 3114 agnoscunt
1936 3079 1993 3112 ista.
2012 3086 2100 3114 neque

1139 3111 1250 3140 habetur
1259 3113 1287 3139 in
1299 3111 1464 3140 viiioriana.
2094 3125 2097 3129 ·

1180 3158 1188 3174 i
1197 3158 1219 3175 ι.
1239 3151 1272 3174 Et
1279 3148 1359 3183 iisdem
1368 3149 1508 3183 nonscmper
1516 3150 1589 3177 eodem
1597 3150 1684 3185 mam]
1705 3150 1764 3178 Pal.
1777 3159 1818 3188 pr.
1830 3150 1910 3178 babet
1920 3149 2032 3188 amplius
2046 3168 2054 3182 ,
2071 3149 2102 3180 ὁ·

1135 3184 1294 3221 iisdemsensct
1302 3186 1415 3222 nafioms
1422 3187 1571 3219 nonsemper.
1589 3186 1693 3225 aliquid
1703 3191 1774 3217 certe
1785 3188 1813 3217 in
1824 3196 1856 3217 co
1868 3187 1947 3217 latet.
2063 3222 2067 3227 ¹

1380 3221 1626 3252 Kkkkkkka.
1983 3219 2100 3257 LQtd·
