2275 3400
169 138 239 193 14
632 118 713 175 M.
789 116 1122 174 Tuttir
1203 116 1698 177 mentiosus

163 213 206 248 de
230 211 327 248 finib.
350 211 412 248 His
430 209 627 249 consulibus
640 210 765 247 Cicero
778 237 787 252 ,
811 221 850 246 ut
872 210 938 257 ipse
950 209 986 245 in
1000 209 1124 246 eodem
1173 210 1358 258 potuissent
1370 212 1487 248 omnia
1502 212 1585 249 {arta
1599 213 1688 249 tedia
1703 208 1841 258 exigere
1852 231 1862 247 ,
1886 221 2000 260 neque
2012 209 2035 248 ii
2048 224 2137 262 prae·

166 264 275 298 Bruto
285 260 446 301 ostendit,
459 273 539 297 cum
553 273 666 296 unum
678 273 811 296 annum
823 258 975 294 reversus
984 271 1027 295 ex
1039 257 1126 296 Asia,
1172 270 1275 298 tores,
1287 260 1411 309 quibus
1424 273 1494 297 erat
1510 261 1690 308 negotium
1704 259 1836 296 datum,
1846 258 1886 293 C.
1898 261 2076 304 Sacerdos,
2092 264 2143 299 M.

164 310 277 347 causas
290 311 433 347 nobileis
456 309 575 358 egisset
587 334 595 348 ,
617 309 833 357 Qaesturam
852 307 948 355 petiit
961 334 969 348 ‚
991 319 1073 343 cum
1084 307 1125 342 C.
1174 308 1301 345 Caefius
1316 322 1323 344 :
1352 310 1482 346 faffilum
1504 310 1552 345 est
1574 312 1607 345 S.
1619 310 1662 346 C.
1673 308 1797 356 quibus
1810 307 1852 342 de
1863 307 1956 345 sartis
1970 311 2068 346 testis
2082 324 2127 346 co
2143 332 2149 336 -

167 361 273 395 Cotta
287 386 295 400 ‚
321 360 380 407 qui
407 372 499 395 anno
529 359 719 405 insequenti
731 355 850 392 consul
862 355 928 392 fuit
940 380 950 393 ,
972 355 1126 392 consiiia-

165 420 256 448 tum‚
265 407 470 445 Hortensius
481 407 692 444 AEdilitatem
704 416 844 453 peteret.
858 404 1058 453 Qaestoriis
1068 416 1127 439 co-

169 456 274 494 mitiis
287 483 296 498 ‚
322 469 399 505 quse
412 457 561 493 Tributa
573 454 667 491 fuisse
683 454 774 503 epist.
793 453 943 498 31.libro
961 466 990 498 7.
1014 453 1129 490 Famil.

167 505 390 554 cognoscitur
403 532 412 547 ,
438 505 563 541 Cicero
584 503 732 552 quaestor
743 504 780 540 in
789 501 908 551 primis
916 502 1050 539 cunetis
1062 501 1126 538 suf-

166 554 280 602 fragiis
292 554 339 591 est
351 554 471 591 fae—tius.
487 555 523 588 in
534 553 669 588 Orat-in
678 552 846 590 Pisonem.
874 550 971 588 Idem
983 551 1130 588 Verrina

166 603 307 652 septima
316 603 361 639 ait
374 627 383 641 ‚
409 604 439 638 se
454 603 498 637 ita
511 601 717 648 quaestorem
730 600 861 637 fastum
871 599 970 636 fuisse
983 624 992 638 ‚
1017 611 1055 636 ut
1070 599 1130 635 sxbi

167 653 340 688 honorem
364 652 464 687 illum
488 662 566 687 tum
589 663 663 686 non
676 649 788 686 solum
801 649 919 684 datum
933 674 941 689 ‚
963 648 1016 684 sed
1027 648 1130 684 etiam

166 700 348 740 creditum,
359 713 397 735 ac
406 698 630 737 commissum
644 709 791 746 putaret.
821 700 860 734 In
871 697 976 733 causis
989 698 1038 736 iis,
1049 710 1131 746 quas

168 750 294 784 Cicero
308 761 351 783 ex
364 747 440 784 Asia
452 748 604 784 reversus
617 772 626 786 ,
638 758 717 784 ante
727 744 946 794 Qi‘aesturam
958 747 1028 794 egit
1041 770 1050 785 ,
1063 759 1130 782 nu-

166 811 264 834 mero
286 797 482 835 orationem
495 810 556 844 pro
567 797 604 838 Q
623 796 749 832 Roscio
764 795 940 832 Comoedo
956 821 965 835 ‚
989 795 1024 830 id
1036 794 1131 843 quod

166 845 339 895 proposita
361 845 611 882 constitutione
624 846 730 882 causae
744 845 887 894 planum
903 844 1035 879 faciam.
1063 846 1131 878 Res

165 895 271 943 igitur
285 919 295 933 ,
317 905 357 930 ut
378 907 422 931 ex
445 895 610 932 orationis
635 894 831 942 fragmento
861 893 1040 940 colligitur
1050 916 1058 930 ‚
1085 892 1132 927 ita

166 945 197 980 le
210 943 322 980 habet.
347 944 390 980 C.
405 943 553 980 Fannius
573 944 715 979 Chaerea
730 943 874 979 'servum
888 943 987 978 suum
1000 943 1132 977 Panur-

166 1004 255 1040 gum
277 1004 507 1029 communem
529 1004 610 1029 cum
625 992 750 1028 Roscio
763 1005 802 1027 ea
812 992 886 1039 lege
899 990 978 1026 fecit
991 1016 1000 1031 ‚
1024 1001 1063 1025 ut
1075 990 1101 1024 is
1114 989 1132 1025 a

168 1040 294 1077 Roscio
305 1052 375 1078 arte
385 1041 584 1077 bisti-ionica
592 1040 840 1080 institueretur,
851 1039 1063 1088 quaestusque
1076 1038 1130 1073 in-

167 1100 220 1126 ter
231 1102 289 1126 eos
302 1090 504 1127 communis
515 1090 604 1126 esset.
622 1089 824 1125 Institutum
837 1087 982 1126 artificio
994 1087 1131 1122 comico

165 1139 367 1187 Panurgum
392 1139 583 1186 Qlavius
599 1136 856 1187 Tarquiniensis
869 1135 1010 1185 quidam
1024 1136 1132 1171 inter-

166 1186 257 1223 fecit.
287 1189 328 1224 In
351 1189 440 1224 hanc
465 1200 539 1223 rem
553 1187 701 1223 Fannius
725 1186 889 1233 cognitor
902 1187 918 1221 a
932 1184 1058 1220 Roscio
1071 1184 1130 1220 da-

166 1248 220 1273 tus
232 1236 299 1273 fuit
312 1262 322 1276 ,
346 1237 406 1286 qui
420 1235 722 1284 Flaviumjudicio
735 1238 767 1271 D
779 1248 801 1270 A
813 1246 841 1269 M
855 1246 879 1269 N
892 1247 903 1270 1
932 1246 942 1269 1
955 1245 999 1279 NJ
1014 1245 1036 1268 u
1049 1246 1071 1268 R
1082 1245 1093 1267 1
1108 1245 1129 1267 A

167 1298 192 1320 D
206 1297 227 1321 A
239 1298 261 1320 'r
274 1297 285 1320 1
307 1286 422 1322 Roscii
436 1285 581 1321 nomine
593 1285 850 1333 persequeretur
860 1309 869 1324 ,
892 1296 965 1319 non
978 1282 1069 1318 secus
1080 1293 1132 1318 at-

166 1346 235 1382 que
260 1333 284 1369 fi
308 1347 360 1372 res
384 1334 442 1371 sua
469 1333 561 1370 esset.
586 1334 662 1370 Lite
674 1332 861 1369 contestata
872 1358 881 1373 ‚
904 1331 1048 1368 Roscius
1062 1330 1132 1366 fine

168 1383 301 1419 Fannio
325 1396 409 1420 cum
433 1383 550 1419 Flavio
574 1382 700 1418 decidit
711 1384 798 1418 H-S.
810 1392 955 1417 centum
969 1379 1132 1416 millibus.

166 1431 302 1468 Deinde
311 1432 476 1471 C.Pis0ne
485 1431 568 1468 teste
578 1434 612 1468 ὃ(
621 1432 761 1472 arbitro,
773 1430 918 1467 Roscius
927 1429 1057 1466 Fannio
1068 1442 1131 1478 pro

164 1493 272 1528 opera
283 1504 293 1519 ,
303 1494 366 1531 pro
378 1481 494 1517 labore
508 1505 518 1520 ‚
530 1480 627 1530 quod
637 1480 800 1529 cognitor
812 1478 924 1515 fuisset
938 1503 947 1517 ,
959 1477 1055 1528 quod
1073 1491 1129 1514 va·

165 1529 324 1567 dimonia
333 1529 468 1566 obiisset
480 1556 488 1571 ‚
500 1540 631 1566 certam
640 1529 822 1577 pecuniam
832 1527 926 1565 dedit
938 1528 999 1564 hac
1011 1526 1132 1563 condi-

166 1578 275 1617 tione,
295 1589 336 1615 ut
358 1577 476 1633 siquid
489 1580 636 1615 Fannius
658 1591 722 1627 pro
735 1578 792 1614 sua
807 1588 901 1632 parte
920 1577 1006 1613 servi
1023 1576 1131 1612 inter-

165 1627 432 1676 emptiaFlavio
441 1628 605 1676 exegisset
619 1653 628 1668 ‚
645 1638 775 1676 partem
787 1640 858 1674 ejus
867 1625 1045 1662 dimidiam
1059 1627 1131 1661 Ro-

166 1676 236 1714 scio
249 1675 457 1714 dissolveret.
470 1676 548 1713 Post
559 1677 750 1713 triennium
763 1676 922 1713 Fannius,
934 1675 993 1722 qui
1005 1674 1134 1710 diceret

166 1725 200 1762 ie
211 1725 232 1762 a
243 1725 361 1762 Flavio
374 1725 461 1761 nihil
472 1725 642 1762 abstulisse
655 1749 665 1764 ‚
677 1724 844 1761 Roscium
855 1737 939 1761 cum
952 1736 994 1760 eo
1007 1724 1049 1759 de
1060 1734 1133 1760 tota

164 1787 204 1810 re
213 1787 277 1822 pro
288 1774 447 1811 societate
458 1772 616 1811 decidisse
629 1774 796 1811 Roscium
809 1774 845 1810 in
854 1773 912 1822 jus
925 1773 1063 1809 vocavit
1076 1797 1086 1812 ,
1098 1775 1131 1809 &

166 1825 257 1860 H-S.
270 1823 521 1877 quinquaginta
533 1823 640 1859 millia
651 1846 660 1861 ‚
672 1822 853 1859 dimidiam
865 1822 990 1859 scilicet
1000 1832 1131 1870 partem

164 1870 239 1919 ejus
252 1884 418 1920 pecuniae,
432 1885 536 1922 quarn
549 1872 694 1909 Roscius
706 1872 725 1908 a
738 1871 855 1908 Flavio
867 1870 1061 1910 abstulerat,
1071 1883 1130 1919 pe-

165 1920 232 1959 tiit,
243 1923 276 1958 8<
288 1920 470 1969 sponsione
482 1921 649 1957 Roscium
658 1921 834 1959 lacessivit,
845 1919 893 1957 Ni
906 1919 964 1955 sibi
975 1919 1032 1957 ille
1043 1922 1132 1956 H-S.

166 1981 261 2006 ισοξ).
286 1970 434 2006 deberet.
461 1972 569 2006 Datus
591 1970 699 2017 igitur
715 1969 832 2018 Judex
852 1969 871 2004 a
893 1970 1044 2005 Praetore
1065 1969 1131 2006 fuit

166 2019 209 2054 C·
219 2018 290 2054 Piso
304 2030 387 2054 cum
400 2018 462 2053 hac
475 2018 627 2054 formula
641 2041 650 2056 ,
664 2018 697 2053 Si
712 2028 806 2065 paret
818 2017 984 2053 Roscium
998 2018 1128 2054 Fannio

165 2068 256 2103 H-S.
277 2079 368 2103 1000-
392 2066 527 2102 debere.
540 2066 637 2115 quod
649 2066 724 2102 Cic.
738 2067 1003 2102 enumeratione
1014 2067 1128 2103 causa-

164 2128 247 2152 rum
270 2115 453 2151 debitionis
474 2115 596 2151 falsum
609 2114 674 2151 esse
687 2113 790 2150 docet
805 2127 812 2149 ;
837 2125 951 2161 neque
964 2113 1129 2148 societatis

163 2164 312 2200 nomine
323 2163 511 2213 quidquam
525 2163 544 2199 a
556 2163 682 2200 Roscio
695 2163 764 2210 peti
777 2161 871 2212 poffe
883 2160 1014 2210 probat.
1037 2161 1130 2197 Cor-

162 2212 264 2248 radus
277 2213 486 2249 Ciceronem
510 2213 598 2248 hanc
621 2213 757 2249 causam
768 2210 870 2260 egisse
883 2211 951 2247 Cn.
963 2210 1130 2259 Pompejo

165 2263 202 2298 &
226 2263 276 2297 M.
286 2261 405 2298 Craffo
418 2274 513 2297 coss.
528 2274 621 2297 anno
635 2261 710 2310 post
722 2262 811 2296 hanc
823 2260 918 2295 sexto
930 2258 1011 2294 inde
1022 2270 1129 2307 putat,

163 2310 262 2359 quod
285 2320 362 2347 tum
374 2311 417 2346 C.
432 2310 504 2347 Piso
526 2321 654 2358 praetor
675 2310 790 2346 fuerit-
811 2308 868 2345 sed
893 2307 1023 2344 fallitur
1035 2332 1045 2346 ,
1069 2308 1129 2356 qui

163 2371 208 2395 ex
216 2358 339 2408 Judice
351 2359 484 2407 privato
495 2370 683 2408 praetorem
691 2358 783 2395 facit.
798 2357 979 2393 Falluntur
990 2370 1131 2405 quoque

163 2407 214 2443 illi
230 2432 240 2447 ,
261 2408 320 2457 qui
336 2409 503 2445 Roscium
515 2408 733 2444 comoedum
756 2418 834 2443 ante
846 2405 1054 2442 Amerinum
1067 2406 1128 2441 de-

165 2456 301 2492 fensum
322 2456 404 2493 inde
424 2467 547 2511 putant
560 2483 569 2498 ‚
592 2457 687 2506 quod
702 2455 777 2505 post
788 2455 943 2492 Amerini
958 2453 1128 2490 defensio-

164 2517 248 2541 nem
277 2505 401 2541 Cicero
424 2519 459 2541 in
485 2506 656 2542 Graeciam
678 2505 790 2541 statim
813 2504 918 2540 fuerit
943 2503 1127 2552 profectus.

165 2556 246 2591 Hoc
269 2565 425 2602 tempore
448 2557 521 2602 Q.
550 2555 716 2591 Roscium
738 2553 837 2591 fuisse
860 2552 1039 2589 defensum
1052 2577 1062 2591 ,
1087 2565 1128 2589 ex

164 2603 325 2640 oratione
336 2603 569 2650 cognoscitur,
579 2603 617 2640 in
627 2617 693 2652 qua
703 2603 871 2639 Roscium
884 2601 1026 2638 Sullano
1039 2612 1129 2638 tem÷

165 2664 252 2701 pore
265 2664 347 2688 cum
357 2651 475 2687 Flavio
489 2651 660 2690 decidisse,
672 2655 706 2689 &
718 2650 948 2701 quadriennio
960 2650 1035 2698 post
1047 2664 1127 2686 cau-

165 2701 233 2738 sam
249 2701 361 2738 aElam
373 2700 438 2736 esse
450 2701 564 2748 aperte
577 2698 794 2749 significatur.
818 2703 897 2737 Hoc
910 2712 1003 2736 anno
1016 2699 1053 2735 in
1063 2699 1128 2735 Hi-

161 2750 278 2798 spania
299 2749 457 2786 adversus
479 2749 676 2786 Sertorium
700 2749 866 2786 acerrima
888 2748 944 2785 illa
972 2748 1130 2795 praelia&

163 2799 317 2837 maxima
342 2799 557 2835 Sucronense
582 2799 617 2834 &
643 2799 811 2834 Duriense
832 2797 1013 2834 commissa
1035 2797 1123 2838 sunt,

164 2859 320 2895 qnorum
332 2847 494 2883 meminit
507 2847 633 2883 Cicero
644 2859 710 2896 pro
721 2846 827 2884 Balbo
838 2874 849 2889 ‚
860 2858 900 2885 tu
911 2845 989 2887 vide
1000 2845 1130 2883 Plutar-

165 2897 274 2934 chum
287 2896 323 2932 in
337 2895 514 2945 Pompejo.
831 2913 837 2916 -

168 2975 261 3008 Amo
273 2970 360 3006 urbia
373 2973 748 3007 netxxvnxct'ceronis
762 2969 1130 3019 xxxxi-cossfuerunt,

198 3029 238 3064 L.
265 3027 538 3070 OCTAVIUS,
563 3028 605 3064 C.
632 3030 874 3065 AURELIUS
904 3029 1087 3072 COTTA.

250 3094 352 3130 -Ehis
362 3094 486 3133 Cicero
498 3095 535 3131 in
545 3096 692 3132 Verrem
708 3107 736 3140 3.
746 3107 829 3132 cum
842 3096 881 3132 L.
894 3095 1076 3137 Octavius,
1089 3095 1132 3130 C.

173 3179 187 3185 ,,
258 3142 418 3183 Aurelius
440 3156 537 3183 coss.
559 3143 647 3183 aedes
657 3145 762 3186 sacr-w
772 3143 991 3200 locavissent,
1017 3155 1130 3194 neque

1174 358 1313 404 gnitum
1328 359 1563 406 &judicatum
1578 371 1650 393 non
1664 357 1754 394 effet,
1769 356 1817 392 nti
1831 356 1875 391 C.
1887 358 2146 397 Verres,P.Cae-

1176 407 1238 442 lius
1251 417 1411 454 praetores
1423 408 1681 455 cognoscerent,
1694 409 1728 442 &
1736 404 1944 453 judicarent.
1959 407 2016 442 ubi
2040 407 2148 448 vides,

1178 456 1219 491 C.
1232 456 1451 492 Sacerdotem
1466 483 1474 497 ,
1487 456 1543 491 cui
1559 457 1681 491 Verres
1695 456 1730 490 in
1745 465 1892 502 praetura
1905 455 2039 491 urbana
2050 458 2084 492 ὃ(
2093 457 2149 492 Si-

1177 503 1304 540 ciliensi
1319 504 1482 545 successit,
1494 506 1563 540 hoc
1575 517 1668 540 anno
1680 514 1863 552 praetorem
1876 505 2053 540 urbanum
2065 504 2150 541 fuis-

1178 554 1208 589 se
1221 577 1230 591 ,
1244 553 1301 600 qui
1315 566 1397 589 cum
1410 554 1563 603 sequenti
1578 553 1730 589 Siciliam
1744 552 1939 589 obtinuerit
1951 577 1960 593 ‚
1975 555 2010 590 ὃ(
2019 553 2148 590 Cicero

1177 613 1254 638 ante
1268 603 1412 639 Verrem
1424 603 1584 649 Qstor
1601 602 1636 638 in
1652 601 1764 637 Sicilia
1776 601 1892 640 fuerit,
1904 613 2053 651 praetore
2068 604 2149 641 Sex.

1180 651 1345 687 Peducaeo
1359 676 1368 690 ‚
1391 652 1618 700 suspicionem
1642 650 1790 686 Corradi
1807 676 1817 692 ,
1843 651 1903 699 qui
1934 651 2147 689 Ciceronem

1178 701 1245 735 hoc
1269 713 1362 736 anno
1390 700 1609 749 Qaestotem
1637 700 1811 736 urbanum
1836 702 1870 736 ὃς
1893 700 2085 749 insequenti
2109 702 2147 737 in

1179 749 1293 785 Sicilia
1304 749 1401 785 fuisse
1414 750 1546 797 putavit
1558 774 1568 788 ,
1595 749 1709 784 falsam
1723 748 1788 784 effe
1799 761 1921 784 omnes
1931 749 2064 785 vident.
2079 749 2149 785 Hic

1177 796 1225 833 est
1237 797 1344 845 igitur
1356 797 1537 833 Siciliensis
1548 810 1670 838 annus,
1683 798 1741 846 qui
1757 800 1807 833 M.
1821 797 1983 833 Tullium
1997 797 2148 846 quaesto·

1179 858 1252 881 rem
1277 858 1361 883 exce
1388 847 1412 881 it
1425 873 1433 886 ,
1457 858 1496 882 ut
1520 847 1584 894 ipse
1609 847 1645 881 in
1659 848 1767 881 Bruto
1788 846 1912 882 scribit·
1925 847 2019 882 Cum
2031 857 2147 883 autem

1179 894 1251 930 bini
1276 907 1351 942 quae
1383 907 1457 931 ores
1481 895 1517 930 in
1531 895 1645 931 Sicilia
1657 894 1799 942 singulis
1812 895 2016 942 praetoribus
2029 895 2148 934 essent,

1181 943 1416 991 Lilybaetanus
1441 946 1475 980 ὃς
1489 944 1742 993 Syracusanus:
1771 944 1896 980 Cicero
1910 944 2147 993 Lilybaetanus

1179 991 1329 1040 quaestor
1343 992 1408 1027 fuit
1422 1018 1430 1032 ,
1445 1003 1484 1029 ut
1495 992 1662 1029 Asconius
1681 992 1806 1031 scribit,
1819 995 1851 1029 δι
1864 993 1990 1029 Cicero
2003 993 2070 1042 ipse
2083 1006 2146 1041 pro

1180 1040 1320 1075 Plancio
1333 1040 1496 1077 ostendit.
1511 1041 1608 1077 Idem
1622 1041 1788 1077 Asconius
1798 1041 1923 1083 scribit,
1935 1042 2147 1078 Ciceronem

1179 1088 1397 1136 Qstorem
1421 1091 1457 1125 in
1471 1090 1585 1126 Sicilia
1606 1089 1861 1138 fuiffepraetore
1875 1093 1952 1128 Sex.
1967 1090 2148 1127 Peducaeo.

1179 1138 1245 1185 ipse
1269 1150 1352 1174 vero
1364 1138 1401 1173 in
1414 1150 1499 1175 orat·
1513 1138 1588 1188 post
1601 1138 1753 1174 reditum
1764 1138 1800 1174 in
1812 1141 1940 1175 Senatu
1953 1139 1999 1175 ait
2011 1163 2020 1177 ,
2042 1140 2074 1175 se
2085 1153 2145 1187 pa-

1178 1187 1222 1222 tri
1245 1188 1294 1222 M.
1308 1187 1423 1223 Curtii
1456 1187 1662 1236 quaestorem
1685 1187 1793 1222 fuisse.
1816 1187 2002 1223 Accidebat
2026 1199 2145 1226 autem

1179 1235 1263 1284 saepe
1277 1260 1287 1274 ‚
1300 1246 1340 1271 ut
1353 1249 1443 1272 unus
1455 1236 1605 1285 quaestor
1617 1235 1769 1271 duorum
1784 1247 1976 1284 praetorum
1988 1236 2070 1273 esset
2082 1261 2092 1276 ‚
2104 1247 2148 1274 ut

1180 1285 1354 1320 Gruchius
1376 1284 1452 1321 libr.
1475 1297 1505 1321 2.
1528 1285 1570 1321 de
1580 1285 1743 1320 Comitiis
1767 1285 1877 1321 docet.
1904 1287 1956 1321 De
1963 1285 2148 1332 Qstura

1180 1333 1359 1369 Ciceronis
1372 1334 1573 1370 Plutarchus
1583 1333 1630 1370 ita
1641 1333 1756 1370 scribit
1770 1359 1779 1375 ,
1790 1333 1953 1379 Qstor
1964 1345 2097 1371 creatus
2109 1336 2149 1372 ὃς

1178 1382 1314 1418 sortitus
1337 1382 1555 1432 provinciam
1578 1382 1729 1418 Siciliam
1743 1407 1753 1421 ,
1777 1382 1861 1418 cum
1881 1383 1917 1418 in
1942 1382 2146 1421 difficultate

1179 1443 1326 1467 annonae
1337 1455 1348 1470 ,
1360 1442 1462 1480 atque
1474 1432 1591 1481 inopia
1602 1432 1649 1468 rei
1663 1431 1899 1467 flumentariae
1912 1444 2058 1480 magnus
2068 1432 2145 1468 fru-

1180 1481 1289 1516 menti
1313 1493 1482 1517 numerus
1495 1483 1649 1516 Romam
1671 1480 1752 1516 esset
1775 1480 1965 1516 mittendus
1977 1507 1986 1521 ‚
2010 1481 2146 1517 Siculos

1159 1534 1160 1538 ’
1177 1530 1277 1565 initio
1290 1528 1437 1566 offendit
1451 1543 1457 1566 :
1482 1529 1577 1578 post,
1600 1529 1660 1565 ubi
1672 1529 1888 1577 diligentiam
1901 1555 1908 1570 ,
1920 1537 1922 1550 ²
1933 1528 2098 1576 justitiam
2109 1531 2146 1567 δι’.

1177 1578 1380 1615 comitatem
1391 1578 1464 1627 ejus
1476 1578 1608 1628 experti
1622 1580 1767 1615 fuerunt
1783 1604 1792 1619 ‚
1807 1577 1954 1626 majores
1965 1578 2013 1614 illi
2027 1579 2144 1615 hono-

1158 1630 1160 1666 ]
1178 1640 1229 1663 res
1243 1652 1253 1666 ,
1275 1627 1381 1677 quam
1394 1628 1455 1664 ulli
1467 1640 1624 1677 unquam
1636 1627 1775 1676 praetori
1786 1627 1997 1664 tribuerunt·
2020 1629 2073 1664 De
2084 1640 2143 1665 ea-

1156 1695 1160 1700 ·
1177 1676 1257 1713 dem
1279 1677 1347 1726 ipse
1358 1677 1395 1713 in
1407 1677 1566 1714 oratione
1576 1690 1638 1726 pro
1652 1676 1802 1713 Plancio.
1829 1678 1914 1712 Non
1927 1688 2050 1713 vereor
2061 1702 2072 1718 ,
2096 1689 2144 1714 ne

1178 1726 1253 1775 quis
1276 1725 1400 1763 audeat
1411 1726 1525 1763 dicere
1539 1753 1549 1768 ,
1571 1726 1673 1762 ullius
1685 1725 1722 1761 in
1736 1725 1850 1762 Sicilia
1862 1725 2068 1774 quaesturam
2081 1735 2142 1763 aut

1158 1809 1160 1812 .
1175 1776 1376 1823 gratiorem,
1386 1786 1443 1812 aut
1455 1776 1638 1812 clariorem
1649 1774 1765 1811 fuisse:
1780 1774 1946 1810 frumenti
1959 1774 1996 1810 in
2008 1774 2141 1812 summa

1157 1822 1160 1866 ἦ
1176 1824 1314 1860 caritate
1325 1825 1522 1862 maximum
1535 1837 1725 1861 numerum
1738 1823 1895 1860 miseram
1909 1836 1917 1859 τ
1941 1823 2142 1871 negotiato-

1158 1889 1159 1894 ¹
1178 1874 1270 1909 ribus
1282 1873 1403 1915 comis,
1416 1871 1797 1922 mercatoribusjustus,
1810 1871 2042 1920 municipibus
2056 1872 2143 1909 libe-

1178 1922 1254 1958 ralis
1265 1949 1273 1962 ‚
1288 1923 1385 1959 sociis
1398 1922 1567 1961 abstinens
1581 1947 1591 1961 ,
1604 1922 1771 1959 omnibus
1783 1933 1877 1957 eram
1889 1920 1978 1957 visus
1990 1920 2027 1956 in
2039 1921 2142 1958 omni

1177 1970 1294 2007 officio
1317 1971 1595 2020 diligentissimus
1610 1998 1618 2012 ‚
1643 1970 1830 2018 excogitati
1856 1968 1999 2022 quidam
2010 1980 2107 2006 erant
2120 1970 2142 2006 ὲ

1177 2020 1299 2056 Siculis
1321 2021 1473 2057 honores
1496 2020 1654 2056 inauditi.
1678 2020 1760 2055 &in
1774 2019 1874 2053 Verr.
1892 2029 1920 2061 7-
1934 2019 1989 2051 Sic
2001 2016 2141 2054 obtinui

1176 2069 1384 2114 quaesturam
1404 2069 1439 2103 in
1464 2066 1644 2114 provincia
1665 2065 1801 2105 Sicilia,
1825 2074 1864 2099 ut
1875 2064 2039 2100 omnium
2051 2078 2140 2102 ocu-

1155 2146 1157 2148 .
1176 2115 1226 2149 los
1241 2115 1277 2150 in
1292 2127 1348 2151 rne
1360 2127 1472 2151 unum
1485 2113 1664 2162 conjeffilos
1677 2113 1880 2156 arbitrarer5
1905 2123 1945 2148 ut
1954 2125 2011 2148 me
2022 2137 2031 2151 ‚
2044 2127 2142 2164 quae-

1176 2162 1374 2212 sturamque
1395 2175 1508 2200 meam
1532 2161 1625 2212 quafi
1648 2161 1684 2198 in
1706 2162 1822 2209 aliquo
1832 2161 1924 2197 orbis
1933 2172 2032 2198 terrae
2043 2164 2140 2200 thea-

1175 2222 1243 2249 tro,
1257 2213 1378 2248 verstri
1391 2211 1622 2249 existimarem
1638 2224 1645 2246 z
1658 2220 1696 2246 ut
1707 2210 1828 2246 omnia
1838 2210 1979 2258 semper,
1992 2211 2137 2260 quaeju-

1175 2260 1289 2296 cunda
1301 2261 1464 2296 videntur
1474 2260 1540 2296 effe
1551 2285 1562 2299 ‚
1585 2273 1657 2296 non
1670 2259 1778 2295 modo
1789 2259 1841 2294 his
1861 2260 2141 2298 extraordinariis

1157 2302 1420 2357 'cupiditatibus
1433 2336 1441 2349 ‚
1462 2309 1518 2345 sed
1543 2309 1646 2345 etiam
1669 2308 1728 2357 ipsi
1749 2319 1879 2344 naturae
1902 2321 1939 2344 ac
1953 2309 2143 2346 necessitati>

1176 2358 1391 2406 denegarem.
1404 2358 1501 2395 Idem
1511 2358 1657 2393 Verrina
1673 2370 1704 2393 2.
1716 2357 1774 2396 ait,
1786 2356 1929 2395 Siculos,
1938 2357 1976 2393 in
1990 2358 2139 2406 quaestu-

1160 2441 1161 2444 ,
1176 2420 1211 2442 ra
1224 2407 1290 2443 suae
1313 2406 1522 2443 innocentiae
1544 2433 1553 2448 ‚
1575 2405 1858 2454 abstinentiaeque
1880 2406 2074 2454 periculum
2086 2408 2138 2444 fe-

1159 2449 1163 2489 l
1175 2456 1264 2491 cisse.
1278 2459 1329 2493 Eo
1343 2467 1501 2504 tempore
1511 2479 1520 2494 ‚
1531 2466 1571 2491 ut
1584 2456 1785 2491 Plutarchus
1797 2455 1911 2491 scribit
1924 2479 1933 2493 ‚
1945 2456 2046 2492 multi
2059 2459 2138 2492 Ro-

1157 2530 1161 2541 .
1176 2517 1270 2540 mani
1282 2505 1508 2541 adolescentes
1521 2531 1530 2545 ‚
1552 2504 1653 2540 claris
1666 2503 1864 2553 parentibus
1877 2515 1979 2552 atque
1990 2505 2137 2542 honesto

1156 2553 1254 2588 ³loco
1276 2554 1347 2590 nati
1361 2578 1370 2592 ‚
1393 2553 1482 2601 apud
1504 2553 1624 2588 Siciliae
1645 2564 1827 2601 praetorem
1840 2553 1982 2593 accusati
1993 2554 2071 2590 sunt
2081 2554 2140 2590 in-

1158 2600 1160 2630 i
1176 2603 1411 2651 temperantiae
1425 2629 1434 2644 ,
1445 2604 1480 2638 ὃς
1492 2602 1655 2649 ηεὲὶεξτεε
1669 2601 1854 2650 disciplinae
1868 2602 2035 2642 militaris,
2050 2615 2139 2651 quos

1157 2655 1159 2674 ³
1178 2651 1303 2687 Cicero
1325 2664 1451 2701 magna
1469 2650 1775 2688 commendatione
1787 2650 1941 2688 defendit
1954 2653 1989 2689 &
1999 2653 2140 2699 conset-5

1178 2700 1282 2737 vavit·

1228 2802 1323 2837 Anno
1340 2799 1428 2837 urbis
1447 2811 1636 2898 nuxit-324,
1656 2801 1812 2837 Ciceronis
1834 2810 1971 2838 xxxm-
1992 2810 2095 2837 coss.‘

1596 2858 1725 2890 imunt,

1216 2919 1255 2953 L.
1282 2920 1546 2957 LICINIUS
1574 2921 1909 2962 LUCULLUs,
1933 2922 1986 2957 M.
2010 2922 2105 2958 AU-

1431 2971 1642 3006 RELIUS
1670 2969 1886 3005 COTTA.

1180 3046 1309 3128 HIS
1322 3042 1531 3080 Consulibus
1541 3042 1665 3078 Cicero
1677 3066 1686 3080 ‚
1707 3054 1747 3078 an
1753 3053 1825 3078 nuo
1835 3051 1981 3077 munere
1988 3038 2139 3089 quaestu-

1275 3107 1320 3130 rae
1332 3092 1480 3141 expiem,
1495 3096 1514 3127 e
1522 3090 1634 3128 Sicilia
1645 3091 1827 3139 provincia
1837 3089 1986 3125 deceffit.
2006 3089 2139 3130 Habuit

1156 3154 1251 3182 ‘turn
1273 3142 1471 3181 orationem
1484 3139 1710 3193 Lilybaeinn
1732 3152 1799 3190 qua
1814 3137 1936 3175 Siculis
1958 3137 2066 3175 multa
2075 3138 2137 3176 be-

1673 3193 1720 3252 &K
1733 3222 1736 3224 ,
1749 3214 1789 3234 tt
2028 3186 2139 3236 nigne

2233 291 2244 311 K
