2316 3395
179 137 249 206 ¹96
612 144 679 190 M.
750 142 1108 189 TULL1-1

183 233 255 253 cum
267 223 314 264 spe
324 221 509 264 perdiscendi
519 221 724 262 abjiceremus.
741 221 796 251 Sed
808 221 869 250 haec
879 216 992 248 Ciafl'us
1002 216 1138 256 aliquan-

184 264 225 294 do
246 266 335 295 nobis
354 266 510 305 expediet,
532 265 564 294 &
583 273 713 303 exponet
731 263 873 301 descripta
889 260 1064 300 generatim.
1097 255 1140 287 est

184 309 282 340 enim,
295 317 331 336 ne
343 307 420 337 sorte
431 307 550 338 nescias,
561 307 623 334 heri
633 305 722 334 nobis
733 303 783 332 ille
795 304 854 332 hoc
866 322 873 335 ,
887 301 989 331 Catule
1000 320 1008 333 ,
1020 299 1141 339 pollici-

188 357 246 381 tus,
258 349 341 388 seius
352 349 452 381 civile,
465 347 545 388 quod
557 356 636 375 nunc
646 344 801 377 diffusum,
816 345 848 373 δε
859 341 1028 381 dillipatum
1038 339 1080 370 est
1089 360 1097 374 ,
1108 343 1141 369 in

186 400 261 420 cert-«i
270 400 375 431 genem
385 389 558 419 coaStuium
571 407 579 420 ,
593 387 625 415 δε
634 387 669 416 ad
681 395 773 415 artem
784 385 871 414 facile
884 383 1081 413 redafimrum.
1106 384 1143 411 Et

187 428 323 472 quidem,
336 433 434 472 inquit
445 430 563 459 Catulus
575 449 582 461 ,
596 428 822 468 haudquaquam
834 426 863 456 id
874 425 917 455 est
927 423 1050 455 difficile
1061 422 1144 453 Cras-

190 474 221 503 so
232 493 240 506 ,
262 475 314 513 qui
335 473 367 502 &
386 472 466 512 quod
479 470 550 500 disci
561 471 657 508 potuit
667 469 776 508 dejure
788 488 796 501 ‚
815 468 938 497 didicit:
960 466 992 495 &
1003 464 1083 506 quod
1095 466 1142 497 iis,

189 517 243 555 qui
253 525 322 543 eum
334 514 510 543 docuerunt.
522 511 628 543 defuit,
641 511 701 550 ipse
712 508 832 543 afferet,
853 518 885 538 ut
896 529 903 542 ,
914 518 979 549 quae
990 505 1044 536 sint
1055 507 1144 545 inju-

189 566 219 585 re
232 576 240 588 ,
260 556 308 584 vel
320 554 384 594 apte
393 553 556 583 describere
567 572 576 585 ,
597 552 644 581 vel
664 551 766 581 ornate
786 550 928 580 illustrare
949 547 1042 589 possit.
1067 550 1144 587 Ergo

189 596 243 626 ista
254 617 261 629 ‚
283 598 382 635 inquit
392 596 545 624 Antonius
556 614 564 627 ,
585 602 651 623 tum
663 596 678 623 ii
688 591 786 623 Crasso
797 592 945 622 discemus
955 611 963 624 ,
987 589 1058 620 cum
1071 590 1098 619 se
1108 588 1144 618 de

189 638 320 670 turba,&
330 649 344 666 a
354 637 500 666 subselliis
513 639 521 653 ¹
534 638 567 664 in
577 637 688 667 otium,
704 634 749 673 (ut
759 634 879 674 cogitat)
891 633 1061 672 soliumque
1071 640 1147 659 con-

189 680 299 708 tulerit.
320 680 388 720 Jam
401 677 430 707 id
442 676 566 718 quidem
578 677 662 716 saepe,
675 678 774 716 inquit
785 675 905 705 Catulus
916 695 924 707 ,
937 684 974 703 ex
985 683 1021 702 eo
1032 672 1144 704 audivi,

188 719 259 750 cum
272 719 391 752 diceret,
403 717 456 748 fibi
467 727 582 748 certum
594 717 652 748 effe
662 737 670 751 ,
682 717 826 757 ajudiciis
838 737 845 749 ,
859 714 1004 755 causisque
1014 713 1146 743 discede-

186 771 235 791 re:
257 761 305 790 sed
318 781 326 794 ,
348 770 380 790 ut
397 759 450 800 ipsi
466 760 549 790 soleo
559 759 656 789 dicere
667 779 675 792 ,
697 769 747 787 non
758 757 860 786 i'i‘iebit.
886 767 981 797 neque
993 758 1075 785 enim
1086 754 1146 793 ipse

188 803 337 832 auxilium
355 803 443 832 suum
463 802 537 841 saepe
557 800 572 831 a
590 803 661 831 viris
678 800 767 829 bonis
778 798 881 829 frustra
893 798 1045 837 implorari
1054 805 1147 836 patie-

189 853 347 885 tur‚neque
358 843 388 873 id
399 853 487 884 aequo
496 844 600 872 animo
611 841 685 871 feret
694 843 797 871 civitas
810 852 814 868 :
825 850 890 880 quae
904 837 924 868 si
936 849 1008 868 voce
1020 833 1148 867 L.Craffi

187 885 297 915 carebit
309 906 317 919 ,
339 893 515 915 ornamento
533 884 664 924 quodam
678 883 734 913 sese
745 882 899 922 spoliatam
910 880 1031 920 putabit.
1066 881 1147 908 Nam

189 928 289 957 hercle
301 948 309 960 ,
331 928 431 967 inquit
440 929 591 956 Antonius
603 946 611 958 ,
635 923 654 954 si
673 925 736 954 haec
754 922 822 953 vere
835 922 850 952 a
861 922 965 952 Catulo
975 920 1055 950 dicta
1066 920 1146 953 sunt,

189 968 245 998 tibi
258 979 378 998 mecum
390 978 421 997 in
431 967 539 998 eodem
548 966 590 996 est
599 965 726 1006 pistrino
738 987 746 998 ‚
767 963 861 994 Crasse
873 985 880 996 ,
898 962 1064 993 vivendum
1084 972 1089 990 z
1114 961 1147 990 ὃς

190 1013 205 1029 ²
214 1009 300 1040 istam
310 1011 484 1040 oscitantem
497 1029 505 1043 ,
527 1009 559 1038 &
570 1008 784 1038 dormitantem
795 1006 967 1045 sapientiam
976 1025 984 1038 ‚
1000 1003 1148 1034 Scaevola-

191 1061 261 1081 rum
272 1072 280 1085 ,
302 1055 314 1079 3
329 1052 361 1081 δε
378 1061 543 1081 ceterorum
564 1050 717 1080 beatorum
737 1050 801 1078 otio
811 1046 1022 1077 concedamus.
1045 1042 1148 1075 Arrisit

190 1091 241 1123 hic
252 1091 365 1123 Ciaffus
376 1093 492 1125 leniter,
505 1092 547 1124 &‚
560 1094 680 1121 Pertexe
693 1089 797 1123 modo,
807 1091 916 1129 inquit,
925 1088 1053 1120 Antoni,
1065 1085 1147 1127 quod

192 1135 315 1166 exorsus
325 1145 366 1164 es.
391 1144 440 1163 me
451 1143 550 1163 tamen
562 1131 614 1162 ista
625 1133 750 1162 oscitans
760 1131 912 1170 sapientia,
927 1127 1102 1169 simulatque
1113 1126 1147 1157 ad

133 1184 179 1217 34
196 1187 261 1206 eam
278 1175 441 1216 confugero
452 1195 460 1207 ‚
481 1177 514 1204 iri
532 1174 699 1204 libertatem
718 1172 890 1203 vindicabit.
914 1172 1014 1210 Hujus
1023 1169 1165 1210 quidem*

196 1218 257 1250 loci
268 1238 276 1251 ,
288 1227 379 1259 quem
390 1216 484 1246 modo
494 1217 559 1246 sum
569 1216 695 1245 exorsus
704 1235 712 1248 ,
725 1215 774 1244 hic
783 1213 825 1244 est
835 1212 904 1242 finis
916 1233 924 1246 ,
943 1214 1043 1253 inquit
1053 1214 1150 1241 Anto-

194 1261 279 1290 nius:
304 1260 449 1299 quoniam
467 1258 662 1298 intelligitur,
684 1258 789 1286 nonin
799 1257 962 1289 hominum
973 1256 1150 1283 innumera—

194 1300 308 1331 bilibus
316 1301 460 1340 personis,
472 1309 568 1340 neque
579 1302 610 1328 in
622 1297 741 1328 infinita
750 1306 922 1337 temporum
932 1297 1068 1325 varietate
1081 1314 1089 1327 ‚
1101 1293 1149 1324 sed

196 1343 227 1371 in
233 1352 367 1382 generum
375 1341 460 1382 causis
470 1362 478 1375 ,
489 1350 574 1381 atque
585 1342 697 1371 naturis
707 1342 812 1370 omnia
822 1337 872 1368 sita
881 1336 938 1368 effe
948 1357 955 1371 ,
975 1347 1040 1378 qua:
1052 1338 1085 1365 in
1095 1335 1150 1365 du-

196 1384 284 1414 bium
304 1393 477 1414 vocarentur
489 1393 494 1411 z
514 1393 620 1423 genera
635 1391 735 1412 autem
755 1379 813 1410 efl‘e
832 1378 954 1410 definita
973 1388 1038 1408 non
1049 1375 1150 1408 solum

199 1435 328 1455 numero
339 1445 347 1458 ,
366 1425 415 1455 sed
424 1427 514 1454 etiam
524 1426 668 1463 paucitate
679 1434 684 1452 2
706 1432 738 1453 ut
755 1432 820 1452 eam
831 1423 985 1451 materiem
996 1421 1151 1455 orationis,

198 1476 264 1508 quae
275 1467 416 1507 cujusque
425 1465 495 1496 ess'et
503 1468 618 1507 generis
629 1486 637 1498 ,
667 1463 786 1494 studiofi
796 1465 847 1504 qui
856 1461 949 1492 essent
957 1461 1078 1492 dicendi
1089 1480 1097 1494 ,
1118 1470 1153 1490 o-

200 1509 325 1538 mnibus
336 1508 409 1538 locis
418 1508 603 1548 descriptam,
615 1505 800 1539 instru&am,
811 1513 1004 1544 ornatamque
1014 1511 1153 1542 compre-

200 1550 385 1582 henderent,
397 1550 481 1579 rebus
492 1549 560 1579 dico
572 1570 580 1581 ‚
594 1550 626 1578 &
637 1549 798 1578 sententiis.
823 1549 872 1577 Ea:
884 1566 893 1579 ,
905 1547 937 1575 vi
950 1546 997 1575 sua
1005 1544 1092 1574 verba
1102 1553 1152 1583 pa-

199 1593 289 1624 rient,
302 1601 366 1632 quae
377 1592 491 1630 semper
501 1591 566 1621 satis
576 1599 676 1620 ornata
686 1590 764 1619 mihi
774 1588 899 1629 quidem
908 1586 1004 1617 videri
1013 1586 1121 1618 solent,
1132 1582 1152 1613 si

201 1633 352 1673 eJ'usmodi
362 1633 439 1665 sunt,
452 1641 483 1662 ut
492 1643 535 1666 ea,
545 1642 589 1662 res
600 1632 658 1672 ipsa
668 1630 809 1671 peperiss'e
819 1629 963 1659 videatur.
996 1631 1039 1658 Ac
1050 1647 1058 1660 ,
1070 1626 1091 1656 fi
1102 1636 1154 1656 ve-

201 1685 271 1705 rum
282 1674 507 1716 quaei‘itis‚quod
517 1675 595 1704 mihi
604 1673 728 1714 quidem
736 1671 872 1702 videatur
880 1669 969 1710 (nihil
978 1671 1063 1699 enim
1072 1667 1153 1698 aliud

201 1715 349 1747 affirmare
358 1715 477 1755 poss'um
490 1736 498 1749 ‚
517 1712 572 1745 nisi
581 1716 758 1745 sententiam
768 1734 776 1747 ,
801 1713 833 1743 δε
851 1713 1032 1753 opinionem
1042 1710 1154 1750 meam)

203 1758 262 1788 hoc
280 1756 492 1793 instrumentum
508 1757 659 1787 causarum
669 1776 677 1790 ,
698 1756 730 1786 ὃς
746 1754 892 1796 generum
902 1751 1111 1783 universorum
1123 1753 1156 1780 in

204 1799 307 1830 forum
317 1798 430 1829 deferre
439 1799 594 1832 debemus,
601 1803 714 1839 neque,
725 1807 759 1827 ut
768 1806 890 1838 quaeque
898 1805 943 1825 res
954 1795 1046 1825 delata
1054 1794 1089 1824 ad
1100 1803 1156 1823 nos

203 1842 261 1871 erit
271 1853 279 1874 3
303 1849 368 1870 tum
388 1841 516 1881 denique
536 1841 653 1871 scrutari
673 1840 756 1869 locos
766 1859 774 1872 2
805 1848 842 1868 ex
860 1837 969 1878 quibus
986 1843 1159 1876 argumenta

204 1892 344 1913 eruamus
356 1893 361 1911 2
373 1893 438 1923 quae
446 1882 571 1923 quidem
581 1881 723 1912 omnibus
734 1901 742 1914 ,
759 1881 811 1922 qui
821 1890 853 1910 ea
862 1878 1054 1908 mediocriter
1063 1875 1157 1906 modo

204 1922 418 1954 confiderar'int
428 1945 436 1957 ,
457 1923 556 1954 studio
565 1923 700 1954 adhibito
712 1923 745 1952 δε
756 1923 808 1952 usu
820 1941 828 1955 ,
845 1919 1014 1961 pertradiata
1023 1918 1079 1948 esse
1090 1918 1159 1958 pos-

209 1965 287 1995 sunt.
312 1965 361 1995 sed
380 1974 480 1995 tamen
499 1967 618 1995 animus
628 1963 798 1994 referendus
808 1962 850 1993 est
859 1962 893 1992 ad
904 1972 937 1991 ea
945 1963 1039 2000 capita
1049 1981 1058 1993 2
1080 1961 1113 1990 δε
1124 1959 1159 1989 ad

207 2007 278 2037 illos
290 2027 298 2041 ,
318 2017 392 2047 quos
403 2008 437 2037 sae
441 2017 477 2047 pe
484 2008 546 2047 jam
556 2007 699 2047 appellavi
711 2026 719 2039 ,
737 2006 805 2035 lotos
815 2025 822 2038 ,
845 2014 883 2034 ex
892 2003 1001 2044 quibus
1011 2003 1115 2032 omnia
1124 2001 1160 2031 ad

206 2058 335 2079 omnem
345 2051 514 2079 orationem
523 2048 644 2080 inventa
653 2048 811 2078 ducuntur.
835 2049 930 2086 Atque
941 2045 999 2074 hoc
1008 2053 1107 2074 totum
1119 2041 1161 2072 est

207 2089 266 2120 sive
276 2092 353 2123 artis,
364 2088 422 2120 five
433 2088 707 2123 animadversionis,
718 2088 774 2118 five
785 2086 1010 2118 consuetudinis
1021 2106 1030 2119 ,
1041 2083 1110 2122 nosse
1119 2094 1161 2112 re-

203 2132 238 2171 gi
242 2141 300 2160 ones
309 2151 318 2164 ,
336 2135 354 2161 τῖ’
362 2131 437 2161 intra
447 2141 518 2173 quas
527 2141 633 2160 venere
645 2130 677 2160 δε
686 2129 862 2170 peivestiges
871 2128 952 2169 quod
962 2137 1085 2168 quaeras.
1108 2126 1161 2155 ubi

173 2191 177 2202 ,
209 2183 282 2202 eum
300 2173 402 2202 locum
419 2182 546 2202 omnem
564 2174 743 2212 cogitatione
762 2171 902 2209 saepseris:
929 2167 949 2197 fi
969 2167 1063 2198 modo
1074 2167 1162 2196 usum

211 2224 313 2244 rerum
323 2211 521 2254 percallueris,
532 2215 610 2243 nihil
619 2223 646 2243 te
657 2210 779 2254 effugiet
790 2220 891 2250 :atque
903 2219 1006 2243 omne,
1018 2207 1099 2250 quod
1110 2209 1165 2237 erit

153 2263 168 2295 3
178 2263 195 2292 5
214 2257 247 2286 in
258 2266 301 2288 re,
313 2264 457 2289 occurret,
469 2264 553 2295 atque
564 2255 686 2285 incidet,
714 2257 751 2283 Et
761 2251 808 2286 fic,
818 2253 890 2281 ciim
899 2249 1164 2280 adinveniendum

212 2299 246 2328 in
257 2296 386 2327 dicendo
396 2299 448 2326 tria
459 2295 531 2330 fint3
550 2305 678 2326 acumen
688 2315 699 2328 ,
718 2293 826 2324 deinde
835 2295 909 2322 iatio
919 2312 927 2326 ,
953 2291 1044 2333 quam
1055 2291 1123 2320 licet
1133 2288 1166 2328 (fi

214 2339 370 2379 volumus)
379 2338 562 2378 appellemus
572 2347 664 2371 artem
674 2357 684 2370 ,
704 2337 824 2366 tei-tium
834 2334 1003 2373 diligentia:
1027 2342 1090 2362 non
1099 2331 1166 2371 pos-

215 2380 283 2412 sum
301 2379 443 2420 equidem
463 2389 527 2408 non
546 2380 670 2420 ingenio
689 2379 799 2418 primas
810 2375 970 2406 concedere
983 2385 988 2402 z
1007 2373 1056 2403 sed
1066 2382 1167 2403 tamen

218 2432 325 2453 IPSUM
346 2430 523 2450 moamuivi
541 2421 694 2462 diligentia
702 2421 792 2448 etiam
803 2428 841 2449 ex
852 2416 982 2447 tarditate
991 2417 1102 2445 incitat.
1121 2414 1168 2444 di-

216 2464 352 2503 ligentia,
362 2464 497 2502 inquam,
507 2461 579 2491 curn
589 2461 736 2492 omnibus
747 2462 780 2489 in
789 2459 886 2492 rebus,
899 2467 964 2487 turn
975 2458 1007 2486 in
1017 2454 1106 2487 causis
1117 2455 1167 2485 de-

215 2504 377 2536 fendendis
395 2503 564 2543 plurimum
582 2503 667 2533 valet.
691 2503 753 2532 haec
770 2499 916 2541 praecipue
926 2497 1052 2529 colenda
1061 2496 1103 2526 est
1113 2507 1168 2526 no-

218 2547 266 2578 bis
279 2557 284 2575 :
305 2547 366 2575 haec
376 2545 491 2584 semper
498 2543 664 2575 adhibenda
675 2555 683 2578 3
704 2545 765 2573 haec
775 2542 853 2572 nihil
862 2540 903 2571 cst
913 2561 921 2574 ‚
932 2539 1013 2581 quod
1023 2548 1087 2568 non
1096 2536 1168 2568 affe-

220 2596 337 2629 quatui·.
362 2587 452 2616 Causa
461 2589 620 2626 utpenitus
631 2607 639 2619 ,
652 2585 732 2626 quod
743 2585 834 2614 initio
843 2583 926 2616 dixi,
948 2590 1018 2611 nota
1028 2579 1060 2610 sit
1070 2600 1078 2613 ‚
1098 2579 1170 2609 dili-

221 2627 370 2670 gentiacst
383 2639 388 2656 ;
406 2636 438 2656 ut
447 2628 644 2658 adversarium
653 2625 762 2657 attente
772 2625 927 2655 audiamus
937 2644 946 2657 ,
968 2631 1055 2662 atque
1065 2630 1097 2651 ut
1106 2622 1170 2660 ejus

224 2681 289 2700 non
300 2668 398 2700 solum
407 2669 565 2699 sententias
576 2689 584 2703 ,
606 2668 654 2699 sed
663 2670 753 2698 etiam
763 2666 851 2696 verba
860 2667 964 2695 omnia
973 2665 1168 2703 excipiamus,

221 2712 322 2742 vultus
332 2710 462 2751 denique
470 2711 680 2751 perspiciamus
690 2710 809 2740 omneis
819 2727 827 2742 ,
837 2717 888 2750 qui
897 2707 995 2738 sensus
1004 2706 1098 2736 animi
1107 2705 1172 2745 ple-

1188 136 1230 182 C
1266 150 1284 181 1
1318 151 1345 182 e
1379 152 1409 197 a
1442 150 1477 182 R
1511 154 1539 184 o
1574 150 1606 183 N
1641 151 1660 182 1
1693 150 1712 181 s

1183 221 1309 253 rumque
1319 210 1463 246 indicant,
1476 211 1629 253 diligentia
1638 212 1689 243 est.
1718 211 1751 243 Id
1762 220 1862 244 tamen
1871 209 2139 243 diffirnulanteffa·

1169 264 1247 293 „cere
1258 274 1266 287 ,
1288 263 1326 283 ne
1336 251 1389 283 sibi
1399 254 1451 283 ille
1460 253 1570 294 aliquid
1582 253 1724 294 proficere
1736 254 1886 287 videatur,
1907 253 2063 294 prudentia
2078 251 2135 283 est.

1185 294 1305 325 Deinde
1318 303 1349 324 ut
1358 296 1390 324 in
1400 297 1437 325 iis
1447 295 1532 328 locis,
1542 305 1617 336 quos
1628 305 1793 336 proponam
1803 296 1903 335 paullo
1912 295 1978 335 post
1988 315 1996 328 ,
2016 294 2138 334 pewol-

1184 345 1269 367 vatur
1278 338 1396 366 animus
1409 356 1417 370 ,
1439 346 1470 366 tit
1480 337 1508 366 se
1518 338 1635 376 penitus
1646 336 1775 367 insinuet
1785 340 1817 366 in
1828 337 1942 367 causam
1956 357 1963 370 ,
1984 346 2016 366 ut
2026 335 2059 366 sit
2069 344 2139 365 cura

1188 378 1220 409 &
1239 380 1420 420 cogitatione
1438 380 1589 412 intentus,
1610 379 1765 419 diligentia
1782 378 1840 408 est:
1858 379 1945 408 uthis
1957 378 2043 408 rebus
2053 377 2139 407 adhi-

1187 420 1251 449 beat
1263 440 1271 452 ,
1283 429 1423 459 tanquam
1434 419 1539 449 lumen
1550 420 1670 460 aliquod
1682 441 1690 453 ,
1704 422 1882 449 memoriam
1895 440 1903 452 ‚
1916 429 1948 449 ut
1959 429 2067 449 vocem
2078 438 2087 452 ,
2108 425 2142 447 ut

1187 463 1276 490 vireis
1290 471 1294 488 :
1316 461 1376 489 haec
1387 470 1493 501 magna
1504 461 1581 490 sunt.
1604 464 1684 490 Inter
1693 463 1852 501 ingenium
1862 461 1985 501 quidem
1998 481 2006 493 ‚
2027 460 2060 490 ὃς
2070 459 2142 489 dili-

1188 505 1319 544 gentiam
1336 502 1554 541 perpaullulum
1574 502 1633 531 loci
1651 503 1802 542 reliquum
1821 501 1863 531 est
1872 511 1936 531 arti.
1959 511 2002 531 ars
2012 501 2143 530 demon-

1190 544 1255 573 strat
1265 543 1381 573 tantum
1394 563 1402 575 ‚
1424 543 1474 572 ubi
1485 552 1594 583 quatias
1605 563 1614 576 ‚
1626 552 1711 583 atque
1721 543 1773 573 ubi
1785 541 1818 572 fit
1828 543 1904 572 illud
1916 563 1923 576 ,
1935 542 2016 583 quod
2026 541 2142 575 studeas

1191 586 1326 615 invenire
1339 595 1343 612 z
1368 585 1480 624 reliqua
1491 604 1498 617 ,
1512 584 1620 613 suntin
1630 594 1698 614 cura
1709 605 1718 617 ‚
1730 586 1894 614 attentione
1903 585 1998 613 animi
2010 603 2018 617 ‚
2033 585 2144 624 cogita-

1191 629 1284 659 tione,
1297 625 1458 666 vigilantia,
1470 624 1641 659 affiduitate,
1653 626 1761 655 labore.
1776 624 1957 664 comple&ar
1966 634 2028 654 uno
2038 624 2143 657 verbo,

1191 678 1250 708 quo
1263 669 1336 707 saepe
1343 668 1406 706 jam
1417 666 1459 696 usi
1469 667 1582 700 sumus,
1594 668 1742 708 dirigentia
1751 678 1762 694 .·
1784 677 1840 707 qua
1850 677 1908 696 una
1917 668 2025 696 virtute
2036 675 2146 696 omnes

1190 712 1315 739 virtutes
1324 709 1444 748 reliquce
1454 711 1657 738 continentur.
1682 711 1763 738 Nam
1773 710 1917 738 orationis
1928 707 2051 748 quidem
2061 708 2147 746 copia

1191 751 1330 780 videmus
1351 759 1382 779 ut
1400 750 1553 780 abundent
1570 750 1741 790 philosophi
1753 770 1761 784 ,
1781 752 1832 790 qui
1844 769 1852 783 ,
1875 759 1906 779 ut
1916 751 2024 789 opinor
2042 748 2103 787 (sed
2115 757 2148 778 tu

1193 794 1255 822 'naec
1266 812 1273 825 ,
1286 792 1388 821 Catule
1399 811 1406 825 ,
1420 792 1540 831 melius)
1551 792 1633 821 nulla
1643 791 1712 821 dant
1720 800 1862 831 praecepta
1872 790 2010 824 dicendi,
2033 800 2088 820 nec
2099 788 2147 819 id-

1192 836 1271 863 circo
1283 835 1384 862 minus
1396 853 1404 866 ‚
1416 843 1613 873 quaecumque
1623 843 1667 863 res
1677 831 1822 873 proposita
1832 831 1874 862 est
1884 852 1892 865 ‚
1914 833 2076 872 suscipiunt
2085 851 2092 864 ,
2108 831 2146 860 de

1192 885 1249 916 qua
1257 874 1386 913 copiose,
1402 875 1433 904 ὃς
1445 874 1629 904 abundanter
1638 875 1804 915 loquantur.
1836 876 1921 903 Tum
1932 873 2052 903 Catulus
2064 883 2069 901 ε
2082 871 2144 905 Est,
2165 868 2209 912 36

1194 918 1293 956 inquit
1305 936 1314 948 ,
1326 924 1358 944 ut
1369 915 1443 945 dicis
1454 936 1462 949 ,
1475 918 1590 945 Antoni
1603 937 1612 949 ,
1634 925 1666 945 ut
1674 916 1807 956 plerique
1817 915 1988 955 philosophi
1999 915 2082 944 nulla
2091 923 2147 944 tra-

1193 958 1263 987 dant
1274 965 1416 996 praecepta
1426 957 1557 990 dicendi,
1571 958 1604 987 ὃς
1613 957 1740 987 habeant
1747 966 1880 997 paratum
1890 966 1990 987 tamen
2002 976 2010 990 ,
2028 955 2101 996 quid
2111 954 2149 985 de

1192 1008 1310 1040 quaque
1328 1009 1357 1028 re
1376 998 1485 1028 dicant.
1504 998 1560 1029 Sed
1571 998 1742 1029 Aristoteles
1756 1019 1764 1033 ‚
1782 1001 1806 1028 is
1817 1019 1826 1032 ,
1845 1009 1936 1039 quem
1947 997 2081 1028 maxime
2093 1006 2150 1037 ego

1193 1040 1343 1074 admiror,
1364 1041 1516 1080 'proposuit
1525 1040 1670 1081 quosdam
1681 1041 1764 1070 locos
1776 1061 1783 1073 ‚
1798 1050 1835 1069 ex
1845 1039 1954 1080 quibus
1966 1043 1978 1066 ἲ
1989 1041 2091 1069 omnis
2101 1049 2148 1068 ar-

1193 1084 1329 1123 gumenti
1339 1092 1388 1111 Via
1397 1101 1405 1115 ,
1419 1092 1483 1111 non
1494 1081 1588 1111 modo
1599 1082 1633 1112 ad
1644 1082 1893 1121 philosophorum
1904 1081 2149 1121 disputationem,

1194 1124 1242 1154 sed
1254 1126 1344 1153 ctiam
1355 1123 1389 1152 ad
1400 1125 1485 1157 hane,
1497 1134 1554 1163 qua
1565 1126 1598 1153 in
1609 1122 1697 1153 causis
1710 1126 1834 1156 utimur,
1845 1125 2029 1153 inveniretur
2041 1132 2046 1150 2
2061 1121 2077 1151 a
2086 1131 2150 1161 quo

1195 1165 1319 1206 quidem
1338 1166 1465 1194 homine
1480 1165 1661 1203 jamdudum
1674 1185 1682 1198 ,
1704 1167 1819 1195 Antoni
1831 1184 1838 1197 ,
1859 1174 1924 1194 non
1933 1164 2045 1193 aberrat
2053 1163 2152 1193 oratio

1195 1216 1242 1237 tua
1252 1227 1260 1240 ,
1282 1205 1340 1236 five
1359 1215 1391 1235 tu
1412 1205 1607 1236 similitudine
1618 1206 1700 1235 illius
1710 1206 1807 1236 divini
1818 1207 1933 1245 ingenii
1943 1206 1976 1234 in
1985 1204 2090 1234 eadem
2100 1205 2150 1233 in-

1195 1250 1287 1278 curris
1305 1247 1427 1287 vestigia
1438 1267 1445 1280 ,
1465 1246 1523 1278 five
1533 1250 1623 1277 etiam
1633 1247 1684 1276 illa
1692 1248 1752 1287 ipsa
1760 1246 1856 1287 legisti
1868 1266 1876 1279 ,
1895 1255 1982 1287 atque
1999 1245 2129 1275 didicisti
2141 1255 2152 1275 ε

1193 1289 1274 1331 quod
1286 1289 1409 1330 quidem
1420 1291 1512 1330 magis
1522 1287 1682 1319 verisimile
1691 1288 1820 1318 videtur.
1843 1288 1912 1318 Plus
1921 1289 2005 1318 enim
2015 1295 2042 1317 te
2053 1295 2152 1326 operae

1197 1333 1306 1361 Graecis
1316 1329 1427 1362 dediss'e
1437 1333 1524 1360 rebus
1535 1330 1624 1360 video
1636 1350 1644 1363 ,
1657 1329 1671 1349 ⁶
1681 1330 1772 1371 quarn
1781 1338 1959 1369 putaramus.
1992 1331 2075 1359 Tum
2086 1328 2151 1362 ille,

1196 1376 1309 1402 Verum
1322 1393 1330 1406 ,
1343 1374 1442 1412 inquit
1450 1392 1458 1406 ,
1476 1382 1514 1402 ex
1522 1382 1572 1401 me
1581 1372 1683 1402 audies
1694 1392 1702 1405 ,
1724 1372 1836 1401 Catule.
1860 1370 1975 1410 semper
1984 1380 2039 1411 ego
2048 1368 2154 1400 existi-

1199 1417 1290 1448 mavi,
1297 1414 1499 1453 jucundiorem,
1514 1413 1546 1443 δε
1555 1413 1789 1453 probabiliorem
1800 1413 1871 1442 huie
1878 1412 1993 1452 populo
2003 1420 2152 1442 oratorem

1198 1456 1273 1489 sore,
1285 1458 1336 1496 qui
1347 1455 1480 1494 primum
1493 1455 1582 1496 quam
1594 1457 1757 1484 minimam
1767 1452 1885 1484 artificii
1895 1454 2031 1493 alicujus,
2043 1452 2155 1482 deinde

1199 1498 1314 1527 nullam
1327 1499 1494 1526 Graecarum
1505 1507 1605 1526 rerum
1616 1495 1864 1538 significationem
1875 1495 1964 1525 daret.
1994 1504 2080 1534 atque
2097 1503 2155 1535 ego

1200 1539 1281 1569 idem
1292 1538 1461 1568 existimavi
1473 1559 1481 1572 ,
1501 1541 1644 1568 Paeimis
1663 1536 1721 1567 effe
1731 1558 1739 1571 ,
1762 1547 1827 1567 non
1838 1538 1973 1566 hominis
1983 1556 1991 1569 ,
2005 1535 2076 1566 cum
2089 1543 2154 1565 tan-

1200 1590 1241 1611 tas
1253 1591 1297 1610 res
1308 1582 1403 1610 Graeci
1413 1580 1601 1619 susciperent,
1613 1578 1823 1619 profiterentur
1833 1599 1841 1612 ,
1851 1586 1978 1620 agerent,
1991 1578 2110 1617 seseque
2121 1577 2156 1608 δε

1200 1622 1324 1652 vivendi
1336 1632 1380 1651 res
1391 1620 1605 1651 obscurissimas
1616 1642 1623 1655 ,
1644 1621 1676 1651 δε
1688 1621 1762 1650 bene
1772 1621 1895 1650 vivendi
1907 1640 1915 1653 2
1936 1619 1968 1649 &
1977 1619 2097 1659 copiose
2107 1617 2156 1648 di·-

1201 1664 1288 1695 cendi
1297 1665 1444 1694 rationem
1455 1663 1633 1692 hominibus
1644 1663 1761 1693 daturos
1771 1662 2000 1703 pollicerentur,
2022 1670 2085 1690 non
2101 1659 2155 1690 ad-

1201 1716 1323 1736 movere
1334 1715 1446 1738 aurem,
1459 1705 1501 1738 &,
1514 1704 1534 1733 fi
1543 1705 1641 1746 palam
1651 1704 1749 1735 audire
1759 1713 1809 1734 eos
1820 1713 1884 1733 non
1893 1702 2014 1733 auderes
2025 1722 2033 1736 ,
2044 1712 2082 1732 ne
2093 1703 2154 1731 mi-

1202 1757 1308 1778 nueres
1318 1746 1392 1787 apud
1404 1756 1470 1776 tuos
1482 1748 1573 1776 civeis
1582 1746 1789 1776 auetoritatem
1798 1755 1892 1778 tuam,
1908 1742 2155 1775 subauscultando

1202 1799 1304 1820 tamen
1313 1791 1449 1828 excipere
1458 1790 1559 1818 voccis
1569 1798 1674 1818 eorum
1687 1809 1694 1821 ‚
1716 1788 1748 1818 &
1759 1787 1862 1827 procul
1873 1807 1881 1820 ,
1901 1785 1972 1826 quid
1991 1793 2153 1818 narrarent,

1202 1830 1361 1862 attendere.
1375 1833 1471 1870 itaque
1480 1829 1550 1862 feci,
1564 1831 1677 1864 Catule,
1690 1829 1858 1860 &istorum
1869 1829 2012 1858 omnium
2023 1827 2155 1857 summa-

1203 1875 1259 1902 tim
1278 1872 1373 1902 causas
1383 1892 1392 1905 ,
1414 1875 1561 1912 &genera
1571 1872 1630 1911 ipsa
1639 1871 1762 1913 gustavi.
1795 1870 1888 1900 Valde
1897 1869 2016 1898 hercule
2029 1889 2037 1901 ,
2057 1869 2157 1909 inquit
2176 1875 2218 1909 37
2250 1912 2259 1921 ·

1204 1915 1337 1947 Catulus,
1349 1913 1467 1947 timide,
1480 1922 1618 1954 tanquam
1629 1913 1664 1943 ad
1675 1914 1807 1953 aliquem
1816 1909 2086 1950 libidinisscopm'um
2097 1929 2105 1943 ,
2118 1907 2157 1940 fic

1205 1965 1287 1986 tuam
1299 1964 1436 1985 mentem
1445 1954 1479 1985 ad
1489 1955 1710 1994 philosophiam
1720 1953 1874 1994 appulisti:
1894 1962 1984 1994 quam
2003 1952 2064 1981 haec
2080 1953 2159 1981 civi-

1205 2007 1244 2027 tas
1256 1998 1403 2037 aspernata
1411 2006 1576 2036 numquam
1587 1996 1638 2026 est.
1662 1999 1743 2026 Nam
1756 1996 1787 2026 &
1796 1994 1899 2025 referta
1908 1992 2063 2034 quondam
2075 1992 2160 2022 Italia

1206 2040 1459 2079 Pythagoreorum
1468 2037 1526 2068 fuit
1535 2058 1543 2071 ,
1555 2047 1630 2071 tum,
1642 2037 1712 2068 cum
1724 2046 1783 2067 erat
1792 2039 1825 2066 in
1834 2038 1887 2066 hac
1894 2044 1980 2075 gente
1991 2044 2097 2074 magna
2106 2033 2159 2065 illa

1208 2083 1321 2111 Graecia
1333 2091 1337 2108 :
1357 2090 1395 2110 ex
1405 2090 1464 2120 quo
1473 2082 1562 2109 etiam
1572 2079 1693 2120 quidam
1703 2082 1839 2109 Numam
1848 2075 2045 2115 Pompilium,
2055 2084 2159 2116 regem

1207 2122 1343 2152 nostrum
1357 2142 1365 2155 ,
1384 2120 1470 2151 fuiss‘e
1480 2122 1695 2160 Pythagoreum
1703 2119 1805 2149 ferunt
1815 2130 1823 2152 3
1845 2119 1898 2158 qui
1907 2118 1992 2146 annis
2001 2116 2160 2155 permultis

1208 2163 1276 2193 ante
1286 2162 1361 2196 fuit,
1381 2161 1471 2201 quam
1481 2162 1541 2201 ipse
1552 2162 1726 2202 Pythagoras
1739 2171 1744 2188 :
1763 2169 1825 2200 quo
1844 2160 1934 2188 etiam
1952 2160 2041 2197 major
2050 2158 2098 2186 vir
2105 2158 2160 2187 ha-

1211 2203 1326 2235 bendus
1336 2202 1379 2232 est
1389 2223 1397 2236 ,
1420 2201 1492 2232 cum
1511 2203 1594 2242 illam
1614 2202 1786 2241 sapientiam
1805 2199 2020 2231 constituendae
2030 2200 2158 2230 civitatis

1211 2245 1327 2275 duobus
1337 2244 1429 2286 prope
1441 2244 1545 2273 seculis
1555 2242 1623 2273 ante
1634 2244 1777 2285 cognovit
1787 2262 1794 2276 ,
1818 2241 1910 2282 quam
1921 2251 1986 2271 eam
1998 2242 2095 2270 Graeci
2106 2250 2159 2270 na-

1211 2295 1271 2316 tam
1290 2284 1348 2315 ess'e
1365 2285 1518 2315 senserunt
1526 2305 1534 2318 ,
1559 2285 1592 2314 δε
1603 2294 1680 2315 certe
1690 2294 1753 2314 non
1763 2284 1832 2314 tulit
1843 2283 1920 2313 ullos
1929 2284 1991 2313 haec
2000 2284 2101 2313 civitas
2109 2281 2162 2311 aut

1212 2328 1305 2368 gloria
1314 2327 1450 2357 clariores
1460 2346 1468 2360 ‚
1489 2335 1537 2356 aut
1548 2325 1722 2356 auctoritate
1730 2327 1876 2367 graviores
1887 2345 1894 2359 ,
1918 2333 1968 2354 aut
1975 2325 2161 2353 humanitate

1211 2369 1364 2409 politiores
1376 2388 1384 2402 ,
1396 2371 1425 2398 P.
1439 2367 1596 2401 Africano,
1616 2370 1647 2397 C.
1660 2368 1755 2399 Laelio
1767 2387 1775 2400 ‚
1796 2368 1832 2396 L.
1842 2368 1931 2396 Furio
1942 2386 1950 2400 ,
1971 2367 2023 2406 qui
2041 2367 2159 2395 SECUM

1213 2408 1424 2440 eruditissimos
1434 2410 1574 2439 homines
1585 2419 1622 2439 ex
1633 2411 1744 2440 Graecia
1752 2409 1849 2449 palam
1858 2408 1972 2448 semper
1980 2406 2159 2437 habuerunt.

1214 2455 1311 2492 Atque
1321 2461 1376 2492 ego
1386 2461 1423 2480 ex
1433 2450 1496 2480 istis
1506 2451 1578 2491 saepe
1588 2450 1686 2481 audivi
1699 2471 1706 2484 ,
1726 2449 1797 2480 cum
1817 2449 1950 2481 dicerent
1959 2469 1967 2482 ,
1990 2455 2161 2489 pergratum.

1215 2493 1423 2523 Athenienseis
1434 2493 1466 2522 &
1476 2491 1528 2522 sibi
1536 2491 1635 2522 reciss'e
1646 2512 1654 2525 ,
1675 2493 1707 2522 δε
1718 2492 1821 2521 multis
1830 2490 2013 2531 principibus
2023 2489 2161 2521 civitatis,

1216 2534 1298 2576 quod
1309 2555 1317 2568 ‚
1338 2534 1410 2564 cum
1420 2534 1454 2565 ad
1465 2534 1598 2563 senatum
1609 2534 1716 2574 legatos
1727 2533 1761 2563 de
1773 2533 1830 2563 suis
1841 2534 1984 2562 maximis
1994 2531 2081 2562 rebus
2091 2531 2163 2559 mit-

1217 2586 1311 2606 terent
1322 2596 1330 2610 ,
1350 2578 1419 2606 treis
1436 2576 1518 2605 illius
1537 2577 1627 2604 aetatis
1643 2573 1844 2605 nobiliffimos
1863 2573 2058 2614 philosophos
2067 2569 2164 2602 mifis-

1218 2619 1291 2651 sent,
1303 2617 1493 2650 Carneadem,
1506 2618 1537 2646 &
1548 2617 1711 2647 Critolaum
1722 2637 1730 2650 ,
1742 2617 1774 2646 ὃς
1785 2617 1966 2656 Diogenem.
1989 2617 2090 2654 Itaque
2100 2622 2164 2645 eos.

1219 2660 1293 2690 <lum
1304 2662 1411 2690 Roma:
1423 2657 1514 2688 ess'ent
1525 2679 1533 2691 ,
1557 2659 1588 2688 δε
1599 2658 1614 2687 a
1624 2659 1652 2688 se
1663 2679 1673 2692 ‚
1695 2658 1726 2688 δε
1736 2658 1771 2688 ab
1780 2657 1845 2687 aliis
1854 2656 2022 2697 frequenter
2031 2654 2146 2685 auditos
2159 2663 2166 2682 z

1218 2711 1293 2743 quos
1303 2710 1334 2732 tu
1344 2700 1414 2733 cuin
1425 2700 1546 2731 haberes
1555 2698 1688 2731 auCtores
1700 2720 1709 2734 ‚
1723 2700 1848 2732 Antoni,
1860 2700 1964 2731 miror,
1973 2707 2024 2728 cui·
2032 2695 2168 2737 philoso-

2072 2738 2149 2778 Phlae
2161 2755 2171 2769 ι

266 2836 276 2853 1
285 2847 290 2852 .
309 2830 337 2852 111
346 2826 572 2860 orinmftlmmqm]
586 2823 776 2859 Redintegrav'l
789 2822 855 2850 istud
866 2822 918 2848 side
929 2820 986 2848 Pal.
997 2820 1075 2855 prim.
1084 2817 1135 2844 sec.
1146 2819 1174 2845 εἰ

226 2863 300 2889 Ρὶὼ,
310 2862 450 2896 firmatque
462 2861 514 2897 ipse
525 2862 608 2887 noster
618 2860 688 2887 iufra
698 2870 753 2895 cap.
767 2868 810 2894 55.
824 2858 869 2885 sub
879 2858 968 2885 finem.
988 2858 1053 2883 item
1063 2855 1111 2881 lib.
1125 2863 1174 2881 iii.

226 2908 282 2934 cap.
294 2905 338 2932 34.
349 2897 403 2933 ipso
414 2897 511 2923 medio.

265 2943 293 2960 2.
313 2935 382 2966 Istam
390 2934 520 2966 oscitantem
529 2933 557 2963 (ἶ)-
566 2932 726 2958 dormitantem
731 2932 752 2965 .]
773 2932 856 2957 voces
874 2929 931 2956 duoe
951 2928 1106 2965 posteriores
1125 2936 1177 2953 non

229 2969 324 2998 suntin
336 2969 442 3004 Parpr.
453 2968 502 2994 sec.
513 2976 558 2994 aut
569 2969 678 2993 Mamm.
691 2976 718 2993 ae
730 2967 800 2992 l‘iiii,
813 2976 859 2992 iiee
869 2965 1022 2992 desiderem.

268 3014 294 3040 3.
314 3007 346 3029 Et
356 3012 479 3030 ceterorum
488 3006 617 3034 bearorum,
627 3004 693 3037 &eff
707 3002 798 3028 Dicin>
807 3004 925 3028 hearnii-um
936 3020 944 3032 ‚
955 3010 1006 3027 non
1018 2998 1052 3026 est
1064 2999 1090 3025 iu
1100 2998 1178 3025 diffis

229 3041 375 3067 Gallicanis
388 3051 395 3070 ·,
409 3039 476 3065 unde
488 3039 647 3066 Gulielmius
658 3037 813 3072 conjiciebat
825 3057 833 3070 ‚
843 3041 983 3071 Gargarum„
995 3035 1118 3063 sedenim
1128 3034 1179 3060 ha:-

228 3084 270 3103 ret
281 3077 306 3103 in
318 3076 438 3102 omnibus
450 3075 517 3101 Pall.

266 3121 294 3145 4.
315 3115 384 3138 lutra
394 3121 453 3145 quar
462 3120 547 3136 venere
555 3111 726 3143 &pervestiges
743 3110 803 3143 quoii
819 3109 935 3143 quiet-af]
956 3109 1026 3134 Mire
1038 3107 1078 3133 liic
1089 3116 1130 3133 me
1141 3107 1182 3133 lo-

228 3157 274 3175 cui
287 3148 371 3181 torsit,
383 3147 416 3176 ob
425 3146 602 3175 diversitatem
613 3145 771 3178 lesstiouuiii,
782 3154 839 3181 quai
847 3146 874 3174 iii
885 3145 942 3172 nisi.
953 3143 995 3172 sed
1008 3145 1067 3171 vei-ii
1077 3142 1184 3171 deinum

1216 2818 1247 2845 ad
1259 2818 1354 2845 cubilia
1365 2817 1418 2844 rei-'i
1431 2836 1438 2848 ,
1448 2815 1530 2842 duc'hi
1543 2815 1626 2842 Palat.
1638 2814 1724 2850 quarti
1734 2823 1763 2840 :ic
1771 2812 1874 2848 septimi
1886 2821 1894 2842 5
1911 2811 1937 2838 in
1949 2809 2043 2846 quibus
2054 2805 2168 2846 totidem

1219 2855 1302 2880 literis
1315 2854 1377 2884 suit,
1388 2852 1458 2890 quod
1470 2852 1525 2879 licie
1535 2851 1647 2878 exhibeo
1659 2861 1664 2876 :
1680 2858 1764 2886 neque
1773 2848 1859 2874 abibat
1867 2847 1977 2873 ofitavus
1989 2865 1997 2877 ,
2009 2844 2055 2871 iiisi
2065 2841 2135 2879 quod
2147 2850 2169 2867 is

1219 2891 1322 2916 venturis.
1344 2890 1448 2925 vulgata
1459 2889 1483 2914 in
1494 2888 1561 2914 bunc
1571 2887 1640 2912 ‹lic-in
1647 2905 1653 2917 ‚
1663 2889 1731 2911 intra
1739 2894 1798 2919 quas
1808 2886 1890 2908 venire
1899 2883 1992 2912 debeas,
2001 2880 2170 2913 utptrvefliges

1219 2927 1279 2961 quod
1287 2935 1388 2960 qum-asi
1408 2924 1480 2950 fatue
1494 2943 1501 2955 ,
1520 2932 1572 2958 pra:
1583 2922 1665 2948 altera
1677 2921 1771 2947 nostra.
1791 2918 1970 2954 metaphoram
1981 2916 2050 2942 enim
2062 2921 2171 2940 venato·-

1222 2963 1286 2988 riain
1297 2961 1417 2987 omuibus
1428 2959 1513 2985 modis
1524 2958 1619 2994 premit
1630 2956 1780 2986 Tulliiis‚iit
1790 2954 1830 2979 vel
1842 2953 1975 2988 sequentia
1983 2951 2124 2977 ostentarit.

1260 3006 1273 3030 5
1281 3017 1286 3022 .
1307 2997 1383 3023 Omnis
1393 2997 1522 3028 argumenti
1531 2994 1601 3026 vim]
1623 2991 1764 3017 Lambinus
1781 2988 1895 3025 reposuit
1905 2997 1937 3014 ex
1948 2986 2048 3013 duobus
2060 2984 2116 3011 mss.
2127 2993 2172 3009 ttr-

1219 3031 1371 3066 gumentandi
1381 3034 1451 3056 ratio.
1472 3028 1542 3065 quod
1555 3038 1600 3055 iios
1612 3027 1765 3053 exhibemus
1778 3045 1786 3056 ‚
1804 3025 1897 3050 eratin
1909 3023 1976 3049 Pau.
1987 3032 2027 3060 pr.
2038 3021 2087 3048 lec.
2100 3019 2172 3047 Pitli.

1224 3071 1251 3095 Sc
1262 3068 1384 3094 Memmii
1395 3066 1601 3092 membranaceo.
1621 3070 1723 3098 recepta
1734 3061 1825 3091 ὶοξὶὶο,
1835 3061 1905 3085 omnis
1914 3060 2083 3093 argumentatio
2089 3077 2100 3096 ¹.
2154 3089 2160 3095 ¹

1261 3106 1288 3130 6.
1307 3101 1557 3136 Qamputaramm]
1582 3101 1623 3125 lta
1633 3099 1688 3124 Pal.
1701 3097 1748 3124 sec.
1759 3106 1789 3122 ac
1799 3103 1862 3122 tert.
1873 3104 1931 3121 uani
1942 3104 1982 3130 pr.
1994 3095 2021 3120 Sc
2032 3092 2175 3122 Gallicam.

1220 3147 1372 3175 putaremur.
1391 3137 1463 3176 quod
1472 3136 1590 3167 mutabat
1599 3136 1625 3164 iii
1631 3136 1770 3170 putas-imm
1779 3131 1951 3162 Gulielmius,
2145 3163 2184 3189 S‘c

2113 3171 2137 3191 Χ·
2161 3171 2169 3189 Ι

2308 2681 2316 3395 ι-ὴ-ηψ--ω--ε--ψ-ν-σ--α-η-ᾳτε
