2360 3400
455 133 664 178 Eersa’.
707 144 781 174 AD
817 127 872 173 C.
910 128 1232 183 CAssruM,
1268 141 1343 173 ΕΤ
1381 130 1607 183 Anios,
1643 132 1765 177 Lm.
1794 131 1906 178 XII.

216 212 336 248 Poffint.
361 216 425 244 Nec
434 211 476 243 est
485 209 624 252 praeterea
637 208 720 250 qued
734 208 898 250 quidquam
910 206 1072 248 exspectes.
1095 209 1181 238 Tuus
1202 215 1204 237 ῑ

213 254 298 288 emm
309 254 487 287 necessarius
497 251 641 283 affinitate
656 261 734 282 nova
746 250 916 281 deleamur.
933 250 1104 290 Itaqueiam
1115 258 1178 278 non
1200 262 1202 292 j

213 295 258 330 e”st
269 298 416 330 studiosus
429 295 582 328 ludorum,
597 296 626 324 in
633 292 778 334 finitoque
788 291 884 323 fratris
895 293 938 323 tui
949 291 1050 331 plausu
1061 290 1179 320 dirum·

211 337 302 371 Pitur.
327 339 410 370 Alter
425 339 499 367 item
514 334 612 366 affinis
628 338 717 365 novis
731 335 961 365 commentariis
973 333 1092 363 Caesaris
1102 331 1179 361 deli·
1199 366 1200 370 Ἰ

212 384 295 414 nitus
307 380 357 411 est.
381 378 437 410 Sed
450 379 512 408 haec
523 378 691 408 tolerabilia
705 388 710 406 ;
732 377 809 407 illud
820 385 884 406 nori
893 375 1052 405 ferendum
1065 392 1073 407 ,
1095 371 1178 413 quod
1198 407 1199 412 ¹

211 422 255 454 est
264 443 272 457 ,
291 424 345 462 qui
357 419 456 451 vestro
468 429 550 450 anno
563 418 660 449 filium
673 419 759 449 suum
769 418 927 449 consulem
936 416 1072 446 futurum
1083 423 1176 454 putet,

212 465 254 495 ob
271 473 396 504 eamque
412 462 532 492 causam
551 462 578 492 se
595 463 665 492 huic
684 462 791 492 latroni
808 460 956 490 deservire
969 467 1029 497 prae
1046 457 1074 487 se
1092 455 1174 504 =serat.

212 508 294 537 Nam
303 508 337 536 L.
349 508 435 535 Cotta
444 503 600 534 familiaris
613 513 700 533 meus
709 523 717 536 ,
727 502 808 533 fatali
818 501 946 542 quadam
955 499 1174 539 desperatione,

212 557 246 578 ut
257 550 317 580 ait,
336 546 441 577 minus
459 548 490 576 in
511 546 646 592 senatum
664 546 758 592 venit.
781 543 946 591 L3Caesar‚
966 543 1121 588 optimus,
1141 539 1174 569 &
1196 551 1197 582 3
1317 557 1433 585 IEMEM
1451 557 1539 586 credo
1557 558 1653 588 adhuc
1672 560 1857 599 prohibuisse
1920 572 1960 593 uo
1978 562 2082 593 minsa
2103 563 2139 594 de
2151 571 2180 594 te

210 587 391 619 fortissimus
406 590 481 618 civis
495 608 502 621 ,
524 587 691 618 valitudine
705 586 879 626 impeditur.
903 583 1121 622 Ser-sulpitius
1141 581 1174 611 &
1194 611 1196 614 ,
1220 552 1313 629 H
1869 582 1877 596 ’
1899 572 1918 603 q

211 631 329 661 summa
339 629 511 660 auetoritate
524 649 532 662 ‚
555 630 588 660 &
599 628 716 670 optime
728 629 859 659 sentiens
871 646 879 660 ,
898 635 961 658 non
974 623 1063 655 adest.
1087 623 1174 654 Reli·
1194 630 1195 639 ³

211 682 290 714 quos
302 693 310 706 ,
330 674 462 712 exceptis
476 670 631 713 designatis
642 690 650 704 ,
669 670 789 711 ignosce
803 670 880 698 mihi
892 687 901 701 ,
922 666 943 696 s1
960 676 1024 713 non
1043 674 1174 695 numero

210 715 392 745 consulareis
403 733 412 747 ‚
431 713 519 743 habes
532 713 669 743 andstores
680 711 797 742 consilii
810 710 926 750 publici
939 719 944 737 :
964 718 1016 748 qui
1028 714 1171 736 numerus

211 758 304 790 etiam
318 757 407 786 bonis
432 756 538 789 rebus,
558 757 684 795 exiguus
700 751 788 782 esset:
810 749 885 792 quid
908 750 1009 779 censes
1028 748 1175 788 perditis?
1193 768 1194 798 3
1215 765 1364 803 egregiam
1383 763 1503 794 laudem
1523 763 1565 795 est
1586 766 1773 797 consecutus*
1798 771 1858 799 Res
1877 773 1961 801 enim
1983 770 2176 812 tantasgeffit,

212 801 309 840 Quare
321 799 384 838 spes
395 796 437 827 est
448 799 550 826 omnis
561 798 592 825 in
603 795 706 824 vobis:
719 795 771 834 qui
784 791 925 821 fiidcirco
935 789 1053 822 abestis,
1069 798 1100 819 ut
1113 787 1173 818 sitis

211 842 320 870 intuto
334 851 338 870 :
350 850 386 870 ne
396 842 426 869 in
438 838 524 868 vobis
534 836 670 878 quidem.
683 834 725 864 sin
737 832 850 874 aliquid
860 832 988 873 dignum
1001 831 1093 862 vestra
1104 831 1173 872 glo-

210 884 251 912 ria
261 884 412 922 cogitatis:
434 880 527 909 velim
540 879 624 909 iiilvis
636 876 739 906 nobis.
763 873 807 905 sin
822 874 851 905 id
866 875 971 904 minus
982 893 991 907 ,
1011 883 1057 903 res
1072 881 1173 903 tamen

209 924 331 964 publica
348 933 400 963 per
419 930 473 950 vos
488 920 570 950 brevi
587 927 722 958 tempore
735 918 782 956 jus
796 917 885 947 suum
899 915 1082 955 reciperabit.
1108 917 1172 955 Ego

213 968 271 995 tuis
284 986 290 998 ,
309 974 405 1004 neque
416 962 520 992 desum
533 981 541 994 ,
564 970 661 1001 neque
673 960 771 990 deero.
796 960 848 999 qiii
858 956 916 988 five
926 957 960 987 ad
974 967 1023 987 me
1033 954 1173 990 referent,

211 1006 268 1036 sive
282 1016 362 1037 non:
381 1013 450 1034 mea
461 1003 516 1034 tibi
527 1012 628 1033 tamen
639 1001 864 1034 benivolentia,
885 998 1015 1041 fidesque
1024 997 1174 1040 praestabi-

214 1057 268 1079 {Us-

434 1091 572 1120 M.T.C.
597 1091 790 1123 CASSIO,
816 1091 845 1119 S.
860 1089 944 1119 RD.

299 1138 394 1167 Ueni*
417 1145 486 1166 tuus
501 1138 616 1166 amiciis
627 1134 763 1165 furorem
775 1136 807 1164 in
816 1134 880 1164 dies
892 1143 897 1161 t
917 1134 996 1173 prim
1003 1131 1055 1162 iim
1068 1133 1099 1162 in
1111 1130 1170 1163 sta-

300 1188 360 1212 tua,
371 1187 459 1219 quain
471 1177 571 1217 posuit
582 1178 614 1207 in
627 1175 755 1210 Rostris,
767 1173 912 1215 inscripsit
925 1179 934 1194 ¹
951 1184 1101 1204 PARENTI
1115 1184 1171 1204 οῖ’-

205 1231 295 1252 ·riME
305 1230 447 1250 MERITOI
457 1229 490 1249 ut
500 1229 564 1249 non
576 1215 669 1248 modo
681 1217 908 1257 ficai·ii,sedjam
919 1218 1009 1247 etiam
1020 1216 1170 1256 patricidae

201 1263 396 1303 judicemini.
407 1261 480 1302 quid
490 1260 558 1291 dico
570 1260 943 1299 jufflceminstjudicemur
951 1261 1061 1299 potius.
1073 1257 1170 1288 Vestri

205 1307 289 1335 enim
309 1304 504 1344 pulcherrimi
528 1301 597 1332 facti
614 1303 666 1332 ille
684 1301 815 1332 fui-iosus
833 1311 883 1330 me
902 1303 1071 1340 principem
1097 1299 1171 1345 dicit

204 1345 302 1376 fuiss'e.
315 1381 317 1383 Ι
328 1347 454 1375 Utinam
465 1343 588 1385 quidem
599 1342 720 1374 fuifl'em
733 1354 739 1372 :
752 1342 896 1373 molestus
907 1343 996 1372 nobis
1007 1352 1071 1372 nori
1081 1340 1160 1371 esset.

203 1388 260 1419 Sed
272 1389 328 1418 hoc
339 1385 469 1417 vestrum
480 1385 616 1426 estzquod
626 1394 722 1426 quum
731 1386 1003 1425 praeteriit‚utinam
1014 1384 1168 1418 haberem,

204 1429 278 1471 quid
289 1428 376 1459 vobis
385 1427 485 1458 darem
496 1425 622 1457 consilii.
638 1426 695 1457 Sed
708 1437 745 1456 ne
756 1427 835 1456 mihi
844 1426 967 1467 quidem
978 1424 1031 1465 ipfi
1041 1427 1166 1464 reperio,

204 1470 278 1512 quid
296 1469 468 1500 faciendum
481 1467 524 1498 fit.
548 1468 631 1509 Qid
641 1469 728 1498 enim
737 1467 779 1498 est
790 1489 798 1501 ,
818 1467 901 1509 quod
912 1477 1017 1498 contra
1025 1469 1090 1498 vim
1105 1465 1166 1497 sine

203 1514 237 1544 vi
248 1508 408 1552 fieripoffit
421 1514 432 1540 ἓ
452 1508 621 1541 Consilium
631 1520 725 1540 omne
734 1519 834 1540 autem
846 1511 905 1540 hoc
912 1507 956 1539 est
965 1509 1089 1539 illorum
1102 1528 1110 1542 ,
1133 1518 1166 1539 ut

205 1563 338 1584 mortem
357 1553 476 1585 Caesaris
487 1552 710 1593 persequantur.
741 1554 845 1592 ltaque
864 1555 879 1571 2
899 1560 967 1581 ante
987 1551 1070 1581 diem
1090 1551 1164 1581 seXt.

205 1599 290 1627 Non.
309 1594 415 1626 Οᾶοἱ).
428 1593 591 1635 Ρτοάυὲὶυε
600 1596 633 1624 in
642 1595 826 1624 concionem
838 1593 854 1623 a
868 1594 997 1624 Canutio
1008 1613 1016 1627 ,
1039 1591 1166 1633 turpiffi-

204 1637 256 1668 me
273 1637 326 1668 ille
340 1636 466 1678 quidem
487 1634 626 1667 disceffit:
649 1635 698 1666 sed
710 1645 811 1666 tamen
831 1646 864 1665 ea
875 1635 954 1670 dixit
964 1635 1001 1665 de
1009 1635 1168 1666 conserva-

204 1679 319 1710 toribus
338 1680 437 1719 patriae
447 1698 456 1712 ,
474 1688 542 1720 quae
561 1677 622 1708 dici
644 1677 790 1708 deberent
801 1677 837 1708 de
847 1677 1064 1718 proditoribus.
1090 1680 1103 1704 ³
1115 1679 1164 1707 De

205 1731 256 1752 me
274 1721 399 1762 quidem
410 1729 474 1750 non
485 1720 655 1750 dubitanter
664 1721 739 1760 quin
750 1721 856 1750 omnia
865 1719 901 1750 de
912 1729 983 1749 meo
992 1717 1119 1749 confilio
1131 1719 1164 1749 δε

206 1773 263 1793 vos
280 1761 440 1796 fecissetis,
461 1761 494 1792 &
505 1763 648 1792 Canutius
658 1761 777 1792 faceret.
801 1759 1160 1801 Ceteracujusmodisint,

205 1813 243 1835 ex
255 1805 313 1834 hoc
320 1803 420 1844 judica
430 1823 438 1837 ,
453 1801 536 1844 quod
546 1803 643 1845 legato
652 1812 705 1834 tuo
714 1804 861 1834 viaticum
873 1804 1055 1842 eripuerunt.
1079 1801 1162 1844 Qid
1182 1811 1185 1837 ι

206 1856 259 1876 eos
273 1847 457 1885 interpretari
466 1853 550 1884 putas
558 1864 567 1877 ,
588 1843 660 1874 cum
669 1845 728 1875 hoc
736 1844 873 1875 faciunt?
894 1844 939 1874 Ad
951 1843 1069 1874 hostem
1084 1843 1163 1873 scili-

205 1896 250 1918 cet
270 1889 388 1928 portari.
414 1889 441 1916 Ο
461 1896 525 1916 rem
538 1885 701 1916 miseram?
722 1886 887 1916 dominum
895 1885 973 1916 ferre
986 1895 1050 1915 non
1061 1887 1163 1925 petui-

205 1936 276 1959 mus
289 1940 294 1958 :
313 1928 459 1959 conservo
480 1928 637 1958 servimus.
661 1930 699 1958 Et
718 1936 819 1957 tamen
838 1936 887 1957 me
905 1927 1032 1968 quidem
1045 1925 1164 1957 favente

204 1973 318 2012 magis,
341 1970 431 2011 quam
451 1970 602 2009 sperante,
623 1971 713 2000 etiam
729 1979 811 2000 nunc
821 1966 926 1999 residet
936 1969 999 2009 spes
1009 1969 1041 1998 in
1052 1970 1163 1999 virtute

205 2021 262 2042 tua.
286 2013 342 2043 Sed
354 2011 406 2042 ubi
417 2011 610 2052 suntcopiae?
630 2013 679 2041 De
690 2011 806 2052 reliquo
821 2030 829 2045 ,
843 2011 924 2041 malo
937 2010 1066 2051 teipsum
1078 2010 1164 2051 loqui

203 2063 314 2088 tecum,
326 2053 416 2094 quam
426 2052 526 2083 nostra
536 2052 616 2084 dieta
622 2053 813 2094 cognoscere.
836 2053 920 2083 Vale.

425 2102 567 2130 M.T.c.
591 2102 791 2133 CASSIO,
813 2101 945 2130 S.P.D.

303 2150 424 2178 ELLEM
444 2146 547 2177 Idibus
568 2148 682 2177 Martiis
693 2146 785 2177 mcad
795 2156 900 2176 cenam
913 2143 1074 2177 invitasses.
1092 2146 1163 2176 reli-

302 2191 442 2230 quiarum
464 2188 543 2218 nihil
565 2186 674 2218 fuisset.
716 2191 809 2219 Nunc
831 2198 881 2218 me
902 2188 1037 2229 reliquiae
1059 2186 1161 2218 vestrae

202 2240 361 2264 exercent,
374 2231 407 2261 &
421 2230 544 2271 quidem
555 2238 781 2270 praeterceteros
791 2240 842 2260 rne
855 2241 861 2259 :
888 2239 1072 2270 quamquam
1083 2239 1166 2271 egre.-

203 2275 268 2315 gios
280 2274 418 2304 consules
429 2272 573 2302 habemus
588 2283 593 2301 ε
616 2271 665 2302 sed
677 2271 858 2312 turpiffimos
869 2272 1049 2302 consulareis
1061 2282 1067 2300 :
1080 2272 1164 2302 sena-

204 2323 271 2350 tum
288 2314 399 2345 fortem
421 2325 431 2349 3
459 2313 508 2344 sed
520 2312 629 2344 infimo
648 2324 801 2355 quemque
818 2315 938 2343 honore
955 2311 1160 2344 fortissimum.

203 2357 321 2396 Populo
331 2356 403 2387 verb
413 2357 490 2386 nihil
499 2355 606 2386 fortius
617 2375 625 2389 ‚
637 2357 718 2386 nihil
727 2355 850 2389 melius,
861 2356 1004 2396 Italiaque
1014 2355 1162 2386 universa.

204 2398 294 2428 Nihil
304 2407 404 2429 autem
414 2397 525 2429 foedius
537 2398 688 2438 Philippo,
700 2398 733 2428 δε
742 2397 860 2431 Pisone,
871 2397 1067 2438 legatis,nihil
1079 2396 1161 2438 flagi-

204 2438 389 2480 tiofiu52qui
407 2439 478 2470 cum
495 2438 588 2470 effent
608 2438 708 2474 missi,
728 2449 760 2470 ut
772 2441 908 2470 Antonio
918 2449 956 2469 ex
966 2439 1084 2470 senatus
1094 2439 1162 2469 sen-

203 2484 297 2512 tentia
313 2490 404 2512 certas
421 2491 468 2511 res
489 2484 663 2512 nuntiarent
678 2493 683 2510 :
702 2481 775 2512 cum
792 2481 846 2511 ille
859 2491 959 2512 earum
971 2491 1070 2511 rerum
1082 2481 1160 2512 nulli

203 2521 344 2563 paruisset
353 2543 361 2557 ,
373 2522 451 2553 ultro
461 2522 497 2553 ab
507 2524 562 2554 illo
572 2523 608 2554 ad
618 2533 674 2553 nos
686 2523 887 2554 intolerabilia
894 2522 1039 2563 postulata
1051 2517 1161 2553 retule-

201 2574 282 2595 runt.
304 2567 406 2606 Itaque
418 2563 454 2594 ad
463 2574 519 2598 nos
528 2567 716 2595 concurritur
731 2576 735 2594 :
748 2564 878 2605 faffique
885 2565 949 2605 jam
960 2567 993 2594 in
1004 2574 1033 2594 re
1043 2564 1161 2595 salutari

201 2606 363 2647 populares
382 2607 496 2636 sumus.
517 2606 575 2637 Sed
597 2616 629 2637 tu
648 2606 721 2648 quid
730 2616 827 2648 ageres
839 2626 846 2639 ,
864 2606 939 2646 quid
948 2605 1085 2639 aeturus,
1106 2607 1159 2637 ubi

202 2649 334 2689 denique
353 2646 423 2678 esses
438 2667 446 2682 ,
465 2648 643 2678 nesciebam.
667 2651 756 2678 Fama
765 2649 939 2681 nuntiabat,
957 2657 985 2677 te
995 2645 1096 2677 essein
1105 2651 1160 2687 Sy-

203 2692 246 2721 ria
265 2700 271 2720 t
292 2689 396 2720 witot
413 2698 474 2720 erat
493 2699 596 2720 nemo.
630 2692 677 2720 De
697 2692 807 2722 Bruto,
830 2699 892 2729 quo
911 2689 1036 2729 propius
1045 2687 1106 2723 est,
1126 2699 1164 2720 eo

204 2730 338 2763 firmiora
357 2731 498 2763 videntur
517 2730 594 2766 effe,
618 2741 684 2773 quae
701 2733 888 2763 nuntiantur.
908 2731 1068 2762 Dolabella
1076 2732 1162 2763 valde

243 2865 268 2884 ι.
287 2859 431 2886 Pinnem-i
444 2867 563 2886 OPTIME
575 2859 729 2892 mani-ro]
751 2857 841 2883 Placet
851 2856 1000 2883 Giilielmio
1015 2876 1022 2888 ,
1036 2857 1106 2893 quod
1117 2857 1159 2884 in-

206 2894 324 2921 venitin
342 2893 432 2921 codice
451 2894 644 2930 Hittorpiano:
665 2897 745 2927 optimo
763 2895 852 2919 merito.
872 2893 890 2919 si
909 2893 1018 2928 quidem
1037 2894 1073 2920 cst
1091 2893 1160 2929 apud

206 2928 324 2956 Plinium
334 2938 362 2964 7.
372 2931 419 2956 26.
438 2938 519 2956 votum
529 2930 608 2956 merizb
618 2933 761 2958 &itiner-nx.
782 2930 840 2956 Nos
852 2929 917 2955 niliil
930 2933 944 2955 a
957 2930 1051 2957 nostris
1061 2929 1161 2955 codici-

207 2963 255 2990 bus
265 2964 424 2999 degenerare
434 2966 576 2993 voluimus.
592 2966 685 2993 Paullo
698 2966 786 2993 statim
797 2966 851 3001 post
863 2966 948 3001 prima
959 2965 1042 2992 editio
1059 2985 1066 2996 ‚
1077 2965 1161 2992 codex
1180 2972 1182 2977 ’

208 2999 542 3036 Hittorpianiis,¹z’atricidae
551 3001 621 3038 quod
633 3002 748 3029 affumfit
762 3002 908 3029 Lambinus
920 3021 930 3032 ‚
941 3011 1025 3037 neque
1036 3002 1099 3028 mihi
1111 3011 1162 3028 iion

206 3035 343 3071 probatur.
362 3038 536 3064 Gruterianus
547 3045 634 3065 tamen
645 3039 672 3064 δε
685 3039 803 3065 Vaticani
814 3046 939 3074 excerpta
947 3039 1065 3064 Parit-ida
1076 3049 1083 3064 :
1104 3037 1163 3065 vul-

206 3073 244 3107 gi)
254 3072 396 3098 Parricidae.

242 3116 271 3133 2.
290 3111 365 3135 eAnte
374 3108 398 3133 d.
409 3116 451 3134 vr.
462 3111 542 3135 Nonas
550 3111 657 3144 oflobrsj
681 3110 791 3146 Pighius
802 3111 829 3138 iii
841 3111 922 3138 Fastis
933 3110 965 3138 ad
974 3120 1071 3138 annum
1083 3112 1115 3137 V.
1129 3112 1163 3137 C.
1181 3111 1182 3120 ¹

204 3143 336 3170 DCClX.
357 3143 477 3176 conjicit4
487 3148 576 3182 Qum
585 3148 710 3171 omnuim.

239 3187 255 3215 3
262 3199 268 3206 .
286 3182 320 3207 De
329 3188 363 3206 me
371 3179 462 3215 quidem
471 3189 516 3208 non
525 3181 687 3217 dubitantem]
708 3181 796 3212 Recte
814 3183 848 3211 sic
857 3183 992 3212 Palatinus
1012 3193 1053 3222 pr.
1064 3185 1165 3212 Grute-

2091 149 2187 198 735

1229 206 1452 247 vituperabatur
1460 207 1496 237 ab
1506 208 1683 239 hominibus
1693 219 1758 240 non
1768 209 1980 252 insulsis,quod
1993 209 2049 241 tibi
2059 218 2117 242 tam
2128 212 2190 244 εἰτὸ

1222 249 1410 282 succederet,
1434 248 1505 280 cum
1524 259 1555 280 tu
1575 250 1703 281 vixdum
1717 254 1838 293 triginta
1850 253 1914 283 dies
1938 255 1969 283 in
1980 255 2063 293 Syria
2071 252 2186 285 fuifl‘es.

1222 292 1322 331 Itaque
1331 290 1494 325 constabat,
1506 301 1578 322 eum
1590 295 1682 333 recipi
1691 295 1724 323 in
1734 296 1848 334 Syriam
1859 304 1925 325 non
1934 304 2083 335 oportere.
2093 298 2185 326 Sum⁴

1223 340 1271 362 ma
1288 332 1350 362 laus
1360 333 1392 362 &
1403 342 1451 363 tua
1462 354 1471 365 ‚
1493 333 1525 363 &
1536 336 1618 364 Bruti
1629 334 1672 366 est
1681 354 1690 369 ,
1712 336 1794 376 quod
1804 339 1972 367 exercitum
1984 346 2088 377 praeter
2100 337 2184 379 spem

1221 372 1442 420 existimamini
1461 375 1651 415 comparass'e.
1675 377 1842 408 scriberem
1853 379 1936 418 plura
1947 398 1955 413 ,
1977 378 1997 408 fi
2008 389 2070 409 rem
2083 399 2092 412 ‚
2115 389 2186 410 cau·

1219 414 1339 454 samque
1350 414 1478 445 nostem.
1503 419 1596 447 Nunc
1605 428 1670 458 quae
1681 419 1778 449 scribo
1792 439 1800 453 ,
1813 420 1908 450 scribo
1919 431 1957 450 ex
1968 422 2114 460 opinione
2126 423 2184 451 ho·

1197 461 1198 491 ζ
1219 458 1353 490 minum,
1364 466 1450 497 atque
1459 457 1546 488 fama.
1571 462 1652 490 Tuas
1662 460 1772 491 litteras
1781 461 1867 492 avide
1879 461 2029 502 exspeEm.
2054 463 2138 493 Vale.

1415 508 1558 538 M.T.c.
1583 510 1614 538 C·
1637 511 1830 545 CASSIO,
1853 514 1980 542 S.P.D.

1317 606 1430 627 certum
1441 598 1617 629 haberemus
1629 620 1636 633 ‚
1659 602 1732 641 quid
1741 612 1838 643 ageres
1849 624 1856 637 ‚
1870 606 2062 646 maximeque
2073 605 2124 636 ubi
2136 606 2179 636 es-

1215 636 1270 684 ses.
1295 639 1511 684 Loquebantur
1529 650 1637 670 omnes
1656 651 1756 673 tamen
1769 665 1777 677 ‚
1797 645 1885 676 credo
1898 667 1906 680 ,
1927 646 2010 687 quod
2022 647 2176 680 volebant,

1217 688 1251 708 in
1262 681 1344 718 Syria
1354 689 1381 710 te
1391 679 1449 710 esse
1461 701 1468 714 ,
1495 681 1603 712 habere
1617 685 1726 722 copias.
1751 685 1784 715 Id
1793 696 1892 717 autern
1904 698 1940 718 eo
1950 686 2070 719 facilius
2077 689 2179 719 crede-

1217 720 1319 754 batur,
1342 724 1412 762 quia
1423 721 1520 752 simile
1539 733 1611 754 vero
1624 724 1787 756 videbatur.
1812 730 1918 759 Brutus
1935 730 2061 771 quidem
2078 729 2179 761 noster

1216 812 1335 846 tamque
1359 807 1527 846 inopinatas
1540 826 1548 840 ‚
1570 816 1603 837 ut
1625 817 1665 837 eae
1674 807 1744 838 cum
1755 818 1807 849 per
1818 811 1845 840 se
1854 821 1939 850 gratae
1951 811 2042 844 ess'ent
2053 834 2061 847 ,
2081 818 2098 840 4
2111 823 2177 844 tum

1216 849 1382 877 ornatiores
1402 857 1521 888 propter
1543 849 1736 881 celeritatem.
1762 850 1854 892 Qod
1875 851 1934 883 situ
1945 864 1977 884 ea
1988 863 2089 889 tenes,
2111 865 2177 896 quae

1192 906 1193 914 η
1213 897 1372 927 putamus:
1393 892 1508 931 magnis
1528 889 1666 922 subsidiis
1686 891 1761 923 fulta
1780 894 1853 934 resp.
1873 893 1926 924 est.
1951 898 2082 935 Aprima
2093 900 2179 928 enim

1214 939 1266 960 ora
1276 933 1399 961 Graeciae
1410 951 1418 965 ,
1440 933 1531 973 usque
1545 932 1580 963 ad
1592 936 1757 974 AEgyptum
1770 955 1778 968 ‚
1790 937 1979 976 optimorum
1994 940 2106 968 civium
2119 942 2178 969 im-

1219 974 1308 1011 periis
1319 975 1430 1004 muniti
1442 977 1569 1008 erimus,
1583 975 1728 1016 &copiis.
1752 980 1958 1019 Qamquam‚
1970 979 2023 1008 nifi
2037 990 2086 1010 me
2094 980 2180 1011 falle-

1217 1014 1276 1047 bat,
1288 1024 1334 1045 res
1343 1015 1371 1045 se
1382 1014 1420 1046 fic
1433 1016 1568 1050 habebat,
1582 1026 1614 1048 iit
1628 1020 1720 1048 totius
1731 1019 1801 1049 belii
1815 1030 1908 1050 omne
1919 1021 2082 1051 discrimen
2093 1025 2123 1052 in
2135 1026 2165 1052 D

1215 1057 1308 1087 Bruto
1316 1055 1447 1096 positum
1459 1058 1627 1089 videretur:
1647 1059 1729 1100 quisi
1742 1082 1750 1094 ,
1773 1070 1805 1091 ut
1817 1062 2022 1102 sperabamus,
2041 1063 2179 1103 erupiss'et

1215 1100 1335 1129 Mutina
1347 1119 1356 1133 ,
1384 1100 1462 1129 nihil
1473 1100 1544 1130 belli
1553 1101 1661 1142 reliqui
1672 1102 1735 1133 fore
1746 1103 1912 1134 videbatur.
1936 1106 2034 1135 Parvis
2045 1106 2178 1135 omnino

1211 1141 1274 1180 jam
1292 1144 1388 1181 copiis
1407 1140 1613 1176 obsidebatur,
1634 1143 1716 1184 quod
1734 1155 1844 1186 magno
1857 1145 1992 1186 praelidio
2003 1148 2175 1178 Bononiam

1214 1183 1335 1213 tenebat
1353 1186 1517 1214 Antonius.
1550 1187 1619 1215 Erat
1640 1195 1739 1216 autem
1762 1189 1907 1218 Claternae
1931 1187 2032 1218 noster
2049 1191 2179 1219 Hirtius:

1213 1224 1249 1254 ad
1272 1227 1383 1256 Forum
1399 1227 1576 1256 Cornelium
1588 1228 1683 1258 Caesar
1695 1239 1700 1257 :
1721 1238 1844 1270 uterque
1856 1240 1924 1260 cum
1937 1229 2027 1260 firmo
2036 1234 2179 1261 exercitu:

1214 1268 1393 1308 magnasque
1407 1270 1517 1299 Romae
1528 1269 1618 1299 Pausa
1628 1272 1728 1310 copias
1739 1281 1776 1301 ex
1786 1271 1898 1301 dilet‘qu
1909 1272 2002 1302 Italiae
2011 1282 2173 1312 comparat.

1214 1310 1323 1339 Hiems
1333 1310 1428 1340 adhuc
1440 1320 1502 1340 rem
1514 1312 1575 1350 geri
1587 1311 1790 1351 prohibuerat.
1819 1315 1938 1344 Hirtius
1949 1315 2029 1344 nibil
2040 1313 2092 1344 nisi
2100 1324 2177 1345 con-

1214 1349 1334 1382 siderate
1346 1371 1355 1385 ,
1376 1361 1407 1382 ut
1421 1353 1498 1382 milii
1513 1353 1623 1383 crebris
1636 1354 1742 1384 litteris
1751 1353 1895 1397 significat
1904 1375 1912 1389 ,
1924 1355 2044 1386 adstui‘us
2053 1356 2177 1386 videba-

1209 1400 1264 1422 tur.
1288 1396 1394 1424 Praeter
1404 1395 1575 1424 Bononiam
1587 1415 1596 1428 ‚
1617 1398 1748 1437 Regium
1761 1397 1867 1437 Lepidi
1880 1416 1888 1431 ‚
1907 1400 2042 1428 Parmam
2055 1417 2063 1430 ‚
2076 1406 2173 1427 totam

1215 1435 1342 1465 Galliam
1365 1436 1544 1466 tenebamus
1563 1457 1572 1470 ,
1602 1436 1841 1469 studiofiffimam
1864 1441 1938 1479 reip.
1980 1441 2067 1469 Tuos
2083 1440 2175 1469 etiam

1210 1476 1350 1506 clienteis
1369 1478 1598 1517 Transpadanos
1617 1479 1746 1511 mirifice
1757 1481 1826 1521 conj
1833 1480 1940 1510 unfitos
1950 1490 2021 1510 cum
2029 1481 2113 1510 causa
2124 1481 2176 1518 ha—

1211 1517 1364 1548 bebamus.
1390 1522 1457 1550 Erat
1468 1518 1655 1551 firmissimus
1665 1522 1781 1552 senatus
1793 1542 1801 1556 ,
1814 1531 1886 1552 exce
1909 1524 1947 1553 tis
1957 1522 2163 1552 consularibus

1210 1569 1248 1589 ex
1259 1560 1368 1601 quibus
1379 1571 1456 1591 unus
1468 1563 1501 1591 L.
1515 1562 1613 1592 Caesar
1623 1560 1730 1593 firmus
1741 1563 1794 1597 est,
1807 1563 1839 1593 &
1851 1573 1880 1593 re
1915 1573 1959 1593 us.
1976 1566 2036 1594 Ser.
2048 1564 2173 1604 Sulpicii

1212 1611 1311 1632 morte
1331 1623 1340 1636 ,
1373 1611 1520 1643 magnum
1539 1601 1709 1643 praefidium
1729 1604 1895 1635 amisimus.
1920 1605 2045 1646 Reliqui
2064 1609 2173 1646 partim

1206 1645 1318 1674 inertes
1329 1664 1337 1678 ,
1362 1647 1470 1685 partim
1481 1645 1629 1686 improbi:
1645 1646 1943 1677 nonnulliinvident
1953 1657 2061 1678 eorum
2077 1647 2170 1680 laudi,

1206 1694 1283 1726 quos
1292 1687 1325 1716 in
1336 1696 1395 1726 rep.
1407 1686 1524 1726 probari
1532 1687 1645 1718 vident.
1669 1688 1777 1729 Populi
1789 1687 1862 1719 verb
1872 1691 1911 1719 R.
1922 1690 2071 1730 totiusque
2081 1690 2173 1720 ltalia:

1209 1729 1284 1758 mira
1292 1727 1449 1758 consensio
1460 1727 1512 1759 est.
1535 1731 1610 1760 Haec
1620 1739 1702 1760 erant
1712 1730 1772 1761 fere
1784 1750 1793 1764 ,
1805 1740 1870 1772 quae
1882 1731 1935 1761 tibi
1949 1740 2020 1761 nora
2029 1729 2087 1761 ess'e
2107 1732 2173 1761 vel-

1208 1769 1280 1799 lem.
1305 1772 1397 1800 Nunc
1407 1780 1506 1800 autem
1518 1779 1637 1811 opt0‚ut
1645 1771 1681 1803 ab
1691 1771 1755 1813 istis
1763 1774 1893 1803 Orientis
1904 1772 2036 1814 partibus
2046 1774 2170 1803 virtutis

1206 1819 1263 1842 tuae
1275 1812 1381 1842 lumen
1396 1813 1521 1842 eluceat.
1546 1813 1630 1844 Vale.

1410 1863 1455 1892 M.
1469 1865 1509 1893 T.
1521 1865 1553 1894 C.
1578 1865 1609 1894 C·
1626 1865 1819 1900 CASSIO,
1841 1867 1913 1896 s.P.
1925 1867 1966 1895 D.

1302 1914 1348 1940 Ui
1375 1910 1465 1941 status
1483 1921 1584 1941 rerum
1602 1911 1693 1943 fuerit
1710 1922 1774 1943 tum
1786 1933 1795 1946 ,
1819 1912 1890 1943 cum
1903 1915 1954 1944 has
1964 1914 2074 1944 litteras
2084 1913 2166 1948 dedi,

1300 1953 1372 1982 scire
1388 1954 1500 1992 poteris
1509 1963 1546 1983 ex
1556 1957 1590 1984 C.
1602 1953 1697 1985 Tidio
1705 1955 1864 1989 Strabone,
1887 1957 1954 1986 viro
1964 1955 2060 1989 bono,
2073 1956 2105 1986 &
2115 1965 2171 1996 op-

1205 1995 1281 2024 time
1292 1994 1329 2024 de
1339 2004 1401 2034 rep.
1414 1994 1571 2030 sentiente,
1595 2005 1666 2026 nam
1677 1997 1750 2037 quid
1762 1996 1860 2027 dicam
1873 2017 1882 2031 ,
1906 1995 2097 2037 cupidiffimo
2112 1999 2168 2031 rui,

1205 2036 1369 2080 qui‚domo
1384 2057 1393 2070 ‚
1406 2035 1578 2067 &foi-runis
1589 2036 1713 2072 relictis,
1723 2038 1758 2068 ad
1769 2048 1797 2068 te
1806 2037 1999 2079 potissimum
2010 2038 2164 2079 probastis

1208 2079 1241 2107 iit
1261 2081 1271 2107 ?
1307 2081 1409 2118 Itaque
1433 2088 1502 2108 eum
1521 2078 1576 2108 tibi
1595 2089 1633 2109 ne
1657 2081 1845 2111 commendo
1861 2080 1998 2121 quidem.
2018 2081 2166 2111 adventus

1205 2118 1294 2159 ipsius
1316 2120 1351 2150 ad
1373 2130 1401 2150 te
1418 2120 1484 2150 satis
1505 2130 1575 2150 eum
1586 2122 1826 2152 commendabit.
1850 2125 1900 2153 Tu
1911 2123 2005 2153 velim
2018 2121 2055 2153 fic
2064 2122 2170 2153 existi-

1207 2171 1270 2191 mes
1282 2182 1290 2195 ,
1313 2162 1428 2202 tibique
1443 2162 1614 2201 persuadeas
1625 2183 1634 2197 ‚
1653 2173 1746 2193 omne
1755 2163 1925 2205 perfugium
1937 2164 2090 2195 bonorum
2101 2184 2109 2198 ,
2134 2167 2167 2194 in

1204 2212 1231 2234 te
1242 2223 1251 2237 ‚
1271 2204 1303 2234 &
1323 2205 1415 2234 Bruto
1426 2202 1482 2234 effe
1494 2202 1622 2243 positum
1635 2225 1643 2238 ,
1665 2204 1685 2234 si
1697 2225 1704 2238 ,
1729 2206 1811 2246 quod
1826 2207 1925 2236 nolim
1943 2226 1951 2240 ,
1969 2205 2079 2236 adversi
2093 2206 2166 2247 quid

1200 2247 1343 2276 evenerit.
1367 2248 1429 2276 Res
1439 2266 1448 2280 ,
1467 2245 1537 2276 cum
1549 2247 1610 2277 haec
1621 2247 1784 2278 scribebam
1796 2268 1805 2281 ,
1818 2249 1919 2278 eratin
1929 2256 2101 2279 extremum
2113 2248 2165 2278 ad-

1203 2286 1292 2317 duEta
1309 2287 1482 2318 discrimen.
1506 2289 1612 2318 Brutus
1623 2299 1706 2319 enim
1719 2291 1847 2320 Mutinae
1859 2291 1979 2329 vixjam
1990 2289 2162 2320 sustinebat.

1204 2332 1264 2371 Qi
1276 2328 1296 2359 si
1307 2329 1496 2360 conservatus
1506 2332 1574 2363 erit,
1587 2332 1715 2361 vicimus
1728 2342 1732 2360 z
1746 2330 1787 2361 sin
1810 2331 1910 2373 (quod
1921 2331 1963 2361 dii
1975 2341 2067 2362 omen
2079 2341 2164 2360 aver-

1202 2380 1265 2402 tant
1280 2373 1289 2411 )
1307 2374 1409 2401 omnis
1433 2373 1576 2402 omnium
1596 2373 1696 2403 cursus
1715 2372 1801 2403 estad
1812 2383 1878 2404 vos.
1901 2374 2030 2405 Proinde
2042 2372 2087 2403 fac
2095 2374 2162 2402 ani-

1201 2423 1290 2443 mum
1303 2422 1421 2443 tantum
1433 2414 1546 2447 habeas,
1559 2422 1737 2455 tantumque
1747 2424 1916 2455 apparatum
1929 2436 1937 2448 ,
1961 2423 2074 2456 quanto
2085 2423 2162 2455 opus

1202 2454 1244 2486 est
1253 2455 1288 2486 ad
1299 2456 1468 2486 universam
1481 2465 1572 2496 remp.
1587 2457 1818 2496 reciperandam.
1844 2458 1927 2487 Vale.

1405 2515 1546 2544 M.T.C.
1571 2515 1809 2548 C-CASSIO,
1832 2516 1859 2544 S.
1873 2516 1955 2544 RD.

1296 2567 1418 2595 UANro
1435 2563 1534 2594 studio
1544 2563 1720 2604 dignitatem
1733 2572 1813 2593 tuam
1827 2583 1835 2597 ,
1857 2563 1890 2593 δε
1902 2565 1933 2593 in
1945 2563 2046 2594 senatu
2059 2583 2067 2597 ,
2079 2562 2112 2594 &
2121 2563 2161 2594 ad

1208 2563 1443 2650 onpulum
1454 2604 1644 2635 defenderim
1654 2625 1663 2638 ,
1674 2615 1711 2634 ex
1726 2607 1784 2635 tuis
1796 2614 1823 2635 te
1834 2606 1916 2635 malo
1928 2625 1937 2638 ‚
1948 2606 2038 2645 quam
2049 2615 2087 2635 ex
2096 2615 2160 2641 me,

1203 2658 1239 2678 co
1262 2648 1392 2678 noscere.
1415 2650 1490 2687 Qae
1514 2656 1581 2676 mea
1599 2647 1745 2676 sententia
1754 2648 1787 2676 in
1799 2647 1899 2677 senatu
1909 2646 1997 2677 facile
2007 2645 2156 2681 valuisset,

1201 2659 1259 2719 nisi
1277 2689 1365 2720 Pansa
1373 2690 1567 2719 vehementer
1577 2687 1744 2718 obstitisset.
1769 2691 1810 2718 Ea
1818 2689 1963 2719 sententia
1971 2687 2051 2718 dieta
2062 2709 2070 2722 ,
2088 2698 2161 2729 pro-

1201 2730 1311 2763 duetus
1333 2732 1397 2762 sum
1416 2732 1449 2761 in
1469 2732 1652 2761 concionem
1666 2730 1682 2760 a
1693 2730 1814 2761 tribuno
1823 2730 1919 2771 plebis
1930 2750 1939 2765 ,
1963 2733 2007 2761 M.
2019 2731 2160 2762 Servilio.

2084 2774 2163 2803 Dixi

2189 1865 2212 1897 6

1200 2858 1423 2890 riarius‚Vaticaiii
1435 2864 1569 2893 excerpta,
1579 2865 1658 2892 :itque
1669 2856 1783 2883 Vistorii
1794 2855 1878 2883 editio
1888 2865 1922 2882 ex
1934 2855 2068 2886 Mediceo,
2078 2863 2157 2891 quarn

1179 2896 1181 2904 l
1200 2894 1354 2930 scripturam
1367 2903 1471 2930 quoque
1491 2900 1565 2920 notat
1575 2892 1607 2920 ad
1627 2902 1700 2920 oram
1709 2893 1803 2929 priiiiae
1819 2891 1997 2928 impressioiiis
2016 2892 2158 2927 Egnatius.

1202 2931 1290 2966 Vulgo
1304 2940 1311 2960 3
1335 2941 1380 2956 non
1390 2932 1512 2956 dubitant.

1236 2974 1264 2999 4.
1284 2971 1339 2992 *Tam
1348 2970 1476 2992 ornatiores
1483 2972 1577 2998 propter
1586 2965 1751 2999 eeleriiatem]
1768 2964 1856 3000 Nugae
1866 2964 2017 2995 hominum,
2029 2963 2074 2999 qui
2085 2961 2158 2999 quod

1201 3001 1360 3038 pra-*cederet
1367 3009 1441 3035 grane
1453 3021 1460 3033 ,
1467 3005 1583 3034 gratiores
1594 3001 1635 3028 liic
1645 3010 1750 3037 quoque
1763 2999 1953 3028 reformarunt.
1976 2999 2017 3026 sed
2027 3006 2159 3025 ornatiores

1199 3039 1226 3064 iii
1240 3038 1399 3064 P.111.Griit.
1414 3038 1531 3064 Vaticani
1542 3039 1673 3074 excerptis
1687 3058 1695 3070 ,
1713 3036 1860 3065 editionum
1871 3037 1995 3073 primaria
2006 3045 2014 3067 3
2027 3035 2158 3070 habetque

1181 3075 1182 3082 ¹
1203 3074 1350 3101 Viftorius.
1364 3074 1455 3100 Paullo
1466 3074 1519 3109 post
1531 3074 1615 3110 scripsi
1628 3085 1634 3101 ι
1647 3077 1723 3108 copias
1733 3084 1761 3101 ex
1770 3075 1856 3100 dichu
1865 3075 1938 3099 Italia
1948 3078 2076 3105 comparat.
2087 3069 2158 3106 quod

1203 3118 1322 3144 comparat
1332 3111 1408 3137 habet
1419 3110 1502 3136 editio
1511 3110 1637 3142 vietorii,
1650 3111 1783 3137 Palatinus
1793 3110 1892 3146 primus
1906 3129 1914 3141 ‚
1928 3118 1957 3135 ac
1967 3108 2054 3135 ratic.
2065 3113 2160 3146 exter:

1203 3155 1256 3182 pta.
1276 3149 1380 3172 Dichus
1392 3148 1454 3173 vei-o
1465 3146 1566 3182 semper
1584 3146 1751 3173 scribendum
1763 3146 1798 3173 est
1811 3166 1818 3178 ,
1837 3145 1908 3182 quod
1920 3146 1956 3172 ita
1967 3150 2091 3185 'pi‘aeeiint
2103 3141 2160 3167 mss.

1202 3184 1230 3211 ὃς
1243 3183 1335 3211 vetusti
1346 3183 1408 3211 libri
1420 3203 1428 3218 ‚
1439 3191 1495 3211 tum
1507 3182 1578 3220 quod
1588 3182 1736 3213 Lambinus
1746 3192 1780 3211 cx
1790 3182 1841 3211 suis
1852 3190 1957 3219 quoquc
1966 3189 2003 3210 ita
2013 3176 2166 3241 σοιηξηεῖἰὶὲ
