2360 3400
513 104 544 136 υ
571 102 600 136 Β
680 87 909 137 rJiia·u
936 102 1026 136 R.A

154 173 271 207 Verum
281 171 315 204 sit
323 169 391 203 nne
403 168 458 204 {ut
466 169 574 204 vultis3
587 169 660 201 deus
671 189 679 203 ,
694 166 808 212 effigies
817 170 973 203 hominis„
989 167 1023 199 &
1033 168 1111 198 ima-

176 227 205 248 0.
226 213 306 257 quod
317 214 381 253 ejus
390 211 432 242 est
443 211 637 242 domicilium
649 217 659 243 ?
671 221 737 252 quae
748 211 851 242 sedes?
865 212 918 252 qui
929 211 1015 241 locus
1026 215 1036 241 Ξ
1048 219 1115 251 quae

151 227 262 290 {einde
279 254 357 286 affio
371 256 464 285 vitae?
483 253 593 294 quibus
608 253 695 284 rebus
708 273 717 287 ,
738 252 769 283 id
785 253 868 294 quod
883 253 975 283 vultis
987 272 995 286 ,
1015 252 1117 281 beatus

155 298 201 330 est
212 302 223 325 ,²
248 301 258 318 ¹
270 303 373 327 utatur
382 296 456 325 enim
463 296 523 336 suu
532 295 603 326 hamis
613 302 718 338 oportet
727 314 736 329 ,
758 294 915 332 &fruatur
925 315 933 328 ,
955 295 1007 336 qui
1016 292 1114 322 beatus

145 341 269 381 saturus
287 337 341 368 est.
363 347 433 368 nam
444 338 528 368 locus
538 337 661 379 quidem
673 338 814 368 iis'etiam
825 338 955 370 naturis,
975 345 1041 376 quae
1053 334 1114 364 sme

151 383 264 412 animis
275 381 362 414 sunt,
384 380 452 410 suus
471 379 514 410 est
533 382 641 420 cuique
659 380 820 419 proprius,
843 386 876 408 ut
885 375 1114 424 terrainfitnum

150 423 348 456 teneat,'hanc
356 421 486 452 inundet
495 431 569 463 aqua
579 433 588 456 3
597 425 612 441 ²
622 421 754 461 superior
763 420 872 454 aether3
883 418 1005 467 ignibus
1013 416 1111 449 altiffi-

152 474 205 495 ma
213 475 264 495 ora
274 463 419 495 reddatur.
436 467 448 491 3
463 463 622 494 Bestiarum
633 471 732 493 autem
743 463 866 493 terrenae
877 461 945 491 sunt
955 462 1037 508 aliae3
1048 470 1116 500 par-

151 508 208 538 tim
219 506 362 547 aquatiles
374 525 383 540 ‚
401 506 465 536 aliae
476 503 554 547 quafi
563 506 707 546 ancipites
718 524 727 538 ‚
746 505 779 534 in
790 512 912 544 utraque
927 503 993 533 sede
1005 512 1114 534 viven-

150 558 210 580 tes:
236 547 449 588 suntquaedam
462 550 550 578 etiam
563 567 572 581 ‚
589 550 607 575 4
618 556 685 588 quae
695 547 759 587 igne
767 545 844 585 nasci
850 552 987 593 putentur
997 564 1005 578 ‚
1025 554 1115 584 appa-

150 599 294 631 reantque
303 592 335 620 in
347 589 520 620 ardentibus
533 588 708 620 fornacibus
721 588 796 628 saepe
807 592 979 618 volitantes.
1002 589 1112 625 Quaero

149 633 245 674 igitur
253 652 263 666 ‚
282 631 378 663 vester
386 631 459 662 deus
471 630 607 671 primum
618 630 671 661 ubi
682 630 795 661 habitet
807 640 813 659 :
830 628 940 659 deinde
951 639 1020 673 quae¹
1028 629 1112 660 causa

151 684 224 704 eum
234 674 304 704 loco
315 682 436 704 moveat
447 683 453 702 :
467 672 487 703 fi
498 673 592 703 mode>
605 681 744 703 movetur
752 671 914 712 aliquando
924 670 1075 716 :npostrem
1081 669 1112 704 ὸ,

146 715 222 747 cum
243 717 302 747 hoc
320 717 478 756 proprium
497 713 532 745 fit
549 715 751 745 animantium
766 732 775 748 ,
795 722 828 743 ut
845 712 959 754 aliquid
969 720 1115 754 appetant,

147 758 232 800 quod
249 756 282 787 fit
302 766 414 788 natur-a:
432 756 717 787 accommodatum:
746 755 819 785 deus
837 754 910 796 quid
928 764 1056 794 appetat:
1077 754 1113 784 ad

147 809 240 840 quam
260 799 391 840 denique
402 808 466 828 rem
480 806 567 828 motu
580 799 694 828 mentis
705 817 714 830 ‚
734 806 767 827 ac
790 798 914 826 rationis
928 805 1033 826 utatur.
1057 805 1115 836 po-

146 840 261 872 stremb
273 861 282 874 ‚
299 851 360 881 quo
370 839 466 870 modo
481 838 583 868 beatus
592 838 626 868 fit
638 858 647 872 ‚
661 848 722 878 quo
733 837 827 868 modo
837 847 975 868 aeternus.
999 841 1013 865 5
1023 837 1113 877 quid-

145 882 222 924 quid
240 883 324 912 enim
344 882 454 911 horum
472 881 623 920 attigeris,
645 881 733 909 ulcus
750 879 802 909 est.
826 881 866 909 ita
879 879 958 909 male
977 879 1113 910 instituta

145 925 223 954 ratio
237 925 354 953 exitum
368 922 494 961 reperire
507 930 570 950 non
581 920 687 960 potest.
711 922 759 951 Sic
770 921 853 950 enim
866 920 985 952 dicebas
995 941 1004 955 ‚
1026 931 1038 951 s
1049 932 1066 951 Ρ
1077 931 1112 951 ε-

146 973 167 994 c
178 973 256 994 :EM
277 972 329 993 1>ss
340 973 351 993 1
373 963 484 1003 percipi
504 964 685 1003 cogitatione
696 982 706 996 ,
725 972 789 992 non
804 962 889 993 sensu
904 973 910 992 :
928 972 986 993 nec
998 962 1058 993 esse
1077 964 1110 994 in

142 1015 179 1037 aa
191 1006 284 1036 ullam
296 1005 476 1036 soliditatem
487 1024 495 1037 ,
520 1014 559 1034 ne
581 1014 618 1035 ue
630 1004 757 1035 eandem
771 1004 807 1034 ad
821 1014 982 1035 numerum
993 1015 1110 1045 perma—

146 1057 218 1078 nere
227 1067 236 1082 ‚
252 1057 378 1089 eamque
387 1045 445 1077 esse
455 1048 519 1086 ejus
529 1048 558 1076 vi
573 1056 678 1077 ionem
688 1066 697 1080 ,
712 1055 746 1077 ut
755 1045 953 1077 similitudine
964 1067 972 1081 ‚
986 1048 1019 1077 &
1031 1056 1111 1078 tran-

145 1088 254 1120 fitione
262 1099 399 1120 cernatur
410 1109 419 1123 ‚
438 1098 537 1129 neque
551 1087 670 1120 deficiat
685 1098 831 1129 umquam
844 1098 884 1118 ex
899 1087 1032 1119 infinitis
1040 1099 1111 1120 cor-

143 1132 269 1172 poribus
279 1130 425 1162 fimilium
436 1128 558 1161 acceffio
571 1140 576 1160 :
591 1140 630 1160 ex
640 1140 738 1171 eoque
751 1129 814 1160 fieri
825 1150 834 1164 ,
851 1139 885 1160 ut
894 1132 925 1161 in
937 1131 999 1161 haec
1008 1134 1111 1162 inten-

145 1182 174 1205 ta
192 1183 280 1204 mens
298 1172 419 1206 nostra,
439 1172 555 1203 beatam
573 1172 658 1202 illam
677 1181 813 1203 naturam
825 1191 834 1206 ‚
853 1172 1108 1213 &sempiternam

87 1209 126 1251 38
145 1223 238 1258 putet.
284 1218 354 1246 Hoc
366 1235 375 1248 ‚
391 1214 530 1255 peripsos
538 1213 632 1248 deos,
652 1213 689 1244 de
698 1214 976 1255 quibusloquimur
988 1234 998 1248 ‚
1018 1216 1106 1256 quale

142 1257 265 1289 tandem
275 1256 341 1288 est?
360 1267 430 1288 nam
449 1254 470 1286 fi
489 1255 703 1286 tantummodi>
716 1256 751 1287 ad
766 1257 981 1298 cogitationem
997 1257 1108 1292 valent,

142 1309 201 1331 nec
210 1299 305 1330 ullam
316 1298 426 1329 habent
432 1297 611 1338 soliditatem
620 1308 676 1329 nec
685 1298 868 1328 eminentiam
877 1309 890 1325 .·
907 1296 923 1318 ⁶
931 1298 1005 1339 quid
1014 1300 1108 1329 inter-

141 1340 207 1375 est,
231 1339 335 1371 utrum
350 1340 387 1371 de
403 1342 641 1381 hippocentauro
652 1360 661 1373 ‚
681 1349 721 1370 an
738 1340 774 1370 de
791 1340 849 1370 deo
865 1341 1056 1382 cogitemus?
1072 1351 1108 1372 o-

144 1392 252 1414 mnem
268 1384 352 1413 enim
371 1382 459 1413 talem
477 1381 754 1412 conformationem
765 1383 862 1412 animi
873 1385 962 1412 ceteri
972 1383 1107 1423 philoso-

143 1425 197 1465 phi
213 1433 335 1455 motum
352 1424 475 1453 inanem
493 1431 620 1452 vocant:
640 1432 695 1452 vos
711 1432 812 1453 autem
823 1423 988 1454 adventum
999 1426 1032 1454 in
1041 1428 1106 1455 ani-

142 1475 214 1497 mos
225 1485 234 1500 ‚
255 1465 289 1496 &
306 1466 467 1495 introitum
477 1464 650 1504 imaginum
661 1463 772 1494 dicitis.
796 1466 840 1494 Ut
848 1466 940 1505 igitur
950 1467 1001 1496 Ti.
1012 1468 1103 1497 Grac·

141 1509 234 1539 chum
253 1505 326 1537 cum
345 1504 451 1536 videor
466 1507 701 1536 concionantem
720 1507 754 1536 in
764 1506 916 1546 Capitolio
927 1507 1028 1536 videre
1040 1527 1049 1540 ,
1071 1508 1109 1538 de

141 1550 189 1579 M.
200 1546 329 1579 Obla'vio
342 1546 531 1578 deferentem
543 1545 670 1578 sitellam
681 1567 690 1582 ,
710 1556 776 1578 tum
795 1557 866 1577 eum
877 1556 997 1578 motum
1009 1551 1106 1579 animi

141 1590 214 1621 dico
223 1588 281 1620 esse
291 1591 415 1620 inanem
427 1599 433 1619 z
457 1599 489 1621 tu
498 1597 598 1620 autem
609 1589 643 1620 &
652 1590 779 1620 Gracchi
790 1608 799 1623 ‚
818 1589 852 1620 &
862 1589 980 1621 OEiavii
995 1592 1104 1631 imagi-

140 1641 198 1663 nes
205 1641 360 1663 remanere
369 1651 379 1666 ,
395 1641 461 1674 quae
469 1652 480 1666 ,
490 1633 524 1661 in
534 1631 720 1672 Capitolium
730 1630 802 1662 cum
812 1634 1004 1672 pervenerint
1015 1652 1023 1666 ‚
1036 1642 1102 1664 tum

140 1673 179 1705 ad
187 1675 328 1705 animum
341 1683 447 1704 meum
458 1671 639 1704 referantur:
656 1674 717 1705 hoc
727 1673 812 1705 idem
826 1672 892 1704 fieri
905 1675 939 1704 in
954 1674 1012 1704 deo
1022 1694 1033 1709 ,
1050 1685 1105 1705 cu-

134 1717 187 1757 jus
204 1715 307 1747 crebra
320 1714 397 1746 facie
414 1715 565 1755 pellantur
580 1717 695 1746 animi:
714 1725 753 1746 ex
761 1725 824 1757 quo
832 1714 892 1746 efl'e
901 1715 981 1746 beati
991 1735 1000 1749 ‚
1018 1725 1106 1757 atque

137 1757 471 1800 aeterniintelligantur.
495 1759 551 1788 Fac
563 1758 711 1798 imagines
720 1755 797 1792 effe,
815 1757 926 1798 quibus
943 1757 1100 1797 pulsentur

137 1801 246 1831 animi.
277 1799 389 1840 species
407 1799 551 1830 duntaxat
571 1799 716 1841 objicitur
733 1798 884 1839 quaedam.
915 1807 992 1829 num
1011 1801 1104 1830 etiam

136 1851 191 1873 cur
206 1851 238 1873 ea
253 1840 336 1872 beata
350 1840 404 1872 fit?
421 1851 476 1872 cur
484 1843 605 1870 aterna?
627 1843 702 1881 Qiae
711 1849 810 1870 autem
824 1839 885 1873 istae
894 1841 1040 1881 imagines
1051 1850 1104 1871 ve-

137 1883 224 1917 strae,
244 1892 294 1914 aut
305 1883 387 1914 unde
399 1886 412 1913 ?
430 1883 635 1914 {Democrito
655 1884 791 1913 omnino
808 1883 873 1912 haec
892 1882 1023 1915 licentia.
1045 1882 1103 1913 Sed

137 1925 174 1956 &
183 1925 236 1955 ille
245 1925 440 1966 reprehensus
450 1924 466 1956 a
475 1925 583 1955 multis
600 1924 643 1955 est
653 1944 662 1959 ‚
681 1934 738 1955 nec
747 1933 802 1955 vos
816 1926 935 1954 exitum
947 1926 1082 1965 reperitis
1095 1935 1100 1953 t

135 1975 256 2008 totaque
265 1977 310 1997 res
320 1967 456 2001 vacillat,
472 1966 504 1997 δε
513 1966 669 1997 claudicat.
692 1968 775 1997 Nam
784 1965 857 2008 quid
868 1965 910 1997 est
920 1986 929 2000 ‚
948 1966 1030 2008 quod
1040 1967 1102 1997 rni-

134 2008 196 2040 nus
215 2008 334 2050 probari
352 2007 460 2049 poffit‚
480 2007 571 2050 quam
584 2010 729 2039 omnium
741 2010 773 2039 in
785 2008 978 2039 meincidere
995 2010 1102 2050 imagi·

134 2060 190 2081 nes
200 2070 210 2085 ,
226 2052 374 2085 Homeri,
389 2051 584 2084 Archilochi,
594 2050 748 2084 Romuli,
766 2053 878 2081 Numae
889 2070 899 2085 ,
916 2051 1098 2092 Pythagorae,

132 2093 268 2124 Platonis
277 2112 286 2127 ,
308 2103 364 2124 nec
376 2102 414 2123 ex
427 2091 526 2124 forma
536 2111 546 2130 ,
567 2102 625 2134 qua
638 2093 685 2123 illi
697 2091 841 2123 fuerunt?
859 2092 1019 2133 quomodo
1030 2103 1099 2136 ergo

131 2135 202 2166 illi?
221 2135 254 2165 &
270 2144 400 2176 quorum
421 2137 591 2176 imagines?
613 2135 768 2175 Orpheum
787 2135 907 2175 poetam
925 2134 1014 2166 docet
1032 2137 1102 2166 Ari-

134 2175 256 2207 stoteles
267 2186 434 2218 numquam
445 2176 534 2207 fuiss'e
543 2195 553 2211 ‚
573 2175 607 2207 &
618 2177 676 2207 hoc
684 2177 850 2218 Orphicum
861 2186 981 2207 carmen
989 2178 1098 2218 Pytha-

133 2219 218 2260 gorei
237 2217 339 2250 ferunt
355 2219 512 2259 cujusdam
531 2217 643 2249 7fuisse
663 2219 813 2260 Cercopis.
840 2219 1025 2259 AtOrpheus
1037 2239 1046 2253 ‚
1067 2219 1098 2250 id

133 2259 179 2291 est
189 2280 198 2295 ‚
209 2262 310 2303 imago
320 2262 384 2301 ejus
392 2280 401 2295 ‚
414 2269 447 2291 ut
457 2270 512 2291 vos
523 2260 615 2291 vultis
626 2280 635 2294 ,
652 2262 685 2291 in
696 2263 834 2291 animum
844 2271 950 2292 meum
963 2261 1038 2302 saepe
1048 2263 1096 2292 in-

133 2304 237 2333 currit.
260 2303 343 2343 Qiid
353 2322 362 2337 ,
374 2301 457 2344 qubd
468 2302 601 2343 ejusdem
613 2303 750 2333 hominis
762 2303 792 2332 in
803 2313 897 2333 meum
905 2303 967 2332 alia
976 2323 984 2337 ‚
996 2303 1057 2333 alia
1066 2304 1096 2333 in

132 2347 241 2374 tuum?
257 2345 330 2386 quid
342 2364 351 2378 ‚
366 2343 449 2385 qubd
459 2354 560 2375 earum
570 2353 670 2375 rerum
681 2364 691 2380 ,
708 2354 774 2386 quae
784 2355 951 2386 numquam
964 2347 1096 2376 omnino

132 2384 273 2420 fuerunt,
294 2396 390 2427 neque
411 2384 469 2417 effe
487 2395 670 2427 potuerunt,
690 2395 721 2418 ut
733 2387 838 2427 Scyllae
851 2407 859 2422 ‚
878 2396 911 2418 ut
921 2389 1069 2419 Chimerae
1083 2391 1094 2417 ἓ

130 2427 218 2468 quid,
229 2427 312 2468 quod
323 2429 502 2463 hominum,
513 2429 664 2463 locorum,
674 2428 796 2464 urbium
805 2439 919 2463 earum,
931 2440 1002 2471 quas
1011 2440 1094 2460 num-

131 2478 221 2510 quam
231 2469 356 2499 vidimus
366 2473 378 2496 ?
395 2469 468 2510 quid
480 2489 490 2504 ,
508 2469 591 2511 qued
602 2490 611 2504 ,
632 2469 755 2502 simulac
764 2471 842 2501 mihi
852 2471 1026 2502 collibitum
1039 2470 1093 2506 est,

131 2509 237 2552 praestb
255 2509 299 2542 est
317 2511 439 2553 imago?
455 2512 547 2553 quid,
566 2509 650 2555 qubd
662 2514 755 2544 etiam
771 2513 809 2545 ad
825 2513 1030 2545 dormientem
1040 2524 1094 2546 ve-

173 2663 197 2681 r.
218 2657 307 2681 Utmur
314 2657 375 2682 enim
386 2656 439 2689 sm's
448 2657 512 2684 bmia
519 2663 606 2690 oportet
621 2657 652 2688 ὰ
661 2657 791 2693 finarum]
807 2658 877 2685 Pall.
887 2658 914 2685 δε
927 2659 957 2685 Ρ.
969 2657 1095 2694 respuunt

131 2691 266 2727 copulam,
276 2701 361 2728 neque
371 2691 476 2719 admisit
487 2692 633 2720 Victorius.
653 2693 741 2720 lomim
753 2694 830 2722 habet
840 2701 928 2721 tamen
940 2694 1013 2722 suum
1027 2713 1035 2727 ,
1047 2694 1095 2722 nifi

132 2727 257 2755 malimus
277 2727 450 2764 repetendum
463 2747 472 2759 ‚
490 2729 554 2755 honis
562 2735 647 2762 oportet
658 2748 667 2761 ‚
684 2737 769 2763 oportet
783 2731 895 2764 fruatur.
917 2731 1094 2758 Wouverian.

133 2770 261 2799 praeterea
269 2763 339 2791 liber
357 2773 423 2793 unus
434 2773 482 2801 pto
491 2767 552 2791 enim
561 2764 670 2793 habebat
674 2766 736 2801 sane
746 2785 755 2799 ,
775 2766 846 2802 quod
856 2767 883 2792 ὃ(
894 2765 1048 2794 offenderat
1066 2768 1093 2794 in

133 2799 167 2826 P.
183 2799 358 2827 Gulielmius.

170 2843 199 2862 2.
217 2837 431 2872 superioraherfl
450 2836 562 2864 Sicmff.
580 2837 667 2865 nostra
682 2838 809 2874 quinque.
831 2837 959 2865 ficeditio
967 2838 1095 2866 Viekorii.

135 2870 229 2912 wlgg.
240 2875 292 2900 a'e‘r.
310 2873 460 2901 Lambinus
478 2872 565 2901 edidit
582 2877 644 2901 ae'n'.
664 2873 800 2911 quomodo
819 2875 972 2910 conjecerat
990 2875 1020 2902 Ρ.
1033 2877 1094 2903 Ma-

135 2914 238 2934 mitius.

172 2950 200 2978 3.
219 2945 352 2976 Bestiarum
360 2951 440 2972 amem
447 2947 607 2981 renensium
614 2948 677 2979 alit,
683 2949 801 2981 partina
817 2947 934 2982 namen]
955 2947 1013 2974 Pal.
1028 2953 1092 2974 tert.

135 2981 199 3011 alie,
213 2981 266 3006 aliae
273 2988 352 3006 autem
360 2984 480 3016 aquqtiles
490 2993 496 3008 .-
506 2991 554 3010 nec
564 2983 771 3018 improbaverim
781 2992 795 3010 a
817 2983 938 3015 modum,
948 2982 1094 3010 dummodo

136 3014 296 3042 rescribatur
305 3015 358 3042 fide
368 3017 400 3042 Ρ.
411 3019 543 3051 Bestiarum
570 3020 648 3046 uidem
655 3026 716 3046 terr.

157 3066 160 3069 -
172 3057 202 3084 4.
220 3052 275 3086 ἕως
283 3055 333 3085 {gne
341 3052 434 3088 naſsa]
456 3053 500 3080 sie
508 3054 559 3082 Par
572 3061 586 3082 .’
597 3063 657 3083 narn
669 3056 701 3084 P.
710 3057 770 3091 igni.
788 3054 859 3083 uncle
869 3055 979 3091 conjicit
989 3055 1095 3083 Guliel-

138 3085 220 3120 mius,
234 3091 282 3122 igni
291 3089 378 3122 enasci.
494 3097 496 3100 ’

173 3131 201 3159 5.
220 3125 344 3160 Qidqutd
358 3120 419 3152 mitis
434 3125 516 3154 borum
533 3128 668 3165 attigerim]
687 3127 856 3159 ViCtoriied.
866 3130 972 3166 attigerit
982 3147 992 3165 ‚
1012 3136 1098 3166 neque

1105 89 1446 140 E>zcintrnae
1523 94 1680 142 [.1n.

1736 96 1778 143 1.
2002 112 2121 146 1121

1158 169 1250 201 niunt
1259 170 1417 202 invocata?
1439 174 1520 204 ‘rota
1529 183 1575 204 res
1586 194 1596 209 ,
1614 172 1732 210 Vellei,
1754 175 1909 216 nugatoria
1921 174 1975 208 est.
1999 180 2056 208 vos
2070 187 2123 209 au·

1160 220 1220 241 tem
1231 221 1294 242 non
1306 214 1402 244 modb
1413 215 1510 245 oculis
1521 216 1666 257 imagines
1676 235 1685 250 ‚
1704 216 1753 248 sed
1763 219 1853 248 etiam
1863 220 1976 250 animis
1989 220 2124 251 inculca-

1158 254 1207 281 tis.
1247 262 1327 286 tanta
1347 255 1391 286 est
1411 258 1578 297 impunitas
1599 258 1759 299 garriendi.
1801 262 1841 290 At
1859 260 1950 301 quam
1970 261 2123 293 licenter?

1159 294 1334 327 Fluentium
1352 297 1522 338 frequenter
1541 299 1673 330 transitio
1693 298 1727 331 fit
1744 299 1895 333 vifionum
1907 321 1916 337 ‚
1939 312 1973 333 ur
1985 304 2002 334 ὲ
2016 304 2125 334 multis

1161 344 1219 366 una
1238 337 1381 368 videatur.
1403 340 1532 371 Puderet
1550 351 1602 371 me
1619 342 1717 372 dicere
1734 352 1800 373 non
1818 344 2007 386 intelligere,
2026 345 2046 375 fi
2066 354 2124 376 vos

1159 376 1211 416 ipfi
1231 379 1457 421 intelligeretis,
1485 384 1538 422 qui
1553 382 1607 413 ista
1626 382 1799 415 defenditis.
1831 387 1902 424 Quo
1920 387 2016 418 modo
2033 389 2120 418 enim

1158 419 1264 458 probas
1274 440 1282 453 ‚
1294 423 1463 451 continenter
1473 425 1618 465 imagines
1627 424 1695 455 ferri
1705 433 1774 457 .²aut
1784 446 1792 460 ,
1805 425 1826 456 si
1836 431 2045 464 continenter,
2057 439 2123 470 quo

1159 460 1254 490 modo
1264 467 1382 491 aeternae?
1404 466 1678 500 Innumerabilitas,
1690 469 1802 508 inquis,
1821 469 1985 509 suppeditat
1998 473 2122 502 atomo'-

1157 511 1237 532 rum.
1262 505 1466 548 Num-eadem
1481 517 1550 549 ergo
1568 507 1621 538 ista
1638 507 1766 544 facient,
1785 509 1997 543 utfintomnia
2007 513 2122 554 sempi—

1157 547 1263 574 terna?
1282 548 1423 586 coniugis
1440 548 1474 577 ad
1493 550 1733 589 aequilibritatem
1745 572 1753 585 ,
1776 549 1813 582 sic
1830 553 1913 583 enim
1936 556 2055 586 femma-
2067 575 2075 587 ,
2094 553 2118 586 fi

1154 585 1268 625 placet,
1290 588 1493 626 appellemus:
1515 591 1617 625 &ais,
1637 595 1785 633 quoniam
1797 592 1831 624 sit
1849 603 1951 625 natura
1970 597 2120 631 mortalis.

1155 628 1363 658 immortalem
1374 631 1466 660 etiam
1477 631 1535 662 effe
1545 642 1691 672 oportere.
1703 634 1766 666 Isto
1778 635 1873 666 modo
1884 657 1894 671 ,
1905 638 2050 678 quoniam
2063 641 2122 669 ho-

1156 671 1257 699 mines
1267 671 1410 701 mort-ales
1421 673 1507 708 sunt,
1527 673 1584 704 sint
1593 677 1684 716 aliqui
1700 679 1887 708 immortales
1901 689 1906 708 :
1927 679 2120 720 &quoniam

1155 711 1318 741 nascuntur
1332 714 1364 742 in
1377 721 1451 744 terra
1463 734 1471 748 ‚
1493 716 1648 746 nascantur
1659 717 1734 748 &in
1746 729 1834 760 aqua:
1852 719 1964 761 &quia
1977 722 2044 752 sunt
2075 732 2122 753 uae

1157 754 1354 787 interimant,
1368 753 1498 796 fintquae
1508 758 1695 789 conservent.
1718 761 1877 791 Sintsane:
1896 763 1946 793 sed
1956 772 1988 793 ea
1998 772 2056 793 con
2074 774 2122 793 er-

1155 803 1246 829 vent,
1263 796 1419 836 quaesunt.
1441 800 1525 829 Deos
1535 798 1608 829 istos
1620 798 1678 830 ess'e
1689 811 1753 831 non
1764 802 1871 833 sentio.
1895 807 2006 835 Omnis
2017 813 2120 837 tamen

1156 835 1329 867 istarerum
1346 836 1460 879 effigies
1477 850 1515 870 ex
1534 840 1700 872 individuis
1719 853 1780 884 quo
1798 845 1893 875 modo
1916 841 2118 887 8corporibus

1155 879 1272 909 oritur?
1284 889 1351 920 quae
1360 882 1449 911 etiam
1461 880 1481 911 si
1491 881 1585 913 essent
1596 903 1604 917 ,
1616 893 1681 924 quae
1692 886 1774 915 nulla
1785 886 1869 920 sunt;
1902 888 1992 919 ellere
2002 889 2031 920 se
2041 890 2116 929 ipsa,

1156 920 1189 950 &
1198 922 1300 962 agitari
1312 924 1389 952 inter
1399 923 1427 953 se
1437 925 1583 955 concursu
1592 924 1710 956 fortasse
1719 925 1852 966 poss‘ent:
1887 939 2003 961 ormare
2013 950 2022 964 ,
2039 931 2117 973 figu-

1151 972 1234 997 rare,
1254 964 1407 997 colorare,
1429 968 1562 997 animare
1579 977 1642 997 non
1662 967 1789 1008 possent.
1812 971 1910 1001 Nullo
1919 973 2010 1012 igitur
2020 973 2118 1004 modo

1152 1005 1343 1034 immorralem
1360 1005 1452 1037 deum
1467 1006 1596 1039 efficitis,
1629 1009 1795 1041 Videamus
1804 1021 1887 1042 nunc
1897 1012 1932 1043 de
1951 1012 2037 1044 beato.
2069 1017 2116 1046 Si-

1150 1056 1191 1076 ne
1206 1048 1316 1077 vittute
1334 1048 1413 1079 certe
1434 1049 1522 1080 nullo
1541 1050 1646 1081 modo.
1684 1053 1780 1082 virtut
1804 1063 1903 1085 autem
1920 1054 2057 1097 astuosa:
2077 1057 2111 1089 δε

1152 1088 1244 1123 deus,
1266 1088 1363 1120 vester
1378 1091 1458 1120 nihil
1476 1101 1582 1133 agens:
1605 1103 1711 1134 expers
1727 1097 1846 1126 virtutis
1864 1098 1971 1138 igitur:
1993 1101 2053 1133 ita,
2074 1109 2116 1131 ae

1151 1130 1254 1161 beatus
1264 1131 1399 1172 quidem.
1422 1135 1496 1173 Qiae
1506 1144 1576 1175 ergo
1584 1137 1667 1167 vita?
1687 1137 1893 1177 Suppeditatio
1904 1159 1913 1173 ‚
1925 1141 2026 1182 inquis
2037 1160 2046 1175 ‚
2059 1140 2117 1172 bo-

1149 1182 1260 1203 norum
1273 1193 1282 1207 ,
1304 1174 1392 1205 nullo
1404 1176 1555 1206 malorum
1567 1178 1753 1208 interventu.
1776 1181 1914 1220 Qorum
1927 1182 2047 1213 tandem
2060 1182 2118 1214 bo-

1150 1224 1261 1245 norum
1274 1218 1285 1244 ?
1307 1216 1508 1257 voluptatum.
1531 1219 1646 1250 Credo:
1667 1229 1779 1260 nempe
1792 1221 1827 1251 ad
1841 1232 1950 1263 corpus
1958 1226 2116 1264 pertinen-

1150 1258 1239 1287 tium.
1262 1257 1380 1288 nullam
1391 1261 1474 1289 enim
1485 1260 1614 1291 novistis
1624 1281 1633 1296 ‚
1653 1260 1710 1292 nisi
1717 1261 1886 1302 profectam
1897 1265 1913 1295 a
1921 1275 2046 1306 corpore
2055 1285 2063 1301 ‚
2079 1267 2115 1298 &

1148 1298 1325 1329 redeuntem
1346 1300 1382 1331 ad
1399 1310 1526 1342 corpus,
1548 1305 1644 1334 animi
1662 1304 1859 1344 voluptatem.
1891 1308 1968 1338 Non
1986 1307 2115 1340 arbitror

1149 1348 1178 1370 te
1189 1360 1199 1374 ‚
1214 1341 1331 1375 Vellei,
1348 1341 1477 1374 similem
1490 1343 1548 1374 esse
1559 1347 1774 1385 Epicureorum
1785 1348 1974 1389 reliquorum
1987 1360 1993 1365 ·
2011 1353 2115 1392 9quos

1148 1382 1256 1422 pudeat
1271 1393 1374 1415 earum
1386 1387 1507 1425 Epicuri
1518 1395 1629 1417 vocum
1640 1407 1649 1421 ,
1670 1388 1780 1428 quibus
1796 1389 1848 1423 ille
1864 1389 2002 1425 testatur.
2019 1392 2049 1422 se
2067 1402 2114 1424 Νι

1150 1434 1384 1457 inferrire-‚ene
1414 1436 1553 1466 Qum-:M
1582 1438 1708 1460 unum
1740 1440 1860 1462 nouum
1883 1452 1892 1466 ,
1933 1441 2024 1473 Qun
2054 1445 2111 1466 sir

1149 1475 1349 1504 sEJUNCTUM
1373 1477 1395 1498 A
1418 1478 1621 1504 Demea-ris,
1644 1481 1684 1501 ετ
1705 1481 1875 1503 οΒεοΕΝιε
1899 1484 2115 1506 vonum-Ari-

1148 1517 1227 1538 nus:
1249 1517 1323 1548 quas
1342 1511 1466 1550 quidem
1486 1521 1550 1541 non
1566 1512 1742 1543 erubescens
1757 1533 1766 1546 ‚
1788 1515 1974 1556 persequitur
1991 1520 2115 1549 omneis

1147 1550 1345 1580 nominatim.
1369 1553 1468 1588 Quem
1480 1552 1587 1583 cibum
1598 1555 1689 1593 igitur
1700 1573 1709 1588 ,
1729 1562 1780 1585 aut
1796 1565 1870 1596 quas
1884 1558 2043 1596 potiones,
2062 1568 2116 1591 aut

1147 1600 1220 1631 quas
1230 1601 1343 1621 vocum
1354 1612 1362 1625 ,
1375 1601 1425 1623 aut
1434 1592 1546 1623 florum
1557 1603 1710 1625 varietates
1720 1615 1730 1629 ‚
1751 1605 1801 1626 aut
1820 1606 1898 1637 quos
1907 1597 2001 1628 cadius
2010 1618 2019 1633 ‚
2034 1609 2114 1641 quos

1147 1632 1257 1662 odores
1275 1632 1432 1664 adhibebis
1450 1636 1486 1665 ad
1503 1635 1594 1671 deos,
1613 1645 1647 1667 ut
1656 1646 1709 1667 eos
1717 1636 1878 1676 perfundas
1888 1640 2113 1681 voluptatibus?

1146 1677 1187 1704 At
1196 1675 1294 1715 po'e'tae
1301 1676 1427 1716 quidem
1438 1697 1448 1712 ,
1465 1676 1569 1708 neSear
1578 1698 1587 1712 ‚
1601 1678 1779 1710 ambrofiam
1792 1700 1801 1714 ,
1815 1681 1916 1721 epulas
1925 1691 2112 1723 comparant,

1148 1716 1183 1747 Sc
1192 1725 1242 1748 aut
1250 1719 1438 1749 Iuventatem
1451 1739 1460 1753 ‚
1479 1729 1528 1750 aut
1539 1721 1748 1760 Ganymedem
1758 1723 1865 1762 pocula
1873 1722 2111 1757 ministrantem.

1147 1761 1196 1799 Tu
1207 1767 1306 1789 autem
1319 1778 1327 1792 ,
1339 1762 1466 1799 Epicure
1475 1781 1485 1794 ‚
1497 1761 1569 1802 quid
1580 1761 1669 1793 facies
1682 1764 1693 1792 ἒ
1710 1773 1807 1804 neque
1817 1773 1902 1795 enim
1914 1765 1994 1796 unde
2005 1766 2113 1801 habeat

1146 1799 1200 1831 ista
1218 1800 1293 1830 deus
1303 1809 1389 1835 tuus,
1407 1803 1519 1832 video:
1536 1813 1602 1837 nec,
1612 1805 1773 1844 quomodo
1784 1814 1891 1837 utatur.
1912 1808 2113 1848 Locupletiot'

1146 1843 1238 1882 igitur
1246 1841 1412 1873 hominurn
1424 1853 1528 1874 natura
1536 1845 1572 1875 ad
1582 1845 1666 1876 beate
1677 1847 1844 1878 vivendum
1855 1845 1916 1882 est‚'
1931 1849 2021 1890 quam
2032 1850 2111 1882 deo-

1145 1892 1214 1913 rum
1225 1902 1233 1915 ,
1252 1883 1334 1923 quod
1344 1884 1481 1923 pluribus
1494 1886 1654 1926 generibus
1662 1885 1772 1918 fruitur
1780 1889 1982 1930 voluptatum.
2006 1894 2046 1922 At
2054 1893 2110 1923 has

1143 1925 1274 1955 leviores
1292 1924 1377 1956 ducis
1394 1927 1578 1967 voluptates,
1600 1928 1711 1969 quibus
1726 1929 1807 1971 quafi
1825 1932 2109 1974 titillatiofflpicuri

1143 1968 1228 1998 enim
1246 1968 1304 1997 hoc
1320 1967 1448 2000 verbum
1468 1968 1523 2009 est)
1538 1969 1668 2001 sensibus
1684 1971 1852 2003 adhibetur.
1875 1975 2042 2017 Qousque
2058 1976 2108 2007 lu-

1142 2009 1212 2039 dis?
1233 2018 1305 2039 nam
1314 2010 1404 2040 Philo
1423 2012 1514 2042 etiam
1534 2011 1635 2043 noster
1642 2011 1720 2044 ferre
1730 2024 1794 2045 non
1803 2024 1920 2055 poterat
1930 2036 1939 2050 ‚
1957 2018 2107 2058 aspernari

1142 2052 1306 2092 Epicureos
1315 2070 1323 2084 ‚
1336 2053 1460 2083 molleis
1471 2073 1479 2086 ‚
1498 2053 1531 2084 δε
1540 2053 1677 2086 delicatas
1687 2055 1866 2097 voluptates.
1889 2058 2009 2090 summa
2018 2061 2106 2092 enim

1142 2095 1292 2124 memoria
1308 2095 1523 2134 pronuntiabat
1538 2096 1687 2137 plurimas
1697 2100 1821 2138 Epicuri
1841 2099 2003 2132 sententias
2020 2122 2029 2135 ,
2054 2103 2102 2132 hie

1139 2133 1209 2176 ipfis
1218 2135 1335 2169 verbis,
1351 2136 1460 2176 quibus
1470 2146 1552 2169 erant
1563 2139 1687 2180 scriptae.
1710 2140 1878 2172 Metrodori
1890 2141 1982 2177 verb,
1997 2144 2050 2184 qui
2060 2142 2104 2174 est

1141 2178 1262 2218 Epicuri
1277 2178 1390 2220 collega
1409 2178 1560 2219 sapientiae
1571 2200 1580 2215 ‚
1601 2182 1696 2212 multa
1711 2182 1937 2223 impudentiora
1954 2185 2105 2217 recitabat.

1138 2219 1253 2250 accusat
1271 2221 1355 2250 enim
1376 2223 1583 2252 Timocratem
1595 2243 1604 2257 ‚
1624 2222 1747 2255 fratrem
1768 2224 1876 2260 suum,
1897 2227 2104 2262 Metrodorus.

1139 2260 1221 2303 qubd
1235 2261 1352 2292 dubitet
1361 2263 1456 2292 omnia
1465 2283 1474 2298 ‚
1494 2273 1554 2305 quae
1561 2264 1599 2294 ad
1610 2264 1723 2295 beatam
1735 2267 1831 2296 viram
1837 2268 1997 2307 pertineant
2005 2288 2015 2303 ,
2035 2279 2106 2299 ven-

1138 2312 1179 2333 tre
1196 2304 1294 2333 metiri
1301 2314 1313 2334 .·
1332 2314 1429 2346 neque
1447 2305 1481 2336 id
1500 2307 1593 2337 semel
1607 2306 1697 2339 dicit:
1717 2308 1766 2339 sed
1776 2309 1890 2350 saepius.
1915 2314 2057 2341 Annuere
2068 2319 2101 2342 te

1140 2345 1242 2376 video.
1266 2355 1338 2377 nota
1350 2349 1435 2378 enim
1451 2347 1507 2378 tibi
1527 2349 1605 2380 sunt.
1629 2349 1919 2387 Proferremlibros,
1938 2350 2102 2394 sine-gates.

1138 2390 1246 2429 Neque
1256 2398 1338 2423 nuuc
1348 2390 1533 2430 reprehendo
1544 2410 1553 2425 ,
1574 2389 1657 2433 qubd
1666 2392 1702 2422 ad
1714 2393 1899 2433 voluptatem
1910 2396 2015 2425 omnia
2026 2394 2105 2425 refe-

1138 2440 1252 2461 rantur:
1265 2431 1322 2462 alia
1331 2430 1374 2462 est
1384 2442 1416 2462 ea
1425 2431 1553 2473 quaestio
1565 2443 1571 2462 ;
1582 2432 1631 2464 sed
1641 2433 1737 2464 doceo
1748 2453 1757 2468 2
1768 2434 1841 2465 deos
1849 2435 1962 2466 vestros
1973 2434 2032 2466 ess'e
2043 2447 2100 2468 vo-

2143 186 2186 221 39

2131 1023 2182 1056 40

1139 2472 1258 2512 luptatis
1267 2475 1414 2513 experteis
1424 2484 1430 2502 :
1440 2476 1480 2504 ita
1489 2474 1588 2504 vestro
1597 2474 1713 2516 judicio
1722 2486 1759 2507 ne
1772 2477 1871 2507 beatos
1881 2478 2016 2518 quidem.
2046 2481 2101 2508 „Ar
2117 2491 2158 2525 41

1141 2513 1230 2546 dolore
1243 2522 1359 2544 vacant.
1380 2517 1473 2546 Satin’
1488 2515 1530 2547 est
1543 2517 1575 2547 id
1587 2517 1623 2547 ad
1638 2518 1726 2548 aliam
1736 2518 1942 2550 abundantem
1953 2519 2044 2551 bonis
2056 2524 2104 2552 vi-

2027 2571 2099 2596 tam

1136 2659 1215 2687 aliter
1226 2659 1295 2689 Pall.
1305 2668 1352 2687 aut
1364 2661 1394 2688 P.

1173 2695 1202 2722 6.
1219 2697 1284 2729 Qid
1299 2699 1399 2723 inter-ef!
1414 2704 1496 2724 utrum
1513 2697 1540 2724 de
1557 2701 1776 2735 Hippocentauro.]
1796 2700 1945 2728 Wouverio
1963 2701 2100 2729 excussum

1136 2732 1275 2767 exemplar
1294 2732 1420 2768 scriptum
1439 2743 1492 2761 non
1511 2734 1623 2763 habebit
1641 2743 1740 2770 utrum5
1759 2738 1787 2762 &
1798 2745 1906 2774 poterat
1923 2737 2101 2774 subintelligi.

1137 2768 1193 2803 ejus
1205 2768 1264 2794 loco
1279 2776 1335 2795 erat
1347 2770 1371 2795 in
1385 2770 1415 2796 P.
1425 2770 1492 2803 quid.

1173 2812 1201 2836 7.
1222 2805 1296 2838 Fmffi
1306 2806 1435 2839 Cei-copia]
1456 2807 1499 2833 Ita
1517 2806 1622 2834 volebat
1636 2808 1728 2844 reponi
1740 2808 1889 2837 Parrhasius
1902 2827 1909 2842 ,
1929 2810 2000 2836 notis
2010 2809 2061 2837 suis
2071 2809 2101 2838 in

1137 2840 1329 2868 Claudianum.
1351 2842 1468 2876 vulgata.
1479 2844 1593 2876 ectr-opii.
1604 2851 1633 2871 at
1642 2844 1699 2871 Pal.
1711 2844 1762 2871 sec.
1773 2846 1882 2873 emonis.
1891 2846 1973 2874 tertio
1983 2847 2102 2875 σινωπὶς.

1139 2876 1326 2907 Wouveriani,
1338 2878 1448 2904 Cerdonis
1458 2879 1624 2914 exprimunt.

1175 2911 1202 2939 8.
1222 2914 1363 2945 Corporibus
1371 2916 1448 2939 oritur
1457 2917 1468 2940 ἓ
1476 2924 1526 2948 qua
1535 2917 1626 2950 etiamsi
1631 2916 1711 2949 cffim,
1721 2926 1771 2951 qnae
1778 2919 1845 2944 nulla
1846 2918 1918 2952 fhnr,
1927 2917 1996 2953 ὧι]
2010 2919 2099 2946 Palae.

1138 2947 1246 2975 secund.
1259 2949 1338 2984 longi:
1349 2949 1428 2976 aliter·
1448 2950 1525 2977 verba
1534 2950 1681 2987 disposuit;
1702 2952 1736 2979 fic
1745 2963 1804 2980 nem
1850 2964 1856 2981 ς
1877 2957 2011 2987 corporibus
2022 2974 2031 2987 ‚
2049 2964 2101 2990 φα

1139 2985 1280 3017 nullaefimt,
1290 2988 1367 3011 oritur
1377 2989 1388 3012 ,θ
1406 2995 1456 3020 qua
1464 2989 1629 3021 eriamfieffent
1639 3007 1648 3021 ‚
1654 2989 1737 3022 pellere
1738 2990 1766 3024 fi
1773 2992 1798 3024 ip
1808 2999 1837 3018 ι.
1855 2990 1884 3017 δι
1897 2991 1960 3017 vero
1974 2990 2022 3018 illa
2035 3011 2043 3024 ,
2052 2999 2103 3026 qua

1140 3021 1205 3046 nulla
1209 3025 1280 3054 jum,
1292 3031 1344 3048 non
1359 3020 1479 3048 visuntur
1489 3023 1516 3050 in
1530 3024 1615 3051 Palat.
1626 3024 1719 3052 tertio.

1175 3063 1205 3091 9.
1230 3057 1292 3090 ,Qus
1307 3058 1488 3090 pudeatearum
1499 3078 1507 3091 ‚
1525 3059 1592 3095 &ej
1614 3060 1754 3096 Adjieiunt
1763 3061 1809 3089 :ilii
1820 3063 1970 3098 negativam
1983 3083 1990 3095 ,
2006 3062 2048 3089 sed
2060 3072 2105 3089 re-

1139 3093 1319 3128 pugnantibus
1331 3093 1405 3120 libris
1416 3095 1510 3122 nostris
1523 3115 1531 3126 ,
1542 3096 1682 3126 minimum
1693 3097 1822 3136 quinque.
1841 3099 1963 3137 cupiebat
1973 3102 2104 3128 Cameta-

1142 3128 1197 3158 rius
1200 3147 1210 3164 ‚
1221 3128 1314 3158 eodem
1324 3129 1411 3167 sensu,
1419 3134 1478 3168 quin
1481 3131 1583 3166 pudeat.

1477 3169 1648 3199 eccccce
2005 3169 2109 3206 heagi-
