2297 3389
60 663 99 689 11

702 105 902 153 Lini.

120 189 263 234 pecunias
280 185 409 220 sumsisse
420 191 541 218 mutuas
556 203 566 220 ‚
589 185 718 217 nomina
733 186 785 217 sua
793 185 922 227 exegisse
940 207 948 221 ,
972 186 1082 227 praedia

124 231 289 264 vendidisse
302 242 308 261 :
329 229 402 261 cum
418 228 524 259 tabulae
541 229 678 259 virorum
697 228 851 259 bonorum
868 228 1082 268 proferrentur:

122 275 194 306 cum
205 295 214 308 ,
232 275 284 315 qui
294 274 451 313 pecuniam
461 271 560 300 Dioni
575 269 738 304 dederunt,
759 269 894 300 dicerent
905 270 932 300 se
941 271 1004 310 jam
1014 279 1080 300 tum

123 315 234 350 audiss'e
244 335 252 349 ‚
264 313 302 345 eb
313 323 459 344 nummos
468 313 547 342 sumi
556 332 565 346 ‚
587 321 619 342 ut
628 314 714 341 Verri
725 312 864 342 darentur
875 323 880 341 :
897 322 968 341 cum
977 313 1079 344 amici,

124 359 254 398 hospites
263 376 272 390 ‚
282 356 400 396 patroni
411 355 524 384 Dionis
534 374 542 387 ‚
562 355 705 384 homines
717 352 920 384 honestissimi
933 373 941 388 ‚
962 355 1025 383 hazc
1034 363 1083 383 ea-

125 400 194 432 dem
203 399 233 429 se
241 395 350 428 audisse
358 396 498 427 dicerent.
523 398 639 436 Opinor
647 416 655 430 ‚
667 394 739 425 cum
750 396 811 426 haec
822 394 937 429 fierent,
949 404 1016 425 tum
1026 404 1082 424 vos

122 441 261 472 audiretis
273 459 282 472 ‚
293 438 365 469 sicut
373 437 496 469 audistis
508 449 513 467 :
534 447 601 468 tum
613 439 697 478 causiz
706 440 755 478 agi
765 438 925 468 videretur.
949 439 996 468 Sic
1005 437 1020 467 ῑι
1031 446 1081 466 me

122 484 191 514 sunt
199 481 261 512 adsta
271 482 376 511 omnia
385 482 485 521 priore
494 479 613 510 astione
624 500 632 514 ,
654 489 688 510 ut
699 482 731 509 in
741 480 922 510 criminibus
932 479 1079 509 omnibus

120 525 243 556 nullum
257 521 328 554 esset
337 543 345 557 ‚
361 524 394 552 in
404 533 464 564 quo
472 523 629 563 quisquam
639 520 774 552 vestrum
785 531 957 562 perpetuam
967 521 1083 551 accusa-

122 562 238 597 tionem
249 567 419 606 requireret.
443 567 533 606 Nego
552 575 607 607 ego
618 563 675 594 ess'e
690 564 854 605 quidquam
865 564 881 594 a
891 562 1014 594 testibus
1034 562 1082 592 di-

122 607 217 641 ξὶυηπ,
225 607 307 649 quod
317 616 368 637 aut
377 606 511 637 vestrum
521 608 652 647 cuipiam
662 606 735 636 ess'et
743 607 914 639 obscurum,
924 614 973 636 aut
981 606 1028 644 cuj
1033 604 1081 634 us-

120 659 210 692 quam
220 650 345 679 0rat0ris
353 649 559 690 eloquentiam
568 658 719 689 quaereret.
739 650 862 678 Etenim
872 646 910 677 sic
920 647 1079 687 meipsum

119 690 209 734 egifl'e
226 693 378 722 memoria
395 693 504 722 tenetis
516 711 524 724 ,
548 699 581 721 ut
590 693 624 720 in
642 689 754 726 testibus
763 689 959 730 interrogandis
974 690 1081 718 omnia

119 735 247 765 crimina
256 743 456 774 proponerem
469 754 477 767 ,
496 733 530 763 δε
540 733 720 772 explicarem
731 752 740 766 ‚
761 741 795 762 ut
804 752 814 766 ‚
827 731 899 762 cum
910 742 973 762 rem
984 740 1080 761 totam

118 777 153 806 in
163 775 266 806 medio
275 774 506 816 proposuissem,
518 784 584 804 tum
594 774 724 815 denique
735 773 841 804 testem
852 776 964 803 interro
987 782 1077 814 arem:

118 820 221 860 Itaque
231 828 295 848 non
306 817 402 848 modo
413 827 468 847 vos
478 837 486 850 ,
499 817 608 857 quibus
619 815 661 846 est
670 815 868 855 judicandum
879 837 887 850 ,
911 826 953 846 no
996 825 1012 845 a
1022 816 1080 845 cri-

119 862 205 891 mina
214 861 321 890 tenetis
330 880 338 893 ‚
360 859 407 890 sed
426 861 517 889 etiam
527 859 656 899 populus
666 861 800 889 Roman.
812 867 906 888 totam
918 857 1080 888 accusatio-

118 912 203 936 nem,
213 902 387 942 causamque
397 903 553 941 cognovit.
573 899 686 931 tametfi
696 902 735 930 ita
744 900 780 930 de
790 910 860 930 meo
870 899 950 930 1ᾱὲὶο
958 900 1079 940 loquor,

118 942 199 984 quafi
207 953 262 985 ego
271 943 346 973 illud
357 953 418 972 mea
427 943 576 972 voluntate
585 942 698 982 potius,
710 942 801 983 quam
811 941 902 978 vestra
912 942 1018 981 injuria
1027 940 1079 971 ad-

119 985 227 1016 dustus
236 984 370 1015 fecerim.
394 984 615 1025 Interposuistis
625 986 825 1015 accusatorem
836 1004 843 1018 ‚
855 987 908 1025 qui
920 1005 927 1017 ‚
938 984 1010 1014 cum
1021 993 1077 1023 ego

119 1028 198 1058 rnihi
211 1036 239 1056 c.
251 1027 284 1057 &
295 1037 317 1057 x
327 1027 391 1057 dies
401 1027 480 1057 solos
494 1029 527 1057 in
536 1027 670 1058 Siciliam
680 1025 873 1067 postulassem
886 1047 894 1059 ,
908 1036 936 1056 c.
949 1026 982 1056 δε
993 1035 1032 1056 VI
1042 1035 1052 1054 1
1063 1035 1074 1054 1

118 1067 173 1100 sibi
182 1070 215 1098 in
224 1070 366 1109 Achajam
376 1068 546 1108 postularet.
558 1070 688 1099 menseis
699 1070 776 1099 mihi
788 1070 858 1099 treis
867 1067 940 1098 cum
952 1067 1078 1107 eripuis-

117 1112 187 1143 setis
195 1110 231 1141 ad
237 1111 390 1153 *agendum
401 1110 538 1141 maxime
548 1111 694 1152 appositos
706 1132 714 1144 ‚
733 1111 886 1152 reliquum
896 1121 990 1140 omne
1000 1119 1078 1140 tem-

119 1162 174 1194 pus
185 1153 273 1190 hujus
283 1155 354 1183 anni
365 1163 414 1183 me
425 1153 512 1183 vobis
521 1152 714 1183 remissurum
724 1152 846 1193 putastis
859 1164 864 1182 :
879 1162 912 1183 ut
921 1172 929 1185 ‚
940 1151 1012 1182 cum
1023 1153 1079 1181 ho-

120 1197 160 1226 ris
171 1194 278 1225 nostris
288 1205 344 1225 nos
354 1194 483 1225 effemus
494 1194 545 1230 rifi,
555 1205 587 1226 tu
598 1216 606 1229 ‚
618 1196 699 1226 binis
708 1195 787 1225 ludis
795 1194 974 1235 interpositis
986 1215 993 1228 ‚
1005 1204 1080 1235 qua-

119 1235 282 1278 dragesimo
291 1236 359 1277 post
368 1237 416 1267 die
426 1237 618 1277 responderes
631 1248 636 1267 :
658 1237 767 1268 deinde
778 1239 818 1267 ita
828 1247 945 1277 tempus
956 1236 1080 1266 ducere-

120 1287 169 1310 tur
178 1298 186 1313 ,
207 1288 239 1309 ut
249 1279 265 1309 a
281 1281 327 1309 M.
340 1279 505 1309 Glabrione
513 1289 594 1320 praet.
607 1280 640 1309 δε
649 1279 664 1309 a
675 1289 781 1319 magna
789 1288 868 1319 parte
880 1277 1079 1318 horumjudi-

119 1331 203 1355 cum,
215 1320 249 1350 ad
259 1330 417 1361 praetorem
426 1321 533 1355 alium,
541 1321 716 1362 judicesque
726 1321 801 1351 alios
810 1323 993 1351 veniremus.
1007 1322 1079 1349 Haec

120 1361 143 1393 si
152 1373 207 1404 ego
216 1373 281 1392 non
291 1361 449 1396 vidiffem5
469 1362 491 1392 fi
502 1374 552 1393 me
563 1373 627 1393 non
637 1373 745 1393 omnes
762 1364 821 1392 noti
832 1384 841 1396 ,
854 1363 1000 1404 ignotique
1011 1372 1078 1391 mo-

121 1403 252 1436 nuissent
261 1424 270 1438 ,
281 1404 312 1434 id
321 1406 366 1446 agi
378 1424 387 1438 ‚
399 1404 429 1434 id
440 1407 565 1446 cogitari
574 1426 583 1440 ‚
603 1407 636 1435 in
646 1416 682 1435 eo
693 1404 818 1435 labo-rari
829 1425 838 1439 ,
859 1415 892 1435 ut
902 1415 947 1435 res
957 1407 991 1434 in
1001 1403 1077 1433 illud

121 1455 239 1487 tempus
256 1448 441 1486 rejiceretur,
465 1447 573 1481 credo,
597 1446 619 1477 fi
629 1449 705 1477 meis
719 1448 801 1477 horis
820 1449 852 1477 in
861 1446 1024 1477 accusando
1033 1447 1077 1475 uti

120 1487 279 1520 voluissem
292 1510 299 1522 ‚
310 1499 427 1519 vererer
438 1509 446 1522 ,
464 1499 504 1519 ne
513 1491 592 1520 mihi
601 1491 730 1520 crimina
739 1499 803 1520 non
813 1489 1017 1529 suppeterent:
1037 1498 1076 1518 ne

120 1532 217 1562 oratio
227 1529 336 1561 deesset
347 1542 352 1560 τ
369 1541 481 1561 nevox
490 1552 498 1566 ‚
509 1533 646 1573 viresque
655 1531 817 1562 deficerent
828 1542 833 1561 z
845 1542 883 1561 ne
894 1552 902 1564 ,
921 1541 1013 1572 quem
1024 1540 1078 1560 ne—

115 1583 176 1604 -mo
185 1574 281 1613 prima
289 1572 409 1604 aistione
418 1573 579 1604 defendere
590 1574 674 1604 ausus
686 1571 758 1604 effer
766 1594 774 1608 ‚
787 1584 857 1604 eum
869 1584 924 1615 ego
935 1574 980 1603 bis
990 1583 1077 1603 accu-

119 1616 181 1646 sare
188 1625 253 1645 non
261 1613 388 1655 possem.
400 1619 464 1658 Ego
475 1626 580 1647 meum
590 1615 751 1647 consilium
761 1625 826 1646 tum
833 1615 998 1655 judicibus,
1010 1623 1076 1645 tum

120 1657 234 1698 populo
242 1659 385 1688 Romano
396 1657 529 1698 probavi.
554 1661 659 1689 Nemo
671 1657 713 1688 est
723 1678 730 1692 ‚
750 1660 802 1699 qui
812 1659 868 1688 alia
878 1659 992 1688 ratione
1004 1656 1077 1687 isto-

119 1709 190 1730 rum
199 1699 316 1738 injuriae‚
325 1707 414 1741 atque
423 1700 596 1742 impudentia
604 1698 729 1740 potuifi‘e
740 1698 1010 1731 obsistiaibitretur.
1028 1702 1080 1729 Et-

120 1742 205 1771 enim
214 1751 270 1782 qua
279 1741 403 1772 stultitia
411 1741 534 1772 fuiss'em
547 1763 556 1776 ,
575 1742 612 1776 fi,
629 1752 721 1783 quam
731 1742 815 1772 diem
827 1763 835 1777 ‚
855 1744 907 1784 qui
918 1741 1009 1772 istum
1021 1743 1080 1771 eri-

118 1782 265 1824 piendum
274 1783 483 1818 redemerunt,
494 1787 527 1814 in
536 1786 677 1815 cautione
686 1784 847 1819 viderunt,
865 1794 936 1815 cum
947 1786 987 1813 ita
994 1794 1079 1813 cave-

119 1832 187 1856 rent
196 1845 204 1859 2
227 1828 261 1855 S1
281 1835 358 1856 Posi-
377 1836 556 1857 KALENDAS
571 1836 645 1866 JAN.
668 1837 706 1856 IN
725 1836 919 1857 CONSILIUM
938 1836 1079 1856 ikia-rua:

119 1868 156 1898 in
167 1877 232 1897 earn
244 1866 326 1897 diem
335 1878 400 1909 ego,
411 1866 485 1899 cum
494 1867 657 1909 potuissem
668 1871 771 1903 vitare,
782 1867 953 1899 incidissem
964 1871 976 1897 ?
988 1871 1081 1898 Nunc

121 1909 202 1938 mihi
212 1911 356 1948 temporis
365 1912 428 1949 ejus
440 1930 449 1943 ‚
472 1911 554 1951 quod
564 1912 642 1941 mihi
651 1911 687 1941 ad
697 1910 861 1942 dicendum
872 1911 957 1941 datur
975 1921 980 1939 ·.
1003 1920 1082 1951 quo-

121 1951 205 1980 niam
216 1952 249 1979 in
264 1952 372 1980 animo
388 1951 431 1981 est
441 1953 557 1982 causam
566 1962 694 1984 omnem
704 1962 855 1992 exponere
864 1973 872 1986 ‚
896 1951 1030 1982 habenda
1039 1962 1083 1981 ra—

62 2002 75 2026 1
86 2001 106 2026 2
122 1993 168 2023 tio
177 1991 220 2022 est
235 1992 405 2033 diligenter.
427 1995 528 2034 anue
550 1996 684 2033 primurn
694 1995 784 2023 illum
795 1993 895 2024 afrum
907 1992 994 2023 istius
1009 1995 1078 2023 vitae

121 2032 324 2073 turpissimum
336 2054 344 2067 ‚
358 2033 656 2074 &flagitiosiffimum
667 2038 906 2075 praetermittam.
917 2035 995 2064 nihil
1004 2034 1019 2064 a
1031 2045 1080 2064 me

120 2075 158 2106 de
165 2076 348 2116 pueritiaefhae
355 2076 481 2116 flagitia
489 2077 588 2107 audiet
600 2088 605 2106 :
617 2078 696 2107 nibil
706 2087 744 2107 ex
754 2077 803 2107 illa
810 2078 922 2118 impura
931 2077 1080 2116 adortst-en-

120 2118 166 2147 tia
176 2118 223 2147 sua
235 2128 239 2146 ε
251 2127 316 2157 quae
325 2119 419 2158 qualis
428 2117 518 2148 fuerit
526 2139 535 2152 ‚
544 2129 594 2149 aut
604 2118 789 2149 meministis
798 2139 807 2153 ,
817 2128 865 2149 aut
875 2129 914 2148 ex
927 2130 974 2152 eo,
987 2128 1078 2159 quem

116 2160 166 2200 fiai
170 2159 350 2200 simillimum
358 2160 513 2200 produxit,
522 2161 730 2202 recognoscere
741 2160 872 2200 potestis.
885 2163 997 2191 Omnia
1005 2170 1079 2200 prae-

121 2201 217 2232 teribo
229 2222 237 2235 ‚
249 2211 314 2242 quae
324 2203 402 2232 mihi
411 2204 508 2242 turpia
517 2202 599 2232 dictu
608 2202 807 2233 videbuntur:
832 2212 942 2244 NEQ}
960 2212 1080 2235 sonum,

121 2243 195 2285 quid
205 2242 296 2273 istum
307 2243 407 2274 audire
418 2264 426 2278 ‚
443 2254 550 2274 verum
560 2247 651 2275 etiam
662 2264 671 2278 ‚
688 2244 761 2285 quid
772 2255 821 2274 me
831 2244 930 2274 deceat
941 2264 949 2277 ‚
971 2244 1080 2277 dicere,

121 2284 326 2316 considerabo.
348 2288 412 2316 Vos
424 2307 432 2320 ‚
450 2287 550 2327 quaeso
560 2307 570 2321 ,
590 2287 656 2317 date
666 2287 724 2317 hoc
733 2306 744 2320 ,
765 2287 797 2317 &
807 2286 963 2317 concedite
973 2285 1081 2326 pudori

122 2337 195 2358 meo
205 2347 214 2361 ‚
235 2336 268 2357 ut
276 2328 405 2368 aliquam
415 2334 531 2369 partem
541 2328 577 2359 de
586 2327 672 2358 istius
681 2328 871 2369 impudentia
880 2330 1000 2359 reticere
1011 2327 1080 2368 pos-

119 2367 189 2399 fim.
213 2372 313 2400 Omne
329 2370 405 2400 illud
415 2380 533 2410 tempus
544 2391 552 2405 ‚
572 2370 654 2411 quod
663 2370 722 2401 fuit
737 2370 895 2411 antequam
907 2369 961 2400 iste
970 2369 1006 2399 ad
1018 2379 1083 2399 ma-

121 2410 392 2452 gistratus,i·emque
400 2413 552 2452 publicam
562 2410 685 2446 acceffit‚
700 2413 802 2443 habeat
811 2423 862 2452 per
873 2422 922 2442 me
934 2412 1077 2445 solutum,

126 2463 159 2483 ac
169 2453 309 2487 liberum,
318 2452 434 2484 sileatur
445 2454 481 2484 de
491 2454 650 2485 11οᾶ1111113
661 2455 724 2494 ejus
734 2454 1028 2487 bacchationibus,ac
1036 2455 1084 2483 vi-

122 2495 203 2537 giliis
214 2507 223 2530 3
234 2496 382 2525 lenonum
396 2517 404 2529 ,
416 2496 579 2527 aleatorum
590 2516 599 2530 >
624 2500 634 2516 ¹
645 2496 859 2537 perduEtorum
870 2496 954 2526 nulla
962 2497 1081 2525 mentio

124 2535 190 2571 fiat;
208 2538 317 2568 damna
327 2557 335 2571 ,
357 2537 501 2569 dedecora
511 2559 520 2573 ‚
543 2542 558 2558 ²
567 2549 633 2579 quae
649 2549 693 2568 res
703 2540 791 2579 patris
807 2539 871 2578 ejus
882 2559 890 2572 ‚
914 2547 981 2568 aetas
992 2535 1081 2577 ipsius

123 2579 261 2620 pertulit,
285 2588 492 2619 praeteieantur
510 2591 516 2610 :
539 2581 667 2610 lucretur
684 2581 796 2610 indicia
812 2582 920 2610 veteris
932 2579 1081 2613 infamiae3

122 2622 247 2660 patiatur
263 2623 327 2660 ejus
345 2623 405 2652 vita
421 2623 534 2663 reliqua
544 2632 594 2652 me
604 2623 680 2652 hanc
689 2631 803 2652 tantam
822 2621 965 2659 jafi-uram
977 2623 1081 2651 crimi-

122 2672 199 2693 num
217 2662 320 2693 facere.
343 2663 482 2705 Qaestor
491 2667 545 2694 Cn.
555 2666 672 2704 Papirio
683 2664 799 2694 consuli
817 2663 900 2693 fuisti
910 2663 1018 2693 abhinc
1027 2673 1080 2693 an-

124 2714 181 2734 nos
190 2704 440 2745 quattuordecim.
463 2717 502 2736 ex
513 2716 545 2736 ea
555 2706 603 2735 die
614 2706 650 2736 ad
659 2707 735 2736 hanc
745 2705 828 2735 diem
838 2715 903 2746 qua:
913 2704 1008 2734 fecisti
1020 2725 1028 2738 ,
1047 2707 1080 2735 in

117 2745 267 2787 judicium
279 2757 365 2777 voco.
389 2749 467 2777 Hora
476 2749 553 2778 nulla
564 2758 657 2776 vacua
666 2748 681 2778 a
690 2747 772 2778 furto
783 2768 791 2781 ,
811 2748 918 2777 scelere
930 2768 938 2780 ,
951 2746 1081 2776 crudeli-

120 2795 176 2819 tate
186 2808 195 2823 ,
207 2787 322 2830 flagitio
332 2792 500 2829 reperietur.
525 2792 569 2821 Hi
576 2790 645 2821 sunt
651 2792 723 2821 anni
733 2789 884 2820 consumti
894 2791 927 2820 in
935 2788 1081 2830 quaestura

950 121 1018 154 ru
1063 105 1449 155 C.VERREM.

1996 122 2092 171 ἫΒ

1128 187 1161 218 &
1171 188 1198 218 le
1236 190 1319 219 tione
1337 186 1478 224 Asiatica,
1497 186 1531 219 &
1540 195 1665 230 praetura
1679 185 1807 222 urbana,
1832 186 1866 218 &
1882 194 2006 227 praetuia
2015 190 2094 219 Sici·-

1126 230 1190 260 lien
1203 240 1221 260 1.
1244 234 1341 273 Qare
1362 233 1426 272 baec
1444 231 1548 262 eadem
1567 233 1624 262 erit
1632 229 1841 273 quadripartita
1851 229 2024 261 distributio
2043 239 2092 260 to-

1126 273 1184 301 tius
1194 274 1388 303 accusationis
1399 284 1482 304 meae.
1497 273 1636 315 Qaestor
1645 284 1683 304 ex
1693 274 1757 303 S.C.
1767 273 1958 313 provinciam
1969 274 2089 303 sortitus

1126 322 1165 342 es.
1187 314 1296 355 obtigit
1306 314 1362 345 tibi
1372 316 1534 346 consularis
1544 336 1552 350 ‚
1577 324 1610 346 ut
1618 326 1689 346 cum
1700 317 1769 345 Cos.
1781 317 1834 345 Cn.
1847 314 1984 345 Carbone
2001 313 2089 348 essesn

1124 364 1248 395 eamque
1259 359 1450 395 provinciam
1461 358 1624 388 obtineres.
1650 361 1718 388 Erat
1734 365 1799 386 tum
1810 355 1949 387 dissenfio
1959 358 2088 387 civium:

1123 395 1160 425 de
1169 406 1226 437 qua
1237 398 1315 427 nihil
1324 399 1390 428 sum
1401 399 1536 429 dissutus
1545 399 1617 440 quid
1630 399 1736 430 sentire
1745 398 1884 429 debueris
1896 410 1902 428 τ
1920 408 2018 429 unum
2028 399 2090 429 hoe

1124 437 1210 468 dico:
1230 440 1264 468 in
1275 440 1425 477 ejusmodi
1436 450 1572 481 tempore
1582 462 1590 475 ‚
1602 452 1634 471 ac
1644 442 1720 472 sorte
1731 460 1739 475 ‚
1762 439 1888 471 statuere
1897 449 1926 471 te
1936 440 2087 473 debuine,

1123 486 1222 508 utrum
1233 482 1326 509 malles
1338 482 1442 520 fiznrire
1453 503 1460 514 ,
1481 493 1566 523 atque
1575 482 1746 514 defendere.
1771 483 1866 513 Carbo
1875 484 2000 525 graviter
2009 482 2090 512 fere·

1123 521 1189 554 bat,
1201 520 1254 552 fibi
1263 522 1439 562 quaestorem
1451 523 1589 564 obtigisse
1601 545 1609 558 ‚
1630 526 1790 556 hominem
1802 523 1941 566 singulari
1950 525 2086 558 luxuria,

1123 572 1209 604 atque
1226 565 1340 594 inertia.
1364 574 1576 596 verumtamen
1587 567 1708 597 ornabat
1727 569 1798 597 eum
1817 565 1975 597 beneficiis
1986 587 1994 601 ‚
2015 565 2090 597 effi-

1121 606 1234 646 ciisque
1254 605 1412 636 omnibus.
1437 609 1485 636 Ne
1505 607 1606 637 diutus
1624 616 1743 639 tene-ain
1761 619 1767 637 1
1789 611 1917 649 pecunia
1935 608 2088 642 attributa,

1124 656 1278 678 numerata
1288 647 1339 677 est.
1352 647 1504 688 profectus
1517 648 1558 679 est
1568 649 1696 690 quaestor
1706 653 1737 680 in
1750 653 1948 690 provinciam.
1959 652 2091 682 venitin

1123 689 1255 719 Galliam
1267 689 1454 730 exspefflitus
1467 690 1502 720 ad
1513 693 1679 721 exercitum
1690 693 1877 723 consularem
1891 712 1898 726 ‚
1915 703 1986 723 cum
1996 702 2092 732 pecu·

1122 733 1183 761 nia.
1207 730 1329 762 simulac
1343 730 1478 772 primum
1491 734 1517 762 ei
1537 731 1649 762 occasio
1661 734 1720 763 visa
1731 733 1773 764 est
1783 734 1965 776 (cognoscite
1984 736 2092 765 homi·

1122 775 1171 803 nis
1187 774 1360 816 principium
1378 772 1598 814 magistratuum
1609 775 1793 814 gerendorum
1804 797 1811 808 ,
1827 778 1859 806 ὃς
1870 779 1943 816 reip.
1955 776 2091 807 admini-

1123 814 1257 856 strandae)
1267 816 1365 846 aversa
1373 818 1501 856 pecunia
1510 816 1630 856 publica
1640 836 1648 850 ‚
1668 816 1796 857 quaestor
1805 819 1963 848 consulem
1975 839 1982 851 ‚
2002 828 2092 848 exer-

1122 859 1217 887 citum
1228 878 1236 891 ‚
1255 858 1366 888 sortem
1381 879 1390 892 ‚
1411 860 1660 899 provinciamque
1678 859 1806 897 dcftruir.
1830 860 1928 890 Video
1937 860 2010 900 quid
2021 870 2093 902 ege—-

1121 901 1180 929 rim
1194 910 1200 929 t
1217 902 1309 941 eriget
1318 900 1346 930 se
1360 911 1365 929 :
1389 900 1500 940 sperat,
1513 899 1566 930 sibi
1576 910 1676 930 auram
1689 899 1769 940 posse
1779 900 1908 942 aliquan-i
1922 901 2033 936 afflari,
2054 904 2091 933 in

1121 942 1180 972 hoc
1189 944 1317 972 crimine
1328 963 1336 976 ‚
1364 946 1375 970 3
1386 943 1551 972 voluntatis
1561 962 1569 976 ‚
1589 941 1818 983 asl'ensionisque
1829 953 1935 973 eorum
1947 964 1955 977 ‚
1978 944 2090 984 quibus

1121 984 1327 1016 Cn.Carbonis
1338 986 1453 1015 mortui
1464 994 1580 1014 nomen
1591 984 1663 1014 odio
1676 983 1709 1014 sit
1721 995 1726 1013 t
1739 984 1848 1025 quibus
1859 985 1942 1016 illam
1953 984 2090 1015 relifflo-

1121 1036 1205 1059 nem,
1217 1026 1484 1068 proditionemque
1496 1026 1629 1056 consulis
1640 1026 1682 1056 sui
1692 1035 1802 1067 gratam
1815 1027 1908 1066 sperat
1918 1026 1993 1057 fore.
2006 1030 2095 1069 Qia·

1120 1066 1141 1098 sl
1151 1067 1223 1098 vero
1235 1068 1265 1098 id
1276 1068 1438 1109 cupiditate
1449 1067 1646 1099 defendenda:
1657 1069 1825 1099 nobilitatis
1834 1088 1843 1102 ‚
1864 1077 1915 1099 aut
1918 1067 2012 1105 studio
2021 1077 2091 1110 par-

1121 1110 1300 1150 tiumfecerit
1309 1122 1320 1138 .·
1331 1121 1363 1141 ac
1373 1121 1437 1141 non
1447 1109 1626 1150 apertiffime
1635 1110 1790 1141 consulem
1801 1130 1809 1144 ‚
1822 1113 1989 1141 exercitum
1999 1131 2007 1145 ,
2017 1121 2089 1151 pro-

1119 1154 1314 1194 vinciamque
1324 1153 1496 1193 compilarit
1507 1173 1514 1185 ‚
1538 1153 1570 1182 &
1579 1162 1699 1193 propter
1718 1151 2014 1193 impudentissimum
2025 1152 2092 1183 fur·

1120 1193 1402 1236 tumaufugerit.Est
1411 1193 1717 1235 enimiobscurum,&
1726 1194 1876 1235 ejusmodi
1887 1193 2001 1225 fastum
2012 1196 2092 1235 ejus.

1121 1245 1154 1266 ut
1164 1235 1251 1276 poffit
1259 1237 1366 1277 aliquis
1375 1237 1530 1277 suspicari,
1543 1239 1703 1267 C.Verrem
1714 1257 1722 1270 ‚
1743 1236 1824 1278 quod
1836 1236 1911 1266 ferre
1921 1247 2018 1268 novos
2030 1238 2088 1267 ho—

1122 1281 1221 1308 mines
1230 1288 1296 1308 non
1310 1280 1441 1319 potuerit
1453 1299 1461 1312 ‚
1473 1279 1509 1309 ad
1521 1279 1724 1313 nobilitatem,
1733 1279 1792 1308 hoc
1802 1278 1854 1312 est,
1867 1279 1901 1308 ad
1913 1280 1980 1309 suos
1990 1288 2089 1309 trans-

1120 1319 1171 1350 iss'e
1189 1331 1195 1349 1
1219 1320 1293 1349 nihil
1305 1320 1399 1360 fecisse
1417 1329 1527 1362 propter
1543 1322 1703 1362 pecuinam.
1751 1321 1933 1354 Videamus,
1957 1323 2090 1351 rationes

1119 1362 1381 1403 quemadmodum
1393 1364 1536 1392 retulerit.
1561 1364 1630 1404 Jam
1642 1363 1702 1402 ipse
1713 1362 1868 1395 ostendet,
1885 1363 2087 1403 quamobrem

1119 1407 1174 1435 Cn.
1186 1405 1356 1435 Carbonem
1374 1405 1527 1445 reliquerit
1548 1415 1553 1433 :
1575 1405 1637 1445 jam
1649 1405 1677 1435 se
1694 1405 1755 1445 ipse
1769 1404 1923 1434 indicabit.
1947 1403 2086 1435 Primum

1118 1447 1295 1476 brevitatem
1314 1447 1499 1487 cognoscite.
1520 1450 1536 1473 4
1555 1450 1683 1476 Accam
1697 1468 1705 1480 ‚
1730 1448 1836 1487 inquit
1855 1466 1864 1480 ‚
1890 1456 2004 1477 vxcnzs
2027 1457 2084 1477 nu-

1118 1498 1250 1521 ciam-A,
1274 1498 1601 1529 rammi-AQNQE
1622 1498 1772 1522 MILLIA,
1797 1498 2082 1528 QADR1NGENTOS

1116 1540 1196 1561 xvn
1223 1541 1375 1561 Nummos.
1402 1541 1481 1560 nem
1507 1541 1686 1561 ssim-:nnio
1705 1552 1713 1564 ‚
1738 1540 1922 1561 FRuMENTO
1944 1552 1952 1564 ‚
1977 1540 2088 1562 LEGA-

1117 1583 1169 1603 τις
1189 1593 1197 1606 ,
1222 1582 1521 1610 PRoQAEsronrnus
1542 1594 1550 1607 ‚
1576 1583 1724 1603 corioni-1
1757 1583 1953 1603 PRAE-roruAE
1973 1593 1982 1606 ‚
2016 1583 2085 1604 H-s.

1119 1625 1232 1644 MiLLr.
1253 1625 1446 1648 saxeam-A,
1471 1624 1799 1655 TnioiurAQiinE
1819 1625 1950 1645 MILLrA
1972 1624 2087 1654 „QA-

1108 1667 1333 1687 ‘DRlNGENTOs
1350 1677 1359 1691 >
1383 1668 1463 1687 XVII
1490 1667 1640 1687 Nummos.
1675 1666 1818 1696 RELIQ!
1852 1666 2003 1687 ARIMINI
2028 1667 2085 1688 H-s

1118 1708 1294 1729 SEXCENTA
1314 1709 1455 1729 MILLIA.
1479 1701 1538 1728 Hoc
1548 1697 1591 1728 eff
1601 1700 1720 1728 rationes
1730 1700 1826 1739 referre
1837 1703 1848 1728 ἓ
1859 1700 1918 1729 hoc
1929 1699 2023 1729 modo
2034 1708 2082 1730 aut

1118 1752 1174 1783 ego
1185 1762 1193 1775 ‚
1212 1750 1261 1771 aut
1275 1751 1306 1771 tu
1324 1741 1481 1774 Hortensi,
1510 1750 1559 1771 aut
1574 1745 1587 1768 θ’
1598 1742 1754 1782 quisquam
1775 1742 1939 1771 hominum
1958 1742 2060 1771 retulit
2071 1744 2085 1771 ἒ

1119 1783 1191 1824 quid
1203 1785 1260 1813 hoc
1269 1782 1311 1813 est
1321 1789 1331 1815 ,²
1349 1794 1415 1824 quae
1426 1783 1635 1824 impudentia?
1652 1794 1717 1824 quae
1726 1783 1867 1814 audacia?
1883 1783 1964 1824 quod
1974 1793 2085 1814 exem-

1118 1826 1206 1866 plum
1223 1836 1262 1856 ex
1283 1834 1327 1855 tot
1336 1827 1501 1856 hominum
1522 1825 1688 1855 rationibus
1708 1826 1805 1855 relatis
1816 1825 1994 1865 hujusmodi
2013 1825 2055 1856 est
2070 1829 2083 1855 ?

1122 1868 1176 1898 Illa
1193 1877 1295 1898 tamen
1317 1878 1370 1897 H-s
1389 1868 1524 1898 sexcenta
1535 1868 1632 1897 millia
1644 1888 1652 1900 ‚
1672 1877 1737 1908 quae
1754 1877 1792 1896 ne
1802 1866 1880 1897 falso
1893 1867 2018 1908 quidem
2027 1878 2087 1908 po-

1123 1912 1179 1940 tuit
1189 1929 1197 1943 ‚
1209 1910 1319 1950 quibus
1329 1909 1393 1940 data
1403 1909 1498 1939 essent
1507 1930 1515 1943 ‚
1528 1909 1692 1938 describere
1703 1929 1711 1942 ‚
1723 1919 1788 1949 quae
1801 1909 1828 1939 se
1839 1911 1973 1939 Arimini
1983 1909 2086 1940 scribit

1122 1950 1273 1992 reliquisse
1283 1971 1291 1984 ‚
1303 1961 1369 1991 quae
1379 1952 1440 1990 ipsa
1452 1961 1504 1980 H-s
1515 1952 1648 1981 sexcenta
1659 1951 1756 1981 millia
1765 1971 1773 1984 ‚
1793 1951 1909 1991 reliqua
1917 1950 1994 1981 facta
2003 1951 2084 1985 sunt,

1122 2003 1220 2033 neque
1231 1992 1327 2022 Carbo
1336 1994 1442 2033 attigit,
1452 2003 1549 2034 neque
1559 1993 1639 2023 Sulla
1646 1992 1835 2033 vidit,neque
1844 1995 1878 2022 in
1889 1994 2024 2022 aerarium
2037 2003 2086 2023 re-

1123 2035 1178 2064 lata
1189 2034 1267 2064 sunt.
1292 2034 1445 2074 Oppidum
1457 2033 1510 2064 fibi
1522 2035 1612 2074 elegit
1620 2036 1796 2064 Ariminum
1807 2055 1814 2067 ‚
1826 2034 1908 2075 quod
1918 2043 1997 2068 tum,
2006 2034 2083 2065 cum

1119 2076 1174 2106 iste
1185 2078 1312 2106 rationes
1321 2075 1473 2110 referebat,
1486 2076 1634 2118 oppreffitm
1643 2096 1651 2110 ,
1663 2076 1859 2118 direptumque
1870 2084 1941 2106 erar.
1959 2087 2024 2106 non
2035 2077 2085 2107 su-

1122 2118 1281 2157 spicabatur
1291 2117 1320 2148 id
1334 2138 1342 2151 ‚
1361 2117 1441 2158 quod
1454 2128 1535 2148 nunc
1549 2119 1654 2148 sentiet
1665 2138 1673 2151 ‚
1698 2119 1763 2148 satis
1774 2119 1888 2148 multos
1898 2128 1936 2148 ex
1946 2119 1996 2148 illa
2004 2119 2084 2149 cala—

1122 2162 1225 2190 mitate
1235 2158 1476 2190 Ariminenfium
1496 2159 1596 2189 testeis
1618 2160 1707 2189 nobis
1725 2162 1756 2190 in
1773 2161 1851 2190 hanc
1866 2171 1931 2190 rem
1948 2160 2084 2201 reliquos

1120 2200 1188 2231 esse.
1206 2201 1434 2232 Recitadenuo.
1460 2204 1491 2230 P.
1512 2204 1537 2231 L
1551 2204 1574 2231 Ε
1586 2204 1617 2230 Ν
1629 2204 1757 2232 TvLo
1768 2223 1776 2236 ,
1795 2205 1831 2232 L.
1851 2204 1909 2232 TR
1920 2205 1982 2231 ItA
1994 2206 2018 2232 R
2029 2205 2084 2231 lo

1122 2243 1515 2283 QdeAESTORJBvS
1544 2245 1789 2275 URBANIS
1809 2264 1818 2278 ‚
1849 2242 1865 2264 ⁶
1883 2245 1959 2274 RES
1989 2246 2086 2274 ΚΛ-

1121 2288 1200 2315 TIO
1210 2288 1277 2314 NU
1287 2286 1328 2315 M
1347 2289 1373 2315 R
1385 2287 1568 2315 ELcATtA
1580 2289 1642 2315 R‘U
1653 2287 1699 2316 M.
1717 2288 1831 2316 Recita.
1844 2289 1891 2317 Ex
1900 2288 2086 2317 S.C.Utho<:

1118 2326 1207 2368 paisto
1216 2328 1353 2357 rationem
1362 2328 1459 2367 referre
1468 2328 1560 2356 liceret
1571 2349 1579 2360 ,
1592 2327 1629 2357 eo
1641 2327 1778 2358 Sullanus
1787 2328 1909 2368 repente
1918 2327 2014 2358 fac‘tus
2025 2328 2081 2361 est.

1119 2379 1184 2399 non
1195 2378 1229 2399 ut
1239 2371 1337 2400 honos
1347 2390 1355 2403 .
1373 2370 1406 2399 &
1416 2369 1544 2410 dignitas
1554 2370 1708 2400 nobilitati
1718 2370 1930 2400 restitueretur.
1952 2369 2043 2412 Qod
2058 2369 2080 2400 fi

1120 2412 1206 2441 illinc
1219 2413 1318 2441 inanis
1327 2410 1503 2453 profugiffes
1515 2432 1523 2445 ‚
1545 2420 1645 2442 tamen
1657 2411 1708 2442 ista
1719 2421 1767 2442 tua
1784 2411 1850 2453 fuga
1863 2411 1973 2442 nefaria
1983 2424 1992 2446 3
2009 2421 2083 2452 pro-

1120 2453 1197 2483 ditio
1207 2454 1338 2484 consulis
1350 2456 1393 2483 tui
1406 2474 1414 2487 ,
1436 2453 1570 2483 scelerata
1583 2453 1772 2492 judicaretur.
1797 2454 1894 2483 Malus
1906 2455 1980 2483 civis
1990 2474 1999 2487 ‚
2019 2456 2083 2484 im-

1121 2495 1234 2535 probus
1250 2496 1356 2525 consul
1368 2515 1376 2529 ,
1399 2495 1555 2525 seditiosus
1575 2496 1671 2525 homo
1682 2515 1690 2528 ‚
1715 2498 1770 2524 Cn.
1781 2496 1875 2525 Carbo
1891 2494 1958 2526 fuit.
1982 2497 2085 2528 Fuerit

1119 2537 1254 2567 aliisztibi
1264 2537 1384 2577 quando
1394 2535 1452 2567 esse
1462 2539 1563 2576 coepit?
1575 2536 1767 2577 posteaquam
1776 2537 1831 2567 tibi
1841 2539 2084 2577 pecuniam‚rem

1122 2578 1349 2609 frumentariam
1361 2599 1369 2612 ‚
1390 2581 1519 2609 rationes
1530 2580 1649 2608 omneis
1660 2579 1723 2608 suas
1733 2599 1742 2612 ,
1762 2581 1988 2620 exercitumque
1996 2589 2085 2610 com-

1127 2620 1216 2651 misit.
1241 2623 1322 2650 Nam
1334 2620 1354 2651 si
1365 2621 1420 2650 tibi
1429 2630 1514 2650 antea
1527 2619 1739 2660 displicuisset:
1760 2621 1842 2651 idem
1852 2620 1968 2651 fecisses
1980 2642 1989 2654 ,
2000 2621 2085 2662 quod

1122 2673 1204 2693 anno
1218 2661 1285 2702 post
1298 2665 1341 2692 M.
1354 2663 1432 2692 Piso.
1456 2661 1592 2704 Qaestor
1602 2660 1673 2691 cum
1685 2664 1719 2691 L.
1729 2664 1863 2702 Scipioni
1874 2663 1991 2694 consuli
2001 2663 2085 2693 obti-

1123 2703 1207 2745 giffet
1219 2717 1227 2739 3
1246 2715 1309 2734 non
1326 2705 1423 2744 attigit
1433 2706 1592 2743 pecuniam
1603 2715 1612 2737 3
1630 2713 1696 2733 non
1706 2703 1741 2734 ad
1752 2706 1918 2734 exercitum
1929 2704 2086 2745 profedtus

1125 2745 1175 2776 est.
1187 2745 1269 2787 quod
1279 2746 1314 2777 de
1326 2746 1474 2786 republica
1486 2744 1572 2775 sensit
1582 2766 1590 2778 ‚
1612 2746 1655 2774 ita
1661 2746 1744 2786 fivifit
1753 2767 1761 2780 ,
1773 2755 1806 2776 ut
1815 2757 1871 2776 nec
1881 2745 1974 2776 fidem
1986 2747 2084 2781 suam,

1123 2798 1179 2819 nec
1188 2798 1308 2819 morem
1320 2789 1489 2828 majorum:
1507 2797 1564 2818 nec
1580 2786 1832 2819 necessitudinem
1849 2789 1935 2819 sortis
1951 2789 2085 2819 laederet.

1960 2832 2087 2862 Etenim

157 2911 180 2929 1.
198 2905 392 2939 Perdumrum]
412 2905 455 2931 sic
472 2911 568 2941 praeter
585 2905 729 2932 Ascanium
741 2923 750 2937 ,
768 2904 849 2931 etium
861 2903 929 2930 Pali.
941 2905 969 2929 Sc
980 2904 1075 2939 Cujac.

118 2936 266 2975 alluditque
278 2949 352 2967 retus
363 2940 447 2967 editio
460 2960 467 2973 ‚
479 2943 504 2968 iii
516 2951 567 2977 qua
573 2942 728 2975 perditorum.

154 2983 183 3004 ι.
201 2977 256 3008 Qae
266 2986 302 3005 ecs
308 2977 388 3009 patris
398 2980 447 3012 rjus
458 2996 466 3009 ,
476 2985 531 3003 atas
539 2977 740 3011 ipfimpertulit]
762 2976 818 3003 Pal.
829 2985 870 3012 pr.
882 2975 958 3002 babet
970 2977 984 3002 :i
995 2985 1074 3002 manu

119 3011 296 3038 emendati-icc
307 3022 314 3043 3
326 3023 374 3046 ’χιιι
383 3023 429 3039 rem
434 3014 514 3046 patris
523 3016 584 3047 ejus,
593 3021 682 3039 etatem
689 3015 877 3047 ipsiuspercm'it.
898 3012 957 3040 scitis
967 3016 1074 3049 argute.

118 3045 162 3072 sed
173 3056 203 3072 an
214 3048 293 3077 etiam
306 3052 365 3075 vere
377 3049 386 3075 ?

141 3115 147 3122 .
156 3090 169 3116 3
177 3102 182 3107 .
199 3085 327 3110 Voluntatis
337 3086 506 3120 affinfiaemifique
513 3085 669 3120 eorum‚&c]
683 3085 709 3111 Si
718 3084 888 3121 obsequimur
899 3084 1074 3111 veterioribus

119 3116 396 3159 lioi·is,‘1·edouanduni
407 3121 710 3156 :qut01-id4q'cnsimzifi1113.
729 3122 764 3150 fic
773 3123 845 3151 enim
856 3121 925 3150 Pali.
936 3121 970 3149 sic
980 3121 1073 3157 Cujuc.

120 3152 155 3180 sic
163 3160 309 3190 antiquitus
319 3155 380 3185 cufi.
400 3157 434 3185 sic
443 3158 523 3187 etiam
534 3157 680 3186 ViCtorius.

1163 2912 1191 2937 4.
1221 2905 1338 2930 Accam
1360 2911 1461 2928 vimus
1483 2911 1631 2929 nucexrA
1654 2912 1812 2929 TRIGINTA
1834 2910 1984 2939 QJJNQ}
2006 2912 2083 2929 Mn„-

1119 2949 1172 2966 LiA
1188 2960 1195 2972 ,
1206 2941 1276 2974 δῖα]
1291 2940 1378 2965 Securi
1392 2938 1477 2964 sumus
1488 2938 1633 2965 editionem
1643 2938 1768 2965 Victorii.
1786 2939 1864 2965 aliter
1875 2939 1985 2966 Budaeus
1996 2939 2044 2966 lib.
2058 2948 2084 2966 1.

1119 2976 1152 3002 de
1163 2976 1236 3003 Asse.
1248 2976 1326 3001 aliter
1338 2974 1494 3005 Lambinus,
1506 2975 1583 3000 aliter
1595 2974 1652 3001 mss.
1664 2976 1743 3001 nostri
1755 2983 1835 3010 atque
1846 2975 1908 3002 edd.
1921 2983 1988 3002 vett.

1159 3021 1184 3045 5.
1204 3013 1334 3045 Qifisnam
1344 3013 1458 3036 hominnm
1469 3011 1575 3044 remilia]
1594 3010 1711 3038 Malebat
1720 3011 1881 3038 Gulielmius
1891 3015 2002 3044 omnium,
2014 3014 2082 3048 quo-

1121 3047 1201 3074 modo
1214 3048 1281 3074 Pall.
1293 3047 1386 3080 Cujac.
1398 3047 1425 3072 8<
1439 3054 1512 3073 vetus
1523 3046 1617 3074 editio.

1156 3084 1184 3110 6.
1206 3084 1268 3108 Res
1284 3092 1457 3109 RATIONUM
1472 3083 1775 3118 RELATARUM]N011
1788 3083 1893 3110 videtui·
1904 3083 1988 3109 isthaec
1997 3091 2082 3118 agno-

1120 3119 1189 3145 scere
1202 3118 1347 3144 Pardianus.
1364 3119 1462 3146 restant
1473 3120 1597 3146 tamenin
1608 3119 1710 3156 scriptis
1722 3120 1814 3146 nostris
1826 3120 1853 3146 ὃ(
1864 3118 1925 3145 edd.
1939 3126 2004 3144 vett.
2016 3118 2082 3144 Ald.

1122 3156 1271 3189 Manutius,
1281 3155 1387 3184 abstulit
1400 3154 1518 3184 voculam
1530 3165 1599 3184 Res.
1615 3156 1660 3183 alii
1672 3156 1727 3190 ejus
1739 3157 1797 3184 loco
1807 3155 1943 3192 reposuere
1955 3162 2082 3203 venitm.

1383 3207 1385 3210 ⁴
1640 3193 1665 3220 G
1685 3201 1704 3229 g
1973 3199 1997 3218 1.
2007 3194 2085 3216 sitam

2110 276 2149 308 13

2108 1457 2153 1501 14
