2302 3353
66 293 110 320 12

55 1496 106 1533 .¹3

529 114 610 160 An
645 108 1066 168 HERENN1UM,
1102 113 1297 160 LrnER
1329 113 1682 163 securibus&

2058 136 2089 183 9

130 197 266 230 ‹stiffimis
275 195 442 229 rationibus
452 214 461 229 ‚
482 203 553 225 cum
562 194 647 225 voles
657 212 666 226 ‚
687 192 870 223 refellemus.
896 196 906 212 ¹
919 194 956 222 In
966 194 1094 232 praesen—
1131 197 1316 225 nominatim
1327 195 1437 226 laeserat
1447 207 1452 225 :
1463 198 1493 226 P.
1506 198 1625 227 Mucius
1636 198 1773 239 eum,qui
1783 199 1818 228 L,
1831 199 1958 228 Accium
1969 200 2089 238 poetam

131 243 240 271 riarum
249 241 308 269 hoc
315 237 492 269 interdicere
503 245 568 266 non
577 236 711 266 alienum
722 233 781 264 fuit
791 254 799 268 =
815 243 847 264 ut
856 234 945 273 hujus
955 233 1089 263 infantiae

129 282 276 323 garrulam
294 279 483 319 disciplinam
501 286 775 307 contemneremus.
820 273 899 305 Cum
911 273 1089 304 definitione

129 332 259 355 utemur,
268 319 402 361 primum
413 318 570 350 afferemus
580 318 702 348 brevem
711 316 851 347 vocabuli
861 315 1085 348 definitionem,

127 366 187 395 hoc
196 363 290 394 modo
302 372 307 391 :
329 360 510 401 Majestarem
522 370 541 389 u
551 360 658 388 minuit
668 378 676 392 ,
696 362 711 378 ²
722 360 774 400 qui
785 368 816 388 ea
826 358 915 391 tollit,
928 367 966 387 ex
976 357 1086 398 quibus

126 405 212 437 rebus
222 405 347 435 civitatis
357 402 524 443 amplitudo
534 400 648 432 constat
660 411 665 430 ;
696 403 709 428 3
718 410 784 441 quae
800 399 870 429 sunt
887 409 921 429 ea
932 401 943 428 ?
964 408 1087 445 quae.c².¹‘

125 449 213 488 piunt
223 443 356 486 suffragia
364 445 468 485 populi
479 464 488 477 ‚
502 444 536 474 δε
546 441 731 484 magistratus
742 440 872 472 consilia.
896 443 1017 480 Nempe
1026 450 1086 487 igi—

125 497 174 519 tur
183 496 214 518 tu
225 487 257 517 &
265 487 412 527 populum
424 485 560 527 suffragio
571 505 579 519 ‚
600 485 632 514 &
643 482 844 524 magistratum
854 480 978 528 consilio
987 491 1086 522 priva-

128 528 175 563 sti,
188 527 260 559 cum
270 530 389 569 ponteis
399 526 576 558 disturbasti.
597 528 675 556 Item
684 535 722 555 ex
732 526 890 558 contrario,
902 522 1083 570 MaJestqtepz

126 572 153 601 is
171 572 285 600 minuit
293 590 301 603 ‚
321 572 373 611 qui
391 569 623 609 amplitudinem
643 569 769 597 civitatis
789 566 971 596 detrimento
982 564 1082 594 afncit.

127 615 191 654 Ego
200 622 264 642 non
273 609 357 642 affeci
367 631 375 645 ‚
397 612 446 641 sed
463 610 603 651 prohibui
621 609 804 640 detrimento
816 619 821 636 2
841 609 978 637 aerarium
998 609 1083 636 enim

126 653 310 687 conservavi,
320 653 442 684 libidini
451 653 601 683 malorum
612 649 722 683 restiti,
748 648 932 688 majestatem
951 658 1079 694 omnem

127 697 246 726 interire
255 705 319 725 non
329 693 424 735 pafl‘us
435 695 510 724 sum.
542 690 678 724 Primum
689 693 779 732 igitur
788 690 925 720 vocabuli
936 690 1082 719 sententia

126 736 256 767 breviter
264 756 273 770 ‚
293 737 326 766 ὅ(
336 736 372 766 ad
379 736 540 766 utilitatem
550 735 640 764 causae
651 731 877 762 accommodate
889 731 1080 761 describetur.

126 778 247 809 Deinde
256 777 370 808 fafitum
381 777 516 808 nostrum
525 785 595 806 cum
604 774 688 804 verbi
697 773 895 813 descriptione
915 773 1081 813 conjunge-

126 828 183 850 tur.
207 819 316 850 deinde
326 840 336 854 ,
348 821 498 849 contrariae
506 816 711 856 descriptionis
721 817 797 845 ratio
808 814 959 844 refelletur
969 834 978 848 ‚
1003 812 1023 843 sl
1033 822 1083 844 aut

125 861 197 892 falsa
205 863 261 891 erit
269 881 278 895 ‚
291 860 462 891 autinutilis
473 879 482 893 ,
501 867 550 889 aut
559 860 651 898 turpis
661 877 670 891 ,
689 866 739 887 aut
747 857 898 895 injuriosa.
921 856 951 886 id
961 866 1081 901 quoque

127 913 167 933 cx
174 904 248 944 juris
258 902 385 942 partibus
396 902 537 934 sumetur,
550 900 585 930 de
596 899 753 936 juridiciali
763 898 944 945 absoluta‚de
954 908 1011 938 qua
1017 907 1080 944 jam

127 945 294 985 loquemur.
317 945 464 984 Qaeritur
473 944 506 972 in
515 939 741 979 transtatiombm
752 960 760 974 ‚
770 942 905 980 primum
916 960 925 974 ,
939 949 1015 969 num
1026 940 1086 968 ali-

127 995 194 1026 quis
212 986 275 1024 ejus
293 986 361 1014 rei4
371 984 523 1014 actionem
534 1004 542 1017 ,
561 993 613 1023 per
628 984 805 1023 petitionem
816 1001 825 1015 ‚
845 982 1082 1021 autpersecutio-

127 1037 200 1057 nem
210 1026 313 1056 habeat
322 1046 330 1059 ,
344 1036 434 1066 quern
445 1036 510 1055 non
524 1034 673 1065 oporteat:
696 1027 709 1051 5
719 1033 794 1053 num
804 1024 863 1053 alio
874 1023 969 1053 modo
980 1042 988 1056 ‚
1004 1031 1082 1052 tem-

126 1078 210 1109 pore,
222 1068 300 1101 loco,
311 1077 387 1097 num
397 1068 453 1097 alia
462 1068 525 1108 lege
536 1087 544 1100 ‚
554 1064 571 1086 ⁶
580 1076 655 1096 num
666 1066 726 1095 alio
735 1073 893 1106 quaerente,
910 1074 960 1095 aut
968 1073 1082 1104 agente.

129 1113 203 1140 Haec
213 1109 336 1150 legibus,
348 1109 484 1139 moribus
495 1129 503 1142 ,
514 1118 599 1149 aequo
610 1109 643 1138 ὃς
652 1107 735 1137 bono
745 1109 947 1152 reperientur,
967 1106 1082 1152 dev-qui-

126 1151 182 1182 bus
199 1150 314 1181 dicetur
328 1152 363 1180 in
377 1150 541 1190 juridiciali
558 1150 698 1180 absoluta.
722 1152 759 1179 In
778 1149 862 1179 causa
878 1154 1012 1177 rationali
1023 1157 1083 1187 pri-

127 1191 216 1223 murn
226 1201 379 1233 quaeretur,
391 1192 498 1233 ecquid
507 1194 540 1222 in
550 1192 637 1221 rebus
647 1191 809 1230 majoribus
821 1210 829 1226 ‚
841 1199 890 1220 aut
899 1189 1080 1223 minoribus,

126 1243 177 1264 aut
186 1233 332 1264 similibus
343 1253 352 1267 ,
365 1233 500 1264 {imiliter
509 1235 651 1273 scriptum
662 1241 709 1263 aut
715 1232 884 1272 judicatum
894 1231 936 1261 fit.
959 1230 1080 1263 deinde,

126 1285 228 1306 uuum
239 1285 271 1306 ea
280 1285 325 1305 res
335 1274 439 1305 similis
450 1274 483 1304 sit
491 1277 519 1305 ei
529 1277 570 1305 rei
580 1295 589 1308 ,
609 1285 666 1315 qua
676 1274 712 1304 de
722 1276 815 1315 agitur
825 1294 834 1308 ,
865 1284 903 1304 an
920 1271 1081 1303 dissimilis.

125 1317 237 1348 deinde
248 1315 349 1346 utrum
358 1315 496 1347 consulto
506 1317 542 1346 de
553 1327 585 1346 ea
595 1326 625 1346 re
636 1317 776 1355 scriptum
787 1325 851 1345 non
862 1314 895 1345 sit
904 1335 912 1348 ,
932 1313 1014 1356 quod
1025 1324 1083 1343 no-

126 1360 216 1389 luerit
223 1368 323 1389 cavere
332 1378 342 1392 ,
352 1368 390 1389 an
398 1357 479 1399 quod
489 1359 555 1388 satis
564 1366 685 1388 cautum
696 1358 803 1398 putarit
811 1377 819 1390 ‚
839 1365 960 1397 propter
968 1365 1082 1386 cetero—

126 1410 194 1431 rum
222 1400 396 1439 scriptorum
414 1399 675 1429 7fimilitudinem.
722 1401 771 1429 De
790 1398 919 1438 partibus
938 1397 1080 1438 legitimae
1099 1437 1101 1441 Ι

125 1440 349 1472 constitutionis
358 1442 423 1472 satis
433 1440 550 1471 dietum
561 1440 604 1471 est
612 1461 620 1474 ‚
633 1450 714 1470 nunc
724 1440 759 1470 ad
767 1439 970 1479 juridicialem
981 1449 1079 1468 rever—

127 1492 233 1514 tamur.
275 1485 454 1514 ABSOLUTA
462 1482 629 1524 Juridiciali
641 1481 855 1515 constitutione
865 1490 995 1514 utemur,
1006 1478 1079 1510 curn

126 1525 220 1565 ipsam
229 1534 293 1554 rem
305 1544 314 1558 ,
324 1534 413 1565 quam
423 1535 479 1554 nos
488 1523 589 1554 feciffe
599 1523 781 1554 confitemur
793 1543 801 1556 ,
808 1524 874 1562 jure
875 1521 990 1562 fastam
999 1522 1081 1552 dice·-

127 1576 205 1600 mus,
218 1564 279 1596 fine
289 1566 349 1596 ulla
357 1565 534 1596 ass'umtione
543 1568 676 1596 extrariae
685 1564 874 1595 defenfionis.
899 1568 936 1595 In
945 1575 978 1594 ea
988 1565 1080 1604 quaeri

126 1609 286 1642 convenit,
307 1602 321 1627 ⁸
327 1607 433 1647 jure‘ne
443 1607 558 1638 sakkum
569 1606 611 1637 sit.
633 1608 670 1637 de
681 1617 717 1637 eo
727 1608 810 1637 causa
819 1605 910 1647 pofita
919 1606 1015 1636 dicere
1025 1615 1080 1645 po-

126 1652 251 1680 terimus
261 1669 270 1683 ,
281 1647 301 1678 fi
312 1669 320 1683 ,
332 1659 372 1679 ex
380 1649 487 1690 quibus
496 1649 625 1689 partibus
632 1650 680 1689 jus
690 1648 822 1682 constet,
835 1650 1076 1690 cognoverimus.

127 1691 249 1722 Constat
257 1692 346 1732 igitur
354 1700 392 1721 ex
402 1692 448 1721 his
457 1691 588 1732 partibus
599 1702 605 1720 2
624 1700 727 1721 natura
737 1711 745 1725 ‚
757 1691 831 1731 lege,
849 1689 1076 1723 consuetudine,

122 1733 266 1775 judicato,
277 1743 362 1773 aequo
371 1733 403 1762 &
414 1732 606 1773 bono‚pa6to.
628 1735 747 1763 Natura
754 1733 802 1773 jus
813 1731 865 1766 est,
879 1732 959 1773 quod
970 1741 1080 1773 cogna-

125 1776 218 1806 tionis
228 1795 238 1809 ,
251 1783 298 1804 aut
307 1776 421 1814 pietatis
430 1775 513 1805 causa
522 1774 708 1805 observatur:
727 1785 788 1815 quo
795 1775 861 1814 jure
870 1782 1005 1813 parentes
1017 1774 1032 1803 a
1043 1774 1080 1802 li-

124 1816 204 1848 beris
215 1836 224 1850 ‚
234 1816 268 1849 &
279 1815 472 1856 aparentibus
482 1816 726 1848 libericoluntur.
747 1819 822 1856 Lege
828 1816 874 1854 jus
884 1815 967 1845 estid
979 1835 986 1848 ,
998 1814 1079 1856 quod

124 1858 230 1899 populi
244 1856 322 1897 jufl‘u
342 1858 487 1888 sancitum
499 1857 542 1888 est
553 1868 557 1887 :
579 1858 660 1898 quod
669 1868 763 1898 genus
773 1878 781 1892 ,
805 1861 856 1887 Ur
877 1867 914 1886 IN
930 1866 986 1895 Jus
1006 1866 1077 1890 EAS,

122 1909 228 1937 QUM
247 1909 398 1929 VOCERIS.
423 1899 672 1939 Consuetudinejus
683 1899 726 1929 est
734 1899 765 1930 id
776 1919 785 1933 ‚
806 1898 886 1939 quod
896 1897 956 1928 fine
966 1899 1030 1939 lege
1039 1909 1079 1928 ae-

125 1940 185 1981 que
193 1951 225 1970 ac
235 1939 256 1969 si
265 1941 436 1981 legitimum
446 1940 631 1974 fit‚us1tatum
641 1940 693 1971 est:
703 1941 784 1981 quod
793 1940 943 1982 genus‚id2
956 1945 971 1968 9
1012 1950 1079 1970 uon

125 1990 349 2012 Aucus-ritmo
371 1991 556 2013 onrumzius
586 1992 767 2012 expensum
787 2002 796 2016 ‚
828 1991 851 2010 A
881 1991 976 2011 socro
1003 1992 1078 2019 Ejus

126 2032 238 2053 nnc-rr.
258 2032 432 2051 REPETERE
452 2032 568 2052 Possrs.
588 2022 765 2061 Judicarum
774 2022 817 2052 est
826 2022 856 2052 id
869 2032 875 2051 z
894 2022 930 2051 de
941 2032 1002 2063 quo
1012 2024 1078 2052 sen-

127 2066 219 2094 tentia
236 2064 290 2093 lata
298 2062 342 2093 est
350 2083 359 2097 ,
380 2071 430 2092 aut
438 2063 591 2093 decretum
601 2062 816 2104 interpositum.
841 2073 873 2093 ea
882 2064 956 2103 saepe
965 2064 1079 2094 diversa

125 2106 205 2138 sunt,
216 2114 248 2134 ut
256 2104 336 2134 aliud
346 2104 397 2134 alii
404 2104 510 2143 judici,
520 2114 570 2134 aut
576 2109 705 2144 praetori,
717 2115 767 2135 aut
775 2105 910 2138 consuli,
925 2114 976 2135 aut
984 2105 1079 2134 tribu-

126 2157 168 2177 no
178 2146 272 2186 plebis
280 2146 424 2185 placitum
435 2144 476 2175 sit:
490 2146 522 2176 &
533 2145 577 2179 fit,
592 2155 623 2176 ut
633 2147 669 2176 de
678 2146 782 2176 eadem
793 2157 822 2176 re
832 2146 905 2185 saepe
914 2147 988 2176 alius
998 2146 1078 2176 aliud

124 2188 296 2221 decreverit,
308 2196 357 2217 aut
362 2187 538 2226 judicaverit
548 2198 554 2216 ;
565 2187 645 2228 quod
654 2197 759 2228 genus,
775 2188 825 2219 Μ,
839 2188 961 2227 Drusus,
973 2196 1080 2227 praetor

124 2230 264 2262 urbanus,
274 2229 353 2269 quod
364 2239 433 2258 cum
443 2229 550 2258 herede
559 2228 691 2259 mandati
700 2238 842 2271 ageretur,
850 2229 1000 2268 judicium
1012 2228 1078 2259 red—

119 2271 219 2304 didit,
240 2274 344 2301 Sextus
351 2270 450 2311 Julius
460 2280 526 2301 non
535 2270 666 2301 reddidit
676 2290 685 2304 ,
704 2273 782 2301 Item
794 2291 802 2305 ,
824 2273 856 2301 C.
868 2271 975 2300 Caelius
982 2270 1077 2311 judex

120 2312 249 2344 absolvit
263 2313 441 2353 injuriarum
459 2322 529 2347 eum
540 2332 549 2347 2
569 2314 621 2354 qui
640 2313 794 2345 Lucilium
812 2313 932 2354 poetam
951 2314 984 2343 in
993 2313 1079 2346 scena

1131 238 1349 270 nominaverat,
1360 237 1584 268 condemnavit.
1600 242 1678 280 Ergo
1688 242 1756 281 quia
1764 239 1885 279 poss'unt
1894 250 1939 269 res
1950 240 2040 270 simili
2051 241 2089 271 de

1129 277 1212 306 causa
1219 278 1538 318 clzssimil'iterjudicatae
1547 279 1690 320 proferri,
1707 280 1778 311 cum
1791 281 1821 310 id
1833 282 1886 311 usu
1897 284 2027 315 venerit,
2039 282 2089 321 J'u-

1128 315 1228 346 dicem
1239 328 1307 347 curn
1317 320 1549 360 judice‚tempus
1560 332 1630 352 cum
1641 327 1786 362 tempore,
1801 325 1830 341 ¹0
1840 333 2003 353 numerum
2013 333 2085 353 cum

1128 365 1256 387 numero
1263 360 1446 397 judiciorum
1456 362 1652 402 proferemus.
1665 367 1712 394 Ex
1722 373 1808 405 atquo
1819 364 1852 394 δε
1863 364 1900 394 bo
1906 365 2001 404 nojus
2012 375 2086 394 con-

1126 396 1179 427 stat
1190 418 1198 431 ,
1221 400 1302 439 quod
1321 401 1356 430 ad
1375 406 1529 433 veritatem
1541 405 1573 435 &
1583 406 1744 437 utilitatem
1757 416 1956 436 communem
1966 406 2087 436 videtur

1122 442 1270 479 pertinere
1282 451 1287 469 1
1299 442 1378 481 quod
1388 453 1480 482 genus
1492 465 1500 478 ‚
1521 456 1566 476 υτ
1589 457 1699 485 MAJoR
1722 456 1826 477 Arrius
1848 458 1905 480 Lx,
1919 451 1944 467 ¹¹
1958 458 1998 478 Er
2024 458 2084 478 cur

1124 490 1258 511 mortuus
1291 492 1402 512 CAUSA
1433 494 1488 514 EST
1500 506 1508 518 ,
1534 497 1756 519 COGNITOREM
1778 499 1850 519 Dzr.
1876 492 1904 509 ¹²
1916 492 1963 519 Ex
1981 499 2018 519 eo
2036 490 2086 520 vel

1121 532 1294 563 novumJus
1304 523 1446 554 constitui
1457 531 1598 558 convenit
1608 540 1646 559 ex
1656 540 1806 571 ternpore,
1831 531 1864 561 δε
1883 531 2018 561 hominis
2038 530 2085 561 di-

1120 566 1238 604 gnitate.
1260 568 1307 594 Ex
1316 565 1457 605 pa&ojus
1468 567 1510 597 est
1520 588 1527 600 ‚
1548 572 1647 609 S1Q1
1669 582 1776 602 mrsu
1799 582 1834 602 siz
1855 582 2083 606 rEPIGLRUNT,

1122 615 1240 644 errn
1264 616 1369 636 turea
1392 616 1474 644 Quos
1500 619 1681 641 conveni-r.
1709 614 1794 644 Paeta
1804 615 1880 648 sunt,
1892 624 1956 656 quae
1967 614 2083 656 legibus

1120 647 1302 678 observanda
1312 649 1458 681 sunt2h0c
1468 650 1574 684 modo,
1596 655 1715 683 ¹3REM
1738 666 1797 685 uni
1822 665 1976 689 PAGUNT,
1997 666 2082 686 ORA-

1120 699 1162 718 To
1181 709 1190 722 ‚
1214 699 1252 718 m
1276 699 1412 720 prmum·
1432 710 1440 724 ,
1467 701 1504 720 m
1528 701 1674 723 COMITIO
1692 715 1700 728 ,
1731 706 1799 726 Αυτ
1825 707 1860 726 m
1883 707 1967 728 FoRo
1990 707 2082 728 ANTE

1121 740 1301 760 MERIDIEM
1325 741 1466 762 CAusAM
1490 743 1684 764 coumcxro.
1716 740 1791 767 Sunt
1808 740 1880 767 item
1892 739 1973 778 paeta
1983 759 1991 773 ‚
2036 750 2082 770 ωε

1119 770 1179 801 sine
1191 772 1305 813 legibus
1324 773 1517 804 observantur
1539 778 1617 805 ¹·4ex
1626 786 1776 807 conventu
1788 799 1795 811 ‚
1823 790 1886 820 quae
1891 783 1953 819 juri
1962 750 2084 821 praessare

1118 813 1268 858 dicuntur.
1301 817 1358 844 His
1378 817 1467 855 igitur
1485 817 1618 856 partibus
1637 819 1777 857 injuriam
1797 820 1991 852 demonstrari
2003 843 2011 856 ,
2030 824 2080 862 jus

1118 857 1291 885 confirmari
1308 860 1467 891 convenit,
1491 858 1579 899 idque
1598 861 1631 889 in
1649 860 1781 891 absoluta
1798 862 1959 899 juridiciali
1967 864 2080 895 facien-

1119 896 1192 927 dum
1204 898 1330 928 videtur.
1375 902 1454 929 CUM
1474 909 1512 929 ex
1522 904 1744 940 comparatione
1755 912 1908 943 quaeretur,
1922 904 2024 934 utrum
2036 907 2076 936 sa-

1119 941 1177 968 tius
1188 938 1280 969 fuerit
1288 950 1370 980 agere
1380 941 1410 970 id
1423 961 1432 974 ‚
1444 942 1524 981 quod
1536 952 1601 972 reus
1612 942 1689 973 dicat
1701 944 1727 973 se
1738 943 1837 973 fecisse
1848 965 1856 978 ,
1877 955 1914 975 an
1924 945 1954 975 id
1965 966 1972 979 ‚
1996 948 2077 987 quod

1118 981 1268 1024 accusator
1277 980 1354 1011 dicat
1363 982 1505 1023 oportutffe
1516 982 1580 1013 fieri
1592 995 1596 1012 :
1615 984 1751 1024 primum
1761 988 1853 1026 quaeri
1862 990 2006 1017 convenit
2016 1009 2023 1022 ,
2044 999 2078 1018 u-

1119 1031 1199 1052 trum
1208 1024 1297 1052 ruerit
1305 1024 1406 1053 utilius
1417 1034 1455 1053 ex
1464 1028 1657 1056 contentione
1669 1047 1677 1060 ‚
1689 1027 1747 1057 hoc
1756 1027 1798 1057 est
1810 1048 1817 1061 ,
1837 1031 1864 1054 ¹5
1874 1037 1973 1058 utrum
1983 1039 2077 1059 venu-

1120 1063 1191 1093 stius
1202 1084 1210 1098 ‚
1232 1063 1348 1094 facilius
1359 1085 1367 1098 ,
1397 1066 1628 1096 conducibilius.
1669 1068 1789 1099 Deinde
1809 1070 1958 1109 oportebit
1974 1075 2077 1112 quaeri,

1120 1107 1258 1145 ipsumne
1269 1109 1433 1145 oportuerit
1438 1108 1570 1146 judicare
1582 1129 1590 1142 ‚
1612 1118 1711 1140 utrum
1722 1110 1812 1141 fuerit
1822 1112 1924 1142 utilius
1936 1132 1944 1145 ,
1956 1123 1993 1143 an
2004 1113 2077 1143 allo-

1119 1157 1188 1176 rum
1198 1146 1288 1177 fuerit
1297 1147 1443 1178 statuendi
1453 1149 1589 1189 potestas.
1613 1152 1733 1182 Deinde
1752 1154 1959 1193 inte1ponetur
1976 1153 2012 1184 ab
2029 1165 2079 1185 ac-

1121 1190 1250 1219 cusatore
1261 1189 1388 1230 suspicio
1398 1201 1436 1220 ex
1445 1191 1658 1223 constitutione
1669 1193 1863 1233 conjeElmrali
1874 1215 1883 1228 ,
1895 1205 1982 1236 quare
1992 1205 2078 1236 pute-

1122 1239 1168 1261 tur
1177 1241 1242 1260 non
1251 1240 1284 1261 ea
1293 1233 1407 1262 mtione
1416 1232 1531 1262 laetum
1541 1232 1672 1275 esse‚quo
1685 1237 1792 1265 melius
1803 1236 1943 1267 deteriori
1953 1247 2076 1278 antepo-

1120 1281 1239 1302 neretur
1248 1293 1255 1306 ‚
1280 1273 1329 1303 sed
1339 1273 1411 1303 dolo
1420 1275 1503 1305 malo
1511 1278 1666 1315 negotium
1677 1276 1803 1318 gestum.
1826 1279 1946 1309 Deinde
1965 1290 2079 1320 quaere-

1120 1322 1176 1347 tur,
1188 1317 1356 1354 potueritne
1367 1317 1451 1346 vitari
1463 1337 1470 1350 ‚
1492 1327 1528 1346 ne
1539 1319 1572 1347 in
1582 1328 1653 1347 eum
1663 1319 1765 1349 locum
1776 1322 1934 1350 veniretur.
1968 1322 2015 1351 Ab
2024 1321 2077 1351 de·

1118 1355 1237 1385 fensore
1248 1356 1350 1386 contra
1359 1356 1510 1387 refelletur
1519 1363 1735 1399 argumentatio
1745 1361 1965 1397 conjeffiiralrs,
1978 1363 2075 1403 aliqua

1118 1397 1266 1436 probabili
1275 1398 1358 1428 causa
1367 1419 1376 1432 ‚
1396 1399 1432 1428 de
1441 1410 1498 1440 qua
1508 1401 1577 1430 ante
1586 1401 1704 1432 diolum
1715 1401 1765 1432 est.
1791 1405 1847 1433 His
1867 1404 1941 1433 locis
1961 1413 2000 1435 ita
2019 1413 2075 1434 tra-

1120 1438 1203 1468 &atis
1214 1459 1222 1473 ‚
1234 1440 1381 1470 accusator
1392 1449 1489 1472 utetur
1499 1442 1566 1471 loco
1579 1446 1740 1473 communi
1750 1446 1783 1474 in
1793 1455 1862 1474 eum
1875 1465 1882 1478 ,
1903 1448 1954 1486 qui
1964 1447 2073 1476 inutile

1118 1481 1185 1510 utili
1203 1482 1411 1521 praeposuerit,
1433 1482 1505 1512 cum
1515 1483 1660 1515 statuendi
1672 1495 1736 1515 non
1747 1486 2073 1527 habueritpotestatern.

1117 1521 1267 1553 Defensor
1275 1532 1376 1553 contra
1386 1534 1438 1554 eos
1447 1544 1455 1558 ‚
1477 1527 1529 1566 qui
1540 1536 1658 1566 aequum
1669 1527 1807 1557 censeant
1816 1548 1823 1561 ,
1848 1538 1912 1558 rem
1923 1531 2075 1569 pernicio*

1116 1565 1178 1595 sam
1199 1565 1265 1594 utili
1282 1567 1416 1605 praeponi
1427 1586 1435 1600 ‚
1459 1576 1557 1597 utetur
1574 1571 1642 1598 loco
1652 1572 1812 1599 communi
1823 1580 1873 1609 per
1882 1570 2075 1611 conquestio-

1117 1606 1237 1639 nem,&
1246 1605 1335 1636 simul
1344 1617 1452 1652 quaeret
1461 1609 1497 1638 ab
1508 1610 1733 1643 accusatoribus,
1748 1611 1779 1641 δε
1789 1611 1982 1651 abjudicibus
1992 1612 2071 1653 ipsis,

1116 1647 1189 1689 quid
1198 1647 1305 1678 facil-uri
1315 1648 1408 1679 efient
1418 1669 1426 1683 ,
1439 1648 1460 1679 si
1470 1650 1498 1678 in
1508 1660 1534 1679 eo
1544 1650 1722 1690 [ocofiaeiffirnt
1731 1664 1742 1679 :
1765 1653 1798 1683 &
1808 1662 1925 1694 tempus
1936 1674 1944 1688 ‚
1957 1655 2070 1688 locum,

1115 1699 1191 1723 rem,
1202 1689 1450 1721 deliberationem
1460 1692 1544 1722 suam
1553 1702 1646 1732 ponet
1662 1702 1728 1724 ante
1747 1695 1859 1725 oculos.
1904 1696 2072 1727 Tmnssatio

1117 1733 1254 1762 criminis
1273 1731 1315 1762 est
1326 1752 1334 1766 ‚
1357 1732 1428 1763 cum
1448 1733 1484 1763 ab
1503 1744 1554 1764 reo
1564 1734 1635 1764 faeti
1645 1736 1728 1765 causa
1738 1737 1770 1766 in
1780 1737 1906 1767 aliorum
1916 1747 2071 1777 peccatum

1116 1772 1295 1804 transfertur.
1307 1777 1344 1803 In
1353 1784 1409 1815 qua
1417 1774 1553 1814 primum
1562 1777 1757 1817 querendum
1767 1778 1817 1812 est,
1824 1779 1924 1815 jure‘ne
1934 1781 1967 1809 in
1976 1780 2073 1811 alium

1115 1817 1232 1846 crimen
1241 1815 1436 1846 transferatur.
1460 1818 1580 1847 Deinde
1592 1818 1783 1858 spodiandum
1795 1820 1837 1850 est
1848 1841 1855 1854 ‚
1867 1831 1904 1851 an
1914 1821 1997 1862 :eque
2008 1832 2071 1852 ma*

1115 1867 1210 1898 gnum
1221 1855 1254 1886 sit
1263 1858 1338 1887 illud
1348 1868 1510 1897 peccatum,
1523 1861 1603 1899 quod
1616 1862 1647 1890 in
1657 1861 1749 1890 alium
1761 1862 1948 1892 transferatur
1957 1883 1965 1896 ,
1986 1872 2071 1903 atque

1116 1898 1202 1932 illud,
1213 1899 1295 1939 quod
1304 1909 1370 1929 reus
1380 1900 1533 1940 suscepifl'e
1544 1902 1571 1931 se
1589 1901 1719 1932 fateatur.
1750 1904 1871 1933 Deinde
1889 1913 2077 1946 opor-tucrum·

1116 1942 1150 1971 in
1161 1950 1194 1970 ea
1204 1950 1234 1970 re
1243 1950 1361 1980 peccare
1372 1961 1380 1974 ,
1401 1944 1433 1971 in
1444 1952 1500 1982 qua
1509 1943 1583 1973 alius
1592 1944 1659 1972 ante
1670 1947 1802 1983 peccarit.
1844 1946 1965 1980 Deinde
1982 1956 2072 1986 opor-

1117 1983 1243 2011 tueritne
1249 1982 1399 2020 J'udicium
1409 1985 1476 2013 ante
1488 1982 1561 2013 fieri.
1584 1984 1789 2018 Deinde,cum
1797 1985 1911 2016 faelum
1919 1988 2070 2027 judicium

1116 2032 1179 2052 non
1190 2021 1224 2051 fit
1232 2022 1269 2052 de
1278 2023 1333 2053 illo
1342 2025 1471 2053 crimine
1482 2044 1490 2058 ‚
1509 2025 1590 2064 quod
1600 2028 1633 2055 in
1642 2027 1736 2055 alium
1755 2027 1944 2058 transferatur
1952 2049 1960 2062 ,
1982 2038 2071 2069 opor—

1116 2072 1212 2093 teatne
1223 2063 1260 2093 de
1270 2074 1304 2093 ea
1312 2065 1500 2104 rejudicium
1511 2068 1573 2095 neri
1585 2086 1593 2099 ,
1613 2077 1677 2107 quae
1687 2077 1731 2097 res
1743 2069 1932 2107 injudieium
1943 2080 2007 2100 non
2016 2081 2070 2101 ve-

1116 2107 1203 2135 nerit.
1223 2107 1324 2136 Locus
1333 2109 1508 2137 communis
1516 2109 1690 2138 accusatoris
1702 2129 1709 2142 ,
1720 2118 1822 2140 contra
1831 2121 1901 2141 eum
1913 2132 1920 2145 ‚
1940 2115 1991 2152 qui
2002 2113 2071 2152 plus

1117 2147 1233 2177 censeat
1242 2148 1315 2180 vim,
1327 2158 1417 2188 quam
1424 2148 1537 2187 judicia
1546 2150 1641 2179 valere
1651 2156 1795 2189 oportere,
1810 2153 1843 2182 δε
1852 2152 1888 2182 ab
1898 2153 2070 2184 adversariis

1117 2187 1360 2227 pei·ct1n&abitur
1368 2190 1532 2223 accusator,
1556 2191 1628 2232 quid
1638 2190 1771 2222 futurum
1784 2191 1816 2223 sit
1825 2214 1833 2227 ‚
1857 2192 1878 2223 si
1886 2194 1968 2225 idem
1979 2198 2068 2225 ceteri

1117 2229 1236 2262 faciant,
1249 2239 1280 2259 ut
1290 2229 1326 2259 de
1335 2230 1518 2261 indemnatis
1528 2232 1669 2272 supplicia
1679 2234 1796 2264 sumant
1805 2255 1813 2269 ,
1833 2236 1914 2276 quod
1925 2247 1975 2267 eos
1985 2237 2069 2268 idem

1112 2269 1215 2300 feciss'e
1225 2271 1334 2301 dicant.
1365 2272 1446 2314 Qid
1457 2272 1478 2302 si
1487 2274 1547 2313 ipse
1556 2275 1704 2305 accusator
1712 2275 1795 2306 idem
1805 2276 1899 2307 facere
1908 2277 2048 2308 voluiss'et
2059 2282 2072 2308 ἓ

1114 2312 1264 2346 Defensor
1272 2323 1378 2347 eorum
1389 2333 1398 2349 ,
1409 2318 1521 2356 peccati
1529 2318 1709 2347 atrocitatem
1716 2317 1846 2358 proferet
1856 2339 1865 2354 ,
1885 2321 1917 2350 in
1928 2330 2003 2361 quos
2015 2323 2072 2350 cri—

1997 2372 2071 2392 rnen

116 2410 2077 2433 Ἣ

160 2453 171 2471 1
179 2465 185 2471 .
204 2445 411 2479 brpraefinriarum
420 2447 602 2472 haimo-dicere
609 2456 654 2473 non
662 2447 790 2481 alituum]
811 2446 855 2473 Sic
873 2453 940 2474 vett.
951 2446 1012 2474 edd.
1034 2448 1076 2474 Sic

1145 2456 1173 2483 9.
1193 2449 1261 2483 Qod
1275 2453 1409 2484 argentaria»
1425 2449 1533 2476 obtulerit
1550 2452 1697 2486 expenfiem]
1719 2453 1775 2480 Pal.
1785 2453 1834 2480 sec.
1844 2461 1874 2478 ac
1883 2453 2069 2487 Bruilerensis,

122 2480 181 2510 fere
192 2481 286 2508 Pal..&
296 2482 745 2518 Guilielmiani,imerdicmpofitum
758 2492 805 2518 pro
814 2485 1074 2519 intmfhrijmerloqui.
1109 2487 1189 2511 tuleru'
1197 2486 1318 2518 expeqficm
1330 2506 1337 2518 ‚
1349 2486 1432 2513 nihilo
1442 2486 1513 2521 pejus
1527 2505 1535 2518 ‚
1554 2487 1570 2513 fi
1582 2497 1632 2514 non
1645 2488 1750 2514 melius.

122 2517 295 2552 stephaniam
305 2528 310 2544 :
323 2520 350 2543 In
355 2519 478 2552 praesenria
488 2519 531 2543 haec
538 2520 632 2544 interim
642 2519 714 2544 dicere
722 2529 766 2544 non
776 2520 888 2545 alienum.

159 2561 175 2578 2
182 2573 187 2578 .
205 2554 252 2586 Q!
261 2562 287 2578 ea
296 2555 352 2579 tollit
360 2563 389 2579 cx
396 2555 482 2588 quibat
491 2554 586 2588 rebun]
606 2555 665 2580 Vox
677 2556 745 2580 rebus
756 2564 807 2582 non
818 2554 976 2591 conspicitur
986 2555 1013 2582 in
1024 2556 1075 2582 Pa·-

121 2587 170 2615 lat.
181 2590 259 2625 prim.
269 2596 314 2614 aut
322 2589 397 2615 sexto
409 2608 417 2621 ‚
436 2598 520 2624 neque
531 2591 562 2616 ei
571 2599 635 2625 opus
646 2597 712 2616 erat.

160 2633 186 2660 3.
204 2625 320 2658 Qaesunt
329 2634 357 2650 ea
366 2626 375 2651 ?
385 2635 434 2659 qux
442 2626 563 2660 capitana]
584 2626 805 2661 Interrogationis
816 2632 879 2652 nota
889 2626 924 2653 est
936 2627 951 2652 :i
963 2626 1075 2652 Lambi-

120 2669 158 2687 no
169 2679 177 2692 ‚
197 2661 328 2696 haeretque
338 2661 364 2687 in
376 2661 432 2687 Pal.
443 2668 548 2696 quarto.
576 2662 667 2697 primae
677 2661 739 2688 edd.
757 2663 862 2696 husun!
871 2671 899 2688 ca
908 2672 957 2697 qux
965 2665 1073 2695 capiunt,

123 2695 207 2731 licque
218 2696 273 2722 Pal.
283 2705 324 2732 pr.
335 2706 382 2723 nec
392 2696 550 2732 improbem.

158 2739 186 2764 4.
206 2734 324 2757 Attiani-m
339 2740 380 2765 per
391 2735 524 2766 petitionem
541 2739 586 2758 aut
598 2733 775 2766 perficietiamm‘
792 2734 906 2768 habeam]
928 2733 971 2760 Sic
989 2734 1072 2760 Palat.

119 2775 230 2802 quartus
241 2769 267 2793 &
279 2766 378 2794 sextus.
399 2768 505 2803 vulgata
516 2787 524 2801 ,
534 2771 645 2795 amonem
654 2777 698 2795 aut
706 2772 866 2796 executionum.
888 2770 1073 2806 stephani-ina,

122 2805 172 2829 aff.
183 2810 226 2828 aut
231 2804 416 2836 perficutionem.

161 2847 187 2871 5.
207 2842 269 2864 Num
278 2840 324 2864 alio
331 2840 402 2870 modo,
411 2846 518 2872 tempore,
527 2840 596 2875 leem]
617 2840 685 2866 Pau.
693 2840 806 2877 aliquot:
818 2849 874 2867 num
884 2843 928 2867 alia
937 2841 1008 2873 modo,
1018 2851 1074 2867 num

121 2875 168 2898 alio
177 2881 272 2907 tempore
281 2893 289 2905 ,
307 2884 364 2900 num
373 2877 418 2901 alio
425 2877 479 2901 loco.
499 2885 583 2912 neque
593 2876 672 2903 :iliter
681 2876 827 2903 Fabrician.
846 2885 874 2903 at
883 2879 952 2904 enim
965 2885 1073 2912 quartus

121 2909 150 2934 δε
161 2908 247 2936 {extus
257 2909 340 2936 solum
350 2910 478 2946 agnoscit,
487 2921 543 2936 num
552 2913 598 2937 alio
605 2919 714 2945 tempore,
723 2911 829 2939 excluso
839 2914 899 2939 modo
909 2914 935 2938 &
944 2915 998 2940 loco.

159 2945 186 2971 6.
206 2949 269 2971 Num
278 2947 324 2971 alio
332 2953 444 2980 querente
453 2954 496 2972 aut
504 2948 609 2982 agema]
630 2949 661 2974 In
682 2948 749 2974 Pau.
768 2948 817 2975 sec.
829 2959 881 2976 non
893 2949 1002 2976 habetur
1012 2949 1073 2986 qui-

121 2979 182 3006 dem
193 2980 259 3006 illud
269 2989 313 3006 aut
321 2990 400 3014 agente
411 3002 418 3014 ‚
438 2982 484 3008 nisi
496 2984 510 3008 a
521 2992 598 3009 manu
609 2983 693 3010 aliena
701 2993 730 3010 a<
741 2985 850 3011 recenti.

156 3023 172 3049 7
179 3036 184 3041 .
201 3018 403 3052 Similitudinem]
425 3018 567 3045 Lambinus
578 3018 724 3051 subtexuit,
735 3029 767 3045 an
776 3023 801 3046 in
811 3020 916 3054 confhlto.
926 3021 992 3056 Biga
1001 3021 1072 3048 enim

122 3050 208 3079 isthaec
218 3051 368 3085 verborum,
377 3053 404 3081 in
415 3054 490 3080 nullo
501 3054 592 3081 visitur
601 3054 778 3091 manuscripto
790 3075 798 3088 ,
809 3056 835 3082 in
847 3057 922 3083 nullo
932 3057 1015 3084 edito.

158 3085 186 3112 S.
203 3089 263 3120 Jure
271 3097 299 3112 ne
301 3089 395 3120 fanum
396 3090 455 3123 fin]
476 3090 622 3120 Lambinus
631 3091 742 3129 amplius
755 3111 764 3126 ,
775 3094 832 3127 jure
841 3102 874 3120 an
882 3094 974 3128 injuria
976 3095 1071 3128 fac‘Yum

114 3122 148 3156 fit
159 3140 167 3154 ‚
186 3128 280 3158 praeter
289 3122 347 3151 mss.
356 3126 459 3156 omnes,

1147 2529 1189 2546 10.
1208 2525 1290 2547 Nume)
1298 2531 1336 2547 um
1346 2532 1395 2548 rum
1405 2523 1641 2555 numerojudjciorum
1647 2525 1815 2558 profi-roman]
1826 2524 1969 2551 Lambinus
1981 2525 2068 2553 edidit

1107 2558 1256 2590 confercmuss
1267 2556 1338 2583 forte
1348 2557 1474 2588 inelius‚s1
1485 2558 1614 2584 niteretur
1625 2558 1675 2585 fide
1686 2560 1895 2587 membranarum
1906 2561 2067 2597 aliquarum.

1148 2601 1189 2618 11.
1208 2597 1241 2618 Et
1250 2596 1287 2618 clii
1297 2596 1389 2619 morbus
1398 2595 1469 2626 causiz
1479 2595 1533 2628 effi]
1547 2595 1670 2621 Retinuit
1682 2604 1738 2621 xii.
1751 2596 1897 2623 tabularum
1909 2597 2064 2626 formulam:

1108 2631 1152 2654 Cui
1162 2630 1254 2654 moi-hm
1263 2630 1373 2662 mirqsm
1381 2631 1451 2663 <ansa
1460 2631 1522 2661 oscit.

1149 2673 1190 2690 η.
1210 2668 1251 2690 Ex
1267 2674 1290 2690 co
1305 2667 1346 2690 'rel
1359 2667 1488 2697 nownnjus
1499 2666 1627 2699 cmssimi]
1648 2667 1780 2694 Particula
1797 2670 1914 2695 'velnunc
1922 2669 2036 2705 primuni
2049 2673 2065 2697 ὲ

1109 2699 1224 2726 tenebris
1244 2701 1316 2727 venit
1329 2702 1354 2728 in
1367 2701 1462 2727 lucem.
1483 2709 1539 2727 erun
1549 2700 1710 2737 deprehendi
1721 2704 1747 2730 in
1759 2705 1826 2730 Pall.
1838 2704 1920 2731 tribus
1931 2707 1957 2732 ἃ
1971 2706 2066 2733 Fabri-

1109 2736 1203 2767 cian05
1227 2737 1394 2773 multumque
1405 2737 1430 2763 in
1442 2736 1493 2772 iplii
1503 2738 1626 2772 energiae.

1149 2780 1190 2807 13.
1209 2775 1264 2797 Rem
1273 2774 1408 2806 ubipagunt
1416 2780 1479 2798 orato
1492 2792 1500 2803 ,
1511 2776 1644 2806 nipagnnt,
1653 2776 1678 2799 in
1688 2776 1799 2810 comitio]
1819 2776 1863 2802 Sic
1873 2776 2017 2804 Lambinus
2028 2787 2064 2805 ex

1107 2807 1248 2834 cei-timum
1265 2808 1416 2843 conjeftura
1435 2808 1519 2834 Bofii:
1542 2809 1630 2844 itaque
1641 2810 1793 2837 licit-locum
1805 2812 1878 2838 snum
1889 2812 1967 2840 dedi:
1989 2821 2066 2840 tanto

1109 2842 1215 2879 quidem
1227 2845 1308 2879 magis
1322 2864 1330 2876 ,
1341 2843 1411 2879 quod
1422 2844 1486 2872 nibil
1499 2844 1586 2870 idonei
1597 2845 1659 2871 ell'et
1669 2845 1753 2873 sensus
1764 2848 1790 2874 in
1801 2849 1872 2883 prius
1883 2848 1961 2874 editis
1973 2860 1979 2876 :
2002 2859 2061 2876 nam

1108 2880 1232 2915 primitus
1244 2890 1250 2906 z
1264 2884 1319 2906 Rem
1328 2882 1368 2905 ubi
1374 2888 1479 2913 pangunt
1489 2883 1613 2906 orationem
1619 2890 1724 2915 pangunt
1734 2887 1760 2909 in
1771 2887 1867 2916 comitio,
1877 2885 1927 2915 &a
1948 2895 2063 2921 quomo-⁵

1107 2915 1142 2942 do
1153 2916 1231 2942 etiam
1243 2916 1277 2942 est
1289 2916 1314 2941 in
1326 2915 1393 2941 Pan.
1404 2915 1487 2941 tribus
1497 2916 1638 2951 prioribus.

1147 2958 1188 2984 14.
1208 2955 1247 2977 Ex
1257 2958 1380 2981 conventu,
1391 2953 1607 2985 (jusjuripmstare
1616 2954 1753 2989 dicunntur]
1766 2955 1876 2982 Dii-inat
1887 2957 2062 2989 Gulielmius,
2083 2983 2086 2986 .

1107 2997 1135 3012 ex
1145 2994 1264 3017 con-rento,
1274 2986 1423 3022 indicatque
1434 2986 1614 3014 Fabricianum
1627 2989 1720 3016 habere
1730 3001 1778 3023 ‹711ae
1788 2993 1884 3024 cxjnwe.
1905 3000 1931 3018 at
1943 2994 1995 3019 l‘all
2003 3014 2008 3019 .
2019 3003 2060 3030 pr.

1106 3032 1135 3048 ac
1146 3022 1194 3048 sec.
1205 3023 1289 3054 dejure
1301 3042 1308 3054 ‚
1320 3023 1454 3054 terejure,
1465 3024 1600 3059 quomodo
1610 3026 1638 3051 Sc
1649 3025 1710 3051 cdd.
1720 3027 1822 3062 primus.
1835 3037 1922 3062 quart.
1944 3031 2060 3063 qxtijxtra.

1108 3059 1196 3094 quint.
1208 3058 1235 3083 8<
1247 3057 1314 3084 sext.
1323 3060 1439 3092 quaejure.

1120 3125 1122 3127 .
1146 3103 1155 3120 1
1163 3103 1189 3128 5.
1210 3097 1290 3118 Utrum
1299 3096 1535 3127 ‘venissi115‚faci!iu5
1546 3114 1554 3126 ‚
1563 3096 1629 3130 dvm]
1653 3096 1726 3124 Edit}
1737 3097 1752 3125 ξι
1763 3097 1894 3127 Lamblno
1903 3106 1984 3125 mmm
1993 3100 2062 3124 hom-

1101 3130 1166 3164 βίω
1177 3149 1185 3163 ,
1196 3128 1237 3157 seu
1247 3135 1343 3167 praeter
1352 3129 1411 3159 mss'.
1421 3130 1556 3166 editosspie
1567 3141 1670 3160 omnes.

1520 3168 1542 3195 B
1939 3179 1962 3197 ι.
1973 3172 2062 3196 (ἔσηνε-ι

2094 1702 2130 1734 15
