2302 3353
489 150 563 188 nn
610 137 878 185 OP'rlMo
926 142 1197 191 Geni-,nn
1247 145 1657 192 onii-ronuta.

104 219 285 261 distinguere
294 237 303 253 2
313 222 364 250 aut
376 216 455 249 male
463 217 559 248 sumta
568 236 577 251 ,
590 225 640 248 aut
649 216 728 247 male
737 217 878 249 conclusa
896 221 1060 259 reprehen-
1104 229 1155 252 aut
1172 224 1290 262 copiam
1305 226 1318 254 ,²

1972 147 2059 210 137

1340 226 1437 265 Qarc
1447 225 1509 255 haec
1525 223 1580 255 tibi
1593 223 1668 258 lint,
1690 223 1867 258 mieicerm
1880 234 1947 266 quae
1965 236 2062 266 expoae

104 262 184 296 dere,
196 262 229 292 &
239 260 341 291 eadem
350 260 399 289 vel
407 258 530 300 anguste
539 255 676 289 disserere
688 278 697 293 ,
710 258 889 289 urdialed'i‘ici
897 269 950 301 qui
959 263 1061 301 appel·
1098 263 1153 296 sui,
1165 263 1245 304 quasi
1255 265 1366 296 indicia
1372 266 1504 304 fontium
1515 266 1640 296 illorum
1653 276 1659 295 z
1681 266 1717 296 ad
1727 275 1803 307 quos
1816 265 1835 296 fi
1847 268 1934 297 nobis
1945 268 2057 299 eisdem

102 303 218 335 lantur:
239 302 298 335 vel,
309 310 341 331 ut
349 310 498 331 oratorem
508 300 603 334 decet,-
614 300 670 330 late
679 302 848 340 exprimere
862 302 962 331 :illius
971 312 1058 333 eiter-
1097 303 1225 335 ducibus
1235 325 1244 339 ,
1256 306 1357 337 aliisve
1368 326 1376 341 ‚
1389 310 1581 348 perveneris,
1603 317 1668 338 tum
1682 308 1715 338 &
1727 307 1862 348 haec'i'psa
1876 309 1985 339 melius
1995 329 2004 343 ,
2025 310 2060 340 &e

101 345 252 377 citationis
262 343 294 373 δε
308 342 453 373 subtiliter
466 342 658 383 disputandi,
679 342 845 382 &copiose
856 342 977 373 dicendi
988 345 1057 374 artis
1097 346 1197 376 multo
1208 347 1320 382 maiora
1329 349 1386 379 alia
1399 350 1569 389 cognosces.
1595 352 1627 380 C.
1646 352 1678 380 F.
1702 352 1766 390 Ego
1783 348 1855 379 vero
1866 370 1874 384 ‚
1896 360 1929 381 ac
1946 361 2057 392 magno

101 385 159 417 est.
182 388 229 415 De
239 384 329 414 bonis
338 383 410 414 verb
419 383 527 418 rebus,
540 383 573 413 δε
585 383 688 414 malis:
711 386 814 424 aequis‚
826 385 957 425 iniquis:
969 386 1058 415 utiii-
1094 386 1218 425 quidem
1230 387 1329 419 studio
1340 410 1348 423 ,
1361 392 1404 420 mi
1418 401 1515 430 pater:
1538 391 1700 432 multisque
1708 401 1748 423 ex
1757 391 2058 434 tuispraeclariffimis

102 427 171 460 bus,
181 425 356 456 inutilibus:
382 425 515 456 honestis
526 445 535 460 ‚
554 425 690 465 turpibus
702 445 711 459 ,
733 435 824 466 quarn
835 425 932 466 potest
948 425 1055 456 habere
1072 449 1073 452 η
1094 428 1274 460 muneribus
1284 431 1407 463 nullum
1420 433 1513 472 majus
1527 432 1678 475 εκΐρεᾶο.

81 469 87 472 ”
101 476 219 503 orator,
238 465 300 498 fine
316 467 380 498 illis
389 469 592 500 maximarum
603 476 704 498 rerum
719 467 849 502 artibus,
869 466 1050 503 facultatem,
1068 454 1073 510 l

435 581 530 643 hm
623 582 1023 642 TULLII

1119 582 1766 673 thssnouis

162 734 642 841 OPTIMO
724 681 1183 844 ςΕΝὲΙξΕ
1274 773 1985 852 ORAToRuM.

252 906 278 920 .·
327 908 335 936 ς
356 889 532 921 Risi-oium
553 886 726 931 generaeffe
737 887 894 920 dicuutur,
907 894 1048 927 tanquam

357 933 521 972 poetarum.
541 933 572 961 id
589 931 672 961 secus
694 930 745 961 est·
770 939 842 960 nam
862 929 989 959 alterum
1007 927 1050 959 est

324 979 335 1005 ἵ
358 974 532 1013 multiplex.
556 974 707 1004 Poematis
717 973 801 1002 enim
812 971 924 1011 tragici,
935 971 1048 1000 cornici

325 1023 337 1051 ,⁷
357 1015 552 1056 epici‚melici
562 1016 700 1048 etiam‚ac
709 1013 935 1052 dithyrambici,
946 1015 956 1031 ¹
967 1011 1050 1052 quod

357 1059 452 1098 magis
464 1055 506 1087 est
515 1056 671 1087 &aetatum
680 1055 696 1085 a
705 1057 820 1086 Latinis
833 1074 842 1087 ,
853 1054 940 1084 suum
952 1053 1050 1094 quod—

311 1124 318 1131 Ι
357 1101 403 1129 vis
422 1098 465 1129 est
482 1098 633 1129 diversum
656 1097 672 1128 a
685 1097 820 1137 reliquis.
842 1097 945 1136 Itaque
966 1095 999 1125 δε
1017 1097 1050 1125 in

358 1140 498 1182 tragoedia
514 1142 669 1170 comicum
679 1139 825 1169 vitiosum
835 1136 877 1167 est
887 1157 895 1171 ,
914 1137 947 1167 δε
956 1138 989 1166 in
998 1146 1051 1167 co-

96 1182 209 1213 moedia
218 1191 302 1224 turpe
312 1185 467 1223 tragicum.
492 1182 524 1212 δε
534 1184 567 1212 in
578 1183 685 1212 ceteris
701 1181 769 1211 suus
778 1179 821 1210 est
830 1179 973 1219 cujusque
986 1188 1050 1209 cer·

95 1231 143 1255 tus
153 1225 241 1255 sonus
251 1244 259 1259 ‚
276 1225 309 1255 &
320 1224 456 1266 quaedarti
468 1223 706 1265 intelligentibus
715 1230 787 1252 nota
794 1231 866 1252 vox.
890 1223 1049 1251 Orator-um

95 1273 195 1297 autem
213 1265 312 1308 siquis
322 1269 361 1297 ita
370 1274 508 1296 numerat
517 1266 601 1306 plura
617 1275 739 1306 genera,
760 1271 793 1294 ut
809 1264 884 1293 alios
892 1262 1030 1304 grandeis
1040 1282 1049 1296 ,

93 1315 146 1339 aut
154 1311 279 1350 graveis,
293 1309 503 1348 autcopiosos:
525 1308 599 1337 alios
612 1308 748 1339 tenueis,
768 1314 818 1335 aut
827 1305 980 1338 subtileis‚
1000 1312 1051 1334 aut

93 1347 227 1380 breveis:
249 1351 324 1381 alios
340 1352 382 1379 eis
397 1347 588 1389 interjectos,
609 1348 792 1389 &tanquam
811 1346 931 1376 medios
949 1354 1047 1393 putet:

93 1389 132 1421 de
147 1391 325 1422 hominibus
347 1391 425 1422 dicet
441 1390 574 1432 aliquid,
596 1389 633 1420 de
653 1400 684 1419 re
705 1398 822 1430 parurn.
852 1390 889 1418 Iri
899 1397 930 1417 re
949 1397 1046 1421 enirn,

91 1432 174 1473 quod
184 1433 322 1473 optimum
334 1431 377 1467 fit,
388 1434 546 1474 quaeritur:
569 1433 603 1462 in
616 1432 744 1461 homine
755 1430 864 1460 dicitur
874 1449 882 1463 ‚
901 1428 983 1470 quod
992 1428 1046 1459 est.

89 1475 191 1515 Itaque
201 1475 269 1505 licet
279 1474 376 1506 dicere
388 1475 420 1504 &
430 1476 566 1505 Ennium
580 1493 589 1508 ‚
609 1474 769 1504 summum
786 1474 906 1512 epicum
914 1472 1046 1518 poetam,

93 1513 165 1555 ficui
184 1517 223 1547 ita
239 1516 374 1547 videtur:
398 1516 432 1546 &
446 1518 610 1547 Pacuvium
631 1517 776 1557 tragicum
798 1524 804 1544 ;
836 1513 870 1543 &
890 1513 1045 1543 Caecilium

89 1555 224 1592 fortaffe,
242 1560 410 1589 comicum.
434 1560 591 1588 Oratorem
609 1567 717 1599 genere
732 1555 925 1586 non-divido.
948 1553 1046 1595 perfe-

73 1626 76 1628 .
90 1597 177 1629 &um
195 1602 278 1630 enim
295 1610 407 1641 quaero.
430 1602 537 1630 Unum
550 1599 599 1630 est
616 1608 714 1629 autem
731 1607 825 1639 genus
842 1595 966 1637 perfeffi
984 1616 998 1630 -,
1029 1595 1045 1627 a

90 1649 153 1681 quo
162 1643 214 1682 qui
223 1642 330 1672 ab‘sunt
339 1662 348 1676 ,
367 1651 433 1672 non
441 1651 549 1683 genere
558 1639 701 1672 differunt
710 1660 719 1674 ,
739 1649 771 1670 ut
786 1639 822 1670 ab
833 1641 918 1669 Attio
927 1641 1044 1669 Teren-

89 1683 169 1717 tius3
192 1682 240 1713 fed
250 1685 283 1713 in
293 1683 401 1714 eodem
409 1693 474 1714 non
489 1684 557 1714 sunt
565 1692 659 1723 pares.
682 1682 814 1724 Optimus
831 1680 873 1711 est
882 1682 966 1710 enim
978 1690 1044 1710 ora·

89 1730 155 1758 tor,
175 1726 228 1765 qui
240 1724 370 1756 dicendo
386 1727 506 1756 animos
522 1725 711 1755 audientium
731 1724 764 1754 &
784 1723 889 1756 docet,
910 1722 944 1753 &
961 1722 1043 1752 dele-

89 1762 167 1799 stat,
188 1766 222 1797 &
234 1776 400 1807 permovet.
423 1769 558 1800 Docere,
576 1766 717 1797 debiturn
727 1764 784 1796 est:
806 1763 974 1797 dele&are,
986 1765 1042 1793 ho-

87 1809 258 1839 norarium:
281 1819 468 1849 permovere,
484 1806 688 1839 necessarium.
713 1810 786 1838 Haec
795 1816 828 1837 ut
835 1807 911 1837 alius
921 1805 1042 1839 melius,

88 1847 179 1888 quarn
194 1847 273 1880 alius
283 1870 292 1884 ,
310 1850 539 1881 concedendum
548 1849 599 1880 est.
622 1848 728 1880 verum
745 1848 776 1880 id
787 1847 820 1879 fit
835 1858 898 1878 non
916 1857 1040 1888 genere:

88 1889 140 1921 sed
158 1891 258 1930 gradu.
281 1894 441 1931 optimum
458 1892 583 1933 quidem
595 1901 701 1921 ‘unum
721 1890 781 1924 est,
801 1890 835 1921 &
851 1892 1041 1930 proximum,

87 1931 170 1972 quod
187 1934 215 1962 ei
235 1932 436 1963 firniiiimum.
459 1943 497 1963 ex
516 1934 779 1974 quoperspicuum
790 1931 833 1962 est
845 1951 854 1965 ‚
876 1931 958 1972 quod
968 1931 1041 1972 opti-

89 1982 133 2002 mu
143 1972 379 2005 diffimillimum
390 1973 423 2005 sit
431 1994 440 2008 ,
453 1974 483 2004 id
494 1974 551 2004 effe
561 1975 769 2005 deterrimum.
802 1975 884 2003 Nam
894 1976 1040 2014 quoniam

87 2014 261 2055 eloquentia
279 2016 394 2047 constat
410 2026 449 2046 ex
469 2016 567 2046 verbis
584 2035 593 2049 ,
622 2016 657 2046 &
673 2015 831 2045 sententiis
849 2033 858 2048 ,
882 2012 1040 2054 perficien-

85 2055 161 2086 dum
172 2056 233 2090 est,
254 2066 286 2087 ut
293 2057 367 2097 pure
378 2077 387 2091 ,
407 2058 440 2088 &
456 2056 614 2088 emendate
631 2057 806 2098 loquentes,
824 2055 905 2097 quod
922 2054 965 2086 est
983 2058 1039 2087 La-

83 2099 167 2128 tine:
183 2097 343 2128 verboi·um
361 2108 499 2139 praeterea
511 2099 544 2130 &
556 2100 746 2139 propriorum
757 2118 768 2133 ‚
787 2098 820 2128 &
834 2096 1038 2128 transsatorum

83 2139 262 2180 elegantiam
278 2141 505 2181 persequamur:
525 2143 557 2170 in
574 2142 720 2180 propriis,
740 2149 772 2170 ut
786 2138 931 2180 aptiffima
947 2139 1039 2179 eliga-

85 2189 173 2211 mus:
199 2183 232 2212 in
250 2181 393 2212 transsatis
407 2202 416 2216 ‚
436 2191 468 2211 ut
485 2180 716 2212 similitudinem
736 2182 825 2212 secuti
838 2201 847 2214 ‚
867 2180 1036 2211 verecunde

84 2224 324 2253 utamuralienis.
350 2225 570 2254 Sententiarum
586 2233 687 2254 autem
704 2223 832 2254 totidem
840 2233 948 2264 genera
957 2223 1035 2256 sunt,

83 2271 160 2304 quot
168 2264 367 2296 diximuseffe
375 2265 510 2296 laudum.
533 2266 601 2296 sunt
609 2267 692 2297 enirn
703 2264 968 2298 docendi,acutae:
984 2264 1036 2294 de-

85 2304 214 2337 leuandi
225 2327 234 2341 ,
243 2305 321 2348 quafi
332 2317 439 2348 argutae
451 2318 456 2337 :
477 2307 716 2341 commovendi,
727 2316 838 2349 graves.
859 2305 915 2337 Sed
927 2306 960 2336 &
969 2316 1034 2336 ver-

83 2345 193 2378 borum
212 2348 255 2379 est
273 2348 415 2380 structura
432 2349 568 2391 quaedam
581 2370 590 2383 ‚
610 2349 683 2380 duas
693 2359 736 2379 res
749 2347 885 2379 efficiens
896 2368 905 2381 ‚
925 2358 1035 2378 nume-

81 2397 151 2422 rum
162 2409 171 2424 ,
191 2390 224 2420 ὅτ.
236 2391 389 2422 lenitatem
400 2403 405 2421 :
427 2392 459 2422 δε
470 2392 623 2422 sententiae
631 2391 713 2422 suam
724 2389 976 2430 compositionem
986 2391 1034 2421 ha-

81 2429 156 2461 bent
164 2451 173 2465 ,
186 2432 219 2462 &
228 2431 262 2463 ad
272 2433 455 2473 probandam
466 2443 532 2464 rem
541 2433 804 2464 accommodatum
815 2432 967 2462 ordinem.
985 2431 1033 2462 sed

79 2480 182 2503 earum
193 2476 334 2505 omnium
347 2484 447 2506 rerum
458 2495 468 2510 ,
485 2484 518 2505 ut
530 2474 729 2506 aedificiorum
739 2494 748 2509 ,
761 2474 895 2504 memoria
904 2472 947 2504 est
957 2472 1035 2515 quasi

81 2512 311 2547 fundamentum
321 2536 330 2551 ‚
346 2517 451 2547 lumen
461 2515 546 2546 aare.
571 2520 614 2548 Ea
623 2519 715 2559 igitur
723 2518 828 2547 omnia
837 2518 868 2546 in
879 2526 942 2557 quo
952 2517 1033 2546 sum-

85 2564 150 2589 ma,
163 2559 219 2587 erit
227 2567 326 2589 orator
335 2558 525 2599 peritissimus
536 2569 542 2589 :
559 2560 592 2588 in
601 2569 663 2600 quo
672 2558 773 2589 media
782 2578 791 2592 ,
803 2557 965 2588 mediocris
977 2568 982 2587 :
999 2560 1033 2587 in

83 2605 143 2637 quo
157 2600 301 2634 minima,
321 2601 512 2631 deterrimus.
536 2604 575 2631 Et
585 2600 813 2641 appellabuntur
820 2609 930 2629 omnes
939 2609 1032 2630 orato-

82 2647 127 2668 res
136 2659 144 2672 ,
161 2640 314 2681 urpic‘tores
322 2643 506 2683 appellantur
514 2644 605 2673 etiam
615 2643 706 2673 mali:
724 2652 780 2672 nec
788 2641 946 2683 generibus
956 2643 1034 2671 intei·

80 2678 139 2720 sese
150 2700 158 2714 ,
180 2682 227 2712 sed
244 2683 433 2714 facultatibus
450 2682 601 2714 different.
631 2687 734 2725 ltaque
750 2693 844 2713 nemo
861 2681 904 2713 est
922 2692 1029 2717 orator,

80 2723 170 2761 quise
181 2724 397 2755 Demosthenis
408 2725 537 2756 fimilem
548 2725 607 2756 effe
617 2726 715 2756 nolit:
731 2734 759 2755 at
769 2724 935 2755 Menander
944 2745 952 2761 ‚
965 2727 1032 2755 Ho-

82 2765 159 2793 meri
176 2765 284 2797 noluit.
309 2769 413 2797 Genus
423 2770 506 2798 enim
517 2776 578 2798 erat
585 2768 678 2798 aliud.
702 2766 733 2797 id
744 2776 807 2797 non
817 2765 900 2796 estin
909 2769 1032 2796 oratori-

78 2802 152 2834 bus:
170 2815 219 2836 aut
236 2806 257 2837 fi
275 2807 337 2842 est,
359 2818 391 2839 ut
403 2809 661 2851 aliusgravitatem
674 2809 819 2850 sequens,
840 2807 1030 2838 subtilitatem

76 2843 185 2886 fugiat:
201 2849 304 2880 contra
314 2869 323 2883 ‚
341 2851 416 2880 alius
425 2861 586 2882 acutiorem
599 2851 626 2881 sc
636 2871 645 2885 ,
660 2851 751 2893 quam
762 2851 944 2881 ornatiorem
956 2869 964 2883 ,
980 2860 1029 2879 ve-

75 2885 112 2917 lit
125 2897 130 2916 :
149 2891 237 2919 etiam
249 2889 269 2921 fi
280 2891 365 2922 estin
375 2902 485 2932 genere
497 2892 644 2923 tolerabili
657 2912 665 2926 ‚
685 2891 764 2922 certe
776 2900 839 2922 non
854 2890 898 2921 est
910 2893 943 2921 in
953 2893 1032 2931 opti-

80 2936 144 2959 mo-
168 2929 312 2972 fiquidem
321 2953 331 2968 ,
352 2937 411 2974 QJ
421 2944 439 2964 0
448 2944 469 2964 1>
489 2936 609 2965 omneis
624 2934 724 2965 laudes
734 2934 825 2965 -liabet
835 2952 844 2968 ‚
863 2933 894 2963 id
904 2932 946 2964 est
955 2935 1032 2973 opti-

47 1997 70 2022 ιο

74 3039 89 3059 1
114 3024 119 3028 ”
162 3034 208 3060 vad
221 3035 292 3067 magis
306 3038 344 3061 «ff
359 3038 490 3062 traHarum
509 3035 524 3062 λ
545 3037 669 3071 Latina]
693 3035 761 3064 Adr.
773 3035 915 3063 Turnebus
934 3035 983 3062 l'ib.
998 3045 1021 3062 1.

164 3069 273 3097 Advers.
287 3080 342 3107 cap.
352 3079 380 3104 4.
401 3072 513 3099 restituit
524 3075 537 3098 e
551 3072 608 3098 iiiss‘.
619 3082 662 3107 quo
675 3092 684 3105 ‚
693 3073 836 3108 locumque
846 3073 916 3099 bunc
927 3070 1024 3098 dextra:

62 3102 262 3139 interpretatur
274 3115 366 3133 contra
376 3117 419 3134 eos
431 3126 440 3139 ‚
452 3109 497 3144 qui
508 3108 666 3135 substituunt
676 3119 720 3142 quo
729 3111 809 3134 minus
818 3111 862 3134 err.
884 3116 943 3135 nam
955 3107 1026 3143 quod

68 3138 214 3168 Lambinus
232 3142 255 3168 ei
265 3150 379 3178 opponat
389 3143 476 3170 locum
494 3144 652 3183 eprooemio
672 3144 719 3170 lib.
733 3153 757 3170 ι.
777 3143 857 3169 Tusc.
888 3143 1028 3178 uaest.plus

67 3175 152 3204 nihilo
162 3177 208 3206 cst.
216 3176 296 3206 letius
307 3178 414 3215 quidem
423 3183 692 3219 po'e'ucamaccepere
702 3180 833 3214 Romani,
844 3179 867 3207 sc
895 3185 1029 3215 acceptam
1068 3185 1177 3207 eatenus.

929 3241 939 3259 N

1091 898 1191 919 mum.
1216 890 1291 920 Haec
1301 881 1650 930 dixibrevicis‘equidem
1661 911 1670 924 ,
1691 892 1781 932 quam
1793 904 1838 925 res
1848 897 1979 935 petebat:
2001 897 2048 929 sed
2070 901 2085 935 ζ

1088 930 1124 960 ad
1140 930 1171 961 id
1181 950 1189 965 ,
1209 931 1290 971 quod
1300 932 1417 972 agimus
1427 950 1436 965 ,
1458 941 1522 961 non
1531 932 1760 964 tuitdicendum
1771 937 1916 975 pluribus.
1940 943 2048 970 Unum

1087 974 1173 1002 enim
1190 972 1263 1003 cum
1283 972 1317 1002 sit
1332 982 1445 1014 genus,
1466 972 1496 1003 id
1510 974 1597 1014 quale
1611 973 1662 1008 sit,
1681 979 1854 1016 quaerimus.
1878 979 1929 1010 Est
1945 990 2045 1012 autem

1086 1014 1143 1044 tale
1154 1031 1164 1048 >
1187 1015 1273 1055 quale
1290 1013 1395 1045 floruit
1410 1015 1556 1049 Athenis,
1576 1025 1615 1045 ex
1633 1026 1695 1057 quo
1705 1020 1874 1049 Atticorum
1895 1031 2048 1053 oratorum

1091 1056 1152 1096 ipsa
1168 1058 1214 1086 vis
1233 1057 1337 1096 ignota
1353 1054 1414 1089 est,
1433 1065 1502 1086 nota
1508 1056 1611 1097 gloria.
1635 1061 1715 1088 Nam
1726 1061 1851 1091 alterum
1863 1063 1953 1093 multi
1963 1063 2048 1093 vide-

1089 1106 1160 1128 runt
1169 1117 1178 1131 ,
1193 1096 1293 1128 vitiosi
1302 1098 1381 1127 nihil
1390 1097 1466 1137 apud
1477 1108 1529 1128 eos
1541 1109 1546 1127 ι
1567 1099 1691 1130 alterum
1701 1104 1803 1141 pauci,
1820 1103 1977 1135 laudabilia
1988 1103 2047 1135 ess'e

1090 1139 1194 1169 multa.
1218 1139 1269 1170 Est
1280 1141 1364 1169 enim
1376 1139 1521 1169 vitiosum
1532 1141 1564 1170 in
1574 1140 1717 1173 sententia
1726 1163 1734 1176 ,
1755 1142 1772 1173 fi
1784 1144 1856 1185 quid
1870 1145 2044 1179 absurdum,

1087 1190 1137 1211 aut
1146 1181 1292 1214 alienum,
1303 1189 1353 1211 aut
1363 1191 1428 1211 non
1439 1190 1573 1215 acutum.
1583 1191 1633 1213 aut
1643 1184 1841 1216 subinsulsum
1853 1186 1906 1218 est..
1930 1190 1965 1218 In
1980 1198 2049 1219 ver*-

1089 1223 1135 1253 bis
1145 1242 1154 1257 ,
1169 1221 1190 1252 fi
1200 1225 1392 1264 inquinatum
1404 1243 1412 1256 ,
1430 1221 1451 1253 si
1461 1222 1611 1263 abjectum
1623 1245 1631 1259 ,
1650 1224 1670 1255 si
1681 1236 1743 1257 non
1752 1236 1855 1268 aptum
1866 1249 1874 1262 ,
1891 1227 1911 1259 si
1921 1229 2043 1264 durum„

1089 1262 1110 1294 si
1120 1264 1211 1306 longe
1220 1267 1359 1305 petitum.
1384 1267 1457 1295 Haec
1466 1268 1634 1296 vitaverunt
1642 1266 1704 1298 fere
1716 1278 1823 1300 omnes
1833 1289 1841 1303 ‚
1861 1273 1912 1310 qui
1932 1280 1982 1302 aut
1993 1275 2048 1302 At-

1088 1308 1139 1336 tici
1159 1316 1374 1340 numerantur,
1395 1316 1445 1337 aut
1463 1307 1569 1338 dicunt
1582 1308 1691 1339 Attice.
1714 1310 1762 1341 sed
1779 1320 1928 1351 quatenus
1946 1313 2048 1344 value-

1087 1357 1159 1378 runt
1166 1368 1175 1382 ,
1187 1349 1248 1379 sani
1259 1348 1292 1379 ὅ(
1303 1348 1368 1379 sicci
1378 1348 1522 1379 duntaxat
1531 1349 1692 1381 habeantur
1701 1371 1710 1386 ,
1720 1355 1735 1371 ²
1744 1353 1793 1383 sed
1804 1355 1842 1383 ita
1852 1373 1860 1387 ,
1873 1353 2046 1396 utpalaestn'-

1086 1388 1115 1418 τὲ
1132 1389 1246 1430 spatiari
1264 1392 1298 1421 iu
1314 1389 1404 1430 xysto
1423 1392 1460 1420 iis
1479 1391 1583 1424 liceat,
1606 1401 1670 1422 non
1685 1393 1722 1424 ab
1732 1394 1884 1434 Olympiis
1892 1406 2041 1427 coronam.

1083 1440 1193 1471 petant.
1216 1434 1270 1473 qui
1288 1430 1361 1463 cum
1377 1441 1493 1463 careant
1508 1434 1596 1463 omni
1606 1436 1683 1465 vitio
1696 1454 1709 1469 Ἰ,
1739 1446 1803 1466 non
1818 1437 1885 1467 sunt
1904 1440 2042 1468 contenti

1081 1472 1162 1513 quafi
1181 1474 1260 1505 bona
1277 1473 1448 1505 valetudine
1466 1495 1475 1508 ,
1506 1474 1554 1505 sed
1572 1476 1680 1510 vireis,
1702 1478 1844 1512 lacertos,
1864 1478 2041 1520 sanguinem

1082 1524 1238 1555 qua-runt,
1257 1515 1408 1557 quandam
1425 1518 1516 1547 etiam
1533 1517 1706 1549 suavitatem
1726 1520 1846 1550 coloris.
1868 1530 1920 1550 eos
1937 1523 2042 1551 imite-

1082 1566 1169 1591 mur.
1189 1556 1210 1587 fi
1226 1556 1399 1598 poil‘umus:
1419 1556 1462 1588 sin
1473 1560 1592 1592 minus,
1614 1560 1683 1590 illos
1692 1563 1793 1601 potius
1804 1581 1813 1595 ,
1832 1564 1885 1602 qui
1896 1563 2036 1593 incorrue

1080 1608 1129 1639 pta
1145 1599 1266 1630 sanitate
1281 1600 1368 1633 sunt,
1387 1599 1481 1641 (quod
1497 1599 1540 1631 est
1558 1604 1714 1642 proprium
1730 1604 1923 1645 Atticoruim)
1943 1605 2035 1645 quam

1082 1650 1154 1675 eos,
1173 1651 1305 1682 quorum
1325 1643 1432 1672 vitiosa
1449 1642 1630 1674 abundantia
1644 1643 1704 1678 est,
1721 1645 1836 1686 qualeis
1845 1644 1911 1676 Asia
1922 1647 2037 1677 multos

1080 1682 1160 1712 tulit.
1182 1683 1274 1725 Qod
1287 1682 1359 1713 cum
1375 1683 1521 1714 faciemus
1532 1682 1565 1723 (si
1574 1685 1670 1716 modo
1681 1686 1711 1717 id
1723 1687 1821 1726 ipsum
1831 1686 2037 1729 assequemur:

1081 1725 1124 1754 est
1132 1726 1216 1755 enim
1227 1727 1436 1767 permagnum)
1447 1727 1603 1756 imitemur
1612 1747 1620 1761 ,
1632 1726 1652 1757 si
1662 1730 1845 1767 poterimus,
1857 1728 1986 1770 Lyfiam,
1998 1730 2034 1760 &

1079 1766 1144 1805 ejus
1161 1768 1286 1808 quidem
1308 1769 1482 1798 tenuitatem
1503 1766 1702 1808 potiffimum.
1727 1769 1778 1801 Est
1790 1772 1874 1801 enim
1889 1772 1994 1802 iri-ultis
2004 1774 2038 1802 in

1079 1808 1154 1838 locis
1162 1809 1317 1849 grandior.
1328 1807 1377 1839 sed
1388 1811 1455 1850 quia
1467 1810 1500 1840 &
1508 1811 1633 1850 privatas
1642 1811 1694 1841 ille
1702 1812 1852 1853 plerasque
1862 1813 1895 1843 &
1905 1823 1952 1844 eas
1963 1814 2038 1853 ipsas

1078 1850 1145 1880 aliis
1155 1870 1165 1884 ,
1185 1850 1218 1881 &
1227 1860 1384 1891 parvarum
1396 1861 1496 1881 rerum
1507 1851 1637 1883 causulas
1647 1852 1758 1894 scripsit
1768 1873 1777 1887 .
1797 1854 1917 1885 videtur
1924 1853 1983 1885 effe
1990 1856 2039 1895 je-

1076 1892 1201 1931 junior,
1220 1894 1368 1933 quoniam
1387 1893 1416 1923 se
1434 1893 1496 1933 ipse
1512 1893 1652 1924 consulto
1671 1895 1708 1925 :id
1725 1897 1913 1926 minutarum
1929 1907 2038 1938 genera

1078 1933 1398 1971 causmumlimaverit.
1421 1934 1512 1976 Qod
1521 1937 1573 1975 qui
1582 1937 1622 1965 ita
1631 1934 1718 1967 faciet
1727 1956 1735 1970 ,
1753 1945 1786 1967 ut
1795 1957 1803 1971 ‚
1816 1935 1837 1967 si
1848 1940 1946 1978 cupiat
1956 1938 2031 1969 ube·
2052 1948 2075 1980 4

1078 1976 1138 2005 rior
1149 1974 1209 2005 effe
1217 1995 1227 2009 ,
1245 1985 1309 2006 non
1317 1974 1405 2016 poffit
1414 1995 1424 2009 ‚
1439 1976 1578 2006 habeatur
1587 1977 1652 2007 sane
1663 1987 1764 2008 orator
1773 1998 1782 2012 ‚
1798 1979 1845 2009 sed
1856 1979 1892 2010 de
1903 1981 2032 2010 minori-

1078 2016 1133 2046 bus
1144 2027 1150 2046 :
1165 2026 1276 2059 magno
1285 2026 1384 2048 autem
1395 2019 1502 2048 oratori
1512 2020 1601 2048 etiarn
1613 2019 1668 2049 illo
1679 2019 1773 2050 modo
1782 2020 1855 2060 saepe
1864 2021 2031 2052 dicendum

1076 2057 1119 2089 est
1136 2060 1168 2089 in
1183 2060 1233 2089 tali
1246 2068 1354 2100 genere
1367 2059 1532 2089 causarum.
1555 2063 1598 2090 Ita
1609 2058 1641 2091 fit
1651 2080 1659 2094 ,
1678 2070 1711 2092 ut
1720 2061 1942 2093 Demosthenes
1951 2063 2031 2093 certe.

1075 2098 1163 2140 possit
1179 2100 1339 2131 summisse
1357 2100 1455 2131 dicere
1475 2111 1480 2129 :
1504 2100 1579 2131 elate
1597 2101 1694 2142 Lysias
1710 2102 1829 2134 fortaffe
1847 2114 1911 2135 non
1928 2103 2027 2144 poffit.

1073 2141 1129 2173 Sed
1144 2140 1163 2172 fi
1177 2142 1287 2173 eodem
1297 2141 1391 2172 modo
1400 2151 1504 2182 putant
1514 2162 1522 2176 ‚
1543 2146 1673 2174 exercitu
1685 2146 1718 2175 in
1728 2144 1795 2175 foro
1806 2165 1814 2179 ‚
1835 2146 1910 2176 &in
1923 2148 2028 2176 omni-

1074 2183 1131 2213 bus
1140 2184 1280 2224 templis,
1301 2193 1367 2230 quae
1375 2186 1488 2215 circum
1498 2184 1598 2215 forum
1612 2186 1696 2220 sunt,
1716 2187 1864 2217 collocato
1876 2207 1883 2220 ,
1902 2187 1962 2218 dici
1978 2196 2028 2230 pro

1073 2225 1185 2255 Milone
1202 2224 1331 2256 decuisse
1341 2245 1350 2259 ,
1370 2234 1401 2256 ut
1412 2224 1431 2255 si
1441 2225 1517 2256 dere
1526 2228 1637 2266 privata
1647 2228 1682 2258 ad
1693 2238 1789 2259 unum
1801 2229 1935 2267 judicem
1945 2229 2028 2260 dice-
2046 2250 2049 2251 γ

1072 2277 1191 2297 remus:
1209 2270 1274 2298 vim
1284 2268 1464 2309 eloquentiae
1474 2268 1491 2298 s
1489 2278 1523 2298 ua
1530 2267 1667 2299 facultate
1678 2290 1685 2303 ‚
1702 2280 1765 2300 non
1775 2272 1817 2300 rei
1827 2280 1929 2302 natura
1940 2291 1948 2304 ,
1961 2282 2027 2302 nic·

1071 2310 1196 2339 tiuntur.
1220 2312 1317 2352 Qare
1333 2311 1478 2350 quoniam
1498 2311 1719 2342 nonnullorum
1739 2313 1837 2343 sermo
1850 2314 1912 2352 jam
1931 2316 2027 2343 incre-

1071 2350 1154 2384 buit,
1172 2353 1281 2391 partim
1300 2351 1409 2392 seipsos
1419 2351 1529 2381 ,Attice
1545 2353 1648 2387 dicare,
1666 2355 1773 2394 partim
1795 2357 1951 2385 neminem
1971 2365 2028 2384 no-

1071 2392 1166 2423 strum
1176 2392 1292 2423 dicere:
1311 2394 1418 2423 alteros
1428 2394 1623 2435 negligamus.
1649 2395 1715 2426 satis
1733 2397 1818 2426 enim
1836 2397 1881 2425 his
1900 2406 1943 2426 res
1961 2395 2023 2436 ipsa

1070 2434 1237 2475 respondet.
1260 2433 1332 2465 curn
1350 2444 1400 2466 aut
1416 2445 1480 2465 non
1496 2435 1694 2467 adhibeantur
1705 2437 1739 2467 ad
1750 2438 1865 2471 causas,
1885 2447 1934 2468 aut
1942 2439 2029 2467 adhi-

1073 2476 1124 2506 biti
1136 2477 1337 2507 derideantur.
1360 2487 1431 2507 nam
1442 2475 1670 2512 siarrideantur,
1687 2476 1757 2509 esset
1767 2478 1897 2519 idipsum
1909 2481 2028 2509 Attico-

1072 2527 1150 2548 rum.
1172 2518 1227 2550 Sed
1241 2520 1293 2559 qui
1306 2518 1364 2548 dici
1378 2519 1394 2548 a
1408 2518 1496 2548 nobis
1509 2521 1609 2549 Attico
1620 2529 1707 2549 rnore
1716 2521 1826 2550 nolunt
1836 2541 1844 2554 ‚
1864 2519 1915 2560 ipsi
1926 2530 2027 2552 autem

1072 2560 1101 2590 se
1117 2570 1181 2590 non
1198 2569 1331 2590 oratores
1349 2559 1407 2590 ess'e
1423 2558 1618 2599 profitentur,
1639 2559 1658 2590 fi
1674 2563 1790 2591 tereteis
1800 2564 1894 2592 aureis
1906 2563 2026 2597 habent,

1071 2601 1299 2642 intelligensque
1319 2601 1466 2639 iudicium
1488 2612 1494 2630 :
1522 2611 1660 2642 tanquam
1678 2603 1713 2633 ad
1731 2603 1879 2643 pieluram
1899 2605 2029 2644 proban-

1069 2643 1138 2674 dam
1158 2642 1337 2673 adhibentur
1362 2645 1452 2672 etiam
1466 2643 1546 2683 inftii
1565 2642 1695 2674 faciendi
1708 2655 1779 2675 cum
1789 2646 1886 2686 aliqua
1897 2647 2027 2677 sollertia

1066 2684 1232 2724 judicandi.
1248 2686 1299 2714 Sin
1310 2694 1409 2715 autern
1421 2686 1649 2725 intelligentiam
1661 2696 1779 2725 ponunt
1788 2689 1820 2717 in
1831 2687 1971 2718 audiendi
1982 2687 2028 2718 fa-

1070 2725 1181 2759 stidio,
1203 2736 1299 2766 neque
1319 2736 1368 2756 eos
1387 2725 1551 2767 quidquam
1569 2728 1723 2758 excelsum
1739 2749 1748 2762 ,
1769 2728 2025 2769 magnificumque

1068 2767 1212 2798 deleclat:
1228 2767 1327 2797 dicant
1338 2768 1363 2797 se
1374 2768 1480 2797 subtile
1490 2767 1632 2808 quiddam
1643 2788 1651 2802 ‚
1664 2769 1695 2799 &
1704 2770 1836 2810 politum
1847 2771 1938 2800 velle·
1959 2781 2025 2812 gra-

1069 2820 1104 2840 ve
1114 2829 1123 2843 ,
1135 2818 1335 2849 ornatumque
1346 2819 1556 2839 contemnere:
1576 2810 1606 2840 id
1616 2810 1687 2840 veib
1698 2810 1831 2842 desinant
1841 2813 1936 2842 dicere
1947 2832 1955 2845 ,
1970 2813 2023 2852 qui

1071 2851 1217 2881 subtiliter
1225 2851 1331 2881 dicunt
1341 2871 1349 2884 ,
1369 2861 1419 2880 eos
1431 2850 1509 2880 solos
1522 2852 1619 2882 Atti&⁸
1630 2852 1727 2883 dicere
1736 2873 1743 2886 ‚
1760 2853 1788 2883 id
1800 2853 1843 2884 est
1853 2874 1861 2887 ,
1880 2852 1958 2894 quasi
1970 2853 2023 2883 sic—

1069 2893 1113 2922 ce.
1137 2901 1164 2922 at
1175 2892 1290 2933 integre
1301 2912 1310 2925 ,
1326 2892 1358 2922 &
1370 2893 1468 2932 ample
1481 2913 1490 2925 ,
1503 2893 1535 2922 &
1544 2894 1647 2924 ornate
1657 2914 1665 2928 ‚
1687 2895 1719 2924 &
1729 2896 1851 2935 copiose
1863 2915 1872 2929 ‚
1890 2905 1960 2925 cum
1972 2894 2024 2925 ezi-

1068 2933 1137 2964 dem
1149 2936 1314 2975 integritate
1325 2954 1334 2968 ,
1345 2936 1515 2964 Atticorum
1529 2933 1581 2965 est.
1602 2935 1676 2976 quid
1686 2939 1696 2965 ?
1706 2936 1833 2967 dubium
1846 2936 1887 2966 est
1898 2957 1905 2971 ‚
1918 2936 2020 2967 utrum

1913 2988 2024 3008 oratio·

1065 3036 1210 3072 diligenter
1220 3037 1247 3061 &
1263 3036 1334 3062 varie
1344 3036 1520 3063 excoluerunt
1530 3038 1617 3072 inquit
1627 3038 1716 3063 Giiliel
1724 3058 1730 3064 .

1104 3081 1132 3098 2.
1151 3073 1196 3097 sed
1203 3075 1239 3098 ita
1250 3078 1276 3096 ut
1283 3073 1519 3105 palaestrichspariari
1527 3077 1551 3099 i‘n
1562 3076 1624 3107 Asrsto
1634 3092 1642 3104 ‚
1657 3075 1724 3107 dnn]
1746 3073 1879 3099 Accedere
1889 3082 1976 3098 :iveaiii
1988 3071 2021 3098 ad

1069 3107 1196 3134 Paschalii
1215 3107 1394 3141 conjeclumm
1406 3108 1474 3135 libro
1492 3108 1524 3135 de
1536 3110 1650 3135 Coronis
1664 3111 1816 3142 ,palestram
1849 3109 1930 3134 'tiore
1940 3109 2019 3134 etiam

1069 3143 1139 3169 linea
1152 3162 1160 3175 ‚
1173 3143 1217 3171 ubi
1227 3143 1274 3177 cst,
1279 3144 1322 3178 fid
1330 3151 1448 3180 quatenus
1456 3147 1588 3172 valuerunt
1599 3165 1607 3178 ,
1618 3155 1671 3172 non
1681 3144 1749 3172 maie
1759 3119 1920 3172 Gulielmius
1931 3143 1976 3177 seri
1984 3144 2025 3177 qm*

1516 3215 1602 3243 Aa:-

1945 3222 1968 3241 ι.
1980 3215 2030 3239 Non
