2295 3400
115 686 160 720 68

116 2183 163 2223 69

610 105 615 117 Ι

187 150 281 215 328
607 150 675 197 M.
745 120 1101 197 Turbati

181 235 256 263 ratio
265 231 423 263 fefellerit:
447 231 664 262 Siculicausam
680 229 762 261 suam
777 226 883 271 periss'e
899 236 1061 270 querentur
1072 247 1084 260 ‚
1103 227 1136 258 &

184 284 307 304 mecum
319 284 425 313 pariter
436 272 561 303 moleste
573 272 685 302 ferent:
705 273 832 312 populus
842 270 966 312 quidem
977 272 1138 300 Romanus

184 315 268 345 brevi
279 335 286 348 ‚
299 318 444 356 quoniam
456 315 533 345 mihi
543 313 717 354 potestatem
730 314 806 354 apud
818 314 845 343 se
856 312 962 354 agendi
972 311 1055 341 dedit
1065 332 1074 345 ,
1089 311 1138 350 jus

184 357 271 387 suurn
283 377 290 390 ‚
304 367 353 386 me
362 366 465 397 agente
475 377 483 390 ‚
503 357 561 386 suis
571 354 714 396 suffragiis
722 365 787 385 ante
800 355 864 385 Kal.
877 354 1046 384 Februarias
1055 363 1138 383 recu-

181 399 303 440 perabit.
327 401 370 428 Ac
380 418 388 430 ‚
402 396 422 427 si
433 397 469 427 de
480 408 545 428 mea
555 398 647 438 gloria
657 417 665 430 ‚
682 398 714 427 Sc
728 395 928 436 amplitudine
936 396 1077 436 quaeritis,
1091 395 1100 434 j
1106 405 1139 424 u-

182 439 280 469 dices:
303 450 366 469 non
381 439 424 469 est
437 441 569 469 alienum
582 441 657 469 meis
668 440 833 468 rationibus
846 437 936 467 istum
948 438 1024 467 mibi
1035 446 1072 466 ex
1083 438 1138 466 hoc

178 480 298 521 judicio
315 491 447 521 ereptum
467 481 502 510 ad
515 481 589 510 illud
600 482 704 520 populi
719 483 813 511 Rom.
825 479 976 520 judicium
988 478 1135 508 reservari.

181 522 343 562 Splendida
353 522 394 552 est
404 524 454 552 illa
461 523 562 552 causa:
578 522 740 562 probabilis
751 523 839 554 mihi,
856 521 889 551 δε
898 521 993 550 facilis
1006 531 1011 548 z
1026 520 1139 560 populo

181 573 261 605 grata
275 584 283 597 ‚
298 564 530 604 atque-jucunda.
555 566 696 604 Denique
705 583 713 597 ,
726 561 745 592 si
755 563 861 593 videor
872 561 938 595 hic,
954 562 982 591 id
992 563 1074 602 quod
1084 571 1139 601 ego

182 615 248 635 non
259 608 390 646 quaeuvi,
402 606 434 634 de
444 617 496 634 uno
505 605 554 641 ist'o
565 605 680 642 voluiffie
691 606 819 644 cresi-era:
835 603 891 634 isto
900 604 1045 637 absoluto,
1057 601 1139 644 quod

185 645 245 676 sinc
256 648 423 677 multorum
436 648 540 678 scelere
551 645 615 677 fieri
624 657 687 676 non
697 646 793 686 potest
803 666 812 679 ,
829 646 864 676 de
874 646 976 675 multis
987 646 1064 674 mi‘tii
1076 654 1139 673 cre—

185 689 263 718 scere
276 689 383 718 licebit.
427 689 483 719 Sed
495 689 690 721 mehercules,
700 688 804 721 vestra,
820 689 921 727 reique
930 687 1057 726 publicae
1071 696 1139 715 cau-

183 731 212 760 sa
222 749 237 762 ‚-
253 731 364 768 judices
376 751 384 763 ,
407 732 481 760 nolo
491 734 525 760 in
535 731 593 760 hoc
603 729 721 771 delefito
731 728 856 760 consilio
868 738 983 758 tantum
993 726 1138 768 flagitium

181 770 241 802 effe
248 771 446 802 commiss'um
459 783 464 801 z
485 772 559 802 nolo
569 771 743 811 eosjudices
755 791 765 805 ‚
782 781 858 811 quos
869 780 924 810 ego
935 769 1085 809 probarim
1096 777 1138 798 at-

181 824 240 854 que
252 813 413 854 delegerim
427 834 434 847 ,
456 812 536 844 sicin
549 815 601 843 hac
612 814 683 842 urbe
695 822 811 843 notatos
822 832 831 845 ,
849 811 906 841 isto
917 811 1062 843 absoluto,
1075 820 1140 839 am-

181 855 284 885 bulare
294 875 302 889 ‚
325 864 357 885 ut
366 865 429 885 non
438 865 496 884 cera
508 875 516 888 ‚
539 855 587 885 sed
597 864 668 884 coeno
679 853 760 883 obliti
771 852 827 883 ess'e
838 852 999 883 videantur.
1025 854 1140 893 Qiam-

181 898 291 926 obrem
303 906 331 927 te
341 907 461 938 quoque
472 917 479 930 ‚
496 894 636 927 Hortensi
647 916 655 930 ‚
671 900 679 915 ¹
693 895 765 936 siqui
775 894 923 924 monendi
935 894 1019 923 locus
1029 894 1071 923 est
1081 912 1089 926 ,
1102 902 1139 922 ex

182 939 324 968 hocloco
334 949 447 968 moneo
459 950 464 967 :
479 938 579 968 videas
588 940 677 968 etiam
689 958 697 971 ,
709 947 795 978 atque
805 939 907 969 etiam,
920 935 952 964 ὃ(
960 933 1136 967 confideres,

181 980 254 1021 quid
271 990 341 1020 agas
351 1000 359 1014 ‚
378 979 433 1021 qui>
444 979 616 1020 progrediare
627 991 637 1007 .·
658 989 746 1019 quem
759 980 918 1007 hominem
930 997 938 1010 ‚
960 980 974 996 ²
986 977 1017 1006 δε
1028 986 1086 1016 qua
1096 985 1140 1004 ra-

181 1023 268 1051 tione
277 1021 428 1052 defendas.
454 1031 551 1062 neque
561 1021 597 1051 de
607 1021 661 1050 illo
671 1021 833 1061 quidquam
845 1019 900 1048 tibi
909 1016 1045 1058 praefinio
1055 1037 1063 1050 ‚
1079 1027 1139 1057 quo

182 1063 289 1093 minus
299 1065 425 1105 ingenio
437 1072 557 1092 mecum
569 1082 578 1096 ‚
597 1070 684 1102 atque
694 1064 781 1092 omni
792 1060 910 1091 dicendi
921 1059 1055 1089 facultate
1065 1068 1139 1088 con-

182 1104 297 1134 tendas.
316 1115 419 1138 cetera,
434 1103 454 1133 si
463 1114 520 1145 qua
528 1113 611 1143 putas
622 1113 648 1133 te
658 1104 803 1134 occultius
814 1111 893 1132 exrra
906 1101 1062 1139 judicium,
1073 1110 1140 1140 quae

181 1145 220 1176 ad
231 1146 376 1183 judicium
387 1148 538 1186 pertinent
549 1165 556 1178 ‚
568 1144 661 1175 facere
673 1143 755 1185 poss'e
768 1156 772 1173 :
793 1143 812 1173 fi
823 1143 896 1184 quid
907 1141 1033 1172 artificio
1043 1162 1051 1175 ‚
1065 1152 1140 1171 con—

180 1184 260 1220 silio,
272 1190 404 1227 potentia
415 1208 423 1221 ‚
448 1189 548 1220 ‹rr-itia,
561 1189 655 1227 copiis
663 1186 749 1217 istius
760 1186 863 1215 moliri
873 1186 997 1225 cogitas:
1014 1193 1141 1223 magno—

180 1238 250 1268 pere
261 1230 367 1259 censeo
378 1232 390 1256 3
402 1211 536 1258 desistas:
560 1229 592 1258 δε
602 1229 664 1262 illa,
677 1238 742 1269 quae
755 1235 864 1257 tentata
876 1228 946 1263 jam,
959 1226 991 1255 &
1000 1234 1095 1264 coepta
1105 1224 1141 1254 ab

181 1269 242 1300 isto
257 1270 323 1300 sunt
333 1290 342 1303 .
363 1270 378 1300 a
389 1281 438 1300 me
447 1279 544 1300 autem
556 1269 746 1310 pervestigata
756 1289 764 1302 ,
786 1269 818 1298 &
828 1269 948 1308 cognita
957 1287 966 1301 ,
986 1276 1099 1296 moneo
1109 1274 1141 1295 ut

182 1310 352 1352 exstinguas
363 1332 371 1345 ‚
394 1312 555 1352 &longius
565 1312 699 1353 progredi
708 1321 746 1340 ne
757 1309 841 1340 sinas.
865 1318 975 1350 magno
994 1317 1045 1338 tuo
1063 1309 1142 1347 peri-

181 1353 253 1383 culo
262 1354 430 1393 peccabitur
439 1356 472 1383 in
482 1354 538 1383 hoc
552 1353 685 1393 judicio,
696 1353 818 1391 maiore,
831 1350 921 1392 quam
933 1359 1026 1391 putas.
1049 1348 1141 1391 Qod

182 1396 268 1424 enim
280 1404 308 1424 te
318 1395 474 1425 liberatum
483 1396 545 1434 jam
556 1393 767 1430 existimationis
777 1401 854 1422 metu
865 1413 872 1426 ‚
893 1391 1073 1422 defun&um
1085 1393 1139 1420 ho-

182 1436 321 1470 noribus,
333 1436 516 1477 designatum
527 1439 593 1466 Cos.
606 1439 717 1477 cogites
730 1446 735 1464 :
758 1433 930 1465 mihicrede
941 1453 950 1467 ‚
964 1441 1140 1463 ornamenta

182 1476 250 1510 ista,
261 1478 293 1508 &
304 1478 447 1508 beneficia
456 1479 560 1518 populi
570 1481 663 1508 Rom.
686 1487 752 1507 NON
768 1485 904 1506 MxNORF.
918 1485 1064 1505 NEGOTIO
1079 1484 1138 1503 RE—

181 1529 357 1550 TmENi-un
366 1540 374 1553 ‚
400 1530 496 1558 QAM
520 1529 786 1549 COMPARANTuR.
820 1518 909 1548 Tulit
930 1517 991 1546 haec
1012 1519 1116 1546 civitas
1127 1536 1135 1550 ‚

183 1561 283 1602 quoad
293 1571 401 1601 potuit,
415 1561 511 1602 quoad
522 1560 633 1591 necesse
644 1560 714 1593 fuit,
727 1562 837 1600 regiam
848 1558 934 1589 istam
944 1557 1071 1588 vestiam
1082 1557 1137 1587 do-

183 1605 386 1633 minationem
405 1605 438 1633 in
457 1603 574 1640 iudiciis
584 1623 591 1636 ‚
615 1603 688 1632 &in
699 1604 787 1631 omni
798 1601 965 1641 republica3
986 1600 1065 1629 tulit.
1089 1598 1137 1628 sed

181 1654 244 1684 quo
255 1644 303 1674 die
317 1646 431 1684 populo
441 1647 479 1675 R.
490 1644 602 1674 tribuni
611 1644 706 1684 plebis
717 1642 843 1674 restituti
862 1642 947 1675 sunt,
969 1642 1074 1671 omnia
1085 1639 1138 1670 ista

180 1686 270 1716 vobis
290 1684 321 1725 (si
339 1686 415 1716 forte
435 1685 575 1716 nondum
595 1686 773 1726 intelligitis)
791 1684 907 1714 ademta
917 1702 926 1716 ‚
946 1693 1030 1724 atque
1043 1691 1139 1721 erepta

181 1727 266 1758 sunt:
291 1730 434 1758 omnium
446 1737 527 1757 nunc
537 1728 618 1757 oculi
629 1726 760 1767 conjesh
773 1727 840 1756 sunt
850 1727 907 1755 hoc
921 1725 985 1764 ipso
1003 1733 1138 1764 tempore

179 1770 216 1799 in
227 1779 476 1810 unumquemque
485 1767 634 1802 nostrum,
646 1779 705 1809 qua
715 1767 773 1798 fide
782 1778 836 1809 ego
845 1767 990 1800 accusem,
1001 1776 1059 1806 qua
1068 1766 1137 1795 reli-

180 1812 273 1851 gione
285 1811 469 1850 hijudicent‚
481 1821 539 1852 qua
548 1819 579 1840 tu
590 1812 704 1840 ratione
714 1809 866 1840 defendas.
880 1809 916 1839 de
926 1808 1071 1838 omnibus
1081 1817 1138 1837 no-

182 1853 230 1882 bis
241 1873 249 1886 ‚
269 1851 290 1881 si
299 1855 365 1892 quis
376 1853 524 1883 tantulum
535 1852 566 1880 de
577 1849 652 1881 rec'l‘a
663 1853 768 1892 regione
776 1851 921 1889 deflexerit
929 1870 939 1883 ,
959 1859 1023 1879 non
1034 1849 1084 1878 illa
1094 1857 1138 1878 ta-

180 1895 240 1924 cita
249 1894 442 1927 existimatio,
455 1904 544 1934 quam
555 1903 637 1923 antea
645 1902 840 1923 contemnere
851 1892 988 1922 solebatis
999 1901 1005 1919 1
1027 1890 1076 1921 sed
1085 1900 1137 1920 ve-

180 1936 320 1968 hemens,
331 1946 362 1965 ac
372 1935 501 1965 liberum
512 1935 619 1975 populi
628 1934 918 1973 Romanijudicium
931 1933 1136 2002 conseq-uetur.

182 1977 266 2006 nulla
277 1977 343 2009 tibi,
353 1979 477 2018 Qinte‚
489 1987 558 2007 cum
569 1975 625 2006 isto
637 1978 775 2018 cognatio
786 1975 839 2008 est,
852 1975 934 2004 nulla
944 1977 1026 2004 necel
1039 1973 1136 2003 itudo.

180 2019 290 2058 quibus
301 2019 544 2048 excusationibus
555 2027 639 2048 antea
648 2018 782 2047 nimium
793 2019 824 2047 in
836 2018 936 2057 aliquo
950 2015 1065 2054 judicio
1074 2013 1138 2051 stu-

179 2060 262 2088 «inam
272 2069 359 2090 tuum
370 2059 531 2090 defendere
541 2060 662 2093 solebas,
674 2069 774 2089 earum
785 2059 932 2089 haberem
944 2059 1001 2087 hoc
1011 2058 1137 2087 homine

180 2102 298 2131 nullam
310 2111 404 2141 potes.
426 2112 491 2142 quae
506 2100 559 2131 iste
570 2103 602 2130 in
611 2102 766 2141 provincia
776 2100 874 2141 palam
885 2098 1049 2132 difititabat,
1065 2097 1137 2128 cum

183 2152 228 2176 ea,
239 2153 305 2183 quae
316 2142 449 2176 faciebat,
463 2152 511 2173 tua
521 2143 549 2173 se
560 2141 667 2172 fiducia
675 2141 766 2172 facere
778 2142 902 2174 dicebat,
916 2151 949 2170 ea
960 2151 998 2170 ne
1008 2150 1075 2170 vera
1082 2150 1138 2180 pu-

185 2193 300 2217 tentur«,
313 2184 368 2214 tibi
379 2185 513 2215 maxime
525 2184 566 2214 est
574 2184 807 2224 providendum.
831 2186 896 2223 Ego
907 2184 1037 2221 meijarn
1047 2184 1139 2211 ratio-

185 2236 259 2256 nem
280 2224 373 2256 officii
391 2225 513 2256 confido
525 2224 581 2255 esse
592 2225 737 2255 omnibus
749 2222 942 2265 iniquilsimis
953 2226 1028 2253 meis
1039 2223 1139 2262 perso-

184 2268 292 2298 lutam.
317 2278 388 2297 nam
399 2267 488 2297 istum
499 2269 598 2307 paucis
606 2268 689 2297 horis
705 2269 809 2305 primae
829 2264 957 2295 &tionis
969 2285 976 2297 ,
996 2266 1138 2295 omnium

186 2310 362 2340 mortalium
375 2310 530 2339 sententiis
540 2329 549 2342 ‚
568 2308 783 2339 condemnavi.
815 2307 982 2346 Reliquum
991 2306 1141 2345 judicium

184 2350 320 2390 notijam
332 2351 368 2380 de
378 2361 444 2380 mea
454 2349 512 2380 fide
522 2370 530 2383 ‚
552 2360 617 2391 quae
627 2348 776 2389 perspmsta
785 2347 827 2378 est
838 2368 846 2381 2
868 2358 963 2387 neque
978 2347 1059 2376 istius
1068 2349 1138 2380 vita,

183 2402 250 2433 qua:
259 2393 396 2422 damnata
405 2392 464 2422 cst:
488 2392 536 2421 sed
548 2391 760 2431 dejudicibus‚
778 2390 809 2419 δε
822 2410 830 2422 ‚
849 2389 919 2419 vere
934 2397 965 2418 ut
975 2389 1071 2418 dicam
1084 2408 1092 2422 ‚
1111 2388 1142 2417 a'e

182 2442 212 2463 n
220 2433 356 2464 futurum
369 2433 419 2464 est.
443 2437 482 2463 At
495 2443 556 2474 quo
572 2442 708 2472 tempore
717 2431 851 2461 futurum
863 2429 923 2460 est?
944 2430 1027 2468 (nam
1037 2429 1067 2459 id
1078 2439 1141 2459 ma—

183 2475 273 2505 xime
291 2475 514 2515 providendum
533 2473 574 2504 est
587 2485 592 2503 z
611 2476 724 2504 etenim
744 2472 814 2504 cum
830 2471 973 2502 omnibus
984 2473 1016 2500 in
1027 2471 1114 2500 rebus
1130 2491 1138 2503 ,

185 2526 252 2547 tum
264 2519 295 2546 in
307 2526 365 2556 rep.
377 2518 532 2557 permagni
543 2518 694 2546 momenti
704 2514 747 2545 est
756 2535 764 2548 ,
790 2515 863 2544 ratio
874 2533 882 2547 ‚
899 2522 985 2553 atque
997 2511 1142 2541 inclinatio

182 2559 368 2598 temporum.)
381 2568 490 2598 nempe
501 2568 536 2588 eo
546 2578 554 2592 2
573 2557 644 2588 cum
652 2558 780 2597 populus
790 2558 883 2586 Rom.
895 2554 974 2584 aliud
983 2564 1075 2595 genus
1086 2555 1141 2583 ho-

185 2602 308 2630 minum
321 2620 328 2633 ,
352 2610 438 2641 atque
451 2601 545 2630 alium
567 2599 707 2629 ordinem
720 2599 755 2628 ad
766 2596 991 2637 resjudicandas
1002 2596 1141 2636 requirit:

184 2651 296 2680 nempe
305 2652 338 2670 ea
348 2643 411 2681 lege
421 2641 457 2671 de
465 2641 586 2681 judiciis
597 2661 605 2674 ‚
623 2640 831 2680 judicibusque
841 2640 930 2669 novis
945 2637 1142 2677 promulgata,

182 2692 274 2723 quam
284 2692 380 2712 nonis
389 2683 609 2724 promulgavit,
637 2683 720 2720 cujus
740 2683 868 2711 nomine
888 2681 1080 2720 proscriptam
1097 2680 1144 2708 vi-

184 2725 277 2756 detis:
300 2724 347 2754 sed
359 2725 403 2752 lnc
413 2733 480 2752 rem.
506 2725 572 2757 hic,
587 2726 709 2764 inquam
720 2744 728 2756 ‚
743 2723 792 2752 sua
805 2723 851 2761 spe
861 2742 871 2755 ,
885 2731 971 2761 atque
983 2722 1141 2759 opinione,

184 2775 275 2805 quarn
287 2764 322 2794 de
333 2765 418 2795 vobis
429 2766 524 2798 habet,
534 2766 631 2805 legem
642 2765 726 2794 illam
739 2763 935 2796 scribendam,
947 2762 1142 2803 promulgan-

185 2808 314 2847 damque
324 2809 460 2837 curavit..
476 2809 576 2847 Itaque
589 2806 661 2837 cum
680 2804 782 2848 primo
803 2815 885 2849 agere
905 2806 1051 2845 coepimus
1064 2823 1072 2836 ,
1092 2804 1142 2833 lex

1179 149 1707 198 Ciczuours

1183 237 1246 258 non
1257 228 1507 270 eratpromulgata
1519 240 1525 259 ι
1538 228 1610 260 cum
1622 228 1676 262 iste
1685 248 1694 263 ‚
1705 227 1801 264 vestra
1805 228 1959 268 severitate
1968 235 2138 274 permotus

1184 270 1279 301 multa
1296 268 1373 312 signa
1386 271 1520 305 dederat,
1540 272 1739 312 quamobrem
1749 272 1940 312 responsurus
1951 283 2014 303 non
2022 274 2139 306 videre-

1185 320 1232 341 tur
1240 332 1249 345 ‚
1262 314 1380 342 mentio
1389 312 1425 342 de
1435 313 1498 353 lege
1507 314 1590 343 nulla
1601 311 1694 342 fiebat.
1724 312 1826 344 Postea
1837 314 1928 355 quam
1940 313 1993 345 iste
2003 317 2150 352 recreari.⁴

1186 353 1218 382 &
1228 352 1400 384 confirmari
1410 355 1489 384 visus
1500 353 1541 384 est
1553 364 1558 382 :
1580 355 1628 384 lex
1638 353 1737 384 statim
1747 356 1934 397 promulgata
1943 355 1994 386 est.
2017 358 2066 386 cui
2075 357 2137 398 legi

1184 393 1255 424 cum
1270 394 1363 425 vesti-a
1377 396 1505 436 dignitas
1523 397 1718 426 vehementer
1738 393 1933 435 adversiantur
1944 417 1953 431 ‚
1972 396 2057 427 istius
2075 398 2144 438 spes

1182 435 1300 469 falsa,&
1311 435 1365 466 insi
1388 447 1434 466 nis
1444 437 1618 477 impudentia
1629 436 1947 479 maximksuffragarur.
1963 438 2022 469 Hic
2037 437 2058 468 fi
2067 438 2140 480 quid

1183 479 1238 507 erit
1247 447 1445 508 commifi'um
1454 482 1469 508 a
1477 488 1630 518 quoquam
1641 477 1773 508 vestrum
1783 499 1790 512 ,
1801 479 1883 519 quod
1893 480 2141 520 reprehendatur:

1183 528 1232 548 aut
1249 521 1378 559 populus
1396 522 1434 549 R.
1451 519 1596 559 judicabit
1614 519 1651 550 de
1669 530 1705 550 eo
1719 521 1844 550 homine
1854 540 1863 554 ,
1886 531 1977 561 quem
1986 522 2048 560 jam
2058 530 2142 553 antea

1184 560 1306 599 judiciis
1318 560 1479 601 indignum
1489 563 1604 599 putavit
1616 572 1620 590 :
1638 570 1686 591 aut
1697 563 1736 594 ii,
1749 565 1802 602 qui
1813 572 1933 602 propter
1942 561 2141 594 offensionem

1179 602 1366 641 judiciorum
1386 603 1422 631 de
1439 602 1586 632 veteribus
1602 602 1754 642 judicibus
1780 603 1844 644 lege
1857 614 1936 634 nova
1945 605 2018 634 novi
2029 604 2143 641 iudices

1182 653 1269 673 erunt
1279 643 1445 673 constituti.
1468 644 1548 673 Mihi
1559 644 1647 683 porro
1662 665 1671 677 ‚
1687 652 1720 674 ut
1728 654 1782 686 ego
1792 655 1856 674 non
1867 645 1960 675 dicam
1974 666 1982 678 ,
1994 648 2062 687 quis
2071 656 2140 676 om-

1186 686 1273 714 nium
1286 685 1460 714 mortalium
1472 685 1689 726 nonintelligit
1701 705 1710 719 ‚
1733 686 1824 726 quam
1843 687 1895 716 lon
1917 686 1934 716 ὲ
1950 687 2088 728 progredi
2106 686 2142 719 fit

1182 725 1318 756 neceffe?
1340 736 1444 766 potero
1456 724 1547 759 silere,
1561 726 1717 756 Hortensi?
1741 737 1846 767 potero
1856 697 2036 758 disigimulare
2046 748 2055 762 ‚
2066 728 2141 760 cum

1185 777 1300 797 tantum
1312 769 1373 807 resp.
1385 769 1491 797 vulnus
1500 770 1643 808 acceperit,
1655 777 1688 798 ut
1697 769 1831 808 expilatae
1841 772 2005 809 provinciae
2016 790 2025 803 ,
2041 773 2142 801 vexati

1182 809 1255 839 socii
1266 830 1275 842 ,
1288 809 1331 838 dii
1342 810 1529 839 immortales
1540 810 1672 850 spoliati,
1689 812 1769 840 cives
1780 812 1874 840 Rom.
1888 813 2010 841 cruciati
2021 831 2030 845 ,
2044 811 2142 841 &ne-

1182 853 1238 880 cati
1250 852 1442 890 impunem‘ie
1453 850 1561 885 afitore,
1578 849 1634 881 esse
1643 851 1810 882 videantur?
1818 861 1922 892 potero
1932 854 1989 882 hoc
1998 862 2053 893 ego
2063 863 2142 884 onus

1183 901 1298 921 tantum
1310 895 1404 922 autin
1414 894 1471 922 hoc
1481 892 1596 932 judicio
1606 892 1757 933 deponere
1766 913 1775 926 ,
1794 903 1842 924 aut
1852 893 1966 923 diutius
1974 903 2078 924 tacitus
2089 895 2140 925 su-

1183 933 1291 963 stinere
1303 936 1313 962 ?
1334 944 1397 963 non
1415 934 1550 975 agitanda
1568 944 1612 963 res
1622 937 1700 964 erit?
1720 944 1785 964 non
1795 937 1828 964 in
1836 935 1972 965 medium
1982 934 2139 975 proferen-

1182 975 1236 1004 da?
1252 985 1315 1004 non
1320 976 1417 1018 populi
1427 978 1462 1004 R.
1471 975 1541 1014 fides
1551 976 1747 1017 imploranda?
1770 986 1836 1006 non
1845 986 1953 1006 omnes
1965 996 1974 1010 ‚
1993 979 2046 1017 qui
2056 986 2140 1008 tanto

1182 1017 1208 1046 se
1219 1016 1325 1046 scelere
1336 1016 1554 1047 obstrinxerint
1563 1037 1573 1050 ‚
1598 1027 1631 1047 ut
1639 1027 1689 1047 aut
1700 1017 1791 1048 fidem
1802 1018 1883 1048 suam
1897 1021 2049 1058 corrumpi
2058 1027 2140 1058 pate-

1183 1067 1284 1087 rentur
1294 1078 1302 1091 ,
1315 1059 1521 1097 autjudicium
1531 1068 1755 1099 corrumperent
1764 1080 1772 1093 ‚
1789 1061 1820 1089 in
1831 1059 2004 1093 discrimen,
2018 1059 2140 1099 acjudi-

1182 1102 1266 1129 cium
1287 1100 1436 1130 vocandi?
1455 1102 1574 1139 Qiaeret
1591 1101 1699 1141 aliquis
1714 1099 1829 1131 fortasse
1839 1122 1847 1134 ‚
1865 1104 2040 1131 Tantumne
2049 1103 2140 1142 igitur

1183 1141 1318 1170 laborem
1329 1162 1337 1173 ‚
1355 1150 1447 1171 tantas
1457 1143 1632 1172 inimicitias
1645 1151 1688 1172 tot
1702 1143 1878 1175 hominum,
1890 1143 2074 1182 suscepturus
2084 1153 2115 1173 es
2123 1145 2138 1176 ,ιζ’

1184 1185 1259 1212 Non
1274 1182 1372 1212 studio
1382 1182 1506 1223 quidem
1516 1184 1634 1213 hercule
1643 1184 1717 1217 ullo,
1730 1194 1828 1224 neque
1838 1185 2001 1214 voluntate.
2016 1184 2063 1214 sed
2073 1194 2139 1215 non

1182 1224 1264 1254 idem
1278 1226 1357 1253 mihi
1374 1225 1451 1257 licet,
1464 1224 1545 1264 quod
1556 1227 1605 1258 iis,
1615 1227 1666 1265 qui
1677 1225 1888 1266 nobiligenere
1899 1226 2053 1256 narisunt:
2067 1227 2138 1267 qui-

1182 1266 1236 1295 bus
1254 1268 1360 1295 omnia
1375 1267 1480 1305 populi
1506 1268 1566 1296 Ro.
1595 1265 1725 1305 beneficia
1740 1265 1940 1295 dormientibus
1959 1267 2142 1305 deferuntur.-

1182 1307 1274 1348 longe
1295 1308 1353 1337 alia
1371 1309 1448 1336 mihi
1467 1308 1531 1348 lege
1541 1309 1573 1337 in
1584 1308 1636 1347 liae
1645 1310 1763 1338 civitate
1775 1327 1783 1342 ‚
1806 1309 1839 1338 δε
1848 1308 2022 1338 conditione
2030 1310 2138 1339 viven—

1182 1348 1257 1378 dum
1268 1348 1318 1379 est.
1342 1351 1436 1378 Venit
1445 1351 1528 1378 enirn
1541 1350 1618 1380 milii
1627 1350 1660 1378 in
1670 1358 1805 1379 mentem
1816 1352 1863 1379 M.
1875 1351 1994 1379 Catonis
2004 1369 2014 1383 ,
2035 1351 2140 1380 homi-

1184 1392 1231 1420 nis
1242 1388 1446 1430 sapientissimi
1457 1402 1462 1419 :
1473 1390 1606 1431 quicum
1618 1390 1645 1421 se
1654 1393 1773 1424 virtute,
1783 1401 1847 1421 non
1855 1401 1962 1432 genere
1973 1391 2086 1431 populo
2096 1393 2138 1422 R.

1183 1432 1389 1462 commendari
1400 1440 1513 1472 putaret
1521 1452 1530 1465 ,
1546 1432 1689 1472 cumipse
1700 1433 1743 1462 sui
1752 1435 1867 1474 generis
1878 1434 2002 1463 initium
2013 1452 2021 1467 ,
2040 1442 2072 1463 ac
2081 1442 2139 1463 no-

1182 1476 1284 1507 minis,
1294 1472 1330 1502 ab
1340 1474 1369 1512 [ὲ
1373 1474 1467 1514 gigni,
1481 1474 1513 1503 δε
1522 1476 1671 1514 propagari
1680 1474 1786 1504 vellet:
1799 1475 1964 1504 hominurn
1973 1473 2139 1516 potentiffi-

1180 1526 1303 1546 morum
1315 1515 1438 1555 suscepit
1453 1515 1677 1549 inimicitias‚&
1687 1517 1830 1545 maximis
1840 1518 1873 1545 in
1882 1515 2034 1546 laboribus
2044 1515 2139 1557 usque

1178 1558 1213 1587 ad
1228 1558 1380 1596 summam
1397 1556 1597 1590 senestutem,
1619 1557 1737 1587 summa
1748 1567 1818 1587 cum
1832 1557 1925 1599 gloria
1934 1559 2022 1588 vixit.
2052 1555 2140 1588 Post-

1179 1609 1269 1640 eaque
1279 1599 1450 1638 PompejuS‚
1463 1599 1573 1628 humili
1585 1618 1593 1632 ‚
1607 1607 1692 1639 atque
1703 1599 1829 1629 obscuro
1839 1601 1908 1629 ioco
1918 1607 2003 1629 natus
2013 1619 2022 1633 ,
2033 1607 2140 1629 nonne

1179 1642 1319 1681 plurimis
1330 1642 1512 1673 inimicitiis,
1524 1640 1726 1680 maximisque
1737 1641 1795 1670 suis
1806 1640 1946 1681 periculis
1956 1660 1964 1674 ,
1979 1651 2012 1671 ac
2022 1639 2140 1670 dolori-

1181 1684 1235 1713 bus
1246 1680 1442 1722 ampliffimos
1455 1683 1584 1712 honores
1594 1681 1636 1711 est
1644 1679 1765 1721 adepms
1777 1684 1787 1711 ?
1802 1681 1899 1712 Modo
1910 1684 1945 1712 L.
1956 1681 2137 1717 Fimbriam,

1180 1727 1210 1755 C.
1223 1726 1367 1757 Marium,
1381 1726 1412 1753 C.
1426 1725 1557 1754 Coelium
1568 1723 1702 1753 vidimus
1713 1733 1777 1753 non
1786 1723 1989 1753 mediocribus
1999 1724 2138 1753 inimici-

1179 1768 1228 1796 tiis
1240 1786 1248 1799 ‚
1260 1776 1291 1796 ac
1303 1765 1454 1795 laboribus
1463 1765 1645 1795 contendere
1655 1785 1664 1798 ‚
1686 1774 1718 1794 ut
1726 1765 1761 1794 ad
1774 1764 1846 1795 istos
1857 1767 1987 1795 honores
1996 1765 2137 1805 perveni-

1178 1817 1255 1840 rent,
1273 1807 1308 1837 ad
1318 1817 1393 1847 quos
1403 1817 1458 1836 vos
1465 1815 1511 1848 per
1520 1806 1629 1839 ludum,
1641 1807 1676 1839 (γ’
1681 1815 1729 1848 per
1739 1806 1940 1846 negligentiam
1948 1805 2137 1846 pervenistis.

1180 1852 1253 1879 Haec
1263 1849 1367 1879 eadem
1380 1847 1423 1878 est
1431 1852 1448 1876 4
1457 1847 1565 1878 nostrae
1575 1850 1699 1878 rationis
1710 1851 1791 1889 regio
1802 1869 1810 1881 ,
1834 1848 1866 1878 &
1878 1850 1941 1878 via:
1962 1849 2071 1878 horum
2081 1857 2139 1877 nos

1179 1892 1345 1921 hominum
1356 1889 1476 1922 seEkam,
1487 1899 1573 1931 atque
1582 1889 1716 1919 instituta
1726 1890 1939 1930 persequimur.
1977 1889 2134 1923 Videmus,

1179 1941 1286 1973 quanta
1297 1930 1331 1962 fit
1341 1934 1373 1961 in
1382 1931 1496 1962 invidia
1507 1951 1516 1965 ,
1535 1940 1704 1972 quantoque
1713 1934 1746 1960 in
1757 1931 1830 1961 odio
1839 1931 1913 1970 apud
1923 1930 2068 1972 quosdam
2079 1931 2135 1961 ho-

1180 1984 1281 2004 mines
1299 1973 1430 2003 nobileis
1448 1983 1583 2002 novorum
1596 1974 1741 2001 hominum
1755 1973 1849 2002 virtus
1863 1993 1871 2006 ,
1890 1973 1922 2002 &
1932 1972 2090 2003 industria:
2113 1970 2136 2003 fi

1180 2016 1328 2046 tantulum
1340 2015 1443 2045 oculos
1453 2014 1660 2054 dejeceriinus,
1672 2013 1777 2054 praesto
1788 2012 1844 2044 effe
1860 2013 1978 2044 insidias
1990 2025 1995 2043 :
2005 2013 2027 2046 si
2037 2014 2135 2045 ullum
2143 2041 2150 2045 .

1178 2058 1279 2087 locum
1294 2058 1496 2097 aperuerimus
1514 2056 1674 2096 suspicioni
1687 2076 1695 2088 ,
1714 2065 1763 2086 aut
1771 2058 1893 2086 crimini
1903 2075 1912 2089 ,
1925 2055 2134 2095 accipiendum

1178 2097 1237 2129 esse
1246 2098 1344 2131 statim
1356 2099 1466 2128 vulnus
1479 2108 1484 2127 :
1508 2096 1565 2128 effe
1574 2097 1664 2127 nobis
1675 2097 1982 2137 sempervigilandum
1993 2117 2001 2130 ,
2020 2097 2135 2136 semper

1177 2140 1373 2173 laborandum
1384 2140 1533 2169 videmus.
1557 2141 1730 2169 Inimicitiae
1746 2140 1834 2168 sunt?
1853 2138 2011 2168 subeuntur
2023 2149 2028 2167 :
2052 2138 2135 2170 labo-

1177 2192 1222 2212 res
1234 2186 1244 2212 ,2
1265 2182 1467 2221 suscipiantur.
1499 2183 1623 2211 Etenim
1640 2189 1780 2210 TAC1TAE
1804 2189 1911 2209 MAGIS
1922 2200 1931 2214 ‚
1955 2180 1989 2209 δε
2007 2180 2132 2210 occultae

1179 2225 1350 2254 inimicitia:
1360 2222 1503 2255 timendae
1518 2223 1586 2252 sunt
1597 2242 1605 2255 .
1618 2221 1709 2262 quam
1721 2220 1842 2253 indicta:
1853 2241 1860 2254 ‚
1876 2222 1908 2251 &
1918 2231 2033 2261 apertae,
2068 2223 2136 2251 Ho-
2150 2245 2151 2249 ,

1180 2267 1303 2295 minum
1322 2264 1474 2294 nobilium
1492 2273 1555 2293 non
1571 2263 1633 2292 fere
1649 2263 1804 2303 quisquam
1814 2262 1921 2293 nostra:
1930 2262 2083 2293 industriae
2091 2261 2135 2292 fa·

1180 2315 1228 2336 vet
1242 2317 1247 2334 :
1267 2306 1361 2335 nullis
1381 2304 1490 2334 nostris
1507 2303 1615 2334 officiis
1636 2305 1874 2334 benivolentiam
1886 2305 2010 2336 illorum
2021 2304 2137 2334 allicere

1181 2346 1355 2387 possumus:
1374 2344 1454 2386 quasi
1465 2354 1568 2375 natura
1578 2365 1586 2379 ,
1599 2346 1632 2376 &
1642 2355 1749 2387 genere
1759 2345 1903 2385 disjunGti
1914 2345 1971 2376 fint
1980 2366 1989 2379 ‚
2009 2347 2049 2376 ita
2058 2343 2138 2375 diffi-

1181 2389 1252 2418 dent
1261 2388 1277 2418 a
1287 2388 1375 2418 nobis
1392 2389 1495 2417 animo
1507 2407 1515 2420 ,
1534 2398 1568 2417 ac
1586 2388 1751 2417 voluntate.
1785 2389 1882 2428 Qiare
1903 2396 1985 2426 QID
2004 2395 2139 2417 ΗΑΒΕΝτ

1185 2440 1291 2460 eorum
1306 2430 1475 2459 inimicitia:
1485 2429 1629 2468 periculi,
1650 2439 1780 2470 quorum
1798 2431 1917 2459 animos
1931 2431 1996 2468 jam
2009 2428 2078 2458 ante
2086 2429 2137 2458 ha<-

1185 2471 1284 2501 bueris
1293 2472 1441 2500 inimicos
1450 2490 1458 2503 ‚
1478 2471 1644 2500 &invidos
1656 2490 1664 2503 ,
1674 2470 1764 2510 quam
1774 2470 1848 2500 ullas
1859 2472 2034 2500 inimicitias
2042 2469 2138 2501 susce·
2185 2467 2187 2470 ’

1183 2515 1284 2552 peris?
1307 2512 1510 2552 Qmobrem
1523 2513 1617 2545 mihi,
1638 2512 1755 2550 judices
1765 2531 1772 2545 ‚
1794 2515 1808 2539 5
1817 2512 1982 2551 optandum
1991 2511 2034 2542 est
2046 2509 2120 2541 iilud
2130 2519 2149 2539 ε.

1186 2565 1218 2583 iti
1230 2555 1287 2584 hoc
1298 2564 1349 2583 reo
1362 2553 1454 2583 finem
1465 2553 1619 2583 accusindi
1628 2552 1733 2583 facere.
1754 2553 1825 2583 cum
1838 2554 1870 2583 &
1880 2554 1994 2593 populo
2008 2555 2049 2583 R.
2060 2552 2147 2583 satis-v.

1184 2594 1297 2625 faftum
1310 2615 1318 2629 ,
1331 2595 1363 2625 δε
1373 2604 1524 2635 receptum
1533 2593 1669 2625 officium
1680 2595 1786 2624 Siculis
1798 2594 1961 2625 necessariis
1971 2597 2048 2625 meis
2058 2613 2066 2628 ‚
2087 2593 2147 2625 erit.

1177 2638 1382 2677 persolutum.
1420 2637 1629 2666 Deliberatum
1648 2645 1747 2666 autem
1770 2635 1811 2666 est
1822 2656 1830 2669 ‚
1858 2634 1878 2665 si
1898 2646 1942 2666 res
1962 2637 2140 2676 opinionem

1186 2688 1298 2712 meam,
1309 2688 1399 2719 quam
1411 2678 1447 2707 de
1457 2678 1545 2708 vobis
1556 2678 1664 2711 habeo,
1672 2676 1822 2711 fefellerit,
1836 2688 1899 2707 non
1910 2677 2003 2707 modo
2014 2687 2066 2707 eos
2075 2683 2145 2716 peri

1186 2720 1268 2760 sequi
1283 2741 1291 2753 ,
1302 2720 1338 2749 ad
1347 2730 1424 2760 quos
1436 2720 1571 2749 maxime
1584 2719 1670 2759 culpa
1678 2719 1891 2759 corrumpendi
1900 2719 2005 2758 judicii
2016 2739 2025 2753 ,
2036 2719 2084 2748 sed
2094 2725 2137 2747 et·

1185 2764 1245 2791 iam
1257 2762 1339 2794 illos,
1350 2761 1384 2791 ad
1394 2771 1469 2801 quos
1480 2762 1669 2791 conscientiae
1681 2769 1820 2800 contagio
1829 2761 1998 2800 pertinebit.
2013 2757 2138 2790 Proinde

1187 2802 1207 2832 fi
1215 2803 1353 2844 quisunt,
1364 2813 1417 2844 qui
1428 2805 1460 2832 in
1470 2803 1527 2833 hoc
1537 2812 1588 2833 reo
1596 2811 1644 2833 aut
1654 2811 1806 2843 poteiite5‚
1827 2811 1876 2834 aut
1885 2802 2023 2835 audaces,
2035 2808 2148 2871 auftiarw

2044 2851 2070 2872 ti
2090 2849 2137 2871 ces

226 2960 250 2977 1.
267 2955 293 2976 Si
303 2955 343 2984 <qni
354 2952 455 2977 monendi
465 2953 593 2986 loturam]
619 2931 722 2978 Plac'uit
741 2951 807 2980 istud
819 2952 967 2978 Gulielmio
979 2972 987 2984 ‚
1006 2953 1140 2978 firmatum

185 2987 333 3021 Cujaciauo
343 2988 370 3012 &
383 2987 574 3018 Lanibinii1103
589 2989 615 3013 ὃ(
625 2989 740 3013 acerbius
752 2987 875 3024 profesio
887 2988 965 3023 longe
976 2988 1011 3014 est
1024 2987 1140 3022 vulgatu;

187 3024 291 3056 Hortensi
302 3042 308 3052 ,
321 3025 376 3056 quia
388 3024 490 3048 monendi
503 3042 509 3054 ‚
520 3024 570 3055 (γε.
590 3033 622 3050 ex
634 3034 684 3059 qua
695 3024 780 3060 liquet
791 3043 799 3056 ‚
824 3033 904 3059 quain
915 3023 993 3050 facile
1004 3023 1141 3059 depravari

187 3059 305 3094 potuerit
317 3059 361 3084 illa
374 3058 468 3084 nostra.
1016 3082 1019 3086 .

224 3103 251 3119 2.
273 3097 303 3133 E(
313 3104 359 3127 qua
371 3094 485 3128 ratione]
497 3094 560 3120 Nou
574 3094 718 3129 refugerim
731 3095 885 3132 scripturam
896 3094 964 3122 Pali.
975 3093 1140 3121 editionum-

188 3138 239 3165 que
249 3137 456 3164 antiquataruin,
475 3140 504 3155 cx
513 3139 561 3163 qua
573 3134 670 3156 rarione.

218 3174 248 3206 3¹.
264 3168 362 3200 Dtfistat
373 3165 416 3198 ,ά
424 3168 465 3192 illa
474 3175 521 3202 qua
531 3167 704 3202 tentata‚&·c.]
716 3166 818 3204 Cujncii
829 3166 913 3195 codex
925 3178 932 3196 2
946 3167 1036 3203 dgfistas
1045 3166 1144 3202 ista‚fid

1188 2951 1216 2981 ὢν
1224 2952 1265 2975 illa
1274 2960 1323 2984 que
1332 2957 1435 2976 tentata.
1457 2950 1551 2977 Forsan
1563 2950 1636 2976 reete
1643 2970 1656 2982 ,‚
1677 2957 1706 2976 ut
1716 2951 1815 2982 defistm
1825 2957 1901 2985 regat
1909 2950 2092 2977 accusativum.
2109 2949 2145 2974 ut

1189 2994 1218 3012 ut
1229 2987 1264 3012 est
1277 3005 1285 3017 ‚
1299 2986 1481 3012 vehementior
1492 2985 1574 3013 fuer->it
1584 2986 1670 3013 oratio
1682 3005 1690 3017 ‚
1703 2986 1719 3012 fi
1731 2986 1873 3021 reponatu'i·
1885 3005 1894 3018 ‚
1905 2987 1993 3021 desistas
2002 2985 2145 3021 ιβ’(ίὰὶὶῖι

1188 3032 1236 3055 quae
1245 3029 1339 3046 tentata
1350 3041 1357 3052 ,
1373 3022 1424 3051 &a
2139 3031 2143 3037 ·

1223 3065 1251 3089 4.
1271 3059 1356 3089 Nostra*
1367 3057 1464 3082 rationis
1476 3059 1532 3089 regio
1541 3057 1570 3087 «y
1580 3057 1650 3091 via]
1671 3057 1770 3083 Retia..
1785 3066 1833 3083 nec
1843 3056 2039 3084 auscultandum
2045 3063 2136 3082 emen-

1189 3092 1335 3118 datoribus,
1354 3093 1384 3118 lic
1396 3092 1470 3127 supra
1480 3092 1572 3127 cap.68
1579 3094 1613 3126 .fi
1619 3093 1670 3126 quis
1679 3094 1799 3119 tantulum
1810 3094 1835 3118 de
1845 3096 1910 3118 refla
1920 3096 2005 3126 regione
2014 3092 2139 3126 dfflexm'l.

1228 3138 1253 3161 5.
1273 3129 1404 3160 optandum
1414 3128 1537 3161 millius]
1559 3129 1731 3163 ciijziciaiium
1746 3129 1884 3168 exemplat
1895 3149 1904 3163 ,
1918 3136 2024 3164 „optatum
2036 3147 2044 3160 ‚
2063 3129 2079 3153 ἐι
2089 3133 2141 3162 qun
2175 3122 2190 3154 'i

1190 3174 1242 3193 iioii
1256 3163 1321 3193 vistis
1333 3164 1432 3195 alienus
1444 3163 1616 3193 Gulielmius.

2014 3208 2038 3226 ι.
2055 3198 2140 3229 emus

2161 656 2208 690 7ο
2228 631 2279 687 ’ἓῖἶέ
