2337 3400
148 126 247 176 934
569 99 1073 148 M.TU1„1.11

149 192 240 221 binii-i
261 189 313 218 sint
324 187 470 217 rationem
484 182 636 223 dignitatis
647 179 725 212 suae3
747 178 783 208 de
793 176 902 218 quibus
913 176 1030 204 honore
1042 192 1050 205 ,
1073 170 1106 201 δε

149 234 311 269 dignitate,
333 229 364 256 ἃ
381 235 463 256 αττηις
485 222 597 263 praestat
617 222 762 253 Tubero,
781 229 872 260 quem
896 227 950 257 ego
970 215 1108 246 arbitror,

151 266 248 313 pi‘ael'ei
257 281 310 300 tim
321 268 391 298 cum
404 267 508 297 scribat
520 264 673 294 historiam
687 283 695 295 ‚
709 262 822 291 multos
833 270 871 290 cx
883 260 941 289 suis
951 256 1109 287 annalibus

152 312 233 354 poli'c
243 313 365 351 diligere
376 329 384 341 ‚
397 318 473 349 quos
483 308 575 339 velit,
589 306 621 335 δέ
633 303 718 345 poffit
731 304 842 333 imitari
856 313 860 331 :
875 305 884 320 ¹
902 300 1047 330 Halienus
1058 307 1110 327 au-

151 365 210 385 tem
233 353 331 384 noster
346 372 353 384 .
374 350 445 381 curn
460 352 565 379 animo
579 348 611 377 &
623 346 829 377 benivolentia
841 364 849 377 ,
859 352 924 373 turn
940 351 1011 371 vero
1021 340 1112 369 etiam

151 398 322 426 imitatione
348 392 482 422 vivendi.
519 393 598 420 Nam
619 388 692 429 quid
712 397 767 428 ego
791 387 828 416 de
846 384 982 415 Gratidio
1001 382 1115 411 dicam?

152 447 243 478 quem
262 435 343 467 certo
364 435 422 464 scio
442 436 478 463 ita
498 433 629 462 laborare
647 428 930 460 deexistimatione
951 426 1018 458 sua,
1044 426 1059 442 ²
1082 431 1114 452 ut

153 489 272 520 propter
291 486 427 507 amorem
449 479 480 504 in
493 484 547 503 nos
561 473 726 502 fraternum
741 491 748 504 ‚
770 479 859 500 etiam
870 469 906 498 de
920 466 1019 497 nostra
1032 465 1114 495 labo-

152 531 204 551 ret.
229 519 415 561 Qaestorem
429 517 595 549 habesmon
607 514 783 552 tuojudicio
794 510 958 543 cicuitum,
973 508 1020 539 sed
1032 516 1116 538 eum,

153 573 244 603 quem
268 562 328 591 sors
346 560 436 589 dedit.
461 560 539 588 hunc
557 565 674 596 oportet
695 555 727 584 δε
740 554 787 584 sua
799 554 901 593 sponte
913 550 971 581 effe
981 549 1117 580 modera—

155 614 242 637 tum,
255 604 286 633 &
299 605 356 633 tuis
367 600 520 631 institutis,
533 609 563 628 ac
574 599 725 638 praecePtis
737 597 952 634 obtemperare.
977 595 1116 633 Qorum

157 645 175 676 si
196 648 263 686 quis
280 644 358 674 sorte
371 641 441 672 eii'et
453 641 601 672 sordidior
615 659 623 672 ,
647 638 735 669 ferres
750 647 870 667 catenus
883 656 892 669 ,
913 635 1011 675 quoad
1028 642 1079 673 per
1090 632 1117 661 se

156 688 318 729 negligeret
329 695 376 715 eas
387 685 466 724 leges
478 704 485 716 ,
508 683 617 723 quibus
629 681 671 711 est
679 679 852 711 adrimetum
874 688 937 707 non
949 686 981 706 ut
991 686 1023 706 ea
1033 684 1116 715 pote-

158 729 244 762 state,
266 738 356 769 quam
377 737 408 756 tu
425 726 460 755 ad
480 725 659 766 dignitatem
681 717 876 763 permisisses,
892 723 903 747 3
925 721 959 749 ad
970 716 1115 759 quaestum

157 781 297 802 uteretur.
331 771 437 809 Neque
466 770 550 797 enim
563 767 641 796 mihi
653 764 722 795 sane
734 764 848 803 placet,
870 761 1034 802 praesertim
1045 758 1115 788 cum

158 816 179 844 ii
201 822 300 842 mores
321 814 439 841 tantum
450 810 510 848 jam
521 813 538 835 4
549 808 582 838 ad
597 809 725 838 nimiam
738 807 890 835 lenitatem
903 823 911 837 ,
934 802 966 832 δε
976 801 1119 832 ambitio-

159 865 231 885 nem
251 854 463 885 incubuerint,
489 851 608 881 fermari
629 859 657 880 te
677 849 798 877 omneis
817 846 928 876 sordeis
942 864 951 878 ‚
980 851 1118 873 excutere

159 905 411 936 unumquemque
434 903 539 923 eorum
562 903 566 920 z
592 892 640 922 sed
656 911 664 924 ‚
686 896 798 931 quanta
810 887 852 928 fit
867 888 897 916 in
915 895 1026 928 quo-‘lue
1038 883 1119 923 fides,

160 947 276 968 rantum
285 938 386 979 cuique
395 943 578 965 committere.
602 937 701 973 Atque
712 934 788 961 inter
800 932 855 960 hos
867 949 875 961 ‚
887 939 940 959 eos
952 949 961 962 ‚
976 936 1052 968 quos
1062 926 1118 955 tibi

160 983 290 1011 comites
305 999 313 1013 ,
335 980 368 1009 &1
384 979 532 1016 adjutores
552 977 749 1016 negotiorum
765 972 959 1012 publicorum
969 970 1052 999 dedit
1065 967 1121 1007 iplii

160 1024 234 1063 resp.
255 1022 398 1052 duntaxat
417 1019 529 1049 finibus
542 1019 588 1047 his
599 1015 747 1057 praestabis
762 1035 770 1049 ‚
791 1024 865 1055 quos
875 1023 942 1043 ante
952 1007 1119 1053 praescripsi.

126 1075 148 1104 4
163 1068 250 1106 Qos
271 1062 342 1093 vero
361 1071 412 1092 aut
439 1064 501 1090 5ex
523 1058 698 1090 domesticis
718 1055 966 1087 convifflonibus
988 1073 996 1086 ‚
1016 1062 1066 1082 aut
1084 1061 1121 1081 ex

162 1104 329 1137 necessiiriis
345 1103 560 1144 apparitoribus
577 1110 677 1132 tecum
700 1097 758 1129 effe
769 1097 892 1128 voluisti
903 1117 912 1130 ‚
935 1092 1073 1137 quiquasi
1085 1103 1122 1122 ex

162 1150 286 1179 cohorte
310 1147 441 1186 praetor'is
461 1145 600 1184 appellari
619 1143 715 1173 solent
729 1162 737 1175 ,
757 1141 867 1170 horum
880 1150 931 1168 non
944 1133 1121 1174 modbfacfba,

157 1191 207 1231 sed
223 1190 309 1219 etiam
326 1187 403 1217 dista
421 1197 514 1216 omma
534 1184 682 1227 praestanda
699 1181 771 1212 nobis
787 1182 866 1221 funt.
886 1180 943 1211 Sed
962 1179 1052 1208 habes
1072 1185 1122 1206 eos

164 1242 263 1263 tecum
277 1251 284 1264 ,
305 1240 380 1271 quos
401 1227 487 1269 poffis
500 1227 578 1258 redte
591 1227 747 1257 facienteis
756 1223 842 1254 facile
855 1222 997 1263 diligere:
1018 1218 1123 1249 minus

164 1274 367 1304 consulenteis
376 1270 595 1301 existimationi
607 1278 662 1298 tua:
674 1287 682 1302 ,
706 1265 853 1296 facillime
863 1266 1001 1294 coh‘rcere
1015 1272 1020 1290 :
1032 1261 1047 1291 a
1058 1262 1126 1301 qui—

165 1317 233 1349 bus,
249 1314 329 1345 rudis
340 1314 412 1344 cum
423 1311 513 1346 esses,
527 1312 646 1341 videtur
657 1305 786 1350 potuisse
795 1316 844 1337 tua
855 1305 1015 1336 liberalitas
1026 1303 1124 1341 decipi

165 1359 174 1396 (
191 1367 261 1388 nam
278 1367 320 1387 υτ
332 1364 487 1394 Q18Q‚E
498 1364 552 1383 issr
565 1363 628 1383 vrit
637 1359 789 1381 OP‘HMUS
801 1370 809 1383 ‚
820 1351 858 1378 ita
871 1345 1055 1378 difficillime
1070 1343 1126 1374 effe

164 1401 241 1431 alios
255 1399 412 1439 improbos
423 1396 599 1437 suspicatur)
621 1403 702 1424 nunc
712 1390 783 1423 vero
791 1392 896 1421 tertius
909 1391 958 1419 hic
969 1397 1064 1419 annus
1076 1388 1127 1416 ha·-

165 1443 231 1473 beat
249 1442 449 1482 integritatem
468 1437 598 1468 eandem
618 1456 626 1470 ‚
648 1445 739 1476 quam
757 1434 941 1474 superiores,
960 1432 1125 1461 cautiorem

166 1486 257 1514 etiam
267 1493 298 1513 ac
309 1481 547 1523 diligentiorem.
570 1480 637 1509 Sint
645 1487 728 1508 aures
739 1485 795 1506 tuae
813 1495 821 1508 ‚
846 1484 912 1515 quae
922 1473 952 1503 id
965 1493 973 1505 2
984 1471 1067 1512 quod
1076 1480 1128 1500 au—

167 1525 257 1556 diunt
267 1546 275 1559 ‚
297 1523 510 1554 existimentur
528 1521 648 1554 audire,
664 1521 772 1549 nonin
783 1527 853 1557 quas
865 1515 934 1545 fiete
949 1515 982 1544 δε
993 1511 1128 1543 simulate

168 1567 295 1608 quaestus
315 1565 398 1595 causa
420 1563 627 1594 insusurretur.
662 1563 706 1590 Sit
724 1558 845 1588 annulus
864 1567 932 1587 tuus
952 1565 1017 1586 non
1038 1564 1070 1584 ut
1079 1563 1130 1583 vas

169 1609 292 1649 aliquod
305 1627 313 1641 ,
332 1606 381 1637 sed
401 1614 553 1645 tamquam
575 1603 636 1643 ipse
656 1611 705 1632 tu:
727 1610 792 1630 non
811 1597 948 1629 minister
959 1599 1064 1627 alienae
1074 1605 1129 1625 vo—

169 1649 303 1682 luntatis:
322 1646 460 1679 sedtestis
471 1656 537 1676 tuae.
561 1644 708 1675 Accensus
719 1641 752 1672 fit
767 1652 803 1671 eo
817 1650 945 1671 numero
956 1659 964 1673 ‚
986 1648 1046 1680 quo
1057 1647 1129 1667 eum

170 1693 301 1733 majores
320 1689 412 1720 nostri
433 1687 494 1718 effe
510 1685 673 1718 voluerunt
689 1697 694 1714 ·.
714 1685 766 1725 qui
786 1685 843 1713 hoc
861 1692 926 1712 non
947 1684 979 1711 in
990 1678 1131 1710 beneficii

171 1735 241 1765 loco
254 1754 262 1768 ‚
284 1732 331 1763 sed
344 1733 376 1760 in
389 1730 498 1760 laboris
509 1749 517 1762 ‚
535 1738 568 1758 ac
578 1728 713 1757 muneris
726 1747 734 1759 ‚
746 1735 810 1755 non
822 1723 937 1754 temere
947 1721 1003 1752 nisi
1015 1721 1130 1751 libertis

171 1776 233 1807 suis
251 1773 438 1806 deferebant:
458 1771 568 1812 quibus
591 1770 636 1798 illi
656 1767 779 1808 quidem
790 1776 852 1796 non
862 1764 963 1794 multo
974 1765 1055 1794 secus
1068 1783 1077 1795 ,
1099 1772 1131 1792 ac

173 1818 264 1849 servis
277 1838 285 1850 ‚
307 1814 503 1854 imperabant.
526 1808 593 1842 Sit6
603 1809 691 1840 lietor
703 1818 767 1839 non
778 1808 835 1838 suae
852 1827 860 1841 ,
872 1806 920 1836 sed
931 1816 988 1836 tuae
999 1805 1130 1834 lenitatis

171 1862 335 1900 apparitor:
351 1856 522 1895 majoraque
531 1851 685 1893 praeferant
700 1850 790 1880 fasces
802 1849 857 1882 illi,
869 1858 901 1878 ac
909 1848 1022 1878 secures
1033 1846 1131 1886 digni-

174 1904 242 1932 tatis
265 1899 406 1941 infignia‚
424 1896 517 1938 quam
537 1893 700 1935 potestatis.
724 1895 813 1922 TOTI
827 1898 1043 1927 DENiQissstr
1055 1897 1132 1917 pno-

174 1951 322 1974 VINCIAE
343 1949 429 1970 COGN
437 1948 521 1969 rruM
533 1957 542 1971 ,
558 1936 613 1967 tibi
636 1936 779 1965 omnium
793 1953 801 1967 ,
818 1932 928 1973 quibus
938 1929 1046 1971 praefis,
1059 1929 1132 1959 salu-

176 1995 237 2016 tem
249 2005 257 2019 ,
281 1983 413 2015 liberos,
425 1980 536 2011 famam
548 1999 557 2012 ‚
578 1978 714 2008 fortunas
733 1975 792 2006 effe
800 1972 967 2005 cariffimas.
992 1973 1133 2012 Denique

176 2029 239 2058 haec
249 2027 356 2066 opinio
371 2022 404 2053 sit
413 2043 421 2057 ,
443 2032 505 2052 non
518 2019 613 2051 modo
624 2022 660 2049 iis
671 2039 679 2053 ‚
699 2020 752 2059 qui
763 2015 876 2057 aliquid
886 2015 1041 2057 acceperint
1051 2034 1059 2048 ,
1083 2012 1133 2043 sed

176 2072 215 2100 iis
237 2070 326 2099 etiam
344 2087 352 2100 ,
372 2066 424 2106 qui
444 2064 584 2095 dederint,
606 2071 635 2092 te
652 2062 817 2090 inimicum
837 2057 879 2097 (si
902 2058 932 2087 id
943 2054 1134 2099 cognoveris)

175 2111 325 2142 futurum·
350 2110 458 2148 Neque
477 2105 548 2136 vero
558 2104 715 2145 quisquam
727 2101 828 2134 dabit,
848 2099 919 2130 curn
931 2100 987 2129 erit
1000 2100 1058 2128 hoc
1068 2106 1134 2137 per·

179 2152 313 2193 spec'tum
325 2170 332 2184 ‚
356 2149 433 2179 nihil
452 2158 502 2188 per
521 2156 572 2177 eos
587 2166 595 2179 ‚
617 2147 669 2186 qui
683 2143 822 2186 simulant
836 2142 867 2181 [ὲ
885 2142 962 2182 apud
972 2140 1136 2170 temultum

175 2194 247 2237 poste
259 2214 266 2228 ,
286 2193 336 2223 abs
355 2201 382 2221 te
406 2191 497 2220 solere
512 2189 676 2228 impetrari.
701 2189 767 2216 Nec
785 2193 887 2214 tamen
905 2182 947 2213 est
968 2184 1030 2213 haec
1041 2186 1136 2213 oratio

178 2247 244 2268 mea
256 2233 431 2273 hujusmodi
440 2252 448 2265 ,
472 2240 504 2260 nt
516 2240 543 2260 te
558 2234 590 2259 in
599 2239 666 2259 tuos
677 2227 839 2258 autdurum
852 2224 910 2255 effe
921 2226 1056 2255 nimium
1068 2244 1077 2258 ,
1088 2234 1138 2255 aut

172 2277 354 2319 suspiciosum
364 2275 468 2305 velim.
493 2275 573 2302 Nam
585 2270 604 2300 si
613 2273 680 2312 quis
689 2269 731 2300 est
745 2278 849 2299 eorum
863 2288 871 2300 ‚
888 2269 940 2308 qui
952 2266 1006 2297 tibi
1020 2267 1139 2297 biennii

179 2321 272 2359 spatio
283 2326 451 2357 numqua-m
464 2317 495 2344 in
506 2314 706 2353 suspicionem
718 2312 847 2341 avaritiae
861 2310 978 2338 venerit
989 2329 998 2342 ,
1020 2308 1073 2347 (ut
1084 2318 1138 2349 ego

179 2360 308 2393 Caesium
321 2379 328 2393 ,
342 2359 374 2389 &
384 2359 577 2396 Chaetippurn
590 2375 599 2387 ,
611 2354 644 2383 δε
654 2353 841 2384 Labeonem,
855 2352 887 2380 &
897 2351 997 2383 audio,
1014 2351 1058 2383 &,
1071 2354 1139 2391 quia

180 2404 325 2445 cognovi,
341 2399 484 2430 existimo
497 2397 592 2438 >nihil
604 2395 656 2428 est,
667 2395 749 2435 quod
766 2403 829 2423 non
843 2393 875 2422 δεῖ
886 2394 933 2425 iis,
946 2392 979 2421 &
990 2391 1009 2420 si
1021 2395 1086 2432 quis
1098 2391 1140 2421 est

180 2446 259 2477 alius
267 2440 488 2484 ejusdemmodi
502 2459 510 2473 ,
533 2439 565 2469 &3
575 2437 749 2469 committi,
776 2435 808 2464 &
819 2434 902 2464 credi
915 2432 1075 2463 reEtiffimf:
1086 2443 1141 2473 pu-

181 2497 254 2518 tem.
278 2485 334 2517 Sed
349 2482 368 2514 si
381 2484 448 2524 quis
459 2481 502 2512 est
512 2501 520 2515 ‚
534 2491 564 2510 in
576 2480 707 2520 quojam
718 2475 892 2508 offenderis,
906 2475 942 2504 de
955 2485 1016 2515 quo
1029 2474 1142 2515 aliquid

183 2529 306 2560 senseris
318 2537 324 2556 2
336 2528 406 2556 huic
417 2524 495 2555 nihil
504 2521 665 2553 credideris
675 2540 683 2553 ,
696 2520 802 2549 nullam
812 2524 920 2559 partem
933 2515 1144 2552 existimationis

182 2579 235 2600 tuae
258 2568 428 2607 commifieru.
452 2568 488 2595 In
499 2565 655 2605 provincia
665 2561 737 2592 vero
749 2561 807 2601 ipsa
818 2580 826 2593 ,
849 2558 869 2588 si
882 2569 973 2599 quem
985 2568 1016 2588 es
1026 2558 1142 2591 ωιὲὶυε,

182 2615 235 2655 qui
247 2614 278 2642 in
293 2620 373 2641 tuam
384 2608 620 2639 familiaritatem
633 2605 752 2645 penitus
766 2603 882 2633 intrarit
895 2602 962 2641 ‚qui
973 2600 1062 2631 nobis
1073 2600 1141 2631 :inte

1143 93 1682 143 CicERoN1s

1152 174 1242 219 ruerit
1261 180 1399 213 ignotus:
1419 173 1489 203 huic
1507 183 1654 213 quantum
1675 175 1903 208 credendum‘sit
1917 196 1926 211 ‚
1945 175 2108 209 videmon

1152 223 1229 285 quin
1249 212 1358 260 poslint
1377 214 1472 261 multi·
1489 214 1546 245 effe
1568 220 1766 255 provinciales
1787 222 1844 250 viri
1865 219 1956 249 boni:
1978 219 2027 249 sed
2050 220 2109 249 hoc

1167 255 1362 302 perare'licet
1382 267 1390 289 5
1409 255 1540 294 judicare
1560 260 1761 296 periculosum
1787 261 1839 291 esti
1873 263 2004 290 Mutris
2023 262 2110 290 enim

1154 296 1381 327 simulationum
1394 297 1559 327 involucris
1570 301 1676 339 tegitur
1686 320 1695 334 ,
1714 302 1746 331 &
1757 301 1835 342 quafi
1846 303 1920 332 velis
1930 302 2109 342 quibusdam

1156 338 1330 384 obtenditur
1339 339 1570 379 uniuscujusque
1582 349 1682 371 natura
1694 341 1792 377 istem,
1803 344 1991 378 acuminatus
2000 344 2109 384 perfiepe

1155 388 1349 410 mentiuntur:
1367 381 1456 410 oratio
1476 380 1692 422 vcrbsaepisfime.
1716 385 1920 424 Qamobrem
1933 406 1941 419 ,
1963 384 2112 426 quipotes

1157 425 1283 469 reperire
1300 432 1338 452 ex
1361 432 1397 452 eo
1412 432 1518 464 genere
1537 424 1701 453 hominum
1713 443 1721 457 ‚
1743 427 1794 464 qui
1811 429 1943 465 pecunia:
1954 428 2116 467 cupiditate

1158 464 1277 509 adducit
1295 473 1410 509 careant
1431 466 1477 493 his
1496 464 1583 494 rebus
1604 466 1750 495 omnibus
1766 485 1774 499 ‚
1793 466 1928 507 aquibus
1939 478 1994 498 nos
2006 466 2117 499 divulsi

1160 505 1218 536 este
1237 516 1301 553 non
1313 504 1496 545 postumus?
1517 515 1544 536 te
1555 515 1654 536 autern
1668 528 1676 540 ‚
1697 508 1831 537 alienum
1845 510 2004 540 hominem
2015 518 2119 540 ament

1159 558 1197 577 ex
1209 557 1315 577 animo
1326 568 1334 581 ,
1350 557 1381 577 ac
1393 557 1455 577 non
1465 548 1508 577 sui
1518 549 1676 578 commodi
1688 549 1771 578 causa
1785 547 1944 579 simulent?
1963 553 2039 581 mihi
2050 553 2120 592 qui-

1160 590 1232 637 dem
1251 599 1447 634 permagnum
1472 589 1594 620 videtur
1611 603 1619 625 3
1639 591 1801 630 praesertirn
1823 589 1841 619 si
1864 591 1955 620 iidem
1977 594 2119 622 homines

1161 641 1309 671 privatum
1338 641 1400 660 non
1411 632 1471 661 iere
1485 641 1667 672 quemquam
1679 652 1688 665 ,
1713 633 1893 661 PReAETOR
1901 633 1944 662 ES
1955 633 2119 664 SEMPER

1162 673 1325 703 OMNEIS
1346 674 1533 702 AMANT.
1566 677 1636 714 Qo
1658 684 1695 704 ex
1713 684 1820 715 genere
1840 672 1952 714 siquem
1972 674 2049 705 sorte
2074 676 2117 705 tui

1160 714 1296 757 cognosti
1305 717 1505 746 amantiorem
1531 715 1542 754 (
1558 714 1622 745 fieri
1635 718 1719 746 enim
1733 718 1831 755 potuit
1842 717 1947 756 >quam
1960 718 2118 756 temporis,

1162 758 1242 787 hunc
1266 754 1339 787 vero
1366 757 1402 787 ad
1427 766 1513 787 tuum
1537 767 1701 788 numerum
1721 757 1850 787 libenter
1869 758 2037 787 adscribito.
2069 759 2124 788 Sin

1161 808 1261 828 autem
1275 798 1304 828 id
1319 808 1382 829 non
1393 799 1563 839 perspicies
1575 799 1695 829 nullum
1712 801 1910 842 eritgenusin
1922 799 2124 829 familiaritate

1163 841 1332 871 cavendum
1353 843 1447 882 magis
1459 852 1464 870 z
1484 842 1637 881 propterea
1651 841 1733 883 quod
1745 842 1776 871 ὃς
1787 844 1907 871 omneis
1917 844 1979 871 vias
1988 842 2126 880 pecuniae

1164 892 1296 916 norunt,
1309 882 1341 912 &
1351 885 1457 913 omnia
1466 886 1602 922 pecuniae
1612 884 1692 914 caulii
1702 883 1816 913 faciunt
1829 894 1834 912 z
1847 884 1878 913 &
1887 884 2006 924 quicum
2017 881 2127 912 viisturi

1166 936 1217 954 non
1234 925 1303 964 sunt
1326 944 1334 958 ,
1355 925 1412 962 ejus
1432 923 1634 960 existimationi
1654 924 1793 965 consulere,
1813 936 1865 954 non
1886 932 1994 954 curant.
2027 927 2126 965 Atque

1165 969 1255 1015 etiam
1271 968 1299 1014 'e
1321 969 1432 997 Graecis
1452 966 1700 1010 ipfisqdiligenter
1710 967 1849 997 cavendae
1859 967 2072 1007 suntquaedam
2084 963 2130 997 fa-

1167 1009 1372 1042 miliaritates,
1390 1018 1494 1047 praeter
1511 1010 1674 1039 hominum
1693 1018 1907 1048 perpaucorum
1919 1029 1927 1043 ‚
1949 1007 1968 1037 si
1987 1010 2039 1049 qui
2060 1009 2128 1038 sunt

1166 1059 1257 1080 vetere
1267 1050 1469 1095 Graenadz'gni.
1495 1052 1543 1080 Sic
1554 1050 1636 1084 vero,
1652 1049 1770 1080 fallaces
1783 1051 1851 1080 sunt
1861 1050 2022 1090 permulti,
2043 1050 2130 1080 &le-

1169 1102 1220 1122 ves
1232 1113 1240 1125 ‚
1262 1092 1294 1121 &
1313 1091 1451 1120 diuturna
1466 1092 1606 1130 servitute
1614 1091 1651 1119 aci
1663 1092 1783 1120 nimiam
1791 1091 2002 1129 affirmationem
2012 1090 2127 1121 eruditi.

1167 1143 1243 1174 quos
1263 1143 1318 1180 ego
1342 1132 1497 1162 universos
1510 1133 1836 1167 adhiberiliberalite13
1856 1136 2007 1173 optimum
2020 1143 2131 1174 quem-

1169 1185 1228 1215 que
1239 1175 1382 1221 hoipitio,
1398 1176 1588 1216 amicitiaque
1601 1180 1615 1203 7
1626 1176 1772 1215 conjungi
1783 1175 1850 1205 dico
1860 1185 1996 1215 oportere
2009 1186 2014 1204 2
2025 1177 2131 1205 nimiae

1167 1217 1386 1247 familiaritates
1407 1226 1514 1246 eorum
1526 1237 1534 1250 ‚
1558 1227 1657 1258 neque
1676 1226 1736 1247 tam
1748 1215 1851 1247 fideles
1866 1217 1933 1247 sunt
1948 1217 1958 1256 (
1972 1227 2034 1247 non
2045 1219 2130 1247 enim

1171 1258 1282 1289 audent
1301 1257 1446 1288 adversari
1466 1258 1575 1289 nostris
1595 1259 1822 1298 voluntatibus)
1846 1259 1878 1289 &
1897 1258 1969 1288 vero
1989 1258 2131 1288 invident

1170 1311 1234 1330 non
1245 1299 1354 1330 nostris
1365 1299 1476 1334 solum,
1488 1299 1594 1331 verum
1605 1302 1697 1330 etiam
1708 1301 1777 1331 suis.
1798 1299 1866 1343 Jam
1877 1303 1929 1341 qui
1939 1303 1971 1331 in
1981 1300 2130 1341 ejusmodi
2146 1298 2170 1331 6

1170 1343 1259 1373 rebus
1269 1362 1277 1376 ‚
1299 1344 1332 1372 in
1357 1341 1466 1383 quibus
1479 1353 1583 1373 vereor
1597 1345 1689 1373 etiam
1701 1353 1738 1372 ne
1748 1342 1851 1373 durior
1861 1342 1914 1372 sim
1930 1362 1938 1376 ,
1959 1351 2061 1373 cautus
2072 1340 2131 1372 effe

1169 1384 1264 1415 velim
1276 1404 1286 1418 ‚
1298 1393 1339 1430 ¹ac
1358 1385 1487 1424 diligens
1501 1395 1506 1413 :
1524 1395 1585 1426 quo
1604 1394 1654 1414 me
1670 1387 1776 1415 animo
1794 1386 1827 1414 in
1838 1385 1938 1415 servos
1948 1383 2005 1415 effe
2016 1384 2133 1414 censes?

1169 1437 1238 1468 quos
1250 1426 1364 1468 quidem
1374 1424 1437 1455 crim
1446 1427 1574 1456 omnihus
1592 1427 1620 1456 in
1630 1426 1691 1456 locu
1701 1447 1709 1461 ‚
1731 1434 1794 1456 tum
1801 1425 1934 1469 prm-ipa&
1944 1427 1972 1455 in
1978 1426 2133 1468 provinciis

1169 1479 1257 1510 regere
1264 1466 1391 1497 debemm
1400 1479 1412 1495 :
1427 1478 1488 1509 quo
1513 1468 1548 1498 de
1568 1479 1675 1510 genere
1695 1470 1790 1499 multa
1801 1471 1919 1509 praecipi
1932 1468 2062 1509 possunt.
2083 1466 2134 1498 sed

1172 1513 1230 1542 hoc
1241 1510 1274 1540 δε
1284 1508 1491 1540 breviffimum
1503 1509 1546 1540 est
1558 1531 1565 1543 ‚
1580 1510 1765 1540 &facillime
1777 1512 1872 1540 teneri
1881 1510 1978 1551 potest
1989 1530 1998 1544 ‚
2008 1518 2041 1540 ut
2053 1511 2093 1540 ita
2103 1509 2134 1540 se

1173 1561 1276 1595 gerant
1298 1554 1331 1581 in
1343 1550 1406 1581 istis
1417 1550 1550 1582 Asiaticis
1560 1552 1719 1582 itineribus
1730 1571 1738 1585 ,
1763 1549 1778 1571 ⁸
1789 1561 1820 1582 ut
1830 1550 1850 1581 fi
1861 1554 1916 1582 iter
1927 1553 2023 1592 Appia
2032 1550 2136 1582 viafa-

1173 1604 1253 1625 ceres
1266 1603 1357 1623 :neve
1367 1591 1503 1623 intereffe
1515 1594 1677 1635 quidquam
1688 1602 1811 1634 putent,
1824 1592 1925 1623 utrum
1936 1594 2066 1624 Tralleis
2076 1612 2085 1626 ,
2095 1602 2136 1624 an.

1172 1638 1307 1668 Formias
1318 1637 1470 1665 venerint.
1494 1639 1534 1665 At
1547 1655 1555 1670 ‚
1571 1634 1591 1664 si
1604 1638 1673 1677 quis
1685 1635 1727 1666 est
1737 1645 1776 1666 ex
1790 1636 1880 1666 servis
1895 1635 2010 1676 egregie
2022 1633 2134 1667 fidelis*

1178 1678 1212 1709 sit
1234 1682 1268 1707 in
1293 1676 1472 1707 domesticis
1482 1676 1571 1707 rebus
1581 1697 1589 1711 ,
1613 1677 1795 1717 &priv-atis:
1817 1687 1882 1718 quae
1893 1687 1938 1707 res
1952 1677 1987 1707 ad
1996 1674 2137 1706 officium

1174 1721 1296 1759 imperii
1308 1720 1352 1748 tui
1364 1738 1373 1752 ,
1386 1727 1474 1759 atque
1487 1719 1522 1749 ad
1532 1720 1663 1759 aliquam
1674 1722 1787 1759 partem
1798 1718 1912 1759 reipub.
1931 1718 2134 1758 pertinebunt,

1176 1763 1212 1792 de
1221 1763 1269 1790 his
1279 1759 1365 1789 rebus
1374 1760 1486 1801 nequid
1499 1762 1631 1800 attingat.
1658 1761 1754 1790 Multa
1766 1762 1850 1790 enirn
1862 1780 1870 1793 ‚
1880 1770 1945 1801 quae
1957 1759 2036 1790 τεᾶὲ
2048 1769 2137 1789 com-

1177 1804 1258 1850 mitti
1271 1801 1363 1847 servis
1374 1800 1514 1831 fidelibus
1528 1800 1648 1841 pofl‘unt
1658 1821 1666 1835 ,
1681 1810 1781 1831 tamen
1786 1802 1925 1842 sermonis,
1940 1801 1975 1835 ὼ·
1987 1802 2137 1843 vitupera-

1175 1854 1255 1875 tzoms
1277 1843 1401 1871 vitanda
1418 1843 1503 1882 caufiz
1514 1862 1522 1876 ‚
1542 1844 1765 1874 committenda
1786 1854 1848 1874 non
1861 1844 1938 1874 sunt.
1962 1842 2020 1874 Sed
2031 1843 2135 1873 nescio

1175 1897 1238 1929 quo
1256 1884 1350 1931 Ρτιξὶοθ
1365 1884 1400 1915 ad
1410 1886 1604 1925 praecipiendi
1614 1887 1762 1916 rationem
1774 1886 1891 1925 delapsa
1900 1885 1943 1916 est
1955 1886 2055 1915 oratio
2066 1893 2136 1915 mea

1176 1928 1248 1959 cum
1265 1927 1296 1957 id
1309 1927 1387 1956 milii
1397 1927 1583 1967 propositum
1595 1926 1686 1958 initio
1697 1937 1761 1958 non
1770 1926 1881 1958 fuisset.
1905 1927 1985 1966 Quid
1997 1928 2082 1957 enim
2094 1927 2137 1960 ei,

1175 1971 1344 2016 praecipiam
1356 1989 1365 2002 ,
1379 1979 1470 2015 quem
1482 1979 1537 2011 ego
1546 1972 1578 1999 in
1592 1970 1650 1999 hoc
1662 1970 1824 2009 praesertim
1835 1979 1942 2011 genere
1954 1969 2135 2010 intelligam,

1175 2013 1331 2053 prudentia
1341 2021 1404 2041 non
1416 2010 1472 2041 este
1489 2011 1665 2041 inferiorem
1682 2032 1691 2045 ‚
1712 2012 1800 2053 quam
1812 2022 1862 2042 me
1873 2032 1882 2046 ‚
1898 2011 1953 2041 usu
1962 2010 2034 2041 vero
2044 2012 2138 2041 etiam

1177 2055 1360 2095 superiorem
1373 2055 1384 2081 ?
1403 2053 1459 2084 Sed
1477 2063 1578 2084 tamen
1590 2052 1652 2083 fiad
1663 2064 1704 2087 ea,
1717 2064 1783 2094 quae
1794 2053 1913 2088 faceres,
1926 2060 2139 2083 suetonii-As

1181 2096 1330 2127 accederet
1341 2104 1424 2129 mea,
1446 2095 1502 2126 tibi
1512 2094 1565 2135 ipsi
1575 2096 1626 2125 illa
1636 2099 1738 2136 putavi
1749 2095 2013 2135 forejucundiora.
2036 2096 2137 2134 Qiare

1176 2138 1232 2169 sint
1242 2140 1303 2169 haec
1314 2135 1509 2168 fundamenta
1517 2137 1670 2178 dignitatis
1681 2146 1737 2169 tuae
1751 2149 1756 2167 :
1769 2147 1818 2168 tua
1826 2137 1963 2179 primurn
1975 2138 2141 2176 integritas,

1179 2182 1211 2211 &
1221 2182 1430 2211 continentia:
1452 2179 1561 2210 deinde
1571 2182 1714 2210 omnium
1728 2200 1736 2214 ‚
1756 2182 1807 2221 qui
1820 2189 1918 2210 tecum
1931 2180 1999 2210 sunt
2009 2198 2018 2212 ‚
2031 2177 2139 2218 pudor:

1179 2222 1312 2253 deletitus
1333 2223 1365 2251 in
1375 2220 1627 2252 familiaritatibus
1641 2242 1649 2255 ‚
1674 2222 1706 2252 &
1716 2223 1950 2263 provincialium
1961 2222 2138 2253 hominum,

1181 2266 1213 2295 &
1234 2267 1408 2295 Graecorum
1420 2283 1428 2297 ‚
1449 2273 1604 2304 percautus
1615 2264 1648 2294 &
1658 2263 1787 2306 diligens
1800 2275 1805 2293 :
1832 2263 1955 2294 familia:
1966 2264 2061 2303 gravis
2074 2282 2083 2294 ‚
2106 2261 2142 2292 δε

1180 2306 1320 2338 constans
1339 2306 1505 2345 disciplina
1534 2308 1608 2347 Qiae
1626 2305 1697 2336 cum
1719 2305 1841 2336 honesta
1853 2304 1951 2334 sintin
1961 2303 2143 2344 hisprivatis

1182 2348 1291 2379 nostris
1303 2368 1312 2383 ‚
1333 2347 1752 2389 quotidianisquerationibus
1767 2358 1772 2376 :
1784 2349 1908 2377 intanto
1919 2348 2047 2386 irnperio
2057 2365 2066 2379 ,
2079 2353 2143 2376 tam

1185 2391 1348 2430 depravatis
1373 2389 1509 2419 moribus
1521 2410 1529 2422 ,
1548 2399 1609 2420 tam
1628 2391 1807 2429 corruptrice
1817 2390 1992 2430 provincia,
2012 2393 2142 2418 nileA

1186 2433 1343 2462 videantur
1357 2430 1471 2461 necess‘e
1482 2430 1533 2460 est.
1559 2433 1632 2461 Haec
1640 2430 1801 2464 institutio,
1813 2441 1900 2471 atque
1911 2432 1974 2460 haec
1983 2429 2143 2470 disciplina

1185 2473 1281 2513 potest
1300 2472 1444 2503 sustinere
1462 2475 1496 2501 in
1515 2472 1602 2502 rebus
1621 2472 1803 2506 statuendis,
1824 2473 1856 2503 &
1868 2471 2066 2503 decernendis
2076 2479 2144 2501 earn

1188 2515 1377 2545 severitatem
1393 2535 1401 2548 ,
1420 2518 1436 2542 9
1446 2524 1504 2555 qua
1513 2523 1543 2544 tu
1554 2516 1586 2544 in
1598 2515 1634 2544 iis
1645 2515 1733 2545 rebus
1745 2515 1814 2544 usus
1825 2525 1855 2544 es
1867 2535 1876 2548 ‚
1897 2524 1935 2544 ex
1945 2513 2055 2555 quibus
2064 2521 2144 2542 non-

1191 2557 1286 2587 nullas
1305 2556 1466 2602 fimupltates
1483 2566 1553 2586 cum
1574 2566 1680 2598 magna
1700 2566 1766 2586 mea
1785 2558 1886 2587 laetitia
1900 2556 2044 2596 susceptas
2054 2553 2145 2584 habe-

1190 2608 1271 2629 mus.
1295 2598 1351 2629 nisi
1370 2598 1450 2629 torte
1475 2607 1525 2628 me
1544 2600 1667 2629 Paeonii
1686 2599 1787 2630 nescio
1807 2600 1891 2640 cujus
1912 2618 1921 2632 ‚
1950 2597 2083 2628 hominis
2105 2604 2145 2624 ne

2048 2637 2146 2667 Graeci

224 2734 232 2751 1
242 2745 247 2750 .
268 2726 383 2750 Halienm
394 2719 497 2754 auum]
515 2718 581 2744 Pali,
593 2717 647 2744 duo
656 2719 769 2746 Alienus,
779 2715 965 2742 duo-Avienus.
981 2713 998 2740 si
1009 2712 1072 2748 quid
1087 2721 1146 2738 niu-

188 2761 307 2791 tandum,
319 2756 430 2785 ieciiiida.
439 2755 521 2782 leffio
532 2753 687 2781 resumenda
699 2752 813 2780 veniret.
827 2751 864 2778 ita
873 2750 945 2777 euim
955 2748 1028 2776 idem
1041 2756 1148 2776 vocatur

188 2796 213 2821 8<
227 2795 338 2827 Coesari,
350 2794 382 2820 de
393 2793 464 2819 bello
475 2792 558 2818 civili.

222 2849 251 2865 2.
272 2844 299 2864 Ut
305 2846 398 2872 propur-
407 2846 506 2863 artiorem
514 2839 540 2862 in
549 2836 730 2868 nosftaternnm
737 2853 743 2865 ‚
756 2835 826 2858 etiam
837 2832 862 2857 de
872 2833 949 2864 nostra
959 2829 1072 2863 laboret]
1089 2828 1148 2854 Me-

190 2876 239 2902 lius
251 2875 316 2901 'istud
329 2895 336 2906 ,
359 2876 440 2910 quani
453 2873 548 2899 veteris
559 2871 684 2898 editionis
705 2869 833 2905 scriptura
846 2887 852 2898 ,
873 2874 898 2893 ut
906 2873 1027 2900 propterea
1037 2874 1085 2891 am.
1097 2865 1148 2895 &a

188 2915 259 2937 etiam
270 2911 422 2942 ‹it-monstrare
431 2910 538 2942 [αὖον-ετ,-
549 2906 683 2944 quomodo
696 2915 783 2933 tamen
796 2905 864 2930 Pall.
875 2905 902 2930 ὅ(
915 2903 982 2929 liber
992 2901 1150 2933 Pavilionis,

188 2957 243 2982 quo
253 2945 400 2980 uiiisJaiius
411 2945 584 2971 Gulielmius.

226 2997 253 3024 3.
273 2988 312 3013 Ad
321 2989 424 3021 quaestum
438 2989 569 3022 nter-etun]
590 2986 765 3013 Receiit'iores
778 2987 915 3011 abuteretur
928 3002 935 3015 ,
947 2982 990 3010 fed
1002 2989 1094 3009 contra
1104 2990 1151 3008 :iii-

191 3024 305 3061 tiquitus
316 3022 388 3048 culos
401 3024 427 3048 ὃ(
442 3023 499 3049 mss.
514 3024 580 3050 Pali.

1183 2711 1318 2748 quomodo
1337 2712 1441 2748 aliquot
1450 2712 1516 2738 item
1527 2711 1594 2739 Pall.
1615 2721 1675 2740 nam
1686 2712 1768 2739 ceteri
1788 2711 1977 2742 τοηνὶίῖσνὶὐιιςς
1997 2707 2144 2736 Pavilionis

1184 2751 1376 2775 conviatoribus.

1220 2785 1248 2811 6.
1267 2785 1471 2818 LiHornonsitae,
1485 2784 1530 2818 fid
1545 2791 1588 2810 ηις
1608 2785 1714 2811 lenitatis
1723 2782 1871 2816 apparitor]
1892 2780 1994 2815 Lipfius
2015 2780 2149 2807 noster-li-

1184 2822 1233 2848 bro
1248 2831 1270 2847 1.
1293 2820 1379 2847 ΕΙεᾶ.
1397 2830 1452 2856 cap.
1464 2829 1510 2855 23.
1529 2820 1594 2847 ausit
1605 2820 1746 2846 rescribere
1758 2837 1765 2849 ‚
1776 2820 1843 2843 liHor
1852 2817 1971 2849 mansites,
1980 2817 2009 2847 ὼ·
2022 2825 2065 2842 tux
2075 2818 2144 2843 lenit.

1185 2858 1225 2884 sed
1239 2857 1348 2884 inclinat
1360 2864 1447 2883 tamen
1460 2857 1544 2890 inagis
1557 2876 1565 2887 ,
1585 2855 1648 2882 inid
1661 2855 1731 2891 quod
1744 2852 1854 2879 Ursinus
1877 2852 2010 2888 depromit
2030 2856 2043 2878 e
2064 2852 2146 2884 libro,

1186 2897 1263 2924 liflor,
1276 2893 1480 2927 nonſsmmae,fi·d
1488 2892 1604 2924 membr.
1625 2899 1747 2918 neutrum
1758 2888 1854 2924 placet.
1876 2889 1990 2915 rationes
2003 2887 2107 2915 reddidi
2118 2889 2146 2915 in

1187 2930 1393 2966 Suspicioiiibiis.

1225 2975 1252 3001 7.
1273 2967 1383 3000 conjungi
1393 2965 1441 2990 dico
1456 2963 1581 2997 oportere]
1605 2961 1702 2988 Melius
1712 2960 1812 2992 forsan,
1824 2962 1879 2987 duco
1909 2969 2006 2987 moneo
2018 2959 2146 2988 tamenin

1190 3013 1242 3030 uno
1253 3002 1310 3028 Pal.
1323 3011 1374 3028 iion
1385 3008 1537 3035 comparere
1547 2997 1692 3024 dieiionem
1705 2998 1763 3023 dico.

1227 3038 1253 3064 8,
1276 3039 1330 3072 Utfi
1341 3039 1387 3063 iter
1403 3037 1482 3068 Appia
1490 3036 1536 3060 via
1547 3034 1669 3068 faceres]
1695 3034 1730 3060 Pa
1737 3033 1827 3060 vilonii
1840 3034 1887 3061 ms.
1899 3043 1950 3060 non
1961 3032 2079 3069 agnoseit
2089 3034 2146 3064 via,

228 3077 255 3102 4.
277 3067 421 3094 Admmiam
432 3069 574 3101 lenitatem]
597 3067 734 3095 Manutius
745 3066 840 3093 maluit
850 3067 969 3091 levitatem
981 3084 989 3097 ,
1009 3071 1154 3098 utrumque
1192 3076 1219 3100 δε
1230 3081 1381 3110 poteramus
1393 3080 1422 3096 en
1433 3079 1532 3096 cares&

194 3112 286 3133 tuetur
296 3103 320 3130 se
332 3103 406 3129 libris
422 3102 613 3138 manuscriptis.

234 3162 260 3187 5.
279 3154 319 3178 Ex
329 3150 451 3184 domtsticiae
469 3150 674 3184 con-vifflmjbm]
698 3150 814 3179 Πειθώ
823 3149 906 3178 editio
919 3168 927 3183 ‚
946 3149 1154 3184 conjunffimibus,
1193 3107 1445 3173 seggeffgfssgdnoliu
1455 3106 1589 3142 rebmufies
1605 3107 1657 3142 α]
1675 3105 1744 3134 Pali.
1754 3105 1807 3134 duo
1818 3125 1826 3140 ,
1845 3115 1916 3142 quam
1927 3125 1935 3140 ,
1955 3112 2064 3141 antiquo
2074 3103 2159 3136 snite.⁸

2056 3182 2080 3201 1.
2091 3176 2152 3201 Pri-

2302 206 2318 247 ”s

2299 180 2322 213 -322
2302 124 2324 173 '⁴²1⁴
2310 103 2314 115 -

2309 229 2318 267 W

2320 218 2331 290 ⁷⁹⁸1-

2304 290 2306 294 ’
2314 275 2323 316 ⁶.

2316 358 2321 366 .
