2295 3400
507 98 525 126 X

147 178 242 227 452.
551 154 1055 206 M.TU1.L11

146 244 364 287 patrimonium
375 261 383 275 ,
399 240 516 271 libertas
525 259 534 274 ,
545 240 648 270 civitas
658 236 762 268 tradita
771 233 813 266 cst
825 245 831 264 2
851 232 872 264 fi
881 233 955 264 deos
965 234 1096 263 immor-

151 287 232 317 taleis
243 307 250 319 ,
261 293 389 325 quorum
400 281 547 312 beneficio
559 281 592 310 δε
602 281 663 310 haec
673 287 828 308 tenuimus
838 295 846 309 ‚
859 276 891 306 δε
899 276 1003 306 ceteris
1013 275 1100 304 rebus

152 326 231 358 auEln
251 328 368 357 sumus:
389 323 409 354 s1
423 323 570 364 populum
582 324 713 352 Roman.
724 319 808 358 cujus
819 316 986 347 honoribus
995 319 1027 346 in
1036 326 1101 346 am-

155 367 288 410 plislimo
296 364 422 396 confilio
433 385 442 399 ‚
461 365 495 394 &
512 366 545 394 in
561 361 700 394 altiffimo
717 360 806 403 gradu
823 359 976 400 diguitatis
989 379 997 392 .
1016 366 1103 399 atque

156 413 190 440 in
208 411 261 439 hac
278 409 422 437 omnium
438 415 579 436 terrarum
596 414 660 435 arce
677 403 815 433 collocati
835 401 937 432 sumus
954 411 959 430 :
987 398 1008 430 fi
1025 401 1105 430 hunc

157 451 257 490 ipsum
274 449 413 479 ordinem
427 469 436 482 ,
460 448 475 477 a
492 457 553 488 quo
573 447 645 486 saepe
663 441 963 485 magnificentiffimis
983 441 1107 472 decretis

158 493 260 523 sumus
271 489 434 521 honestati:
454 489 642 519 immensum
660 485 806 528 quiddam
827 485 860 514 &
877 483 1034 514 infinitum
1053 482 1106 516 est,

157 533 239 574 quod
258 532 345 563 vobis
362 532 524 562 debeamus
535 550 543 563 ,
566 531 617 570 qui
629 528 726 559 vestro
737 525 875 567 singulari
885 525 983 556 studio
994 545 1002 559 ‚
1022 534 1109 565 atque

157 575 303 606 consensu
314 583 470 614 parentum
480 571 625 602 beneficia
635 591 643 604 ,
664 570 790 600 deorum
804 568 1027 598 immortalium
1042 576 1111 596 mu·
1131 569 1133 577 ‘

159 626 229 647 nera
239 636 246 649 ‚
268 616 370 656 populi
386 618 479 645 Rom.
491 615 620 644 honores
634 633 642 646 ,
664 610 757 642 vestra
770 610 806 640 dt·
821 620 869 639 me
882 610 978 639 multa
990 608 1110 648 judicia,

159 658 249 688 nobzs
259 659 363 687 omnia
373 667 425 685 uno
436 664 552 698 tempore
560 652 746 686 reddidistis:
764 661 795 682 ut
803 672 811 686 ‚
824 651 895 682 cum
907 651 1001 681 multa
1010 650 1109 682 vobis.

158 709 266 741 magna
281 700 392 738 populo
402 701 534 729 Roman.
551 694 782 726 innumerabilia
797 693 968 733 parentibus
981 713 989 725 .
1008 693 1113 721 omnia

159 741 218 771 diis
232 740 454 770 immortalibus
467 739 627 769 debeamus
638 757 646 771 ‚
668 735 750 778 quod
764 737 826 765 haec
840 744 923 764 antea
938 733 1048 775 fingula
1062 742 1112 773 per

158 783 229 812 illos
241 783 432 812 habuerimus
448 791 454 810 :
471 790 553 811 nunc
567 779 701 809 universa
710 787 760 817 per
770 786 823 807 vos
833 777 1113 815 recuperaverimus.

161 827 262 865 Itaque
274 844 282 857 ,
304 827 335 854 P.
347 826 378 854 C.
391 822 472 864 quod
486 832 524 852 ne
536 820 687 862 optandum
701 818 824 860 quidem
839 817 881 847 est
895 819 1033 849 homini,
1055 819 1114 845 im-

162 867 375 896 mortalitatem
385 864 533 905 quandam
544 873 594 903 per
604 872 660 892 vos
670 861 765 900 adepti
775 859 923 889 videmur.
938 858 1020 899 quod
1029 860 1113 887 enim

162 917 282 948 tempus
292 909 497 947 eritumquam
512 926 521 938 ,
540 914 600 945 quo
611 902 778 933 vestrorum
788 904 820 931 in
831 911 886 931 nos
898 899 1113 930 beneficiorum

163 951 328 983 memoria,
346 959 378 978 ac
386 947 463 978 fama
475 955 619 977 moriatur
630 966 638 978 ,
657 947 709 985 qui
723 944 777 973 illo
790 943 854 982 ipso
871 951 1004 981 tempore
1015 960 1022 974 ‚
1042 940 1114 970 cum

161 993 213 1024 vi,
233 990 332 1024 ferro,
353 999 454 1022 metu,
475 990 568 1018 minis
587 984 692 1016 obseni
711 986 910 1017 teneremini,
931 993 995 1013 non
1016 982 1116 1011 multo

161 1032 229 1074 post
243 1030 398 1062 discessum
413 1039 515 1061 mcum
532 1026 660 1058 universi
670 1037 721 1057 me
730 1025 919 1056 revocavistis
930 1045 938 1059 ,
963 1029 972 1043 ¹
984 1023 1115 1054 referen-

163 1083 192 1104 te
204 1076 238 1105 L.
249 1075 370 1104 Ninnio
380 1092 388 1105 ,
398 1070 558 1102 fortissimo
570 1083 583 1104 ς
591 1078 677 1110 atque
686 1070 804 1108 optimo
815 1069 880 1097 viro
892 1073 1001 1107 ?quem
1012 1065 1117 1095 habuit

162 1117 216 1146 ille
235 1114 354 1156 pestifer
370 1123 465 1143 annus
485 1113 517 1142 &
535 1111 670 1141 maxime
685 1109 806 1140 fidelem
819 1130 828 1142 ,
849 1110 880 1138 &
893 1107 1022 1137 minime
1033 1108 1117 1136 timi-

163 1158 236 1188 dum
249 1177 257 1190 ,
273 1155 291 1186 li
303 1156 443 1185 dimicare
452 1151 805 1194 placuisset‚defensorem
818 1151 918 1181 salutis
929 1159 1012 1179 meae.
1036 1146 1115 1187 post-

163 1199 286 1239 eaquam
306 1197 392 1227 vobis
415 1195 543 1235 potestas
563 1193 741 1236 decernendi
774 1202 838 1223 non
854 1191 896 1222 est
912 1188 1049 1231 permissi
1066 1198 1117 1228 pei·

165 1251 235 1270 eum
247 1239 402 1269 tribunum
416 1237 496 1277 pleb.
508 1238 579 1277 qui,
590 1235 661 1265 curn
672 1245 724 1275 per
735 1235 763 1265 se
773 1233 909 1273 rempub.
920 1234 1042 1262 lacerare
1052 1240 1117 1259 non

163 1286 179 1302 ²
191 1279 283 1322 posset
296 1301 304 1314 ‚
318 1280 370 1310 sub
379 1280 468 1308 ariano
479 1279 583 1309 scelere
593 1277 706 1307 delevit
720 1287 724 1305 :
748 1284 915 1316 numquam
925 1273 961 1303 de
975 1283 1024 1302 me
1035 1270 1118 1300 silui-

163 1323 214 1354 stis
224 1343 232 1356 ,
249 1331 414 1362 numquam
425 1330 523 1350 meam
538 1320 661 1350 salutem
672 1328 736 1348 non
746 1317 781 1347 ab
792 1318 837 1346 his
847 1315 1021 1346 consulibus
1033 1333 1041 1346 ‚
1066 1314 1118 1354 qui

162 1365 361 1395 vendiderant
371 1384 379 1396 ‚
400 1360 595 1403 flagitavistis.
618 1363 720 1400 Itaque
730 1358 829 1388 vestro
838 1357 936 1388 studio
949 1377 958 1390 ,
971 1365 1056 1396 atque
1066 1365 1119 1384 au-

164 1406 301 1437 &oritate
311 1404 476 1445 perse-{ium
487 1403 529 1433 est
540 1423 548 1436 ,
560 1413 593 1433 ut
602 1402 654 1432 ille
665 1402 724 1441 ipse
734 1410 830 1430 annus
841 1419 848 1433 ‚
861 1408 951 1441 quern
962 1409 1017 1440 ego
1028 1397 1118 1430 mihi,

165 1447 257 1490 quarn
275 1449 374 1488 patriae
389 1466 397 1480 ,
419 1446 583 1476 malueram
593 1442 650 1473 esse
660 1442 778 1473 fatalem
790 1461 801 1475 ,
819 1442 874 1471 hos
883 1440 1019 1471 tribunos
1029 1438 1118 1468 habe-

166 1499 231 1524 ret,
251 1492 303 1530 qui
313 1489 536 1529 promulgarent
553 1486 589 1516 de
603 1485 692 1516 salute
706 1494 792 1516 mea,
813 1483 846 1513 &
863 1482 899 1513 ad
915 1492 969 1512 vos
986 1481 1120 1521 saepenu—

168 1541 254 1562 mero
263 1530 411 1560 referrent.
428 1539 498 1559 nam
507 1527 644 1558 consules
655 1524 783 1556 modesti
794 1545 804 1557 ‚
814 1525 972 1566 legumque
982 1531 1120 1553 metuen-

167 1582 210 1604 tes
223 1594 231 1607 ‚
244 1570 463 1613 impediebantur
471 1578 528 1610 tege
539 1589 547 1603 ,
567 1579 631 1599 non
640 1578 672 1598 ea
684 1588 693 1600 ‚
711 1577 774 1608 quae
785 1566 821 1596 de
831 1577 881 1596 me
891 1586 900 1599 ‚
920 1565 969 1595 sed
980 1575 1012 1595 ea
1022 1584 1031 1598 ‚
1054 1573 1120 1604 quae

168 1615 205 1645 de
220 1613 286 1655 ipsis
296 1615 351 1644 lata
360 1622 438 1646 erat,
459 1611 531 1643 cum
543 1620 627 1641 meus
638 1612 779 1640 inimicus
789 1608 1009 1649 promulgavit,
1029 1615 1062 1635 ut
1073 1625 1081 1639 ,
1100 1602 1122 1633 fi

166 1654 342 1687 revixissent
353 1657 390 1687 ii,
412 1656 464 1694 qui
481 1654 542 1684 haec
553 1652 638 1692 paene
656 1651 811 1683 delei-unt,
832 1659 897 1679 tum
913 1659 967 1690 ego
980 1647 1120 1678 redirem:

167 1708 229 1739 quo
239 1696 318 1728 fa&o
329 1705 490 1736 utrumque
498 1693 648 1725 consessus
659 1691 700 1723 est
711 1713 719 1726 ,
743 1693 775 1722 &
788 1693 818 1723 se
830 1691 955 1721 illorum
965 1692 1058 1720 vitam
1069 1688 1122 1719 de-

168 1739 288 1770 siderare
301 1759 310 1773 ,
331 1739 364 1768 &
382 1747 492 1778 magno
511 1739 543 1766 in
560 1736 692 1776 periculo
708 1733 844 1775 rempub.
862 1733 993 1763 futuram
1007 1751 1016 1765 ‚
1036 1730 1056 1761 fi
1073 1739 1122 1761 aut

173 1781 272 1812 hostes
287 1801 295 1815 ‚
315 1789 400 1820 atque
418 1777 622 1809 interfectores
642 1776 759 1816 reipubl
787 1774 977 1809 revixiffient,
998 1782 1048 1805 aut
1066 1782 1122 1814 ego

133 1834 148 1866 3
169 1834 232 1854 non
246 1820 438 1853 revertiffem.
481 1823 582 1860 Itaque
597 1819 653 1849 illo
665 1819 730 1858 ipso
744 1826 845 1848 tamen
857 1826 937 1848 anno
953 1837 962 1850 ,
980 1815 1051 1846 cum
1065 1824 1122 1857 ego

169 1861 313 1896 ceffiss'em
337 1875 342 1893 ι
369 1865 506 1904 princeps
525 1871 624 1892 autem
653 1862 780 1890 civitatis
799 1879 807 1894 ‚
838 1869 901 1890 non
920 1860 1011 1899 legum
1032 1857 1122 1899 praefi-

168 1908 214 1937 dio
230 1928 238 1941 ,
263 1906 311 1938 sed
321 1907 466 1946 parietum
478 1925 486 1937 ‚
499 1904 591 1934 vitam
603 1903 683 1933 suam
695 1909 845 1936 tueretur3
867 1904 879 1928 3
889 1901 961 1940 resp.
982 1898 1043 1929 fine
1052 1909 1126 1929 con-

169 1949 282 1980 sulibus
308 1946 378 1978 estet
394 1967 406 1981 ‚
426 1956 524 1987 neque
539 1944 641 1975 solum
667 1944 837 1984 parentibus
868 1943 1014 1982 perpetuis
1033 1961 1042 1974 ‚
1074 1951 1124 1971 ve-

170 1990 241 2021 rum
251 1992 340 2020 etiam
351 1988 500 2019 tutoribus
510 1989 619 2017 annuis
635 1985 706 2016 efl'et
720 1985 821 2015 orbata
835 1995 841 2014 t
859 1985 1016 2014 sententias
1027 1983 1124 2013 dicere

168 2032 410 2073 prohiberemini
420 2040 425 2058 :
434 2038 520 2069 caput
529 2038 605 2058 meae
613 2028 838 2068 proscriptionis
848 2028 1025 2056 recitaretur:
1034 2035 1126 2055 num—

170 2083 262 2114 quam
274 2071 428 2103 dubitastis
438 2081 538 2101 meam
552 2071 676 2100 salutem
690 2079 759 2099 cum
773 2070 934 2098 communi
948 2067 1038 2097 salute
1051 2077 1125 2096 con-

169 2117 303 2156 jungere.
322 2113 424 2144 Postea
432 2112 503 2143 verb
513 2112 604 2153 quarn
616 2110 769 2151 singulari,
781 2111 813 2140 &
821 2107 1053 2150 praestantiffima
1063 2110 1125 2138 vir—

173 2166 235 2188 tute
246 2160 275 2188 P.
285 2156 411 2186 Lentuli
420 2155 551 2184 consulis
561 2173 570 2187 ‚
592 2163 630 2183 ex
640 2153 799 2192 superioris
808 2152 876 2181 anni
886 2151 1007 2190 caligine
1015 2170 1023 2185 ‚
1040 2151 1072 2180 &
1084 2160 1126 2180 te-

171 2198 273 2229 nebris
291 2198 416 2227 4lucem
435 2199 467 2226 in
487 2205 546 2234 rep.
570 2195 636 2224 Kal.
649 2195 715 2235 Jan.
730 2194 871 2233 respicere
886 2192 1033 2232 coepistis:
1053 2191 1124 2222 cum

172 2239 341 2280 Qietelli
352 2258 360 2272 ‚
376 2236 700 2268 nobilissimihominis
711 2255 719 2268 ‚
734 2243 819 2275 atque
829 2236 939 2274 optimi
950 2235 1005 2264 viri
1017 2253 1026 2267 ‚
1043 2234 1125 2263 surn—

172 2291 222 2312 ma
239 2280 368 2322 dignitas
385 2300 394 2314 ‚
424 2278 494 2311 cum
514 2287 704 2318 praetorum„
735 2278 925 2305 tribunorum
943 2275 1022 2314 pleb.
1041 2275 1127 2314 paene

171 2324 316 2354 omnium
327 2323 420 2351 virtus
431 2341 439 2354 ,
462 2320 494 2349 ὃς
504 2319 578 2349 fides
588 2339 596 2352 ‚
616 2319 685 2357 reip.
705 2315 903 2348 subvenisset:
923 2317 995 2345 cum
1005 2318 1125 2349 virtute,

171 2365 268 2407 gloria
285 2383 294 2398 ‚
320 2363 410 2397 rebus
428 2361 515 2402 gestis
533 2363 587 2391 Cn.
599 2359 760 2398 Pompeius
778 2378 786 2391 ‚
815 2358 958 2387 omnium
976 2359 1124 2397 gentium,

174 2407 318 2436 omnium
330 2404 516 2436 saeculorum,
529 2404 631 2432 omnis
641 2402 796 2430 memoriae
804 2398 890 2429 facile
900 2400 1048 2437 princeps,
1062 2397 1126 2427 tuto

174 2448 201 2478 se
218 2450 251 2477 in
265 2448 397 2477 senatum
412 2446 514 2475 venire
527 2444 731 2474 arbitraretur:
750 2450 847 2471 tantus
861 2439 953 2470 vester
966 2439 1126 2469 consensus

174 2489 211 2519 de
222 2489 311 2519 salute
321 2497 387 2518 mea
395 2486 455 2517 fuit
463 2506 472 2521 ‚
492 2489 506 2513 5
515 2494 547 2516 ut
556 2494 662 2526 corpus
671 2482 778 2515 abess'et
788 2492 893 2513 meum
903 2501 912 2516 ‚
930 2480 1056 2522 dignitas
1062 2482 1126 2521 jam

177 2614 533 2667 1.REs:rrnt=.L.Ninnio.]
556 2611 695 2639 Accedunt
715 2613 742 2638 ἃ
754 2610 786 2637 ad
805 2611 872 2638 hanc
890 2610 1042 2646 scripturam
1055 2610 1130 2636 Pala-

264 2650 322 2676 tini.
342 2651 387 2676 nili
398 2649 468 2686 quod
479 2651 515 2676 ita
535 2650 636 2675 litteras
661 2648 830 2683 conceperint
843 2667 850 2679 ,
869 2654 899 2673 ut
917 2646 977 2672 inde
998 2645 1056 2672 fieri
1072 2646 1131 2681 pos-

176 2687 209 2714 {it
220 2688 301 2712 Nsemio
313 2705 320 2716 ‚
338 2689 414 2712 Minio
426 2706 433 2717 ,
452 2693 497 2712 aut
507 2685 590 2712 simile
601 2683 676 2720 quid.
696 2685 765 2711 unde
779 2685 806 2710 δε
817 2690 908 2710 natum
920 2682 1029 2718 vulgare.
1038 2685 1134 2709 Manio.

176 2721 327 2750 consulatur
338 2721 476 2748 Turnebus
487 2721 533 2747 lib.
547 2730 644 2747 xztiix.
655 2729 710 2755 cap.
727 2728 769 2751 17·

216 2767 244 2784 2.
265 2758 399 2790 P'ffl'hsub
408 2757 691 2791 alitnosccleredslroit.]
712 2756 769 2782 Alii
780 2754 868 2782 aliter.
890 2753 1055 2781 Gulielmius
1074 2760 1134 2781 ten-

183 2794 267 2824 tabat,
277 2793 398 2826 rqffctfito‚
408 2795 569 2825 alienosrelerc
578 2793 673 2818 Ado-air-

219 2838 245 2865 3.
265 2830 417 2867 ¹*‘sp²‘l{·fi’¹⁶
427 2830 555 2861 confidibm
564 2829 641 2862 affin]
665 2829 691 2853 S.
703 2826 820 2854 Vie‘ioris
831 2828 922 2861 respub.
933 2827 985 2861 fine
994 2826 1072 2859 repub.
1086 2826 1137 2859 fine

180 2867 231 2899 suff.
244 2865 305 2900 esst,
316 2873 388 2898 cujus
399 2865 426 2890 &
437 2865 559 2891 meminit
570 2864 727 2890 Lambinus.

219 2908 248 2933 4.
269 2903 355 2925 Lucem
365 2902 475 2933 respicere
485 2900 603 2934 coepissn]
625 2899 769 2926 Lambinus
780 2898 884 2925 admisit
894 2897 945 2924 fide
954 2896 1014 2923 libri
1027 2897 1135 2929 veteris,

182 2936 313 2975 restatque
332 2935 358 2961 in
372 2935 438 2961 vall.
457 2937 482 2961 in
496 2937 635 2962 Pithoeano
648 2955 656 2967 ‚
675 2936 700 2961 in
721 2937 747 2961 S.
759 2935 895 2965 Vic‘tori83
915 2932 957 2960 sed
977 2933 1067 2959 littera
1087 2942 1138 2960 una

182 2973 316 2999 direrlum
329 2981 334 2997 :
357 2971 383 2996 lii
394 2972 466 2997 enim
476 2973 587 3006 despicere
599 2982 604 2996 .-
623 2971 694 3007 quod
705 2971 732 2997 S:
743 2971 770 2998 in
782 2970 843 2998 cdd.
856 2976 922 2997 vett.
933 2978 992 2996 nam
1005 2969 1136 2996 recentio-

183 3017 261 3036 κεν-τ
283 3015 358 3032 utere.

226 3009 311 3077 5.ſjUt
328 3050 409 3081 corpm
426 3044 528 3076 abcffct,
545 3043 620 3079 effa]
650 3042 728 3069 Haud
747 3043 825 3069 aliter
843 3042 923 3068 ctiam
943 3041 1010 3068 Pau.
1029 3041 1057 3067 8:
1076 3040 1138 3067 libri

188 3079 299 3110 Ahalae,
318 3079 415 3104 l'ithoei
429 3097 437 3111 ,
457 3080 484 3104 S.
506 3079 632 3104 victoris.
653 3080 747 3114 quippe
767 3079 874 3114 vulgata
891 3078 1023 3114 amplius,
1042 3085 1069 3103 ut
1086 3079 1138 3103 iicet

187 3125 211 3142 cu
242 3126 280 3143 ω.

214 3123 250 3176 Ξ.
271 3149 510 3190 τςίῑαὶωμςςηανα]
533 3149 650 3176 Estitcm
660 3149 693 3177 ab
702 3149 791 3179 iisdem
805 3169 814 3184 ‚
834 3149 927 3187 quibus
938 3148 1040 3179 accedit
1057 3147 1137 3177 etiam

186 3185 373 3218 Lriurdianus.
397 3186 486 3222 vulgo,
497 3193 640 3220 oppugnem.

1651 171 1667 183 η

1649 182 1667 202 δ

1123 154 1610 203 CrcERonr

1149 237 1183 266 in
1192 236 1314 276 patriam
1326 235 1494 267 revertisset.
1519 239 1589 279 Qo
1598 237 1722 278 quidem
1736 234 1838 266 mense
1848 255 1856 269 ‚
1869 233 1943 276 quid
1954 234 2032 264 inter
2041 231 2107 268 mei

1152 278 1186 308 δε
1206 287 1291 308 meos
1310 279 1452 307 inimicos
1475 278 1623 309 interesset
1639 299 1647 314 ‚
1678 278 1849 308 existimare
1870 275 2018 316 potuistis.
2050 285 2109 316 ego

1153 329 1253 349 meam
1273 319 1394 349 salutem
1414 317 1527 350 deserui
1538 340 1546 354 ‚
1567 331 1605 350 ne
1617 330 1734 361 propter
1744 330 1794 350 me
1805 321 1919 350 civium
1931 316 2108 348 vulneribus

1153 360 1225 401 resp.
1240 369 1460 391 cruentaretur:
1479 362 1525 391 illi
1541 372 1644 392 meum
1663 362 1792 392 reditum
1810 370 1874 390 non
1891 359 1995 400 populi
2011 360 2109 389 Rom.

1155 402 1319 445 suffragiis,
1339 402 1386 432 sed
1403 401 1531 433 flumine
1548 405 1697 446 sanguinis
1708 402 1971 433 intercludendum
1981 409 2106 440 putave-

1157 453 1233 475 runt.
1257 446 1356 485 Itaque
1373 443 1473 483 postea
1490 446 1567 475 nihil
1585 455 1639 476 vos
1657 445 1792 478 civibus,
1811 444 1889 473 nihil
1903 443 2008 475 sociis,
2030 441 2111 471 nihil

1157 486 1275 527 regibus
1287 484 1465 524 respondstu:
1484 488 1562 516 nihil
1573 487 1688 526 judices
1701 487 1854 516 sententiis
1865 505 1872 518 ‚
1893 483 2113 523 nihilpopulus

1160 526 1301 569 suffragiis
1314 548 1322 561 ,
1344 528 1420 557 nihil
1439 529 1488 558 hic
1507 528 1581 558 ordo
1598 528 1770 558 auctoritate
1786 527 1943 556 declaravit
1962 536 1967 554 :
1989 533 2112 554 mutum

1157 568 1258 599 forum
1271 589 1279 602 ‚
1292 570 1444 609 elinguem
1455 572 1567 599 curiam
1579 590 1587 603 ,
1598 571 1716 599 tacitam
1728 568 1760 598 &
1769 566 1892 598 haftam
1901 567 2054 596 civitatem
2065 567 2115 595 vi-

1159 610 1281 641 debatis.
1313 613 1382 652 Qo
1400 611 1524 652 quidem
1543 620 1699 650 tempore,
1714 608 1786 639 cum
1807 611 1830 638 is
1849 606 2014 639 excessiffict
2029 625 2039 640 ,
2061 608 2116 646 qui

1159 652 1232 683 caedi
1250 652 1282 682 &
1300 651 1430 682 flammae
1445 652 1533 682 vobis
1550 652 1722 682 auctioribus
1732 650 1891 681 restiterat:
1908 659 1978 679 cum
1988 647 2067 678 ferro
2079 648 2114 678 δε

1160 694 1275 724 facibus
1285 695 1425 724 homines
1436 703 1496 724 tota
1511 694 1580 725 urbe
1594 695 1765 724 volitanteis
1776 713 1785 726 ,
1805 690 2029 732 magistratuum
2048 687 2117 720 σεε-

1161 736 1207 765 &a
1221 738 1409 776 impugnata,
1429 735 1555 766 deorum
1566 735 1677 776 templa
1687 733 1874 764 inflammata
1886 753 1894 767 ‚
1917 733 2031 764 summi
2044 732 2116 765 viri,

1164 778 1196 807 &
1205 776 1358 807 clarissimi
1368 777 1500 807 consulis
1510 776 1610 807 fasceis
1620 776 1730 807 naz-sios
1739 796 1747 809 ‚
1755 773 1928 808 fortissimi,
1938 783 2023 815 atque
2033 775 2116 813 opti-

1163 821 1206 848 mi
1219 820 1296 851 viri,
1319 819 1431 848 tribuni
1445 819 1522 858 pleb.
1535 817 1749 849 sanciissimum
1764 826 1871 857 corpus
1889 821 1974 846 7non
1989 813 2113 849 mitum,

1161 870 1194 890 ac
1210 860 1357 890 violatum
1373 870 1464 890 manu
1475 880 1482 893 ‚
1500 861 1548 890 sed
1563 861 1753 890 vulneratum
1767 859 1861 892 ferro,
1881 855 2116 897 confeEtumque

1162 900 1287 931 vidistis.
1320 903 1386 943 Qa
1395 901 1486 943 strage
1505 903 1646 932 nonnulli
1667 903 1800 942 permoti
1821 899 2025 941 magistratus,
2051 907 2118 938 par-

1162 945 1219 973 tim
1237 951 1320 972 metu
1338 945 1464 976 mortis,
1485 945 1592 983 partim
1607 944 1809 984 desperatione
1820 942 1934 981 reipub.
1956 937 2119 981 paulluma

1165 994 1231 1014 mea
1241 984 1323 1014 causti
1333 983 1521 1015 recesserunt.
1545 986 1653 1026 reliqui
1664 985 1786 1016 fuerunt
1797 1003 1805 1018 ,
1825 993 1901 1024 quos
1912 992 2008 1023 neque
2019 989 2118 1014 terror,

1164 1035 1261 1066 neque
1271 1028 1315 1055 vis
1324 1045 1332 1059 ‚
1350 1035 1404 1056 nec
1413 1027 1475 1065 spes
1486 1046 1494 1060 ,
1509 1037 1564 1057 nec
1577 1037 1673 1057 metus
1684 1048 1692 1061 ‚
1707 1036 1762 1056 nec
1770 1023 1912 1067 promissa
1921 1045 1929 1058 ‚
1944 1034 2000 1054 nec
2010 1024 2116 1055 minae,

1164 1077 1220 1096 nec
1233 1067 1288 1096 tela
1298 1085 1306 1100 ,
1326 1076 1381 1097 nec
1392 1067 1468 1097 faces
1480 1068 1496 1097 a
1509 1068 1601 1099 vestra
1614 1068 1786 1099 annositate
1796 1088 1805 1102 ,
1826 1067 1841 1097 a
1851 1067 1955 1107 populi
1965 1068 2058 1096 Rom.
2070 1064 2120 1094 di-

1163 1109 1274 1149 gnitate
1286 1127 1294 1140 ,
1313 1108 1329 1138 a
1347 1118 1413 1138 mea
1425 1109 1514 1139 salute
1528 1110 1720 1150 depellerent.
1763 1111 1902 1148 Princeps
1917 1111 1946 1139 P.
1956 1106 2115 1139 Lentulus,
2137 1129 2159 1161 4

1163 1159 1267 1189 parens
1279 1168 1287 1182 ‚
1306 1159 1338 1179 ac
1346 1149 1418 1179 deus
1427 1149 1535 1181 nostrae
1545 1161 1631 1185 vrrae,
1651 1151 1797 1184 fortunae,
1817 1152 1992 1183 memoriae,
2012 1150 2117 1178 nomi·

1166 1192 1233 1224 nis,
1253 1191 1312 1220 hoc
1322 1190 1472 1230 specimen
1483 1194 1618 1226 virtutis,
1639 1194 1696 1222 hoc
1706 1193 1855 1223 indicium
1865 1192 1980 1224 animi,
2001 1190 2118 1219 hoelu-

1166 1241 1238 1262 men
1248 1232 1416 1262 consulatus
1426 1233 1470 1262 sui
1481 1232 1546 1263 fore
1554 1236 1669 1273 putavit
1677 1253 1685 1267 ‚
1698 1234 1718 1264 fi
1727 1244 1777 1263 me
1786 1233 1864 1263 mihi
1874 1252 1883 1265 ‚
1894 1231 1914 1261 fi
1924 1233 2000 1261 meis
2010 1251 2019 1264 ‚
2031 1229 2052 1260 sl
2063 1240 2120 1260 vo·

1165 1273 1214 1303 bis
1225 1293 1233 1307 ,
1245 1272 1266 1303 si
1276 1274 1388 1313 reipub.
1398 1273 1572 1305 reddidisset
1581 1295 1589 1309 ‚
1601 1277 1653 1316 qui
1663 1275 1746 1305 utest
1754 1274 1918 1316 designatus
1928 1293 1938 1307 ‚
1949 1281 2119 1313 numquam

1164 1315 1313 1345 dubitavit
1322 1315 1499 1345 sententiam
1510 1316 1546 1346 de
1554 1317 1643 1347 salute
1653 1327 1720 1347 mea
1729 1337 1738 1350 ,
1757 1318 1786 1348 se
1798 1338 1807 1351 ‚
1827 1316 1860 1346 δε
1869 1315 1971 1355 repub.
1984 1315 2120 1354 dignam,

1165 1357 1272 1387 dicere.
1296 1359 1375 1387 Cum
1392 1356 1408 1387 a
1427 1357 1566 1388 Tribuno
1584 1358 1663 1398 pleb.
1681 1368 1844 1392 vetaretur,
1863 1356 1935 1387 cum
1945 1359 2120 1396 praeclarum

1164 1407 1252 1439 caput
1270 1400 1438 1429 recitaretur
1457 1419 1467 1432 ‚
1498 1401 1553 1430 Ne
1573 1403 1659 1440 Qus
1681 1410 1726 1430 AD
1749 1411 1808 1431 vos
1830 1408 2006 1430 REFERRET
2028 1417 2036 1431 2
2075 1406 2121 1430 ΝΕ

1168 1449 1247 1478 Qus
1270 1450 1492 1471 DECERNERET
1511 1461 1520 1475 ‚
1548 1451 1594 1471 NF.
1613 1452 1825 1473 mspu-rfflutr
1843 1461 1852 1476 ‚
1881 1449 1926 1470 Νε
1948 1448 2123 1480 LOQERE-

1168 1492 1238 1512 Tun
1258 1501 1267 1515 ,
1305 1491 1350 1511 NE
1371 1491 1511 1513 ramnus
1535 1493 1615 1513 mar
1638 1503 1647 1518 ,
1685 1493 1730 1513 NE
1751 1486 1936 1513 seremanno
1958 1490 2118 1514 Ansssszw:

1168 1519 1182 1543 ⁸
1193 1533 1287 1571 totam
1297 1524 1380 1553 illam
1391 1543 1400 1557 ‚
1423 1524 1606 1555 utante.dixi
1616 1545 1625 1559 ‚
1643 1526 1891 1566 proscriptionem
1903 1544 1911 1558 ,
1927 1533 1991 1553 non
2006 1524 2118 1565 legem,

1166 1573 1299 1605 putavit,
1318 1574 1376 1606 qua
1384 1568 1459 1596 civis
1469 1566 1587 1606 optime
1596 1567 1632 1597 de
1641 1567 1743 1607 repub.
1755 1569 1879 1597 meritus
1892 1587 1899 1600 ‚
1919 1567 2120 1603 nominatim,

1166 1607 1227 1637 fine
1241 1606 1375 1647 judicio,
1400 1607 1459 1636 una
1475 1617 1545 1637 curn
1563 1608 1684 1642 senatu,
1705 1609 1822 1649 reipub.
1841 1608 1912 1639 ess'et
1928 1615 2053 1647 ereptus.
2075 1612 2121 1640 Ut

1169 1647 1241 1696 vero
1259 1650 1329 1678 iniit
1344 1647 1545 1689 magistratum
1554 1669 1562 1683 ,
1586 1660 1649 1680 non
1658 1650 1756 1680 dicam
1768 1670 1776 1684 ,
1798 1650 1868 1691 quid
1880 1651 1939 1691 egit
1949 1658 2030 1688 prius
2041 1669 2051 1682 ,
2070 1651 2122 1681 sed

1170 1691 1243 1732 quid
1252 1692 1385 1720 omnino
1394 1693 1453 1732 egit
1462 1691 1542 1721 aliud
1553 1711 1562 1724 ‚
1578 1690 1632 1721 nifi
1644 1712 1653 1725 ,
1667 1701 1700 1722 ut
1709 1712 1718 1726 ,
1731 1701 1779 1722 me
1788 1693 1961 1722 conservato
1972 1710 1982 1723 ,
1992 1691 2122 1724 vestram

1170 1736 1202 1763 in
1221 1732 1372 1773 posterum
1390 1731 1566 1773 dignitatem
1584 1753 1593 1767 ,
1616 1733 1882 1774 austoritatemque
1896 1734 2016 1763 sanciret
2035 1737 2046 1763 ?
2068 1736 2125 1765 Dii

1170 1775 1357 1805 immortales
1366 1794 1374 1808 ‚
1404 1784 1548 1815 quantum
1561 1776 1639 1805 mihi
1649 1775 1831 1806 beneficium
1842 1771 1953 1805 dediss'e
1962 1775 2123 1810 videmini,

1172 1816 1254 1858 quod
1264 1818 1322 1846 hoc
1333 1826 1413 1846 anno
1429 1820 1444 1843 9
1455 1818 1637 1847 P.Lentulus
1647 1818 1753 1848 consul
1763 1817 1826 1847 est?
1842 1826 1953 1857 quanto
1965 1818 2060 1856 majus
2071 1817 2125 1848 de-

1171 1857 1282 1889 diss'etis
1293 1877 1301 1892 ,
1325 1856 1345 1886 fi
1356 1858 1505 1898 superiore
1513 1869 1593 1889 anno
1602 1857 1723 1890 fuiffet?
1741 1869 1796 1890 nec
1806 1861 1890 1889 enim
1902 1856 2044 1899 eguissem
2058 1869 2125 1889 me-

1171 1900 1269 1931 dicina
1285 1900 1456 1933 consulari,
1472 1899 1527 1930 nisi
1536 1902 1685 1931 consulari
1697 1902 1820 1931 vulnere
1832 1899 2037 1931 concidiss'em.
2060 1904 2128 1931 Au-

1173 1942 1286 1972 dieram
1299 1951 1338 1971 ex
1357 1941 1572 1981 sapientilissino
1588 1944 1715 1972 homine
1726 1963 1734 1976 ‚
1751 1952 1837 1984 atque
1855 1945 1974 1982 optimo
1990 1943 2068 1977 civi,
2090 1943 2125 1973 ὃς

1173 1987 1239 2014 Viro
1249 2003 1257 2017 ‚
1270 1985 1421 2023 QCatulo
1431 2004 1447 2017 ,-
1456 1988 1520 2014 nori
1530 1985 1601 2023 [αἶρε
1614 1995 1702 2013 :mimz
1717 1996 1763 2014 con
1779 1986 1852 2014 ulem
1861 1982 2017 2025 tmprobum
2026 2005 2035 2017 ,
2047 1984 2125 2015 duos

1174 2024 1246 2056 vero
1270 2028 1299 2044 ¹0
1309 2035 1474 2066 numquam
1486 2046 1494 2060 ‚
1516 2028 1582 2065 post
1597 2028 1729 2056 Romam
1741 2027 1891 2056 condit..m
1905 2046 1912 2059 ‚
1934 2035 2059 2065 excepto
2070 2027 2126 2056 illo

1176 2069 1314 2112 Cinnano
1326 2076 1462 2107 tempore
1473 2088 1481 2101 ‚
1491 2065 1588 2097 suiss'e.
1603 2078 1692 2109 quare
1702 2078 1800 2098 meam
1811 2069 1925 2098 causam
1938 2067 2052 2107 semper
2060 2067 2127 2098 fore

1176 2108 1377 2154 firmissimam
1398 2109 1496 2138 dicere
1516 2109 1625 2140 solebat
1647 2130 1655 2143 ‚
1678 2109 1751 2140 dum
1770 2111 1819 2141 vel
1848 2119 1924 2140 unus
1948 2111 1983 2139 in
2008 2109 2126 2149 republ.

1175 2151 1279 2181 consul
1290 2150 1369 2180 estet.
1394 2151 1483 2191 Qod
1494 2151 1562 2181 vere
1573 2151 1687 2181 dixerat
1696 2171 1704 2184 ‚
1725 2150 1877 2182 fiilludde
1887 2151 2004 2181 duobus
2014 2151 2124 2181 consu-

1175 2192 1254 2222 libus
1263 2192 1343 2233 quod
1354 2193 1421 2222 ante
1432 2202 1465 2222 in
1475 2202 1533 2232 rep.
1544 2203 1608 2223 non
1616 2193 1710 2223 fuerat
1719 2213 1728 2227 ‚
1746 2203 1888 2233 peremne
1898 2213 1908 2226 ,
1926 2203 1958 2222 ac
1967 2193 2125 2232 proprium

1175 2244 1296 2279 man-ere
1312 2233 1461 2274 potuisset.
1484 2233 1574 2275 Qod
1585 2233 1605 2264 si
1616 2235 1805 2274 QMetellus
1813 2235 1868 2263 illo
1879 2243 2012 2272 tempore
2020 2233 2125 2263 consul

1175 2275 1292 2308 sufflet»,
1307 2277 1428 2305 unicus:
1448 2275 1587 2305 dubitatis
1597 2295 1606 2308 ‚
1625 2284 1687 2315 quo
1696 2277 1798 2305 animo
1807 2274 1897 2304 fuerit
1905 2277 1938 2304 in
1948 2284 1996 2304 me
2007 2275 2128 2304 conser-

1176 2317 1276 2347 vando
1293 2316 1411 2346 futurus
1422 2336 1431 2348 ,
1449 2315 1521 2346 cum
1535 2317 1568 2345 in
1580 2315 1764 2345 restituendo
1777 2315 1931 2345 austorem
1948 2314 2051 2350 fuiss'e,
2071 2315 2127 2346 ad·-

1175 2358 1408 2397 scriptoremque
1422 2357 1546 2386 videatis
1559 2359 1569 2385 ?
1588 2360 1613 2376 ¹¹
1623 2356 1673 2386 sed
1682 2356 1803 2387 fuerunt
1815 2357 1876 2387 duo
1888 2358 2036 2390 consules,
2049 2367 2127 2398 quo-

1175 2408 1242 2427 rum
1253 2406 1369 2427 mentes
1378 2397 1506 2438 angustae
1516 2417 1524 2431 ,
1538 2401 1565 2416 ¹²
1573 2398 1704 2428 humiles
1715 2419 1722 2431 ‚
1732 2407 1838 2438 pmvae,
1848 2399 1973 2439 oppletae
1984 2401 2126 2433 tenebris,

1174 2449 1204 2469 ac
1219 2439 1373 2472 sordibus,
1392 2449 1506 2469 nomen
1520 2439 1618 2479 ipsum
1636 2440 1825 2474 consulatus,
1844 2440 2128 2480 splendoremillius

1174 2482 1318 2515 honoris,
1335 2480 1575 2522 magnitudinem
1586 2483 1853 2522 tantiimperiinec
1862 2484 1991 2516 intueri,
2012 2492 2066 2512 nec
2077 2482 2128 2512 su-

2006 2523 2127 2560 stinere,

1212 2618 1240 2644 7.
1260 2613 1312 2635 Non
1321 2612 1411 2635 raHum
1420 2618 1448 2634 ac
1456 2610 1571 2634 violarum
1581 2608 1679 2642 manin]
1701 2607 1820 2643 Recepta
1833 2607 1915 2634 leffio
1927 2625 1936 2639 ‚
1953 2608 2075 2642 nonsblmn
2086 2615 2128 2633 ra-

1178 2647 1250 2677 Hum,
1260 2647 1310 2676 (lyr.
1329 2644 1371 2672 fied
1382 2652 1474 2671 contra
1485 2643 1542 2670 msl'.
1552 2643 1666 2670 eosdem.

1215 2681 1242 2707 8.
1261 2686 1338 2707 Totam
1347 2683 1412 2706 illam
1423 2699 1430 2712 ,
1442 2688 1469 2705 ut
1479 2687 1534 2705 ante
1543 2680 1595 2705 dlxi
1605 2699 1613 2712 ,
1621 2679 1830 2713 proscrIprionem]
1852 2679 1927 2706 Libri
1939 2679 2069 2706 recentius
2079 2688 2130 2716 pu-

1177 2716 1279 2748 blicati,
1290 2724 1362 2743 rotam
1371 2718 1434 2742 illam
1444 2717 1550 2749 causum,
1560 2723 1605 2742 aut
1615 2715 1679 2742 adeo
1693 2734 1701 2747 ‚
1720 2717 1858 2748 clamardum.
1878 2714 1920 2741 scd
1932 2722 2024 2742 neutra
2034 2723 2129 2741 vocum

1178 2754 1261 2780 exstat
1272 2753 1297 2779 in
1312 2754 1410 2780 vetuste
1421 2753 1485 2778 culis
1498 2771 1505 2782 ,
1525 2750 1701 2788 spernuntque
1713 2752 1729 2777 :i
1747 2750 1770 2776 se
1782 2752 1848 2777 Pall.
1859 2760 1952 2777 onmes
1964 2770 1972 2782 ‚
1992 2751 2055 2777 item
2068 2749 2129 2776 Erf.

1177 2788 1353 2831 Al1.S.Vi&t.
1370 2788 1475 2825 respicit
1484 2786 1583 2814 scilicet
1601 2786 1633 2814 ad
1651 2786 1720 2814 illud
1737 2787 1829 2823 capitis
1841 2795 1867 2822 3.
1885 2793 1956 2820 caput
1964 2795 2016 2813 met
2027 2787 2132 2820 proscri-

1191 2832 1268 2851 rioms.

1171 2832 1188 2858 p
1213 2870 1242 2896 9.
1261 2865 1292 2887 P.
1303 2861 1420 2887 Lentulus
1436 2859 1537 2894 confid]
1561 2859 1584 2884 V
1587 2859 1650 2895 ulgo
1653 2860 1717 2892 fuit,
1727 2857 1769 2885 sed
1780 2858 1866 2884 hocin
1878 2857 1958 2884 nullis
1968 2857 2003 2884 est
2014 2856 2129 2894 scriptis,

1177 2896 1233 2923 imo
1247 2906 1331 2932 neque
1345 2897 1372 2923 in
1384 2896 1489 2926 nostris,
1499 2902 1673 2932 praeterquam
1684 2897 1711 2921 in
1723 2894 1780 2921 Pal.
1791 2903 1872 2925 nono,
1882 2900 1927 2919 aut
1937 2892 2048 2920 Erfurd.

1219 2942 1261 2959 10.
1278 2936 1413 2967 Numquam
1419 2934 1471 2964 [νοεῖ
1480 2934 1574 2957 Romam
1583 2930 1725 2964 conditam]
1746 2931 1813 2956 Tres
1825 2938 1899 2955 voces
1908 2929 2052 2966 postremas
2061 2928 2132 2957 inse-

1178 2969 1218 2995 rui
1230 2978 1262 2995 ex
1274 2968 1365 2994 iisdem
1375 2967 1462 2995 libris.
1480 2967 1507 2993 iri
1518 2966 1607 2997 editis,
1617 2974 1746 3000 numquam
1756 2972 1829 2991 antea
1837 2965 1964 2998 visaesunt.

1222 3014 1230 3031 ι
1241 3014 1262 3031 1.
1282 3004 1327 3029 Sed
1342 3005 1440 3035 fuerunt
1450 3004 1492 3028 duo
1502 3002 1628 3036 confides]
1646 3001 1715 3028 Pall.
1732 3001 1834 3036 aliquot
1847 3019 1855 3032 ‚
1874 3003 1907 3026 hie·
1917 3001 2015 3034 confides
2027 3020 2035 3033 ‚
2046 3003 2131 3033 antii,

1181 3040 1251 3076 quod
1279 3048 1372 3067 natum
1389 3049 1422 3066 ex
1441 3038 1542 3066 binario
1560 3047 1607 3073 per
1624 3044 1715 3066 notam
1735 3035 1864 3072 expresso.
1892 3037 2037 3063 Lambinus
2056 3037 2132 3064 tollit

1181 3077 1288 3138 {lapsum
1299 3095 1307 3108 ‚
1326 3074 1540 3112 praeter-scriptos
1552 3074 1650 3101 nostros
1668 3073 1696 3100 δε
1715 3073 1781 3099 olim
1799 3072 1884 3099 cui'os.
1904 3073 1932 3098 Sc
1950 3080 2055 3109 poterat
2071 3071 2132 3102 sub-

1192 3115 1208 3138 il
1224 3121 1278 3138 ere.

1182 3182 1200 3210 s
1222 3156 1267 3209 ‚¹²s:
1287 3148 1408 3181 Humiles,
1418 3145 1527 3184 prame]
1549 3144 1637 3176 Etiam
1646 3143 1820 3180 PaU.liabeut
1831 3151 1916 3180 parm
1926 3163 1935 3178 ‚
1953 3143 2077 3172 &forsan
2095 3144 2134 3172 ita

1194 3192 1229 3211 cri
1260 3191 1291 3213 it·

1231 3193 1248 3221 Ρ
2040 3223 2064 3244 1·
2082 3211 2138 3241 §.Aa
