2337 3400
162 111 257 159 822
570 105 637 153 M.
721 101 1087 149 TULL11

162 193 234 225 cum
258 194 404 230 integram
425 196 486 217 rem
513 186 545 217 δε
568 185 686 216 causam
705 184 892 225 reliquerim.
917 183 1048 223 Reliqua
1057 183 1125 213 sunt

163 240 334 272 domestica.
359 241 368 256 ¹
383 240 430 267 De
442 225 618 273 όνὲομύχφ
638 254 645 264 ,
664 234 760 275 probo
772 234 852 265 idem
865 254 872 267 ‚
885 233 966 275 quod
978 244 1009 264 tu
1020 254 1029 268 ‚
1042 237 1057 254 2
1068 237 1125 265 Po·

1163 103 1714 154 Cicnnonis

1145 216 1147 226 7
1166 187 1199 216 Ρ.
1218 184 1374 215 valerium
1389 194 1475 228 negat
1484 186 1589 217 habere
1598 189 1760 229 quicquam
1770 187 1932 228 Deiotarus
1942 197 1998 221 rex
2008 209 2016 225 ‚
2035 199 2122 223 eum-

1145 254 1147 267 Ι
1166 237 1226 268 que
1239 227 1304 257 aita
1314 227 1342 257 se
1354 225 1516 257 sustentari.
1539 228 1618 259 Cum
1632 230 1705 260 scies
1716 250 1725 264 ‚
1735 233 1844 262 Romae
1858 233 2062 263 intercalatum
2076 233 2121 268 sit.

163 283 281 313 stumiae
304 283 330 309 F.
359 280 412 308 ille
433 279 580 319 quoniam
604 276 752 307 Pontidiae
774 285 909 317 nugatur.
941 275 990 306 sed
1013 276 1124 306 vellem
1145 275 1147 308 i
1167 278 1280 303 necnei
1300 271 1314 296 3
1335 269 1430 299 velim
1452 269 1487 299 ad
1510 279 1559 299 me
1582 271 1829 307 scribascertum,
1850 283 1912 314 quo
1925 274 1974 304 die
1986 274 2123 314 mysteria

162 321 281 354 adesses.
311 325 326 351 a
345 322 462 362 Oginto
486 319 573 350 fratre
595 320 642 348 his
660 316 812 348 mensibus
831 318 910 348 nihil
931 317 1122 358 exsperstaris.

163 374 231 395 mm
254 366 372 394 Taurus
396 370 515 402 propter
534 363 621 391 nives
642 369 710 390 ante
724 360 858 390 mensem
869 361 1000 401 Junium
1012 358 1126 390 tranfiri

161 416 225 436 non
236 404 342 446 potest.
362 406 547 437 Thermum,
558 411 591 432 ut
601 402 890 443 rogas,creberrimis
899 402 1007 432 litteris
1018 401 1127 436 fulcio,

201 522 211 539 ι
220 532 224 537 .
236 515 267 538 De
278 503 467 547 ξνδὶμύχῳ.]
490 505 637 533 Restitutio
648 505 701 532 haeC
710 503 746 531 est
756 502 884 536 metor-115
896 509 972 530 antea
982 502 1121 539 legebatur

196 569 199 572 .
256 566 264 577 s
284 575 289 581 ⁸

161 552 363 627 ἓνὲμῇἶβιικη
372 595 444 619 F.1'lle
461 595 572 627 quoniam
588 591 727 626 Pontum]
750 590 793 617 13st
812 591 827 617 ii
839 592 951 617 Decurt.
963 588 1119 616 1ιεεε1εεὶὶο.

162 633 263 658 viderit
274 633 353 658 etiam
365 638 441 657 antea
452 630 600 661 Manutius,
610 628 712 662 defi-io,
722 628 844 662 nonfilta.
865 627 1004 653 Postumiae
1015 626 1056 652 hic
1065 626 1116 661 agi:

161 677 307 705 pronomen
321 687 330 700 ‚
340 669 375 693 ille
386 685 394 699 ,
404 665 474 694 deest
484 666 512 693 iu
523 665 597 701 vulg.
608 665 634 692 ὃς
645 664 758 690 Pontidia
770 682 777 696 ‚
795 672 844 699 pro
858 682 865 696 ‚
874 664 988 690 Pontidia
996 662 1097 699 legitur
1108 670 1117 694 3

465 749 1063 811 M.'TULL11

165 864 1109 985 EPISTO

632 1023 1017 1078 LIBER

1088 1121 1129 1165 A

394 1219 453 1280 A
636 1217 693 1276 ‘s
881 1215 940 1274 T

403 1348 601 1379 CICERO
624 1346 843 1378 ATTICO,
866 1345 894 1375 S.

370 1404 379 1411 a
454 1392 559 1420 Cer-:1³1
582 1397 645 1418 tuas
664 1387 774 1417 litteras
796 1391 806 1406 ¹
819 1386 1132 1426 A.n.quintum'1*er-

455 1430 581 1462 minalia
597 1429 751 1460 Laodiceae
775 1449 784 1463 ,
805 1437 877 1469 quas
896 1429 954 1469 legi
972 1427 1130 1458 libentiffi-

377 1475 379 1478 '
456 1473 508 1503 me
533 1492 541 1506 ,
562 1469 745 1512 plenissimas
771 1471 903 1504 amoris,
923 1471 1129 1504 humanitatis,

404 1508 427 1535 Τ
457 1512 576 1547 officii,
589 1513 764 1554 diligentiae.
787 1516 801 1532 ²
812 1513 859 1542 his
870 1513 961 1554 igitur
969 1511 1131 1552 responde-

456 1564 497 1594 bo
511 1575 517 1593 :
540 1567 552 1591 3
569 1561 606 1593 fic
617 1565 701 1593 enim
714 1561 860 1602 postulas:
876 1571 931 1591 nec
941 1554 1131 1595 oisoemm'ow

393 1631 399 1639 ,
419 1619 429 1623 -
458 1616 558 1636 meam
570 1603 726 1635 instituam
737 1616 746 1638 3
759 1603 807 1633 sed
817 1602 959 1633 ordinem
970 1603 1129 1633 conserva-

458 1648 498 1677 bo
522 1656 620 1678 tuum.
656 1643 883 1676 Recentiffimas
901 1644 918 1675 a
937 1644 1082 1684 Cybistris
1102 1654 1130 1675 te

167 1697 249 1717 meas
267 1687 377 1717 litteras
394 1687 502 1719 habere
519 1692 580 1721 ais„
606 1698 639 1718 A.
660 1698 690 1717 D·
715 1698 745 1718 x.
763 1690 848 1717 KAL.
863 1685 968 1716 ostobw
986 1687 1128 1717 datasz&
1152 1712 1153 1715 ,

162 1731 238 1761 scire
257 1731 302 1758 vis
322 1749 330 1762 ,
355 1738 419 1759 tuas
436 1741 492 1772 ego
511 1740 584 1772 quas
599 1731 768 1769 acceperim
785 1740 790 1757 t
813 1730 935 1758 omneis
951 1726 1031 1761 fere,
1056 1738 1128 1768 quas

162 1780 406 1805 commemoras,
426 1782 530 1812 praeter
546 1781 594 1802 eas
605 1791 613 1806 ,
632 1780 705 1812 quas
722 1770 824 1800 scribis
840 1769 963 1819 Lentuli
985 1770 1129 1809 pueris&

164 1822 349 1861 Equotutico
360 1840 368 1854 ‚
391 1822 423 1852 δε
435 1820 593 1852 Brundisio
611 1820 701 1851 datas.
722 1829 811 1861 quare
823 1828 888 1848 non
899 1811 1011 1857 Olz‘iobf
1023 1827 1073 1849 tua
1082 1819 1132 1849 in-

161 1862 273 1894 dustria
284 1882 292 1896 ‚
311 1863 393 1903 quod
405 1865 516 1894 vereris
527 1883 536 1897 ,
557 1862 607 1893 sed
617 1862 755 1903 praeclare
765 1863 888 1902 ponitur
903 1872 912 1894 3
932 1858 951 1889 fi
960 1860 1086 1900 quidem
1099 1861 1129 1891 id

163 1904 250 1946 egisti
262 1924 270 1938 ,
289 1913 321 1934 ut
339 1915 395 1945 ego
405 1905 576 1936 deleciarer.
598 1914 669 1935 nam
678 1903 761 1934 nulla
772 1913 803 1933 re
814 1903 880 1933 surn
892 1901 1054 1932 delectatus
1064 1913 1129 1934 ma-

161 1957 219 1997 gis.
241 1953 332 1996 Qod
351 1964 449 1985 meam
475 1949 650 1990 βαθύτητι»
678 1963 712 1983 in
738 1953 837 1993 Appio
862 1951 919 1982 tibi
939 1971 948 1985 ‚
975 1956 993 1978 4
1011 1952 1129 1983 liberta-

162 2006 224 2027 tem
249 1999 341 2027 etiam
363 1998 395 2026 in
416 1999 509 2027 Bruto
527 1996 623 2037 probo
634 2007 643 2030 3
662 1996 859 2026 vehementer
871 1993 1002 2034 gaudeo:
1022 2004 1128 2037 acppu-

159 2047 252 2069 taram
265 2039 355 2069 secus.
378 2040 493 2079 Appius
504 2041 589 2068 enim
600 2037 636 2069 ad
645 2047 696 2068 me
705 2047 744 2068 ex
756 2038 862 2067 itinere
874 2037 931 2069 bis,
943 2044 1024 2066 terve
1035 2038 1103 2070 ππ
1111 2057 1124 2063 -

159 2079 403 2126 μεμψιβωὶρες
426 2089 538 2118 litteras
550 2087 670 2118 miserat
681 2107 689 2121 ,
708 2085 791 2128 qubd
800 2085 938 2127 quaedam
949 2085 964 2116 a
973 2086 1001 2116 se
1014 2084 1128 2116 consti-

159 2137 223 2160 tuta
242 2129 451 2160 rescinderem.
472 2139 505 2160 ut
523 2128 694 2163 simmacus,
713 2128 922 2169 cumaegrotus
932 2128 982 2158 alii
995 2128 1126 2161 medico,

161 2171 288 2201 traditus
312 2170 345 2201 sit
355 2191 364 2205 ,
389 2172 473 2202 irasci
485 2172 559 2202 velit
572 2173 600 2201 ei
612 2171 733 2202 medico
745 2191 754 2203 ‚
774 2173 826 2211 qui
838 2169 891 2200 fibi
903 2168 1086 2203 successerit,
1108 2168 1129 2199 si

162 2222 229 2253 quae
254 2213 314 2253 ipse
330 2217 361 2243 in
372 2213 504 2244 curando
515 2212 703 2244 constituerit
718 2232 727 2247 ‚
755 2221 851 2243 mutet
862 2212 914 2242 ille
932 2210 987 2242 :sic
998 2213 1126 2252 Appius,

160 2261 235 2293 cum
254 2255 494 2298 ἒξόἱφαίρέπως
507 2265 695 2302 provinciam
706 2265 815 2293 curarit
829 2284 837 2296 ,
849 2262 1026 2303 sanguinem
1038 2262 1129 2292 mise-

160 2306 217 2338 rit,
239 2302 387 2344 quidquid
397 2305 496 2344 potuit
508 2304 685 2339 detraxerit,
697 2306 775 2335 mihi
788 2304 943 2335 tradiderit
952 2307 966 2331 5
976 2303 1124 2337 enectam,

160 2341 519 2388 ωεθπινοιἹρεφομὲνῦα
539 2362 606 2383 eam
625 2354 640 2384 a
662 2364 712 2384 me
733 2363 797 2383 non
812 2353 940 2383 libenter
951 2352 1057 2386 videt5
1078 2352 1127 2382 sed

162 2393 260 2424 modo
270 2393 530 2427 succensenmodb
539 2397 645 2436 gratias
655 2398 723 2436 agit.
736 2396 814 2426 nihil
831 2397 914 2425 enim
925 2394 940 2424 a
954 2405 1001 2424 me
1013 2392 1047 2424 fit
1055 2404 1126 2423 cum

163 2437 225 2466 ulla
248 2436 330 2465 illius
348 2436 543 2466 contumelia.
577 2437 795 2468 tantummodo
812 2435 1024 2466 dissimilitudo
1051 2445 1126 2465 meae

165 2479 290 2508 rationis
301 2476 432 2508 offendit
441 2479 612 2508 hominem.
633 2479 705 2520 quid
719 2488 803 2508 emm
814 2477 910 2517 potest
927 2476 985 2507 esse
996 2487 1055 2506 tarn
1069 2476 1128 2506 dis-

163 2518 271 2552 simile,
282 2520 372 2560 quam
384 2520 440 2549 illo
454 2521 620 2560 imperante
633 2542 640 2555 ‚
652 2519 824 2551 exhaustam
835 2518 891 2549 effe
901 2519 1080 2558 sumptibus,
1094 2518 1126 2548 δε

157 2560 284 2601 jaeturis
299 2562 495 2602 provinciam
513 2562 604 2592 nobis
625 2572 691 2593 earn
704 2562 913 2592 obtinentibus
927 2581 935 2594 ,
957 2570 1125 2590 nummum

164 2604 288 2633 nullum
311 2601 367 2633 cfl‘e
386 2613 538 2644 erogatum
560 2614 616 2635 nec
627 2606 769 2646 privatim
781 2624 790 2638 ,
812 2614 868 2634 nec
877 2603 1023 2644 publice?
1042 2602 1123 2643 Qid

1124 1214 1150 1274 I

1167 310 1268 341 futura
1287 309 1352 356 sin-t.
1377 312 1504 341 Litteras
1515 319 1578 342 tuas
1593 312 1696 343 minus
1709 315 1809 353 paullo
1820 315 1962 358 exspe8to
1971 336 1980 352 ‚
2002 327 2091 358 quam
2103 316 2124 348 si

1167 355 1278 384 Rornae
1288 351 1359 383 esses
1371 364 1381 387 ς
1398 352 1448 384 sed
1459 361 1561 384 tamen
1574 353 1727 394 crespeel-o.

1174 498 1245 534 quod
1256 506 1346 527 tamen
1357 499 1472 527 restituit
1482 499 1629 532 Victorius.
1639 509 1721 537 quum
1734 502 1807 537 prius
1817 501 1891 535 esset,
1900 506 2011 530 Pomelia.

1212 560 1237 587 3.
1257 554 1328 578 Velim
1338 554 1372 579 ad
1380 553 1513 586 mest-ribus
1522 553 1636 587 cerrum]
1656 556 1764 580 Ceterum
1775 573 1783 585 ,
1797 563 1845 590 pro
1858 574 1866 586 ‚
1880 563 1967 581 eertum
1976 556 2011 583 est
2022 557 2047 583 in
2060 556 2131 583 :inti-

1174 596 1227 623 qno
1237 588 1307 614 libro
1320 608 1327 620 ‚
1345 590 1373 615 &
1384 590 1422 615 ita
1432 588 1537 615 videtur
1546 589 1644 615 Ursino
1655 589 1795 625 legendum
1809 610 1816 622 ,
1835 590 2057 627 interpunEtionis
2067 599 2131 619 nott

1173 624 1203 651 ad
1218 624 1296 651 verbu
1302 634 1339 657 m,
1342 626 1448 659 scribat,
1459 624 1560 661 pofita5
1580 625 1651 661 quod
1659 626 1870 664 probaerrffls,
1881 627 1924 654 sed
1934 634 2020 656 tamen
2030 629 2130 656 retinet

1170 668 1270 694 certum,
1281 671 1333 688 non
1343 668 1455 688 ceterum.

1163 746 1778 810 C1CERONIS

1195 858 2129 978 LARUM

1132 1022 1665 1088 SEXTUS,

1164 1121 1208 1165 D

1341 1215 1399 1274 C
1572 1215 1630 1273 U

1803 1215 1897 1276 M.

1152 1342 1157 1381 Ι
1175 1342 1276 1375 dicam
1293 1343 1332 1375 de
1349 1343 1433 1375 illius
1448 1342 1616 1384 praefeffis?
1633 1343 1821 1376 comitibus?
1842 1344 1943 1386 legatis
1957 1350 1968 1378 ?
1990 1344 2081 1376 etiam
2093 1344 2130 1377 de

1155 1401 1157 1411 ι
1175 1388 1307 1426 rapinis?
1328 1385 1365 1417 de
1376 1385 1555 1417 libidinibus
1567 1391 1577 1417 ,²
1600 1385 1637 1416 de
1645 1386 1842 1417 contumeliis
1853 1389 1864 1416 ?
1874 1397 1957 1418 nunc
1965 1396 2064 1418 autem
2075 1387 2132 1418 do-

1176 1438 1247 1459 mus
1269 1428 1441 1460 mehercule
1458 1428 1543 1459 nulla
1561 1436 1643 1458 tanto
1663 1426 1790 1458 confilio
1800 1448 1809 1462 ,
1830 1437 1880 1460 aut
1889 1437 1966 1460 tanta
1974 1429 2131 1470 disciplina

1174 1470 1357 1512 gubernatur
1365 1490 1374 1505 ,
1385 1479 1435 1501 aut
1446 1479 1508 1501 tam
1517 1468 1653 1500 modesta
1665 1468 1717 1503 est,
1730 1469 1819 1511 quam
1832 1469 1930 1501 nostra
1939 1480 1999 1502 tota
2006 1473 2135 1512 provin-

1174 1514 1228 1543 cia.
1249 1513 1325 1543 hanc
1342 1522 1407 1542 non
1425 1513 1503 1542 nulli
1524 1513 1615 1542 amici
1638 1512 1728 1551 Appii
1747 1511 1875 1542 ridicule
1892 1514 2133 1553 interpretantur:

1175 1556 1227 1596 qui
1238 1563 1288 1584 me
1297 1553 1409 1585 idcirco
1418 1562 1524 1595 putent
1534 1553 1611 1584 bene
1620 1554 1723 1584 audire
1731 1553 1822 1586 velle,
1832 1562 1864 1583 ut
1873 1554 1924 1585 ille
1935 1554 2017 1585 male
2024 1554 2137 1589 audiat,

1176 1597 1210 1626 δε
1219 1594 1299 1626 reete
1310 1595 1404 1626 facere
1414 1606 1477 1626 non
1491 1606 1566 1626 meae
1577 1594 1672 1626 laudis
1681 1615 1690 1630 ‚
1701 1594 1751 1626 sed
1766 1595 1848 1625 illius
1858 1596 2028 1626 contumelia
2038 1596 2133 1637 causis.

1175 1636 1218 1668 sln
1232 1639 1345 1678 Appius
1358 1658 1366 1671 ‚
1390 1646 1424 1668 ut
1434 1639 1517 1669 Bruti
1526 1638 1630 1668 litterae
1642 1657 1650 1671 ,
1669 1646 1742 1678 quas
1753 1636 1789 1667 ad
1802 1646 1831 1667 te
1840 1636 1907 1667 mifi
1919 1637 2132 1678 significabant.

1174 1681 1278 1721 gratias
1298 1679 1388 1710 nobis
1407 1682 1467 1720 agit
1477 1700 1486 1714 ‚
1508 1689 1571 1710 non
1590 1678 1719 1709 moleste
1736 1678 1802 1709 fero
1813 1689 1819 1708 ι
1840 1679 1889 1710 sed
1900 1688 2001 1710 tamen
2020 1690 2057 1710 eo
2068 1680 2130 1720 ipse

1175 1722 1223 1752 die
1235 1741 1244 1755 ‚
1259 1731 1319 1762 quo
1330 1722 1393 1751 haec
1402 1730 1469 1752 ante
1479 1722 1579 1751 lucem
1589 1720 1763 1752 scribebam,
1774 1721 1940 1761 cogitabam
1949 1721 2013 1761 ejus
2023 1722 2131 1756 multa,

1175 1764 1279 1804 inique
1292 1761 1454 1793 constituta
1466 1763 1499 1793 δε
1508 1762 1571 1792 agra
1582 1782 1590 1796 ,
1602 1762 1718 1792 tollere.
1742 1764 1834 1792 Nunc
1844 1764 1936 1792 venio
1945 1762 1981 1793 ad
1991 1766 2131 1797 Brutum,

1174 1806 1266 1846 que'm
1277 1814 1332 1846 ego
1342 1805 1430 1834 omni
1441 1803 1541 1835 studio
1554 1824 1562 1839 ,
1576 1813 1604 1834 te
1613 1802 1746 1837 auetore,
1757 1804 1824 1834 sum
1835 1804 2013 1844 complexus
2023 1815 2029 1834 :
2039 1814 2132 1846 quem

1174 1847 1266 1877 etiam
1285 1856 1384 1877 amare
1404 1856 1571 1887 coeperam:
1586 1842 1682 1880 6sed3
1703 1845 1794 1876 dico?
1810 1848 1948 1876 revocavi
1964 1856 2014 1877 me
2025 1866 2033 1881 ,
2054 1854 2134 1877 nete

1177 1887 1378 1919 offenderem.
1401 1890 1467 1919 noli
1487 1891 1570 1918 enim
1590 1896 1690 1928 putare
1701 1907 1710 1922 ‚
1731 1897 1780 1918 me
1799 1890 1960 1929 quicquam
1981 1886 2130 1921 maluiffffi

1174 1935 1189 1959 7
1197 1930 1288 1971 quam
1309 1939 1342 1961 ut
1360 1931 1480 1961 mandat
1499 1932 1525 1961 is
1533 1950 1542 1965 ‚
1563 1929 1691 1961 facerem
1704 1941 1710 1959 :
1721 1940 1777 1960 nec
1787 1930 1871 1960 nulla
1880 1930 1917 1960 de
1927 1940 1957 1960 re
1966 1931 2034 1970 plus
2043 1931 2130 1962 labo-

1174 1971 1256 2003 raffe.
1279 1972 1491 2004 mandatorum
1502 1981 1602 2003 autem
1614 1972 1692 2002 mihi
1702 1971 1841 2002 libellum
1853 1971 1952 2002 dedit:
1963 1973 2133 2014 iisdemque

1175 2014 1212 2045 de
1231 2014 1318 2045 rebus
1330 2024 1362 2045 tu
1372 2024 1495 2046 mecum
1509 2024 1616 2056 egeras.
1637 2015 1743 2044 omnia
1755 2014 1819 2044 sum
1829 2013 2056 2055 diligentissime
2065 2024 2135 2055 per-

1176 2057 1300 2087 secutus.
1321 2059 1458 2097 primum
1477 2056 1513 2087 ab
1524 2056 1725 2087 Ariobarzane
1735 2054 1772 2086 fic
1781 2056 1925 2086 contendi
1937 2076 1945 2090 ,
1966 2065 1998 2087 ut
2010 2058 2132 2092 talenta,

1174 2109 1239 2140 quae
1254 2100 1332 2129 mihi
1345 2099 1543 2139 pollicebatur
1555 2119 1564 2133 ‚
1582 2099 1629 2128 illi
1639 2098 1729 2129 daret.
1747 2098 1846 2139 quoad
1863 2107 1985 2128 mecum
2000 2108 2052 2129 rex
2061 2098 2132 2133 fuit,

1173 2141 1311 2182 perbono
1329 2142 1398 2171 loco
1409 2151 1454 2171 res
1463 2150 1522 2171 erat
1534 2151 1539 2170 :
1558 2139 1624 2181 post
1637 2140 1653 2170 a
1664 2141 1801 2181 Pompeii
1811 2140 2052 2180 procuratoribus
2066 2140 2132 2171 sex-

1175 2185 1270 2214 centis
1288 2184 1387 2223 premi
1399 2192 1513 2223 coeptus
1525 2182 1576 2213 est.
1600 2183 1763 2223 Pompejus
1773 2191 1873 2212 autem
1884 2180 1955 2211 cum
1968 2181 2009 2211 ob
2021 2190 2133 2213 ceteras

1173 2226 1270 2256 causas
1281 2226 1348 2265 plus
1358 2225 1455 2265 potest
1466 2235 1554 2259 unus,
1566 2225 1656 2266 quam
1670 2226 1760 2254 ceteri
1771 2233 1892 2256 omnes,
1904 2232 1968 2254 turn
1979 2222 2061 2264 qubd
2073 2234 2132 2264 pu-

1174 2276 1251 2298 tatur
1276 2267 1312 2297 ad
1331 2267 1447 2298 bellum
1472 2268 1642 2298 Parthicum
1664 2265 1722 2296 effe
1740 2274 1893 2296 venturus.
1926 2267 1954 2295 ei
1973 2274 2074 2296 tamen
2096 2265 2135 2298 fic

1175 2319 1257 2339 nunc
1269 2309 1405 2343 solvitur,
1419 2308 1694 2348 tricefimoquoque
1704 2307 1754 2338 die
1768 2307 1875 2337 talenta
1885 2309 1981 2337 Attica
1998 2317 2083 2337 xxxx
2091 2318 2133 2342 11,

1177 2352 1209 2381 ὅ(
1226 2353 1284 2381 hoc
1302 2361 1336 2380 ex
1359 2350 1489 2380 tributis:
1508 2360 1562 2381 nec
1580 2350 1612 2379 id
1630 2350 1696 2380 satis
1717 2347 1845 2379 efficitur
1862 2350 1893 2378 in
1914 2349 2031 2380 usuram
2044 2360 2133 2380 rnen-

1176 2391 1299 2423 struam.
1323 2392 1371 2423 sed
1395 2395 1503 2423 Cnaeus
1525 2391 1624 2422 noster
1641 2391 1806 2421 clementer
1824 2390 1854 2420 id
1864 2389 1936 2421 fert:
1958 2391 2034 2421 sorte
2045 2400 2133 2422 caret:

1176 2434 1277 2466 usura,
1292 2444 1347 2464 nec
1356 2444 1388 2464 ea
1396 2434 1491 2464 solida
1501 2454 1510 2467 ,
1523 2441 1684 2464 contentus
1692 2431 1744 2463 est.
1768 2427 1782 2452 8
1793 2433 1844 2462 alii
1855 2442 1953 2473 neque
1966 2433 2058 2464 solvit
2067 2434 2134 2464 cui-

1175 2485 1265 2516 quam
1277 2495 1284 2509 ,
1300 2485 1355 2505 nec
1363 2474 1460 2515 potest
1475 2476 1600 2505 solvere.
1620 2475 1741 2504 nullum
1757 2476 1839 2504 enim
1851 2477 1997 2509 aerarium,
2010 2475 2131 2506 nullum

1176 2517 1302 2558 veeligal
1315 2517 1410 2547 habet.
1436 2519 1526 2557 Appii
1536 2515 1675 2547 instituto
1689 2516 1799 2546 tributa
1810 2518 1936 2556 imperat
1965 2527 1998 2548 ea
2007 2519 2058 2547 vix
2069 2537 2078 2550 ,
2099 2519 2133 2548 in

1176 2558 1278 2589 foenus
1301 2559 1440 2599 Pompeji
1462 2558 1622 2599 quodsatis
1633 2557 1684 2592 fit,
1710 2556 1856 2588 efficiunt.
1874 2560 1962 2591 amici
1973 2559 2132 2599 regisduo,

1176 2602 1271 2632 tresve
1289 2601 1452 2641 perdivites
1470 2601 1555 2632 sunt:
1579 2600 1629 2631 sed
1650 2602 1672 2630 ii
1681 2600 1769 2630 suum
1779 2609 1840 2631 tam
1850 2600 2007 2642 diligenter
2017 2609 2131 2650 tenent,

2036 2651 2130 2682 quam

170 2760 194 2778 1.
278 2757 309 2780 D.
321 2756 439 2786 §mimum
456 2755 629 2788 Terminalia]
651 2756 694 2781 Sic
714 2755 812 2782 habent
833 2754 900 2783 Bosii
921 2754 981 2780 mss‘.
994 2754 1130 2780 ViStorius

164 2822 170 2826 ι
257 2797 264 2805 “
275 2790 405 2825 vulgatam
417 2790 561 2817 lectionem
574 2793 686 2818 retinuit
698 2811 706 2823 ,
717 2800 774 2827 quae
786 2792 821 2818 est
836 2811 844 2823 ,
863 2791 896 2816 ad
904 2793 1011 2824 qm‘nmm
1022 2792 1131 2816 milliare.

164 2833 172 2848 ι
195 2824 241 2850 ssus
252 2827 387 2861 antiquior
400 2846 407 2857 ,
419 2828 529 2852 ‘firmum
540 2847 547 2858 ,
567 2836 614 2863 pro
625 2831 717 2854 miliare
728 2828 823 2854 habent
835 2838 840 2854 :
864 2827 992 2853 Germani
1007 2827 1070 2853 vero
1085 2835 1131 2852 eo-

187 2869 227 2885 em
240 2861 300 2887 teste
315 2882 322 2892 ,
341 2863 366 2888 in
377 2863 414 2888 sni
426 2862 485 2888 cod.
499 2864 617 2899 margine
630 2884 638 2895 ‚
659 2866 804 2889 ‘Terminalia
825 2861 999 2889 emendarunt
1017 2862 1088 2897 quod
1101 2863 1129 2888 8<

168 2895 266 2930 placuit
278 2898 398 2923 Mamurio
412 2917 420 2929 ‚
439 2897 481 2925 sed
493 2899 597 2935 legebat
609 2901 642 2925 ad
651 2903 676 2926 V.
687 2902 832 2925 Terminalia
845 2919 853 2930 ‚
872 2908 919 2934 pro
930 2902 976 2926 (Α.
986 2902 1016 2924 D.
1027 2899 1077 2928 &a
1098 2898 1131 2924 sic

169 2939 257 2958 autem
271 2934 351 2959 etium
365 2934 458 2961 habere
471 2955 479 2967 ‚
501 2935 553 2962 line
565 2936 618 2963 ulla
631 2937 761 2963 varietate
773 2955 781 2968 ,
801 2935 920 2962 codicem
932 2935 1130 2962 Tornaelianum

169 2967 279 2994 testatur
290 2969 444 2996 Lambinus.

204 3012 232 3029 2.
253 3007 294 3029 ΗΜ
303 3005 401 3038 rigitur]
426 3008 547 3039 usigitur,
563 3008 655 3044 vulgo.

204 3047 230 3074 3.
251 3043 288 3065 sic
297 3044 357 3066 enim
365 3043 490 3075 posinna]
515 3044 574 3069 Hoc
586 3045 601 3070 fi
613 3045 670 3080 quis
683 3044 852 3083 transjiciat3
864 3044 892 3069 ὅτ
903 3043 958 3080 post
971 3043 1078 3070 verbum
1089 3047 1129 3070 in·
1152 3062 1154 3082 ,⁴
1175 3071 1256 3098 etiam
1266 3069 1355 3096 deleto
1378 3070 1425 3095 mis
1451 3070 1652 3104 retinet-juniae
1663 3078 1696 3095 ex
1708 3067 1761 3095 mss
1776 3068 1850 3095 Pala:

1153 3087 1154 3092 ,
1360 3089 1366 3101 ,
1429 3089 1436 3101 ,
1642 3087 1652 3095 2
1681 3090 1685 3095 .
1760 3089 1765 3094 .
1854 3088 1860 3094 .

157 3077 262 3108 flituaw
273 3076 398 3107 collocet,
412 3078 532 3104 Manutio
543 3080 651 3106 ariston-e
662 3090 714 3107 non
726 3081 815 3116 inepte
828 3081 917 3106 iaciat.

201 3119 229 3151 45·
251 3113 396 3137 Libmarcm
407 3116 477 3138 etiam
486 3117 511 3138 in
523 3117 594 3141 Bruto
602 3117 696 3150 probos]
712 3117 811 3151 Junius
821 3125 855 3142 ex
867 3116 924 3142 mss.
936 3115 1060 3144 omnibus
1071 3115 1128 3145 Pal.

165 3146 232 3183 legit
241 3149 409 3175 liberalitatem
419 3158 425 3174 :
446 3148 581 3178 Vifitoiius
592 3152 672 3180 etiam
684 3151 741 3180 mis.
752 3152 785 3182 iic
794 3152 889 3181 habere
901 3154 1021 3182 testatur.

1215 2766 1241 2790 5.
1262 2759 1375 2783 Eneffam
1387 2752 1727 2795 &gommexfezopsp'nvff
1757 2752 1984 2780 Hancleffionem
1996 2753 2136 2780 restituens

1175 2796 1312 2824 Vitstorius
1331 2797 1385 2824 duo
1396 2807 1490 2833 magna
1501 2796 1596 2823 menda
1614 2795 1726 2824 sustulit.
1746 2793 1883 2830 legebatur
1893 2793 1962 2819 enim
1978 2793 2050 2829 prins
2063 2812 2071 2826 ,
2082 2803 2137 2820 tnt-

1175 2840 1237 2863 Ham
1255 2838 1284 2868 <³1¹
1298 2831 1624 2874 ,ςφοσ-ανειαξεπομξόκν.

1211 2881 1239 2908 6.
1260 2883 1320 2915 Sed,-
1339 2883 1408 2909 dieo?
1426 2884 1538 2907 revocavi
1554 2881 1613 2914 πω]
1637 2880 1681 2906 Sic
1689 2877 1902 2914 distinguendum
1914 2877 2003 2904 asserit
2014 2877 2114 2913 Junius
2127 2887 2134 2905 ε

1176 2919 1292 2945 Faernus
1305 2938 1313 2950 ‚
1325 2919 1370 2953 sed
1384 2920 1440 2944 illico
1450 2920 1561 2944 revoca-u·
1578 2926 1623 2943 me.
1643 2915 1780 2942 Antonius
1804 2914 1968 2950 Augustinus
1981 2934 1989 2946 ,
2003 2915 2048 2949 fid
2058 2915 2138 2949 sedulo

1176 2963 1297 2980 revocavl.

1211 3007 1239 3033 7.
1259 3000 1337 3031 Qum
1346 3005 1373 3024 ut
1382 2998 1482 3023 mandat
1491 2996 1644 3033 &fater-em]
1666 2995 1781 3022 Vffiorii
1793 2995 1829 3022 est
1839 2995 1892 3022 haec
1902 2995 1984 3022 lefflio
1995 3015 2003 3027 ‚
2023 3004 2056 3022 ex
2066 2994 2137 3022 anti-

1175 3036 1268 3070 quiore
1279 3034 1334 3060 suo.
1344 3042 1422 3060 antea
1435 3033 1572 3068 'legebatur
1581 3043 1653 3067 quam
1663 3039 1689 3057 ut
1700 3033 1818 3058 mandatis
1827 3032 1874 3058 tuis
1878 3033 2053 3066 satisfacerem,
2065 3030 2136 3068 quod

1213 3115 1239 3140 8.
1259 3117 1310 3140 Alii
1318 3123 1390 3148 neque
1397 3115 1468 3146 fiilvit
1478 3115 1612 3148 cuiquam]
1634 3115 1676 3141 lta.
1686 3114 1776 3151 legere
1785 3113 1867 3141 libros
1881 3119 1982 3140 veteres
1997 3130 2005 3145 ,
2025 3111 2138 3139 testatur

1176 3149 1334 3179 Lambinus.
1355 3150 1450 3186 vulgo,
1453 3151 1529 3186 ftlvit
1539 3151 1678 3186 quidquam.
2039 3190 2051 3210 Ι
2079 3183 2141 3208 Dum
