2337 3400
139 517 174 541 11

188 212 284 243 landa.
307 211 436 242 cuicum
449 209 612 247 imperium
622 205 782 238 dabamus,
794 203 902 236 codem
915 211 1051 243 tempore
1062 202 1151 233 etiam

191 256 272 294 spem
294 261 429 282 nominis
447 252 509 284 ejus
528 248 756 281 deferebamus3
776 245 858 287 quod
870 265 878 278 ‚
897 243 969 275 cum
983 242 1026 273 est
1039 244 1154 274 secutus

193 296 399 326 auetoritatem
413 292 505 322 nostri
517 291 626 321 decreti
638 309 646 323 ‚
669 289 756 319 rebus
765 287 852 329 gestis
864 287 922 317 suis
934 286 1153 326 comprobavit.

195 340 255 367 Hic
275 345 343 376 eigo
361 334 532 364 adolescens
552 333 681 362 maximi
698 332 813 363 animi,
836 338 868 360 ut
886 326 1035 358 verissime
1056 326 1156 358 scribit

196 379 314 407 Hirtius
326 397 334 409 ‚
353 376 442 407 castra
455 375 617 405 multarum
631 374 787 413 legionum
803 371 903 412 paucis
918 369 1094 401 cohortibus
1107 378 1153 399 tu-

194 429 270 449 tatus
281 418 332 450 est,
354 417 581 456 secundumque
592 418 733 456 proelium
745 413 824 444 fecit.
836 415 879 443 Ita
888 414 978 442 trium
991 414 1155 452 imperato-

194 471 262 490 rum
274 461 377 500 populi
389 462 481 490 Rom.
496 461 623 490 virtute,
643 456 769 487 consilio
781 476 789 489 ,
806 455 948 485 felicitate
959 475 967 488 ‚
979 463 1042 485 uno
1051 453 1100 484 die
1110 454 1156 483 lo-

194 513 236 532 cis
255 503 392 542 pluribus
410 502 574 541 respublica
591 499 632 530 est
649 499 830 529 conservata.
855 499 995 527 Decerno
1007 499 1157 536 igitureo-

194 555 261 574 rum
272 554 364 575 trium
378 554 504 573 nomine
513 544 728 584 quinquaginta
736 540 853 570 dierum
861 539 1162 580 supplicationem-quas

195 596 230 616 ut
244 584 490 616 honorificentiis:
497 594 555 614 mis
566 584 663 613 verbis
673 583 817 623 consequi
828 591 932 621 potero
945 602 953 614 ‚
975 580 1157 621 cornpleclar

195 629 257 668 ipsi
267 629 423 658 sententia.
448 627 498 657 Est
507 635 607 657 autem
619 624 686 656 fidei
694 625 878 668 ,pietatisque
889 622 1008 656 nostrae,
1019 623 1162 653 declarare

192 668 363 700 tortiffimis
375 670 525 699 militibus
538 689 545 701 ‚
557 668 647 709 quiam
659 676 810 697 memores
823 668 924 698 limus,
935 669 1086 706 quamque
1096 674 1159 704 gra-

195 714 226 742 ti.
251 712 458 752 Qamobrem
469 708 609 751 promissa
621 708 728 742 nostra,
740 718 826 749 atque
838 718 870 738 ea
880 727 888 741 ‚
901 717 965 748 qua:
976 707 1157 748 legionibus,

198 753 281 784 bello
291 753 434 784 cont‘efi'to
445 773 452 786 ,
465 753 629 783 tributuros
639 761 693 781 nos
706 750 924 791 spopondimus
935 769 943 782 ‚
956 750 1105 778 hodierno
1118 748 1159 777 se-

199 796 424 826 natusconsulto
436 794 611 825 renovando
624 794 740 824 censeo.
764 802 883 833 aequum
899 790 940 820 est
953 801 1037 820 enim
1050 810 1058 823 ,
1078 790 1160 819 mili-

200 847 266 867 tum
279 858 286 870 ‚
310 838 417 867 talium
436 837 595 877 praesertim
609 856 616 869 ,
637 837 787 865 honorem
805 834 962 873 conjungi.
986 838 1084 873 Atque
1102 832 1161 861 uti-

199 889 269 909 nam
284 899 291 913 ‚
311 883 344 910 P.
357 882 390 909 C.
403 880 520 909 civibus
530 878 676 908 omnibus
689 877 802 906 solvere
813 876 902 905 nobis
915 876 1038 915 praemia
1050 875 1159 903 liceret.

199 931 382 962 quamquam
403 931 459 951 nos
477 931 510 951 ea
521 941 528 954 ‚
550 930 616 961 quae
629 917 824 959 promisimus
835 937 843 950 ‚
866 916 998 947 studiose
1013 916 1164 946 cumulata

199 963 372 993 reddemus.
397 963 446 993 sed
456 963 487 993 id
499 963 623 1003 quidem
634 959 720 990 restat
731 980 739 993 ,
751 969 783 989 ut
794 960 876 999 spero
887 979 895 993 ‚
906 958 1086 991 viotoribus,
1096 959 1162 998 qui-

199 1005 256 1034 bus
268 1005 382 1035 senatus
395 1004 466 1035 rides
479 1003 629 1044 praestatur
642 1012 747 1042 :quam
758 1001 881 1042 quidem
893 999 965 1031 cum
977 999 1163 1030 difficillimo

201 1047 374 1087 reipublicae
395 1056 529 1085 tempore
549 1045 640 1075 secuti
661 1045 726 1073 sunt
740 1064 747 1076 ‚
769 1053 820 1073 eos
835 1052 1001 1084 numquam
1014 1042 1165 1082 oportebit

200 1087 318 1119 consilii
331 1089 540 1128 siupoenitere.
564 1086 619 1117 Sed
637 1085 723 1115 facile
741 1084 784 1115 cst
802 1085 875 1114 bene
890 1095 974 1126 agere
987 1095 1057 1114 cum
1073 1086 1109 1113 iis
1121 1103 1128 1116 ‚
1149 1082 1164 1112 ὲ

202 1131 313 1171 quibus
323 1133 412 1160 etiam
424 1129 590 1160 tacentibus
601 1126 724 1169 flagitari
735 1127 884 1157 videmur.
907 1126 984 1156 illud
1003 1125 1164 1155 admirabi-

200 1172 261 1202 lius
273 1193 280 1205 ,
298 1173 330 1202 ὃς
342 1173 450 1211 majuS,
461 1180 656 1210 maximeque
666 1171 823 1209 proprium
835 1169 950 1199 senatus
961 1169 1100 1207 sapientis
1110 1165 1163 1199 est,

201 1224 278 1255 grata
293 1224 399 1244 corum
416 1215 561 1243 virtutem
580 1212 713 1241 memoria
726 1211 874 1254 prosequi,
892 1212 943 1251 qui
953 1220 1006 1249 pro
1017 1211 1110 1249 patria
1119 1210 1163 1237 vi-

201 1266 261 1286 tam
273 1255 482 1295 profuderunt.
506 1257 646 1296 Qorum
667 1253 703 1283 de
721 1255 838 1282 honore
857 1255 972 1282 utinam
993 1252 1070 1281 mihi
1084 1250 1168 1290 plura

199 1299 235 1328 in
245 1307 378 1328 mentem
391 1299 530 1327 venirent
542 1307 547 1325 2
566 1296 627 1326 duo
637 1296 714 1325 certe
726 1304 791 1325 non
800 1294 956 1334 praeteribo
969 1314 976 1327 ‚
993 1303 1059 1334 quae
1070 1293 1167 1322 maxi-

201 1340 254 1369 me
266 1348 429 1370 occurrunt
440 1348 586 1380 :quorum
597 1338 722 1368 alterum
732 1345 862 1377 pertinet
871 1337 905 1366 ad
917 1338 1055 1366 virorum
1066 1334 1168 1365 fortis-

195 1380 349 1412 »simorum
368 1382 495 1422 gloriam
516 1381 728 1421 sempiternam
749 1389 754 1408 :
778 1379 907 1408 alterum
926 1377 962 1408 ad
986 1376 1166 1407 leniendum

145 1433 157 1456 1
170 1435 187 1457 2
205 1433 367 1453 moerorem
382 1443 390 1457 ‚
415 1424 447 1453 δε
467 1421 584 1452 mistum
604 1423 828 1461 proximorum.
852 1420 949 1451 Placet
967 1421 1057 1460 igitur
1073 1419 1166 1450 mihi,

202 1468 236 1496 P.
249 1468 280 1495 C.
293 1466 422 1505 legionis
436 1467 549 1495 Martiae
561 1463 713 1494 militibus
725 1483 734 1496 ‚
754 1463 786 1493 δε
796 1464 840 1492 eis
851 1482 859 1495 ‚
875 1464 926 1502 qui
938 1463 997 1492 una
1006 1469 1169 1503 pugnantes

200 1507 378 1538 occiderunt
390 1527 397 1541 ,
420 1516 659 1537 monumentum
674 1504 738 1535 fieri
752 1505 844 1545 quarn
854 1502 1083 1544 amplissimum.
1107 1511 1171 1532 ma-

202 1559 260 1589 gna
272 1569 280 1582 ‚
302 1559 387 1589 atque
405 1548 591 1579 incredibilia
605 1549 672 1577 sunt
686 1550 718 1577 in
730 1546 947 1586 rempublicam
960 1547 1049 1584 huJ'us
1060 1546 1167 1575 merita

204 1592 343 1632 legionis.
369 1592 430 1620 haec
442 1591 469 1620 se
480 1592 575 1630 prima
587 1590 745 1619 latrocinio
755 1589 872 1628 abrupit
882 1589 1008 1617 Antonii
1022 1598 1027 1616 :
1049 1588 1112 1617 haec
1127 1595 1170 1616 te·

204 1635 273 1662 nuit
291 1632 416 1662 Albam:
439 1634 500 1662 haec
520 1632 547 1661 se
569 1631 603 1661 ad
623 1631 768 1661 Caesarem
788 1630 919 1659 contulit
936 1639 941 1658 ε
964 1631 1040 1659 hanc
1058 1631 1172 1658 imitata

198 1683 308 1715 *quarta
326 1675 404 1714 legio
421 1684 521 1714 parem
538 1674 658 1703 virtutis
672 1673 799 1715 gloriam
812 1671 972 1702 consecuta
984 1670 1038 1701 est.
1061 1673 1170 1710 Qarta

208 1716 321 1746 vieti-ix
334 1715 476 1745 desiderat
489 1717 666 1745 neminem:
689 1724 726 1744 ex
736 1715 843 1744 Martia
854 1714 997 1743 nonnulli
1008 1715 1039 1742 in
1052 1713 1111 1753 ipsa
1124 1713 1174 1742 vi-

209 1757 303 1788 &oria
317 1757 525 1787 conciderunt.
550 1756 728 1786 &fortunata
739 1765 822 1785 mors
833 1775 841 1789 ‚
861 1765 928 1796 quae
938 1764 1048 1785 naturae
1059 1755 1168 1786 debita,

206 1808 255 1841 pro
266 1800 361 1839 patria.
371 1798 413 1829 est
423 1797 609 1838 potiffimum
622 1798 746 1829 reddita.
767 1801 830 1827 Vos
842 1797 913 1827 vero
923 1799 1022 1837 patriae
1034 1797 1174 1835 natosju-

209 1842 297 1872 dico:
319 1851 449 1881 quorum
461 1842 552 1870 etiam
563 1850 678 1876 nomen
689 1841 704 1870 ii
715 1842 809 1869 Marte
820 1838 880 1869 est:
902 1848 934 1868 ut
943 1839 1025 1868 idem
1042 1839 1115 1869 deus
1126 1848 1175 1867 ur-

210 1883 281 1913 bem
293 1884 368 1912 hanc
377 1883 536 1923 gentibuS,
558 1892 614 1912 vos
631 1883 702 1911 huic
722 1882 788 1911 urbi
805 1878 938 1921 genuisse
957 1881 1101 1910 videatur.
1126 1883 1171 1909 IN

210 1934 302 1955 12·qu
315 1924 393 1954 foeda
408 1934 489 1954 mors
503 1923 554 1953 est:
564 1926 596 1953 in
605 1922 729 1954 vietoria
737 1923 873 1964 gloriosa.
896 1925 1011 1952 etenim
1024 1925 1103 1952 Mars
1115 1922 1176 1961 ipse

207 1977 248 1996 ex
258 1969 317 1997 acie
327 1965 524 1996 fortissimum
534 1975 685 2006 quemque
694 1965 836 2006 pignerari
846 1965 928 1995 solet.
956 1965 1004 1994 Illi
1016 1966 1106 2006 igitur
1117 1965 1175 1994 im-

207 2010 251 2049 pii
262 2029 270 2042 ‚
282 2018 358 2049 quos
366 2007 524 2041 cecidistis,
536 2009 627 2038 etiam
637 2007 672 2037 ad
688 2013 801 2037 ini-eros
811 2016 909 2047 paenas
923 2008 1072 2046 parricidii
1083 2007 1176 2036 luent:

209 2061 266 2081 vos
285 2049 356 2081 vero
368 2071 376 2084 ‚
396 2052 449 2090 qui
468 2059 644 2080 extremum
663 2050 801 2089 spiritum
821 2059 853 2078 in
872 2049 1000 2078 victoria
1017 2046 1176 2081 effudistis,

208 2095 330 2132 piorum
343 2092 411 2122 estis
421 2092 522 2122 sedem
534 2112 542 2125 ,
562 2091 706 2121 &locum
718 2091 885 2121 consecuti.
912 2094 920 2109 ¹
932 2092 1035 2120 Brevis
1047 2090 1063 2121 a
1072 2099 1176 2120 natura

211 2134 300 2164 nobis
314 2136 373 2165 vita
382 2134 447 2164 data
458 2133 500 2164 est
513 2145 518 2163 :
539 2142 568 2164 at
578 2135 726 2163 memoria
737 2133 811 2163 bene
822 2133 943 2163 redditae
955 2136 1023 2163 virae
1034 2153 1042 2166 ‚
1064 2133 1178 2172 sempi-

210 2185 302 2207 terna.
326 2186 392 2216 quae
410 2174 429 2205 si
444 2186 507 2206 non
522 2174 594 2205 esset
608 2175 713 2216 longior
724 2195 732 2208 ‚
754 2175 844 2215 quam
856 2176 917 2205 haec
929 2177 990 2205 vita
1002 2195 1010 2209 ‚
1030 2177 1098 2216 quis
1109 2172 1181 2204 efl'et

213 2227 274 2249 tam
285 2227 390 2247 amens
403 2239 411 2251 ‚
432 2220 483 2259 qui
495 2219 640 2247 maximis
652 2217 803 2247 laboribus
816 2237 823 2251 ‚
845 2217 877 2247 ὃς
891 2219 1031 2257 periculis
1044 2217 1080 2246 ad
1097 2217 1179 2246 sum-

214 2269 298 2290 mam
308 2259 426 2289 laudem
439 2280 446 2293 ‚
457 2260 645 2300 gloriamque
655 2259 869 2289 contenderet?
885 2259 996 2289 Aetum
1008 2261 1097 2300 igitur
1107 2268 1179 2298 prae-

215 2302 292 2332 clare
309 2301 464 2330 vobiscum
478 2321 486 2333 ,
505 2300 657 2331 fortiliimi
668 2301 742 2331 dum
753 2300 871 2330 vixistis
882 2320 890 2334 ‚
911 2311 992 2331 nunc
1006 2300 1076 2330 vero
1087 2303 1179 2330 etiam

219 2341 392 2374 sinetiffimi
412 2344 525 2372 milites
536 2362 544 2376 ,
564 2341 647 2382 quod
668 2341 761 2372 vestra
778 2343 872 2371 virtus
885 2352 940 2371 nec
956 2343 1114 2372 oblivione
1128 2351 1180 2371 eo-

216 2395 285 2415 rum
297 2405 304 2418 ,
323 2384 375 2424 qui
387 2394 470 2414 nunc
480 2384 547 2413 sunt
557 2403 564 2417 ,
586 2387 600 2402 2
611 2394 665 2413 nec
675 2384 828 2413 reticentia
835 2382 1024 2422 posterorum
1034 2383 1179 2421 insepulta

215 2425 274 2457 css'c
283 2427 412 2466 poterit,
433 2426 504 2455 cum
517 2425 603 2455 vobis
614 2424 786 2454 immortale
798 2434 1036 2453 monumentum
1049 2424 1108 2453 suis
1119 2433 1179 2463 pae-

217 2469 256 2498 ne
277 2468 417 2498 manibus
437 2468 552 2497 senatus
571 2486 578 2500 ,
602 2466 790 2506 populusque
810 2468 968 2496 Romanus
987 2464 1177 2495 exstruxerit.

218 2511 310 2540 Multi
323 2510 395 2549 saepe
405 2511 554 2539 exercitus
565 2510 696 2541 Punicis,
708 2508 832 2537 Gallicis
841 2528 849 2541 ,
861 2508 973 2537 Italicis
984 2507 1083 2540 bellis,
1095 2507 1176 2540 clari,

217 2552 250 2582 δε
262 2554 361 2593 magni
370 2553 492 2581 ruerunt
505 2561 510 2579 :
531 2561 585 2580 nec
595 2559 696 2580 tamen
708 2550 778 2579 ullis
789 2549 939 2589 ralegenm
950 2551 1075 2579 honoris
1086 2548 1179 2578 tribu-

218 2601 283 2623 tum
303 2592 354 2623 est.
378 2596 476 2634 Atque
487 2593 601 2623 utinam
617 2593 730 2631 majora
741 2590 893 2631 poss'emus
905 2612 913 2625 ‚
934 2590 1180 2632 quandoquidem

218 2635 235 2665 a
245 2635 331 2664 vobis
343 2636 476 2664 maxima
487 2636 654 2674 accepimus
667 2637 672 2663 ἔ
697 2637 759 2663 Vos
778 2633 814 2663 ab
834 2633 905 2663 urbe
920 2633 1072 2663 furentem
1082 2636 1182 2663 Anto-

220 2678 311 2706 nium
323 2676 484 2706 avertistis:
507 2687 559 2706 vos
569 2676 664 2706 redire
675 2676 855 2706 molientem
867 2675 1025 2715 repulistis.
1050 2677 1114 2705 Erit
1124 2676 1183 2715 igi-

219 2727 268 2748 tur
277 2718 423 2748 exsti-ueta
433 2719 529 2748 moles
540 2728 629 2758 opere
641 2716 802 2758 magnifico
812 2737 821 2751 2
832 2719 991 2758 incisaeque
1001 2717 1106 2747 litterae
1115 2737 1124 2751 ,
1135 2717 1182 2746 di-

222 2762 301 2789 vina:
311 2762 429 2790 virtutis
443 2760 530 2790 testes
541 2761 727 2800 sempiterna:
741 2770 746 2788 :
769 2759 939 2800 numquam
950 2759 986 2789 de
1002 2759 1090 2789 vobis
1101 2779 1110 2792 ‚
1131 2768 1181 2788 eo-

223 2804 359 2847 rum,qui
370 2811 419 2832 aut
429 2802 576 2832 videbunt
586 2801 717 2832 vestrum
730 2811 980 2835 monumentum,
991 2811 1041 2831 ant
1049 2801 1183 2834 audient,

221 2843 402 2883 gratissimus
418 2845 515 2874 sermo
529 2844 716 2874 conticescet.
740 2844 781 2873 ita
797 2853 851 2883 pro
869 2844 989 2873 mortali
1006 2843 1184 2873 conditione

166 2896 179 2921 1
193 2897 205 2929 3
225 2887 293 2915 vitae
306 2887 566 2916 immortalitatem
577 2885 646 2916 estis
657 2886 822 2916 consecuti.
845 2885 901 2916 Sed
912 2886 1057 2926 quoniam
1067 2904 1075 2920 ‚
1090 2894 1184 2926 patres

263 2997 271 3013 ι
280 3008 286 3014 .
306 2988 389 3030 Brevis
401 2988 415 3013 ri
426 2996 517 3015 natura
526 2991 614 3024 nobie]
628 2992 669 3017 Sic
681 2991 737 3017 Pal.
749 2991 799 3017 sec.
811 2991 940 3027 habetque
951 2990 1019 3017 illud
1029 2993 1092 3017 nobis
1102 2992 1182 3017 etiam

221 3030 286 3050 tert.
306 3031 333 3050 at
351 3034 366 3050 a
385 3031 476 3049 natura
495 3034 608 3060 quatuor
628 3028 786 3054 Ferrariaui.
815 3027 923 3063 vulgata
935 3046 942 3059 ,
964 3027 1043 3053 brevic
1053 3035 1186 3053 aute-mve-

221 3061 257 3085 bas
269 3079 276 3091 ‚
295 3061 346 3090 &aa

258 3105 275 3121 2
283 3116 288 3121 .
309 3099 356 3136 N‘f
367 3099 491 3121 reticentia
498 3099 636 3129 persei-orum
644 3099 760 3131 instpulta
770 3100 810 3132 effi*
816 3100 928 3133 poteria]
955 3098 1012 3125 Pal.
1025 3098 1184 3132 stc.ftpulta,

219 3131 290 3167 quod
303 3132 330 3158 δε
341 3141 366 3158 iu
380 3141 432 3158 uno
443 3133 571 3164 Ferrarii.
583 3135 627 3168 qui
640 3143 684 3160 cur
697 3134 722 3160 id
735 3136 958 3171 i·e]ieiat,petatur
969 3145 1001 3161 ex
1015 3136 1085 3162 notis
1096 3135 1185 3171 ipsius.

218 3177 280 3196 nam
291 3167 322 3197 ab
332 3178 362 3196 eo
381 3168 470 3197 recelli
481 3169 510 3197 in
524 3168 712 3205 suspicionibus
724 3172 788 3199 meis
801 3191 809 3206 ,
831 3171 974 3201 arbitratus
987 3172 1128 3207 infipultum
1142 3180 1188 3200 ve-

633 3217 644 3230 ‘i

423 131 488 182 M.
529 128 592 176 T.
630 128 997 172 thnnouts
1034 122 1318 171 Prummu
1354 124 1910 186 DscimAQrAna‘A.

1198 203 1377 243 conscripti,
1397 203 1498 244 gloriae
1511 214 1624 237 munus
1640 206 1766 247 optimis
1777 227 1786 240 ‚
1807 207 1839 238 ὃ(
1849 204 2021 238 fortiffimis
2033 206 2151 243 civibus

1198 246 1394 276 monumenti
1402 246 1519 277 honore
1527 248 1705 287 persolvitur
1713 268 1720 282 ‚
1731 250 1923 279 consolemur
1933 259 2037 279 eorum
2049 251 2152 289 proxi-

1199 298 1265 318 mos
1278 308 1286 322 ,
1303 287 1413 329 quibus
1427 289 1542 328 OPtima
1555 287 1599 318 est
1612 290 1673 320 haec
1682 290 1805 330 quidem
1816 291 1983 322 consolatio
1996 301 2001 320 2
2021 293 2152 331 parenti-

1198 330 1252 360 bus
1263 350 1270 364 2
1283 328 1366 371 qubd
1377 338 1456 359 tanta
1465 329 1668 370 reip-praefidia
1677 341 1807 373 genueru
1813 343 1842 363 nt
1855 344 1860 362 z
1879 333 1979 363 liberis
1989 353 1996 367 ‚
2008 332 2090 374 quod
2101 334 2152 362 ha-

1199 371 1314 402 bebunt
1325 369 1492 402 domestica
1504 372 1643 411 exempla
1655 375 1788 404 virtutis:
1809 375 1986 416 conjugibus
1997 395 2005 409 ‚
2023 373 2105 416 quod
2117 377 2154 404 iis

1198 415 1270 444 viris
1281 413 1422 444 carebunt
1433 433 1441 446 ,
1457 422 1533 454 quos
1544 413 1661 444 laudare
1671 434 1680 448 ,
1699 416 1789 455 quam
1800 417 1899 458 lugere
1908 416 2072 457 praestabit:
2095 415 2155 446 fra·

1198 455 1291 486 tribus
1302 476 1310 489 ,
1331 454 1414 496 quod
1425 455 1495 484 inse
1506 474 1516 488 ‚
1535 464 1568 484 ut
1577 465 1737 496 corporum
1750 477 1758 490 ‚
1779 456 1818 488 fic
1826 460 1972 490 virtutum
1983 457 2156 488 similitudi-

1200 508 1271 528 nem
1285 496 1344 528 esi‘e
1355 495 1520 527 confident.
1545 500 1644 537 Atque
1652 500 1770 529 utinam
1780 500 1826 529 his
1837 501 1982 530 omnibus
1991 499 2153 541 abstergere

1199 539 1305 570 fletum
1318 540 1472 570 sententiis
1482 538 1591 569 nostris
1600 558 1607 572 ‚
1617 540 1819 581 consultisque
1829 541 1991 581 posti-mus,
1999 543 2047 573 vel
2057 544 2155 583 aliqua

1200 583 1266 612 talis
1287 584 1332 612 'nis
1351 580 1485 611 adhiberi
1502 580 1625 620 publice.
1643 580 1738 620 poffet
1756 592 1851 613 oratio
1867 604 1875 616 ‚
1898 594 1954 624 qua
1971 585 2158 624 deponerent

1201 633 1378 656 moerorem,
1389 632 1475 664 atque
1486 622 1837 664 lucium2gaudercntque
1847 626 1958 664 potius,
1970 626 2040 656 cum
2051 626 2156 659 multa,

1202 667 1234 697 &
1244 668 1323 696 varia
1333 665 1542 705 impenderent
1557 665 1733 694 hominibus
1743 676 1848 706 genera
1857 669 1962 696 mortis
1973 687 1981 700 ,
2002 668 2032 697 id
2048 677 2155 709 genus,

1201 709 1282 750 quod
1292 707 1361 738 ess'et
1370 707 1607 747 pulcherrimum
1619 726 1627 740 ,
1641 707 1700 736 suis
1710 706 1846 748 obtigisse
1858 728 1866 741 ‚
1878 709 1986 748 eosque
1998 719 2052 739 nec
2062 711 2155 738 inhu-

1203 760 1300 780 matos
1310 748 1368 780 ess'e
1380 770 1388 782 .
1412 759 1466 779 nec
1479 749 1626 779 desertos:
1646 748 1739 789 (quod
1760 759 1861 779 tamen
1879 751 1977 790 ipsum
1993 758 2041 791 pro
2060 751 2156 789 patria

1202 803 1264 823 non
1276 792 1479 822 miserandum
1495 791 1624 830 putatur)
1646 801 1701 820 nec
1721 790 1855 830 dispersis
1874 791 1966 822 bustis
1985 793 2095 822 humili
2115 791 2160 822 se-

1201 835 1318 875 pultura
1330 843 1476 864 crematos
1488 854 1497 866 ‚
1516 832 1564 862 sed
1583 832 1740 862 comestos
1753 834 1882 873 publicis
1895 834 2034 874 operibus
2044 854 2052 868 ‚
2072 842 2160 873 atque

1204 876 1380 906 muneribus
1394 895 1402 908 ‚
1420 885 1512 914 eaque
1529 874 1734 904 exstrudhone
1754 896 1762 908 ,
1787 885 1853 915 quae
1873 874 1906 905 sit
1922 875 1958 906 ad
1978 877 2161 906 memoriam
2183 887 2186 890 ·

1202 920 1374 948 aeternitatis
1392 927 1438 948 ara
1457 918 1584 947 virtutis.
1618 917 1826 958 Qamobrem
1845 919 2015 948 maximum
2035 917 2161 958 quidem

1203 960 1343 990 solatium
1366 961 1421 989 erit
1442 961 1683 999 propinquorum
1705 978 1714 992 ‚
1749 960 1856 989 eodem
1881 969 2087 990 monumento
2109 959 2162 989 de-

1202 1002 1303 1032 clarari
1322 1002 1354 1031 &
1377 1003 1517 1031 virtutem
1538 1001 1661 1030 suorum
1676 1020 1684 1034 ‚
1706 1000 1738 1030 δε
1756 1002 1918 1041 pietatem,
1941 1002 1974 1031 ὃς
1993 1003 2108 1032 senatus
2128 999 2165 1031 fi·

1205 1043 1276 1073 dem
1290 1063 1297 1075 ‚
1322 1041 1559 1073 &crudelissimi
1569 1044 1751 1072 memoriam
1766 1043 1853 1072 belli:
1878 1054 1909 1073 in
1920 1053 1981 1084 quo
1992 1064 2000 1077 ‚
2020 1042 2075 1073 nisi
2086 1049 2167 1073 tanta

1206 1085 1341 1114 militum
1361 1086 1454 1114 virtus
1470 1082 1645 1117 exstitisset,
1664 1084 1824 1124 parricidio
1846 1087 2027 1115 M.Antonii
2048 1094 2166 1117 nomen

1203 1127 1309 1166 populi
1331 1128 1423 1157 Rom.
1442 1123 1605 1155 occidisset.
1629 1128 1726 1166 Atque
1745 1130 1835 1156 etiam
1852 1128 1979 1161 censeo,
2001 1130 2031 1158 P.
2045 1130 2078 1158 C.
2099 1135 2166 1167 quae

1205 1170 1327 1208 praemia
1337 1167 1488 1197 militibus
1496 1165 1691 1206 promisimus
1701 1177 1756 1197 nos
1768 1187 1776 1201 ‚
1795 1178 1858 1208 rep.
1871 1162 2056 1208 recuperata,
2071 1171 2168 1199 tribu-

1206 1219 1289 1240 turos
1310 1229 1319 1243 ‚
1351 1219 1384 1238 ea
1399 1210 1478 1239 vivis
1493 1228 1501 1241 ‚
1519 1207 1743 1249 vik'toribusque
1762 1209 1914 1240 cumulate
1929 1229 1937 1243 ,
1956 1209 2028 1240 cum
2048 1219 2169 1250 tempus

1206 1253 1323 1282 venerit
1342 1271 1351 1284 ‚
1370 1249 1567 1291 persolvenda
1585 1260 1591 1279 :
1621 1252 1675 1291 qui
1697 1259 1797 1281 autem
1826 1261 1864 1282 ex
1891 1253 1928 1281 iis
1949 1273 1957 1285 ,
1989 1252 2100 1292 quibus
2118 1251 2170 1281 illa

1206 1291 1350 1334 promifl'a
1368 1294 1453 1326 sunt,
1473 1302 1528 1333 pro
1545 1293 1637 1333 patria
1653 1293 1848 1327 occiderunt,
1867 1303 1970 1323 eorurn
1988 1292 2165 1335 parentibus,

1207 1336 1309 1366 liberis
1320 1355 1328 1369 ‚
1349 1335 1530 1375 conjugibus
1541 1353 1550 1367 ‚
1567 1333 1706 1365 fratribus
1718 1354 1726 1368 ‚
1746 1335 1852 1365 eadem
1872 1335 2030 1366 tribuenda
2048 1335 2167 1367 censeo.

1207 1377 1263 1409 Sed
1274 1398 1282 1411 ,
1299 1386 1332 1407 ut
1346 1376 1507 1418 aliquando
1521 1377 1669 1407 sententia
1678 1376 1878 1417 compleffihrr,
1892 1378 1932 1408 ita
1941 1378 2066 1408 censeo:
2091 1379 2169 1408 CUM

1209 1423 1243 1450 C.
1255 1420 1345 1450 Pansa
1357 1439 1365 1453 ,
1389 1429 1456 1449 cos.
1476 1420 1582 1459 imper.
1597 1419 1721 1449 initium
1738 1429 1809 1449 cum
1828 1418 1965 1450 hostibus
1983 1418 2173 1460 confligendi

1207 1461 1313 1492 fecerit
1322 1481 1330 1495 ,
1340 1471 1401 1503 quo
1412 1461 1522 1501 proelio
1533 1461 1611 1502 legio
1622 1462 1729 1491 Martia
1737 1461 1908 1491 admirabili
1920 1481 1928 1495 ‚
1941 1461 2173 1502 incredibilique

1209 1505 1330 1536 virtute,
1347 1504 1512 1533 libertatem
1525 1503 1631 1543 popuii
1640 1505 1734 1533 Rom.
1746 1502 1932 1538 defenderit,
1943 1503 2026 1545 quod
2035 1503 2118 1533 idem
2129 1504 2174 1532 le·

1211 1548 1318 1587 giones
1336 1547 1472 1575 tironum
1495 1543 1640 1574 fecerint:
1660 1545 1780 1585 ipseque
1799 1547 1832 1575 C.
1848 1546 1957 1579 Pansa,
1977 1555 2043 1576 cos.
2063 1547 2171 1585 imper.

1212 1598 1284 1618 curn
1298 1589 1377 1617 inter
1399 1587 1499 1617 media
1515 1585 1650 1616 hostium
1670 1587 1728 1616 tela
1744 1587 1923 1621 versaretur,
1948 1588 2073 1617 vulnera
2091 1596 2175 1617 acce-

1212 1631 1306 1670 perit:
1325 1639 1454 1670 cumque
1481 1631 1517 1658 A.
1544 1629 1680 1661 Hirtius,
1707 1637 1772 1658 cos.
1792 1630 1898 1668 imper.
1919 1629 2028 1669 proelio
2049 1628 2173 1662 audito,

1213 1673 1379 1713 &cognito
1390 1691 1398 1705 ‚
1420 1668 1581 1700 fortissimo
1593 1689 1602 1704 ,
1621 1668 1918 1710 praestantiffimoque
1942 1673 2047 1700 animo
2061 1671 2178 1700 exerci-

1216 1723 1280 1744 tum
1291 1713 1392 1743 castris
1401 1712 1539 1742 eduxerit
1551 1732 1560 1745 ,
1577 1714 1784 1752 impetumque
1794 1713 1827 1741 in
1838 1714 1881 1741 M.
1894 1714 2078 1746 Antonium,
2090 1721 2178 1742 exer-

1213 1758 1370 1796 citumque
1388 1754 1523 1784 hostium
1544 1753 1666 1787 fecerit,
1688 1754 1809 1794 ejusque
1818 1755 1917 1794 copias
1931 1752 2077 1784 occisione
2097 1754 2180 1784 occi-

1215 1797 1311 1830 derit,
1334 1797 1387 1826 suo
1407 1798 1558 1828 exercitu,
1587 1797 1627 1826 ita
1645 1795 1796 1825 incolumi
1808 1815 1817 1829 ,
1837 1805 1870 1825 ut
1887 1805 1926 1825 ne
1945 1805 2034 1824 unum
2053 1794 2179 1836 quidem

1217 1840 1352 1868 militem
1372 1836 1595 1868 defideraverit:
1618 1847 1749 1878 cumque
1767 1839 1803 1867 C.
1820 1837 1933 1871 Caesar,
1955 1839 2062 1878 imper.
2082 1834 2182 1867 consi-

1216 1881 1255 1911 lia
1267 1900 1276 1913 ‚
1295 1881 1512 1921 diligentiaque
1529 1879 1579 1909 sua
1601 1878 1692 1909 castra
1705 1877 1840 1917 *feliciter
1855 1878 2043 1913 defenderit,
2066 1878 2181 1919 copias-

1217 1933 1276 1963 que
1292 1921 1425 1952 hostium
1438 1942 1447 1956 ‚
1468 1931 1533 1962 quae
1543 1920 1578 1951 ad
1588 1919 1677 1950 castra
1688 1919 1863 1951 accesserant
1873 1941 1882 1954 ‚
1901 1920 2067 1963 profligarit
2076 1941 2085 1954 ,
2100 1921 2183 1951 occi-

1217 1965 1313 1995 derit:
1338 1964 1378 1994 ob
1388 1973 1435 1994 eas
1448 1973 1493 1993 res
1505 1964 1638 1993 senatum
1650 1962 1821 1993 existimare
1833 1983 1844 1996 ‚
1862 1963 1894 1992 δε
1901 1963 2034 2003 Judicare
2044 1983 2054 1996 ,
2074 1971 2182 1993 eorum

1219 2009 1311 2037 trium
1320 2008 1536 2046 imperatorum
1546 2007 1654 2035 virtute
1665 2024 1674 2038 ‚
1694 2007 1824 2044 imperio
1835 2024 1844 2038 ‚
1861 2004 1987 2035 consilio
2000 2025 2009 2039 ‚
2027 2006 2180 2046 gravitate,

1218 2048 1383 2079 constantia
1392 2068 1401 2082 ‚
1421 2047 1628 2089 magnitudine
1639 2048 1747 2079 animi,
1760 2046 1912 2081 felicitate,
1923 2050 2073 2087 populum
2082 2049 2179 2076 Rom.

1218 2089 1377 2121 foediffima
1389 2111 1397 2124 ‚
1419 2088 1675 2130 crudeliffimaque
1689 2089 1830 2119 servitute
1849 2089 2010 2119 liberatum
2021 2108 2031 2122 ‚
2049 2097 2181 2128 cumque

1219 2143 1319 2173 remp.
1331 2133 1437 2163 urbem
1448 2152 1456 2166 ‚
1468 2132 1579 2172 templa
1588 2131 1718 2161 deorum
1728 2131 1950 2161 immortalium
1960 2151 1968 2164 ‚
1982 2131 2070 2164 bona,
2081 2129 2183 2160 fortu-

1220 2176 1330 2216 nasque
1343 2177 1487 2205 omnium
1500 2194 1508 2207 ,
1522 2173 1690 2214 liberosque
1700 2173 1904 2203 conservarint
1915 2173 2109 2203 dimicatione
2119 2190 2128 2204 ‚
2148 2170 2182 2201 &

1219 2217 1354 2257 periculo
1365 2219 1436 2246 vitae
1448 2217 1505 2246 sua:
1516 2236 1524 2250 ‚
1537 2218 1581 2246 uti
1595 2216 1635 2245 ob
1645 2224 1691 2245 eas
1701 2225 1746 2245 res
1757 2214 1846 2248 bene,
1856 2214 1983 2247 fortiter,
1994 2214 2183 2253 feliciterque

1218 2259 1321 2301 gestas,
1333 2261 1365 2289 C.
1376 2259 1467 2289 Pansa
1477 2278 1485 2291 ‚
1497 2261 1533 2288 A.
1547 2259 1665 2288 Hirtius
1677 2276 1686 2290 ‚
1699 2266 1780 2286 coss.
1790 2259 1985 2296 imperatores
1997 2275 2005 2289 ‚
2016 2256 2105 2288 alter,
2117 2264 2184 2284 am-

1221 2303 1298 2331 bove
1311 2314 1319 2336 ·‚
1334 2305 1346 2328 3
1358 2310 1408 2331 aut
1417 2299 1437 2330 si
1449 2300 1583 2333 aberunt,
1595 2301 1638 2328 M.
1654 2301 1806 2328 Cornutus
1816 2317 1825 2331 ‚
1835 2306 1943 2337 praetor
1954 2298 2082 2327 urbanus
2094 2316 2102 2330 ,
2114 2297 2184 2337 sup·-

1220 2343 1398 2382 plicationes
1410 2351 1462 2381 per
1471 2342 1535 2371 dies
1545 2341 1760 2380 quinquaginta
1771 2338 1805 2368 ad
1816 2340 1921 2368 omnia
1931 2340 2100 2378 pulvinaria
2108 2347 2185 2368 con-

1222 2383 1340 2412 stituat:
1363 2392 1494 2422 cumque
1504 2383 1598 2410 virtus
1608 2381 1767 2421 legionum
1777 2380 1867 2420 digna
1875 2379 2182 2420 clariffimisimpera‘r

1222 2425 1337 2454 toribus
1347 2422 1504 2456 exstiterit,
1515 2422 1661 2455 senatum,
1676 2431 1740 2462 quae
1750 2420 1784 2451 fit
1793 2431 1877 2451 antea
1886 2423 2041 2461 pollicitus
2051 2423 2183 2464 legioni-

1222 2466 1276 2496 bus
1287 2485 1295 2499 ,
1310 2464 1547 2504 exercitibusque
1558 2463 1668 2493 nostris
1680 2483 1689 2497 ‚
1701 2474 1733 2493 ea
1744 2464 1866 2493 summo
1877 2464 1989 2498 studio,
1998 2467 2014 2491 4
2026 2474 2085 2504 rep.
2096 2473 2185 2494 recu-

1220 2516 1333 2547 perata,
1352 2507 1579 2548 perfiu'ururum:
1604 2515 1734 2546 cumque
1745 2506 1824 2546 legio
1834 2508 1940 2536 Martia
1957 2509 2094 2546 princeps
2112 2515 2186 2537 cum

2193 1387 2237 1419 14

1221 2548 1357 2578 hostibus
1367 2548 1549 2581 conflixerit,
1558 2556 1645 2588 atque
1656 2550 1696 2578 ita
1704 2558 1775 2577 cum
1786 2548 1898 2587 majore
1910 2558 2038 2578 numero
2050 2546 2184 2578 hostium
2200 2545 2208 2550 ’

1222 2591 1411 2621 contenderit
1422 2610 1430 2624 ‚
1453 2599 1483 2620 ut
1495 2590 1642 2630 plurimos
1653 2590 1818 2623 caederem,
1839 2599 1978 2630 caperent
1995 2589 2184 2620 nonnullos:

1221 2643 1351 2673 cumque
1370 2631 1431 2662 sine
1450 2633 1510 2662 ulla
1530 2630 1736 2662 tetrafitatione
1756 2642 1809 2672 pro
1828 2635 1917 2671 patria
1936 2635 2029 2662 vitam
2043 2631 2188 2672 profude-

1223 2677 1283 2705 rint
1304 2686 1309 2704 :
1332 2685 1462 2715 cumque
1481 2673 1573 2704 simili
1597 2676 1705 2704 virtute
1723 2678 1903 2714 reliquarum
1921 2675 2078 2715 legionum
2103 2673 2188 2702 mili-

1223 2727 1265 2747 tes
1282 2726 1336 2756 pro
1357 2717 1447 2747 salute
1470 2716 1503 2746 δε
1525 2715 1660 2746 libertate
1677 2716 1781 2756 populi
1804 2718 1898 2746 Rom.
1919 2725 2048 2745 mortem
2069 2716 2187 2754 oppeti-

1225 2767 1340 2789 verint:
1362 2759 1475 2788 senatui
1494 2758 1608 2798 placere
1620 2777 1628 2790 ‚
1650 2767 1682 2788 ut
1701 2761 1734 2788 C.
1746 2758 1833 2788 Pansa
1844 2778 1852 2792 ,
1865 2761 1900 2787 A.
1915 2757 2032 2786 Hirtius
2044 2776 2053 2790 ‚
2075 2757 2188 2786 consu-

1225 2801 1268 2831 lcs
1281 2820 1290 2834 ,
1309 2803 1503 2840 imperatores
1514 2819 1522 2833 ‚
1534 2800 1622 2833 alter,
1634 2800 1764 2829 ambove
1774 2819 1782 2833 ‚
1794 2798 1815 2828 fi
1824 2800 1871 2828 his
1883 2799 2017 2829 videatur
2029 2818 2038 2831 ,
2058 2799 2094 2827 iis
2103 2818 2112 2831 ,
2133 2800 2186 2838 qui

1228 2845 1402 2884 sanguinem
1420 2851 1474 2882 pro
1487 2842 1548 2871 vita
1561 2860 1570 2874 ,
1590 2841 1724 2870 libertate
1735 2860 1743 2874 ‚
1762 2840 1950 2880 fortunisque
1959 2839 2072 2880 ,populi
2089 2842 2183 2870 Rom.

1226 2894 1281 2925 pro
1300 2884 1370 2915 urbe
1395 2903 1405 2918 ,
1435 2882 1614 2923 templisque
1641 2882 1768 2912 deorum
1796 2882 2018 2912 immortalium
2036 2881 2189 2922 profudis-

2111 2924 2187 2966 sent,

1226 2990 1333 3032 nire-ab
1350 2990 1504 3024 inseprliundo
1515 3008 1523 3021 ,
1542 2996 1622 3025 atque
1639 2988 1798 3019 iutciidere3
1821 2989 1916 3016 nedum
1928 2999 1979 3026 prae
1998 2990 2023 3016 se
2041 2989 2114 3015 ferre
2123 2998 2188 3016 con-

1228 3035 1354 3053 tranum.
2168 3041 2174 3051 ι

1266 3071 1292 3099 3.
1313 3066 1364 3088 Aut
1376 3063 1400 3095 fi
1417 3060 1543 3095 aberium]
1565 3060 1608 3086 Sic
1623 3060 1732 3096 Pal.pr.
1751 3060 1900 3097 scmquan.
1921 3061 2031 3088 Maurit.
2052 3060 2186 3097 perspich

1230 3108 1333 3126 verum.
1353 3097 1501 3133 alluditquc
1512 3096 1596 3123 editio
1609 3104 1695 3128 vetus,
1707 3098 1808 3124 abarim.
1834 3098 1925 3133 vulgo,
1937 3100 2050 3123 abierim.

1265 3142 1292 3167 4.
1313 3135 1409 3167 Repulsi.
1421 3133 1586 3168 recuperata]
1609 3134 1768 3160 Posteriores
1787 3132 1850 3160 edd.
1867 3136 1989 3167 liberata,
2008 3132 2052 3160 sed
2070 3132 2186 3160 alteru-fn

1232 3171 1312 3200 restat
1322 3170 1350 3199 in
1359 3168 1420 3199 mff.
1430 3170 1537 3205 nostris,
1547 3169 1687 3207 servatque
1696 3169 1860 3199 Vietoriana.
2161 3186 2171 3193 κ

2050 3206 2190 3233 isacium
