2360 3400
517 102 613 136 DE

176 171 266 204 habet
277 175 367 213 ?quas
374 167 500 211 quidem
513 176 681 210 percurrere
691 169 826 199 oratione
836 167 923 200 facile
934 167 977 198 est
988 178 994 198 ε
1009 168 1081 209 quid
1090 168 1139 199 in—

174 222 218 245 ter
227 212 320 244 Indos
331 232 340 245 ‚
365 212 398 242 &
413 211 509 242 Persas
520 230 528 244 ‚
555 214 564 230 ¹
579 210 736 250 AEthiopas
750 230 760 244 ‚
780 210 911 251 &Syros
922 209 1039 241 differat
1049 229 1058 244 ‚
1076 220 1137 239 cor-

168 253 281 298 poribus
294 274 302 288 ‚
321 254 442 283 animis:
463 261 496 283 ut
507 252 693 283 incredibilis
704 254 828 283 varietas
839 272 847 285 ‚
867 250 1138 292 diffimilitudoquc

171 295 215 326 sit.
239 298 286 326 Ex
298 305 360 336 quo
370 295 552 335 intelligitur
565 314 573 328 ‚
589 294 657 334 plus
670 303 811 324 terrarum
826 292 894 324 situs
906 313 914 327 ‚
927 294 1017 334 quam
1032 297 1046 314 ²
1056 293 1136 323 lunae

170 336 281 369 merus
301 336 338 367 ad
359 337 542 367 nascendum
563 337 671 367 valere.
696 338 775 366 Nam
787 336 868 377 quod
879 337 979 375 ajunt,
992 334 1135 376 quadrin-

169 387 256 420 genta
268 397 277 412 ,
296 379 328 409 δε
340 379 522 420 septuaginta
533 379 631 408 millia
644 387 797 408 annorum
809 379 840 407 in
848 377 1039 419 periclitandis
1049 396 1057 409 ,
1078 386 1134 407 ex-

166 419 380 461 periundisque
396 423 513 461 pueris,
533 422 719 461 quicumque
739 417 832 449 efl‘ent
845 421 926 453 nati,
946 419 1132 458 Babylonios

166 461 317 502 posuisse,
336 461 459 493 fallunt.
484 462 595 492 sienim
615 459 862 491 effetfastitatum
875 481 883 495 ,
905 471 967 491 non
976 459 1047 491 ess'et
1056 459 1131 490 desi—

169 513 246 534 tum.
268 507 427 535 neminem
442 514 541 535 autern
552 503 696 534 habemus
704 502 856 532 audiorem
870 522 878 537 ,
900 505 951 543 qui
964 502 995 533 id
1005 511 1054 532 aut
1065 501 1130 532 fieri

103 555 150 588 47
168 545 248 576 dicat
259 566 267 579 ,
283 556 333 576 aut
341 546 455 577 faStiim
469 547 550 577 sciat.
577 545 708 575 Videsne
720 564 728 578 ‚
747 554 797 574 me
809 554 872 575 non
883 555 915 575 ea
926 545 1023 575 dicere
1034 564 1042 577 ‚
1062 554 1129 584 quae

103 588 110 593 ⁹
167 587 331 618 Carneades
342 608 350 622 ‚
375 589 422 618 sed
442 598 473 619 ea
484 608 491 622 ‚
513 597 580 629 qiiae
593 589 732 627 princeps
740 589 912 617 Stoicorum
924 589 1071 617 Panaetius
1083 586 1129 615 di-

164 632 265 660 xerit?
281 640 336 671 ego
346 640 445 661 autem
458 632 548 660 etiam
558 631 616 660 hoc
627 631 746 669 requiro
757 647 765 661 ‚
786 628 945 659 omneisne
957 648 967 662 ‚
986 629 1126 669 quiCan-

164 670 250 702 riensi
262 681 361 712 pugna
371 673 561 705 ceciderunt,
583 681 636 700 uno
655 668 725 706 astro
737 671 859 711 fuerint.
884 673 992 700 Exitus
1001 669 1127 711 quidem

165 716 311 744 omnium
333 724 431 747 unus,
454 714 486 744 δε
508 713 590 743 idem
602 712 670 742 fuit.
693 712 797 752 Qid?
814 714 1000 752 quiingenio
1013 732 1022 745 ,
1042 720 1129 751 atque

163 757 270 786 animo
280 754 449 797 singulares,
460 765 534 785 num
545 754 624 785 astro
632 763 752 794 quoque
762 756 848 783 uno?
866 753 947 794 quod
957 755 1040 783 enim
1052 762 1131 783 tem-

164 794 241 837 pus{
260 807 322 837 quo
343 808 407 827 non
426 797 664 827 innumerabiles
684 795 860 825 nascantur?
881 805 910 826 at
925 796 1003 825 certe
1024 794 1130 824 fimilis

166 849 261 869 nemo
272 841 411 869 Homeri.
435 842 492 872 Et,
512 837 532 867 si
551 838 586 867 ad
607 846 671 866 rem
692 839 840 876 pertinet,
860 847 921 878 qiio
942 836 1039 866 modo
1057 837 1130 865 caelo

165 879 275 911 affefiffl
287 900 296 913 ‚
318 879 550 919 compositisque
571 878 714 907 sideribus
731 878 872 918 quodque
883 879 997 908 animal
1008 880 1128 907 oriatur:

162 922 259 955 valeat
280 921 309 951 id
329 919 445 951 necefl‘e
463 919 506 950 est
519 920 610 949 etiam
625 920 653 948 in
662 917 739 947 rebus
748 920 893 948 inanimis.
914 930 976 961 quo
986 919 1059 960 quid
1070 921 1129 949 dici

160 962 258 1003 potest
267 962 435 993 absurdius?
446 964 482 992 L.
494 961 620 1002 quidem
632 962 778 991 Tarutius
787 963 957 995 Firmanus,
969 961 1032 991 fam
1039 961 1131 991 iliaris

162 1004 265 1036 noster
279 1023 287 1038 ‚
317 1007 350 1034 in
366 1005 473 1044 primis
491 1002 657 1033 Chaldaicis
676 1003 843 1033 rationibus
861 1004 995 1033 eruditus
1007 1022 1016 1037 ‚
1046 1003 1128 1033 u'rbis

161 1048 252 1077 etiam
265 1045 373 1077 nostrae
391 1046 515 1075 natalem
533 1045 606 1074 diem
625 1044 774 1085 repetebat
784 1044 819 1075 ab
829 1046 867 1075 iis
878 1045 1038 1078 Parilibus,
1061 1047 1127 1085 qui—

162 1087 219 1118 bus
230 1098 295 1119 eam
315 1088 331 1118 a
340 1089 478 1118 Romulo
487 1087 641 1118 conditam
653 1088 836 1126 accepimus.
859 1089 1055 1127 Romamque
1064 1107 1074 1120 ‚
1096 1089 1126 1117 in

156 1130 232 1171 jugo
242 1130 314 1160 cum
327 1128 398 1160 efl'et
408 1130 478 1160 luna
489 1149 498 1163 ‚
525 1137 624 1159 natam
637 1126 694 1158 effe
704 1128 841 1162 dicebat,
863 1138 918 1159 nec
931 1129 1070 1168 ejusfara
1079 1138 1124 1159 ca—

161 1172 402 1202 neredubitabat.
426 1173 527 1201 Ovim
546 1172 713 1200 maximam
735 1172 862 1200 errmis!
883 1173 1023 1201 Etiamne
1044 1171 1124 1201 urbis

162 1214 271 1244 natalis
289 1213 354 1244 dies
375 1213 410 1243 :id
428 1215 492 1243 vim
503 1212 654 1243 stellarum
666 1232 675 1246 ,
694 1212 727 1242 δε
739 1212 1013 1252 lunaepertinebat?
1035 1212 1122 1243 facin

161 1264 257 1296 puero
277 1254 403 1289 referre,
435 1264 472 1285 ex
492 1264 550 1296 qua
564 1253 726 1291 affeffione
743 1255 808 1284 caeli
825 1257 961 1294 primum
983 1255 1121 1294 spiritum

159 1298 287 1328 duxerit.
312 1307 382 1327 nam
399 1299 458 1327 hoc
477 1299 510 1326 in
529 1297 639 1330 latere,
659 1304 708 1326 aut
726 1298 759 1335 in
779 1305 948 1330 caemenro,
968 1297 1124 1337 exquibus

160 1338 232 1369 urbs
250 1338 354 1369 effe-&a
372 1337 415 1369 est
429 1359 438 1373 ,
458 1340 556 1379 potuit
572 1338 692 1368 valere?
710 1338 759 1368 sed
778 1339 852 1378 quid
862 1339 968 1378 plura?
986 1338 1122 1379 quotidie

160 1380 350 1411 refelluntur.
374 1383 473 1421 Qatn
485 1380 579 1409 multa
586 1389 641 1419 ego
649 1380 797 1418 Pompeio
808 1400 816 1414 ,
831 1380 923 1421 quam
936 1382 1029 1410 multa
1039 1380 1121 1410 Cras-

159 1422 193 1453 so
203 1442 212 1456 ,
228 1422 317 1463 quam
329 1422 425 1452 multa
434 1423 505 1451 huic
519 1419 572 1460 ipfi
583 1420 689 1450 Caesari
697 1421 712 1451 a
722 1422 873 1452 Chaldaeis
889 1421 968 1452 dieta
977 1423 1119 1456 memini,

159 1473 318 1494 neminem
341 1473 447 1494 eorum
469 1460 525 1492 nisi
534 1460 687 1492 sene&ute
697 1481 705 1496 ‚
725 1461 780 1492 nifi
789 1462 875 1492 dorni
890 1483 898 1496 ‚
914 1463 969 1493 nisi
979 1473 1049 1493 cum
1060 1464 1120 1494 cla-

159 1508 244 1536 ritate
252 1503 310 1535 effe
320 1507 503 1535 moriturum
515 1506 528 1533 3
545 1511 578 1533 ut
589 1504 667 1532 mihi
675 1505 845 1543 permirum
855 1504 1000 1538 videatur,
1010 1515 1119 1545 quem-

157 1556 246 1588 quam
260 1544 373 1576 exstare
383 1566 391 1581 ‚
412 1547 465 1587 qui
476 1547 566 1576 etiam
575 1544 760 1575 nunccredat
769 1546 807 1574 iis
819 1565 827 1579 ‚
839 1555 969 1586 quorum
980 1546 1119 1585 praedststa

157 1587 294 1629 quotidie
303 1587 401 1618 videat
410 1597 438 1617 re
447 1607 456 1622 ‚
472 1588 507 1621 (φ
520 1587 622 1616 eventia
633 1587 727 1627 refelli.
751 1587 877 1618 Restant
887 1587 949 1618 duo
959 1587 1118 1618 divinandi

154 1639 275 1671 genera:
299 1639 367 1671 quae
376 1629 482 1660 habere
492 1628 623 1659 dicimur
636 1628 652 1658 a
668 1637 772 1659 natura
782 1648 791 1663 ‚
813 1639 880 1660 non
890 1629 926 1660 ab
935 1638 996 1660 arte
1012 1640 1018 1659 :
1041 1631 1116 1660 vati-

152 1671 295 1705 cinandi,
318 1672 351 1701 δε
367 1670 550 1702 somniandi.
575 1673 623 1700 De
633 1670 761 1711 quibus,
781 1673 1074 1712 Qinte,inquam‚
1094 1670 1113 1702 fi

152 1714 269 1754 placet,
283 1711 472 1744 differamus.
496 1712 576 1742 Mihi
588 1713 663 1742 vei-o
675 1731 683 1745 ,
695 1714 813 1753 inquit,
834 1713 936 1752 placet.
960 1715 1007 1743 his
1017 1715 1113 1748 enim,

151 1765 219 1797 quae
229 1755 326 1786 adhuc
335 1753 499 1796 disputasti,
511 1753 629 1794 prorsus
637 1753 795 1784 assentior:
820 1755 867 1787 &‚
879 1754 948 1784 vere
959 1763 990 1784 ut
1000 1755 1115 1795 loquar,

150 1806 335 1838 quamquam
344 1806 393 1828 tua
402 1807 451 1827 me
463 1797 560 1826 oratio
575 1794 789 1829 confirmavit,
812 1804 913 1826 tamen
935 1797 1026 1826 etiam
1049 1806 1117 1828 mea

150 1840 255 1879 sponte
265 1840 360 1869 nimis
375 1837 606 1879 superstitiosam
615 1837 652 1867 de
663 1836 856 1868 divinatione
864 1839 1034 1868 Stoicorum
1046 1839 1115 1868 sen-

148 1882 275 1912 tentiam
297 1881 488 1918 judicabam3
516 1889 549 1910 ac
569 1889 619 1909 me
637 1881 903 1919 Peripateticorum
922 1881 997 1910 ratio
1019 1881 1114 1920 magis

148 1923 311 1957 movebat,
331 1923 365 1953 δε
383 1924 492 1953 veteris
501 1922 685 1955 Dicaearchi,
705 1921 811 1960 &ejus
823 1940 831 1955 ,
855 1923 1002 1962 qiiinunc
1012 1920 1111 1956 floret,

150 1966 300 2005 Cratippi,
318 1966 370 2006 qui
382 1965 505 1995 censent
515 1961 573 1994 effe
585 1965 619 1992 in
630 1963 785 1993 mentibus
794 1964 959 1993 hominum
971 1970 1111 2005 tanquam

147 2008 294 2036 oraculum
311 2006 434 2047 aliquod
446 2026 454 2040 ‚
476 2015 518 2037 ex
540 2015 602 2046 quo
622 2004 722 2036 futura
739 2006 945 2044 praesentiant,
971 2003 1107 2045 siautfu-

147 2058 206 2078 rore
217 2048 314 2078 divino
335 2049 474 2078 imitatus
490 2050 624 2081 animm,
644 2054 697 2076 aut
710 2047 805 2087 sbmno
825 2047 988 2081 relaxatus,
1010 2047 1107 2078 solute

147 2099 308 2121 moveatur
326 2111 335 2124 ,
355 2100 388 2121 ac
403 2090 506 2121 libere.
532 2091 590 2121 His
607 2090 646 2119 de
661 2088 821 2130 generibus
838 2089 911 2130 quid
926 2089 1052 2123 sentias,
1074 2089 1108 2120 &

147 2133 258 2173 quibus
268 2142 301 2162 ea
320 2132 488 2163 rationibus
502 2131 640 2162 infirmes
652 2150 661 2165 ‚
685 2130 786 2161 audire
804 2130 873 2161 sane
894 2131 1000 2161 velim.
1033 2133 1108 2173 Qiae

145 2173 219 2204 cum
238 2174 291 2203 ille
311 2172 451 2208 dixisset,
471 2182 538 2204 tum
559 2183 614 2214 ego
633 2172 731 2203 rursus
748 2170 828 2214 quasi
841 2172 878 2203 ab
887 2173 947 2204 alio
958 2173 1108 2214 principio

145 2215 214 2246 sum
235 2216 357 2246 exorsus
375 2215 484 2246 dicere.
507 2218 590 2246 'Non
608 2217 716 2257 ignoro
728 2235 738 2248 ‚
755 2218 899 2255 inquam,
921 2215 1036 2256 Qinte
1049 2235 1058 2249 ‚
1080 2224 1108 2246 te

146 2257 264 2298 semper
286 2260 327 2288 ita
344 2257 460 2288 senfiss'e
473 2277 482 2291 ‚
502 2266 536 2288 ut
548 2257 585 2288 de
598 2259 704 2287 ceteris
713 2256 872 2287 divinandi
882 2256 1041 2298 generibus
1050 2257 1108 2288 du-

146 2299 255 2330 bitares
269 2310 274 2329 :
287 2302 300 2327 3
312 2299 365 2330 ista
371 2300 453 2334 duo,
463 2298 576 2330 furoris
587 2319 596 2332 ,
609 2299 642 2329 &
656 2299 788 2333 somnii,
798 2307 863 2340 quae
875 2299 890 2330 a
899 2299 992 2329 libera
1003 2308 1106 2330 mente

82 2347 129 2382 49
146 2339 238 2372 fluere
256 2341 431 2372 viderentur
444 2361 453 2376 ‚
472 2342 624 2382 probares.
646 2343 757 2372 Dicam
776 2343 884 2382 igitur,
910 2341 947 2372 de
964 2339 1106 2382 istisipsis

145 2383 264 2414 duobus
272 2384 432 2426 generibus
442 2385 519 2414 mihi
529 2383 602 2425 quid
610 2383 747 2414 videatur
757 2403 765 2417 ,
786 2382 806 2413 fi
815 2382 899 2422 prius
911 2402 920 2417 ,
930 2385 1102 2414 Stoicorum

142 2427 267 2455 rationis
276 2425 431 2457 conclusio
442 2445 450 2460 ,
466 2426 498 2457 δε
507 2427 640 2466 Cratippi
651 2424 746 2456 nostri
758 2445 767 2460 ‚
782 2424 855 2467 quid
863 2425 958 2457 valeat
968 2445 976 2460 ‚
988 2426 1105 2456 videro.

142 2466 259 2498 Dixisti
273 2469 357 2499 enim
368 2488 377 2502 ,
400 2469 434 2499 &
443 2466 640 2509 Chrysippum
651 2487 659 2502 ,
682 2467 715 2498 &
725 2469 897 2509 Diogenem
908 2487 916 2502 ,
935 2467 969 2498 &
979 2470 1106 2508 Antipa-

141 2517 220 2539 trum
233 2509 413 2540 concludere
429 2511 488 2540 hoc
497 2510 603 2540 modo.
627 2511 661 2540 Si
672 2519 753 2540 suN-i·
764 2519 802 2539 nr
811 2519 822 2539 i
835 2529 844 2544 ‚
860 2519 957 2551 neque
967 2510 1036 2541 ante
1048 2510 1105 2540 de-

137 2550 250 2581 clarant
268 2551 447 2581 hominibus
459 2571 467 2585 ,
485 2561 551 2592 quae
568 2551 666 2582 futura
675 2550 749 2582 sint:
773 2559 896 2582 autnon
906 2552 1037 2592 diligunt
1047 2552 1104 2582 ho-

138 2593 256 2622 mines:
269 2601 318 2623 aut
331 2612 339 2626 ‚
360 2592 434 2634 quid
444 2601 624 2623 eventurum
636 2592 686 2627 fit,
706 2595 858 2634 ignorant:
868 2601 918 2623 aut
929 2592 1104 2625 existimant

138 2634 218 2664 nihil
230 2633 367 2665 interesse
376 2655 385 2669 ,
396 2634 560 2665 hominem
568 2635 655 2668 scire,
686 2635 758 2675 quid
770 2633 946 2665 fitfuturum
961 2644 1101 2666 :autnon

138 2676 263 2706 censent
271 2675 328 2706 esse
338 2677 397 2708 suae
408 2676 567 2717 majestatis
578 2697 586 2711 ‚
598 2675 822 2718 praefignificare
832 2677 1025 2712 hominibus,
1033 2687 1100 2718 quae

137 2715 196 2748 fint
211 2717 329 2749 futura:
346 2728 396 2750 aut
412 2728 445 2749 ea
463 2729 502 2750 ne
522 2718 576 2759 ipsi
596 2719 721 2760 quidem
742 2718 785 2748 dii
795 2716 958 2759 significare
968 2718 1098 2759 possunt.

138 2761 180 2790 At
187 2768 285 2801 neque
301 2770 365 2792 non
376 2761 508 2803 diligunt
517 2771 591 2792 nos:
610 2761 679 2792 sunt
691 2763 776 2792 enim
789 2759 899 2800 benefici
910 2780 918 2796 ,
937 2763 1098 2803 generique

704 88 1402 138 DrerAronE

1482 93 1524 139 L
1557 107 1576 139 1
1614 108 1658 139 B·
1725 96 1800 141 ῙῙ.
2015 111 2144 158 ,της

1177 168 1341 201 hominum
1355 170 1445 201 amici
1460 181 1465 200 t
1476 180 1573 212 neque
1583 173 1723 214 ignorant
1732 183 1763 205 cai
1772 193 1781 208 ,
1792 171 1903 215 qiiae'ab
1913 173 1981 214 i'pfis
1989 173 2121 208 constitu
2133 193 2145 199 ἢ

1176 218 1201 239 ta
1212 230 1220 244 ‚
1238 211 1270 241 &
1281 211 1427 253 designata
1436 213 1522 244 sunt:
1548 223 1645 255 neque
1656 215 1753 246 nostra
1765 216 1976 248 nihilinterest
1986 237 1995 252 ‚
2015 218 2087 248 scire
2097 228 2140 252 επ,

1153 265 1157 297 :⁴
1174 261 1238 291 qua:
1251 252 1347 284 futura
1359 255 1427 284 sunt
1441 257 1569 285 :erimus
1583 259 1665 287 enin-i
1677 258 1830 292 cautiores,
1853 256 1873 288 si
1884 258 2029 289 sciemus:
2042 270 2141 301 neque

1173 294 1233 338 hoc
1241 295 1375 326 alienum
1389 296 1503 327 ducunt
1513 297 1664 337 majestate
1672 301 1722 330 sua
1735 310 1740 329 :
1752 301 1830 330 nihil
1840 299 1883 331 est
1894 302 1977 331 enim
1992 300 2141 340 beneficen-

1173 341 1216 383 itti
1225 336 1413 375 praestantius
1424 348 1429 367 2
1441 348 1541 380 neque
1552 349 1614 369 non
1627 339 1747 380 possunt
1757 342 1853 372 futura
1861 343 2055 382 praenoscere.
2070 354 2136 375 non

1171 386 1260 423 igitur
1280 378 1324 407 dii
1336 380 1434 423 sunt,
1456 390 1513 411 nec
1532 380 1699 422 fignificant
1717 384 1807 414 nobis
1820 383 1917 415 futura
1933 395 1938 414 z
1955 385 2135 418 fumantem

1168 418 1230 447 dii:
1250 417 1416 466 significant
1426 431 1508 463 ergo.
1531 426 1587 467 Et,
1601 433 1662 454 non
1677 444 1685 458 ,
1698 424 1716 455 si
1728 424 1893 467 significant
1906 425 2004 457 futui-a
2016 447 2023 461 ,
2037 428 2136 458 nullas

1168 458 1241 507 dant
1252 461 1341 490 nobis
1361 465 1422 492 vias
1437 466 1472 494 ad
1484 462 1737 504 signincationum
1748 469 1902 498 scientiam
1915 479 1921 497 z
1935 467 2040 500 frustra
2050 472 2136 500 enim

1169 500 1386 549 significarent:
1407 515 1503 546 neque
1522 505 1542 536 fi
1571 506 1643 538 dant
1660 510 1745 543 vias,
1765 520 1829 540 non
1851 509 2071 541 estdivinatiO:
2092 511 2137 543 est

1168 544 1435 591 igitur‘divinatio.
1459 549 1485 576 O
1498 558 1600 579 acutos
1620 551 1763 581 homines
1780 554 1784 580 ἔ
1810 561 1899 592 quam
1920 555 2020 591 paucis
2035 553 2134 584 verbis

1168 594 1326 625 negotium
1346 587 1520 619 coniectum
1543 595 1666 629 putant!
1690 596 1730 623 Ea
1750 594 1875 624 sumunt
1889 594 1924 624 ad
1945 595 2134 625 concluden-

1167 626 1241 673 dum
1253 647 1261 660 ‚
1272 637 1404 667 quorum
1417 632 1453 659 iis
1464 632 1541 660 nihil
1550 633 1736 664 conceditur.
1760 634 2031 666 Conclufioautern
2042 639 2136 666 ratio-

1168 677 1216 697 nis
1233 678 1267 698 ea
1284 670 1435 708 probanda
1448 672 1490 702 est
1501 675 1531 702 in
1547 683 1603 714 qua
1617 685 1651 703 ex
1661 675 1740 704 ree-m
1751 676 1900 706 nondubm
1911 677 1941 707 id
1954 697 1962 711 ,
1981 678 2064 718 quod
2075 678 2133 708 du-

1167 709 1276 740 bitatur
1286 730 1294 744 ,
1314 710 1455 757 efficitur.
1474 715 1604 745 Videsne
1616 719 1781 756 Epicurum
1794 739 1802 753 ,
1821 729 1911 759 quem
1922 719 2061 749 hebetem
2074 739 2083 753 ‚
2097 720 2130 750 &
2153 727 2198 757 50

1169 752 1278 782 rudem
1289 753 1387 783 dicere
1400 754 1495 785 solent
1504 759 1594 786 Stoici
1609 777 1617 790 ‚
1638 760 1897 799 quemadmodum
1910 779 1919 794 ⁷
1938 761 2019 801 quod
2032 763 2065 791 in
2077 771 2132 793 na-

1168 803 1230 824 tura
1240 804 1338 824 rerum
1350 806 1427 824 omne
1438 795 1494 826 efl'e
1505 798 1645 833 dicimus,
1660 800 1689 830 id
1702 800 1857 832 infinitum
1869 801 1926 832 ess'e
1938 803 2134 834 concluserit?

1166 835 1386 875 Qodfinitum
1406 837 1467 871 eff,
1486 841 1603 880 inquit,
1626 841 1708 871 habet
1727 850 1890 872 extremum
1914 847 1989 883 Quis
1999 846 2056 875 hoc
2065 855 2130 875 non

1166 878 1282 908 dederit
1295 879 1394 918 ?quod
1407 880 1495 910 habet
1505 891 1619 912 exrrem
1626 894 1676 913 um
1690 904 1698 918 ,
1711 885 1740 914 id
1752 895 1882 915 cernitur
1894 896 1931 916 ex
1941 887 2002 916 alio
2013 888 2133 917 exnin-

1166 919 1260 966 secus.
1285 920 1342 950 hoc
1361 931 1481 962 quoque
1492 922 1534 953 est
1545 926 1784 956 concedendum.
1809 930 1847 956 At
1858 947 1865 960 2
1879 928 1959 968 quod
1972 938 2064 959 omne
2075 928 2130 962 est,

1166 960 1196 990 id
1209 971 1273 991 non
1284 965 1416 992 cernitur
1433 974 1472 994 ex
1481 965 1540 995 alio
1551 967 1744 997 extrinsecus.
1769 971 1816 998 Ne
1829 970 1886 999 hoc
1895 969 2017 1009 quidem
2030 972 2134 1011 negari.

1165 1002 1270 1042 potest.
1295 1005 1384 1034 Nihil
1406 1007 1494 1047 igitur
1511 1006 1581 1038 cum
1596 1009 1699 1039 habeat
1709 1019 1882 1040 extremum
1894 1030 1902 1044 ‚
1926 1010 2083 1041 infinitum
2096 1010 2132 1041 sic

1165 1044 1280 1076 necesse
1298 1046 1349 1077 est.
1373 1048 1504 1078 Videsne
1515 1068 1523 1082 ,
1547 1059 1579 1079 ut
1600 1050 1634 1080 ad
1657 1061 1719 1081 rem
1742 1052 1864 1082 dubiam
1888 1051 2030 1083 conceffis
2041 1053 2131 1083 rebus-

1163 1092 1356 1126 pervenerit?
1377 1091 1444 1120 Hoc
1466 1100 1519 1119 vos
1539 1091 1689 1122 dialec'tici
1704 1104 1769 1123 non
1780 1094 1890 1124 facitis:
1913 1104 1969 1124 nec
1984 1093 2133 1126 solumea.

1164 1138 1227 1158 non
1238 1130 1400 1161 sumitisad
1410 1132 1666 1168 concludendum,
1678 1145 1743 1176 quae
1752 1136 1788 1165 ab
1802 1135 1947 1165 omnibus
1957 1136 2129 1167 concedan-

1162 1179 1214 1218 tur
1225 1182 1230 1200 :
1241 1172 1291 1201 sed
1305 1182 1337 1202 ea
1350 1173 1467 1202 sumitis
1478 1194 1486 1207 ,
1509 1175 1618 1214 quibus
1628 1176 1770 1207 conceflis
1782 1197 1789 1210 ,
1810 1182 1827 1204 4
1838 1178 1937 1207 nihilo
1952 1179 2046 1219 magis
2059 1177 2128 1208 effi-

1162 1221 1256 1258 ciatur
1274 1214 1354 1254 quod
1375 1216 1486 1245 velitis.
1513 1217 1648 1248 i'rimsim
1669 1221 1752 1248 enim
1774 1220 1829 1249 hoc
1851 1220 1979 1249 sumitis.
2004 1220 2037 1249 Si
2055 1220 2125 1258 fiant

1161 1255 1224 1288 ἀπ’,
1245 1253 1356 1294 benefici
1378 1258 1407 1286 in
1425 1258 1545 1286 homines
1560 1259 1641 1299 fiant.
1667 1263 1742 1300 Qis
1762 1262 1820 1291 hoc
1840 1261 1927 1291 vobis
1937 1261 2125 1300 dabit?Epi-

1161 1297 1288 1326 curusne
1307 1300 1472 1340 qiiinegat‚
1497 1301 1665 1341 quidquam
1677 1303 1750 1332 deos
1760 1313 1816 1332 nec
1825 1303 2046 1336 alienicuiaie,
2069 1312 2126 1333 nec

1162 1338 1206 1384 sui
1217 1342 1226 1367 ἓ
1236 1348 1273 1369 an
1283 1339 1384 1370 noster
1397 1344 1514 1371 Ennius
1525 1362 1537 1376 ‚
1555 1346 1607 1383 qui
1620 1353 1731 1386 magno
1738 1345 1842 1385 plausu
1853 1345 1987 1385 loquitur
1999 1365 2008 1378 ,
2027 1343 2125 1377 afl‘eni-

1161 1388 1253 1410 tiente
1262 1383 1375 1421 populo
1391 1386 1401 1407 ἒ

1252 1424 1278 1451 E
1276 1432 1311 1461 go
1320 1422 1403 1452 deam
1411 1435 1498 1465 genus
1508 1426 1557 1464 effi
1564 1427 1669 1468 [ἔγημεν
1678 1427 1744 1457 dixi
1753 1447 1761 1461 ‚
1773 1427 1808 1460 dy
1817 1427 1908 1457 dictim
1919 1428 2059 1458 cci-litum:

1251 1464 1307 1493 Sed
1314 1475 1355 1494 eos
1363 1476 1414 1495 non
1425 1477 1519 1497 curare
1529 1476 1622 1508 opinor
1632 1489 1641 1503 ‚
1657 1471 1728 1511 quid
1737 1478 1809 1509 agar
1818 1471 1975 1499 humanum
1981 1480 2084 1510 genus*⁷

1158 1506 1195 1534 Et
1204 1506 1327 1551 quidem
1338 1526 1347 1540 ‚
1369 1517 1420 1537 cur
1429 1507 1467 1539 fic
1478 1511 1619 1548 opinetur
1630 1531 1639 1544 ‚
1659 1514 1807 1541 rationem
1820 1511 1948 1549 subjicit.
1970 1511 2028 1541 Sed
2039 1511 2119 1541 nihil

1157 1545 1200 1592 est
1210 1545 1325 1576 necefle
1335 1548 1433 1578 dicere
1445 1569 1453 1582 ,
1475 1560 1541 1590 quae
1554 1550 1725 1591 sequuntur.
1746 1561 1862 1582 tantum
1875 1552 1914 1581 sat
1923 1551 1966 1582 est
1978 1553 2127 1592 intelligi,

1156 1587 1187 1616 id
1198 1587 1316 1617 sumere
1326 1588 1397 1619 istos
1406 1600 1461 1629 pro
1471 1600 1553 1621 certo
1563 1611 1570 1624 ‚
1582 1592 1663 1632 quod
1675 1593 1802 1622 dubium
1812 1611 1820 1626 ‚
1832 1593 2061 1623 controversum
2085 1603 2123 1624 ue

1156 1626 1198 1658 sit.
1244 1632 1387 1670 Sequitur
1404 1631 1494 1671 porro
1506 1652 1514 1666 ,
1536 1634 1626 1662 Nihil
1641 1634 1702 1664 deos
1720 1634 1846 1675 ignorare
1858 1633 1939 1675 quod
1951 1635 2056 1664 omnia
2076 1643 2121 1666 int
2141 1640 2185 1672 511

1157 1670 1193 1700 ab
1206 1672 1243 1701 iis
1256 1671 1428 1704 constituta.
1452 1676 1513 1705 Hic
1534 1674 1605 1705 vero
1624 1684 1733 1717 quanta
1750 1686 1848 1717 pugna
1868 1675 1911 1706 est
1932 1675 2123 1707 dofflffimo—

1155 1722 1222 1742 rum
1238 1714 1403 1745 hominum
1414 1735 1424 1750 ‚
1444 1718 1621 1758 negantium
1641 1717 1697 1748 efle
1717 1719 1779 1748 haec
1791 1720 1807 1748 a
1821 1718 1879 1748 diis
1891 1719 2124 1749 immortalibus

1154 1753 1335 1786 constituta?
1357 1759 1397 1787 At
1405 1757 1494 1793 nostra
1504 1757 1622 1788 interest*
1630 1760 1702 1799 skire
1712 1780 1720 1794 ,
1733 1769 1797 1801 quae
1808 1768 1953 1790 eventura
1963 1758 2029 1790 sint.
2053 1762 2123 1792 Ma-

1153 1805 1230 1836 gnus
1252 1798 1418 1828 Dicaearchi
1436 1799 1513 1829 liber
1529 1799 1591 1834 est,
1612 1801 1726 1831 nescire
1744 1811 1777 1831 ea
1793 1801 1905 1831 melius
1923 1799 1982 1831 effe
1996 1820 2004 1835 ‚
2025 1801 2122 1842 quam

1153 1838 1235 1867 scire.
1271 1841 1285 1865 5
1295 1840 1414 1879 Negant
1424 1840 1454 1870 id
1464 1839 1524 1870 effe
1533 1842 1668 1872 alienum
1679 1841 1831 1881 majestate
1841 1842 1971 1873 deorum
1983 1862 1992 1877 ,
2009 1841 2025 1863 ⁶
2037 1844 2119 1874 scili-

1152 1886 1199 1908 cet
1206 1879 1285 1909 casas
1294 1882 1438 1911 omnium
1449 1883 1654 1922 introspicere,
1666 1893 1697 1914 ut
1706 1884 1828 1914 videant
1837 1884 1910 1925 quid
1920 1886 2030 1925 cuique
2040 1895 2119 1916 con-

1150 1919 1246 1951 ducat.
1271 1923 1379 1962 Neque
1392 1932 1455 1953 non
1467 1922 1590 1963 poffunt
1597 1925 1704 1964 furum
1714 1926 1877 1967 prenoscere.
1901 1928 2021 1967 Negant
2031 1926 2121 1967 poffe*

1148 1963 1191 1996 ii,
1212 1962 1322 2003 quibus
1340 1972 1404 1994 non
1420 1965 1515 2004 placet
1527 1964 1585 1996 efle
1598 1976 1715 1997 certum
1729 1988 1738 2001 ,
1758 1968 1833 2008 quid
1842 1967 1980 1999 futurum
1991 1967 2034 1998 sit.
2059 1971 2118 1999 Vi·-

1149 2003 1238 2034 desne
1254 2007 1345 2045 igitur
1355 2026 1364 2039 ‚
1383 2016 1449 2047 qua:
1464 2007 1554 2038 dubia
1570 2013 1585 2037 7
1595 2006 1669 2043 sint,
1689 2019 1722 2040 ea
1737 2010 1817 2040 sumi
1831 2019 1886 2050 pro
1899 2011 1986 2040 certis
1997 2030 2006 2044 ‚
2026 2019 2114 2051 atque

1146 2046 1310 2092 concessis?
1333 2047 1443 2079 deinde
1461 2059 1681 2091 contorquent,
1706 2051 1740 2081 &
1759 2052 1798 2082 ita
1816 2052 2022 2082 concludunt:
2047 2055 2115 2082 Non

1147 2089 1281 2129 igitur&
1292 2089 1359 2119 sunt
1369 2089 1412 2120 dii
1423 2110 1432 2124 ‚
1452 2101 1507 2121 nec
1518 2090 1809 2132 fignificantfutura:
1830 2094 1860 2124 id
1872 2096 1956 2123 enim
1965 2094 2030 2132 jam
2044 2103 2115 2133 per-

1145 2129 1262 2161 feetum
1281 2132 1467 2162 arbitrantur.
1500 2134 1624 2165 Deinde
1641 2133 1812 2166 assumunt:
1834 2135 1909 2166 Sunt
1929 2143 2027 2164 autem
2045 2135 2113 2165 dii:

1145 2173 1226 2213 quod
1239 2173 1338 2212 ipsum
1352 2183 1415 2204 non
1429 2174 1465 2204 ab
1478 2176 1624 2206 omnibus
1635 2176 1810 2207 conceditur
1822 2187 1828 2206 :
1852 2176 2025 2218 Significant
2036 2188 2109 2218 ergo.

1146 2216 1196 2244 Ne
1207 2214 1237 2245 id
1251 2215 1376 2260 quidem
1390 2216 1533 2257 sequitur.
1556 2216 1679 2258 poffunt
1687 2221 1771 2249 enim
1788 2229 1852 2249 non
1866 2218 2029 2260 significare
2040 2239 2049 2252 ‚
2073 2219 2109 2250 &

1145 2265 1246 2287 tamen
1256 2255 1314 2286 efie
1326 2256 1386 2287 dii:
1405 2268 1462 2289 nec
1475 2256 1495 2288 fi
1511 2257 1696 2300 significent,
1719 2270 1783 2291 non
1795 2261 1864 2291 dare
1874 2263 1938 2291 vias
1947 2261 2060 2301 aliquas
2071 2260 2111 2291 ad

1147 2299 1303 2328 scientiam
1315 2297 1550 2340 significationis.
1565 2304 1604 2332 At
1615 2302 1645 2332 id
1655 2312 1777 2344 quoque
1787 2301 1884 2343 potest
1896 2322 1904 2337 ,
1916 2310 1948 2333 ut
1960 2312 2024 2332 non
2034 2302 2110 2333 dent

1143 2341 1266 2371 homini
1277 2352 1286 2375 ς
1308 2340 1361 2381 ipsi
1371 2342 1506 2373 habeant.
1529 2346 1677 2374 curenim
1687 2345 1795 2375 Tuscis
1804 2344 1904 2385 potius
1916 2365 1924 2378 ‚
1940 2344 2030 2385 quam
2040 2346 2108 2375 Ro-

1145 2384 1243 2413 manis
1258 2382 1383 2414 darent?
1405 2386 1471 2415 Nec
1491 2383 1509 2415 fi
1530 2385 1601 2416 dant
1619 2388 1699 2420 vias,
1722 2387 1806 2417 nulla
1817 2386 1859 2416 est
1869 2386 2026 2416 divinatio.
2050 2389 2108 2416 Fac

1145 2425 1212 2455 dare
1222 2424 1294 2455 deos
1307 2435 1312 2454 :
1327 2425 1408 2466 quod
1418 2425 1577 2457 absurdum
1589 2427 1647 2459 est:
1661 2428 1734 2469 quid
1745 2427 1831 2458 refert
1844 2448 1853 2463 ,
1869 2427 1888 2458 fi
1899 2430 2028 2468 accipere
2041 2429 2110 2458 nonv

1142 2465 1300 2507 possumus
1314 2470 1324 2496 ?
1338 2470 1518 2499 EXtremutn
1529 2468 1581 2503 est,
1592 2472 1685 2512 Igitur
1696 2470 1856 2501 divinatio.
1871 2472 1913 2500 Sit
1923 2479 2106 2500 exrremurn:

1143 2507 1286 2539 effeeturn
1299 2518 1398 2540 tamen
1414 2520 1478 2540 non
1489 2510 1540 2541 est.
1564 2522 1602 2542 ex
1616 2511 1692 2542 falsis
1705 2515 1789 2543 enim
1802 2532 1811 2546 ‚
1831 2512 1909 2542 utab
1919 2511 1986 2551 ipsis
1996 2511 2106 2542 didici-

1143 2560 1230 2585 mus,
1254 2561 1360 2581 verum
1379 2550 1458 2582 effici
1473 2562 1537 2583 non
1551 2553 1656 2593 potest.
1677 2555 1753 2593 jacet
1765 2556 1924 2595 igiturtota
1935 2552 2108 2583 conclusio..

1144 2595 1311 2623 Veniamus
1328 2603 1411 2624 nunc
1427 2594 1462 2624 ad
1476 2596 1633 2634 optimum
1645 2597 1744 2626 virum
1758 2595 1937 2626 familiarem
1949 2594 2101 2630 nostrum,
2122 2601 2175 2633 52

1142 2636 1325 2675 Cratippum.
1357 2638 1391 2666 Si
1406 2645 1482 2665 simi
1496 2646 1618 2667 ocums
1629 2656 1638 2671 ‚
1658 2639 1773 2678 inquit,
1795 2647 1859 2667 nori
1878 2636 1973 2677 potest
1990 2636 2106 2668 exstare

1142 2675 1280 2707 officium
1293 2697 1300 2711 ‚
1324 2677 1356 2707 &
1368 2687 1479 2707 munus
1494 2679 1653 2709 oculorum
1665 2698 1673 2713 ,
1691 2677 1813 2719 possunt
1825 2688 1925 2709 autem
1939 2679 2110 2720 aliquando*

1141 2719 1223 2749 oculi
1233 2729 1295 2749 non
1306 2718 1393 2760 fungi
1402 2720 1455 2750 suo
1467 2730 1593 2751 munere
1604 2731 1610 2750 z
1620 2723 1672 2762 qui
1682 2722 1730 2751 vel
1742 2721 1834 2751 semel
1846 2723 1885 2751 ita
1894 2719 1937 2751 est
1951 2721 2019 2751 usus
2027 2730 2108 2751 ocu·

1141 2760 1180 2792 lis
1192 2780 1201 2796 ‚
1215 2770 1248 2792 ut
1257 2771 1463 2792 veracerneret
1476 2782 1485 2796 ‚
1503 2764 1529 2792 is
1540 2763 1627 2794 habet
1635 2763 1754 2794 sensum
1765 2764 1926 2794 oculorum
1939 2783 1948 2797 ,
1962 2772 2030 2793 vera
2039 2772 2103 2793 cer-

1946 2814 2100 2837 nentium:

169 2888 204 2920 ·1.
222 2882 362 2915 ‹AErhiopae
371 2881 500 2916 &Syros.]
523 2880 615 2908 Editio
625 2880 740 2908 Vietorii
759 2883 899 2916 ‹Aithiopu
907 2885 973 2916 Syros
984 2901 994 2915 ‚
1013 2891 1098 2918 neque

135 2915 219 2946 ,aliter
228 2918 255 2943 S.
267 2917 386 2944 meroris
396 2924 442 2945 aut
451 2917 520 2944 Pali.
530 2917 584 2944 duo
595 2917 728 2944 meliores.

177 2960 206 2978 2.
226 2954 299 2980 Luna
306 2954 425 2989 iratius]
447 2954 517 2981 Pall.
527 2962 580 2982 tres
592 2955 619 2980 &
631 2956 658 2981 S.
670 2954 786 2982 Victoris
796 2956 887 2981 taHm.
903 2952 1007 2981 secund.
1018 2955 1098 2980 afim.

142 2995 287 3023 utrumque
298 2990 480 3025 praeposuerim
491 2991 613 3026 vulgato.
859 2995 865 3004 '

179 3032 206 3060 3.
222 3026 269 3058 Ista
278 3026 442 3058 duo‚flaeroi·is‚
451 3027 518 3061 elye]
530 3026 645 3054 ViErorii
656 3026 739 3053 editio
750 3028 778 3053 Sc
793 3026 862 3053 Pall.
873 3034 987 3063 quatuor
996 3029 1043 3054 ita.
1054 3025 1097 3054 sed

142 3070 202 3088 curn
214 3060 305 3087 eadem
316 3070 368 3088 vox
379 3062 466 3088 statim
477 3063 647 3098 praecellerit,
658 3064 704 3090 vix
715 3063 876 3091 admiserim.
1092 3062 1094 3064 ¹

175 3104 204 3130 4.
224 3098 302 3123 Nihilo
309 3098 382 3130 magis
390 3099 529 3133 efficimur]
550 3099 594 3125 Sic
602 3099 671 3126 Pau.
691 3108 816 3136 quatuor.
836 3101 909 3137 prius
929 3100 1031 3137 vulgati
1049 3101 1097 3135 effi·

135 3133 216 3162 ciatie.
226 3134 241 3162 a
252 3142 305 3170 quo
315 3134 396 3163 etiam
406 3132 507 3163 recedit
517 3135 617 3164 Wouv.
627 3135 654 3164 iii
665 3145 718 3173 quo
728 3138 835 3172 efficitur.

1177 2891 1204 2916 5.
1223 2887 1316 2916 Negant
1324 2883 1350 2908 id
1358 2883 1410 2916 effe,
1423 2882 1490 2916 fisa]
1514 2881 1657 2909 Lambinus
1669 2882 1726 2908 heic
1738 2881 1822 2908 multa
1832 2880 1981 2916 interponit
1999 2880 2031 2907 de
2041 2880 2099 2913 suo,

1139 2918 1216 2954 plane
1225 2928 1258 2945 ex
1270 2918 1440 2954 supervacuo.
1461 2917 1532 2954 quod
1544 2927 1590 2944 iios
1601 2918 1694 2944 damus
1707 2937 1715 2949 ,
1735 2917 1770 2945 est
1781 2919 1796 2944 a
1809 2915 1865 2943 mss'.
1884 2916 1952 2943 Pan.
1962 2916 2029 2943 item
2040 2917 2100 2944 edi-

1141 2955 1215 2982 tione
1225 2954 1350 2981 Victorii.
1369 2964 1454 2991 neque
1464 2954 1565 2990 aliquid
1576 2953 1660 2980 deesse
1672 2953 1786 2980 videtur.

1176 2992 1204 3017 6.
1225 2993 1316 3017 scilicet
1335 2991 1401 3023 casas
1411 2993 1510 3017 omnium
1519 2990 1702 3025 introspicere]
1725 2991 1766 3016 Ita
1782 2988 1990 3024 videtui-legisse
2005 2989 2031 3015 in
2050 2998 2103 3016 aii-

1140 3026 1216 3062 tiquo
1230 3028 1260 3053 1².
1273 3028 1409 3054 Manutius
1422 3046 1430 3059 ‚
1450 3026 1585 3063 quomodo
1604 3027 1662 3054 erui
1676 3026 1788 3054 omnino
1807 3025 1954 3054 ePalatino
1973 3025 2098 3052 secundo,

1137 3062 1195 3095 alii,
1206 3065 1289 3097 causas
1299 3067 1398 3089 omnium
1408 3076 1417 3096 ‚-
1437 3064 1522 3090 miuus
1533 3063 1610 3090 bene.
1940 3069 1945 3072 '

1171 3108 1199 3133 7.
1218 3103 1291 3131 Sint,
1309 3109 1337 3125 ea
1349 3101 1415 3133 sumi
1429 3107 1472 3133 pro
1482 3100 1575 3134 arrisu]
1597 3098 1641 3126 Est
1661 3099 1676 3126 ὸ,
1695 3098 1849 3129 melioribus
1860 3098 1930 3128 pall.
1942 3096 2098 3132 editisque&

1137 3135 1650 3172 Victor-io.alii‚fimt‚eafi1mmipfiapro
1661 3139 1738 3164 certis,
2043 3176 2056 3196 ι
2080 3168 2107 3194 5·

2060 3186 2076 3195 ι·
2095 3178 2108 3193 Ι
