2250 3358
651 135 1029 191 Hts‘r

188 238 280 274 Anno
295 226 379 265 urbis
391 236 531 263 Dcoxit·
551 226 705 262 Ciceronis
718 234 825 260 inv.
843 235 939 260 coss,

241 339 449 378 c.V1B
474 275 661 374 iiiimsm’p
685 338 713 372 A
739 337 773 372 N
797 335 885 385 sa,

390 390 419 425 A
458 387 738 423 marius,

181 462 322 503 Alendis
342 460 497 511 Januarii
521 459 678 496 consules
704 458 818 495 statim
854 457 930 507 post
954 457 1053 509 solle-

92 471 299 552 Kmnem
324 511 531 558 religionem
564 508 721 545 senatum
753 508 789 543 in
816 507 990 554 Capitolio
1012 507 1054 541 de

86 565 244 601 Antonio
259 588 268 604 ,
283 560 342 610 qui
360 571 439 596 tum
455 558 630 595 Mutinam
643 556 913 593 circumsedebat
924 580 934 594 ‚
964 558 998 591 &
1013 557 1053 591 D.

85 616 232 650 Brutum
245 609 479 659 oppugnabat,
493 608 709 650 habuerunt3
722 617 761 642 ut
771 606 946 653 Appianus
959 605 1016 640 lib.
1025 617 1050 648 3.

84 662 208 700 scribit.
235 660 286 696 lbi
301 658 417 694 L.Pis0
430 660 464 694 &
476 657 532 693 alii
545 655 710 692 nonnulli
722 654 900 690 mitiorem
915 654 1051 706 senten-

84 712 166 747 tiam
179 710 222 746 de
236 707 392 745 Antonio
406 706 571 742 dixerunt
583 729 593 743 ,
612 704 807 752 legatosque
820 703 860 739 ad
874 715 955 739 eum
968 714 1052 738 mit-

83 760 208 797 tendos
221 756 436 794 censuerunt·
466 755 591 790 Cicero
606 766 688 789 cum
702 753 767 788 suis
780 752 815 790 id
828 752 897 800 egit
910 778 919 793 ‚
934 762 972 787 ut
985 752 1051 787 ho—

84 809 142 845 stis
166 806 340 844 Antonius
363 803 582 851 judicaretur-
609 801 743 837 Habuit
763 813 839 839 tum
865 801 990 836 Cicero
1014 801 1050 836 iti

84 859 200 895 senatu
230 855 387 904 quintam
396 852 547 901 Philipp.
561 852 595 887 in
609 864 677 900 qua
699 864 771 886 non
785 850 894 887 modo
908 849 1049 897 legatio-

87 920 167 943 nem
180 903 364 941 difluadet‚
388 914 510 937 verum
532 901 634 936 etiam
656 900 747 936 bello
762 899 958 936 Antonium
972 912 1049 947 per-

82 952 296 1004 sequendum
321 951 387 987 esse
410 951 523 986 censet
538 964 544 985 :
572 950 642 997 agit
665 949 768 985 etiam
791 949 834 984 de
855 948 1049 984 honoribus

83 1001 307 1039 decernendis
330 1001 370 1035 iis
384 1023 393 1037 ‚
416 999 476 1048 qui
494 998 667 1046 rempubl.
680 998 839 1034 adversus
854 997 1050 1034 Antonium

83 1051 278 1088 defendant.
306 1051 359 1085 Eo
383 1047 439 1083 die
461 1048 548 1084 nihil
570 1048 605 1083 in
627 1047 743 1083 senatu
765 1046 902 1083 conse&
910 1060 971 1082 um
986 1046 1051 1082 est:

83 1101 138 1138 sed
151 1127 160 1142 ‚
173 1096 409 1136 controversia
421 1098 527 1146 usque
539 1097 581 1132 ad
593 1097 734 1132 nostem
746 1096 851 1132 duCta
864 1121 873 1134 ,
895 1096 1050 1132 senatum

83 1150 150 1186 effe
171 1147 372 1188 dimissum,
397 1146 575 1194 Appianus
596 1144 724 1181 scribit.
751 1143 916 1181 Postridie
936 1148 1047 1181 Anto-

84 1199 162 1235 nius
173 1197 279 1233 hostis
293 1221 302 1234 ‚
314 1197 360 1232 ita
372 1205 411 1231 ut
425 1195 564 1231 Tullius
576 1194 753 1230 censuerat
764 1220 772 1236 ,
782 1193 959 1242 judicatus
971 1193 1048 1229 fuis-

84 1249 131 1284 set
142 1272 152 1286 ,
167 1245 228 1282 nifi
241 1245 374 1281 Salvius
385 1244 546 1280 tribunus
559 1243 646 1292 pleb.
663 1243 897 1279 interceffiffet
911 1269 920 1284 ,
932 1243 1051 1279 decre-

86 1297 138 1333 vit
149 1308 264 1332 tamen
278 1295 410 1330 senatus
423 1317 434 1332 ‚
455 1304 495 1329 ut
508 1296 548 1329 D.
561 1294 687 1329 Brutus
711 1292 910 1329 laudaretur
921 1316 931 1330 ‚
955 1291 1049 1341 quod

87 1345 232 1382 Galliam
246 1343 402 1379 Antonio
426 1355 498 1378 non
514 1341 726 1378 concessisset
740 1355 748 1377 2
770 1342 852 1378 item
865 1366 875 1380 ‚
890 1352 929 1378 ut
942 1341 1053 1377 Caefiir

86 1407 157 1431 una
166 1406 248 1429 cum
259 1393 377 1428 Hirtio
390 1391 540 1427 &Pansa
553 1391 707 1428 exercitu
719 1390 781 1426 illo
793 1417 803 1432 ‚
829 1403 935 1439 quern
948 1390 1051 1426 habe-

85 1454 138 1480 ret
150 1469 161 1483 ,
171 1441 302 1478 bellum
314 1440 568 1477 administraret
582 1466 591 1481 ‚
603 1451 706 1489 atque
719 1439 826 1476 statua
837 1440 887 1475 illi
903 1452 1051 1488 ponere-

88 1503 144 1529 tur
161 1520 168 1528 .
194 1501 234 1527 ut
251 1490 455 1526 sententiam
471 1490 551 1525 loco
571 1489 741 1525 contulari
754 1489 906 1527 diceret,
927 1489 1051 1524 consu-

85 1541 194 1578 latum
220 1552 264 1576 ue
275 1539 397 1578 decem
407 1538 506 1574 annis
517 1538 610 1587 prius
623 1563 632 1577 ‚
646 1551 752 1587 quam
766 1538 858 1586 leges
872 1537 1051 1586 permitte-

85 1600 165 1627 rent
176 1613 186 1628 ,
199 1590 209 1624 i
225 1589 247 1624 li
260 1599 375 1637 petere
386 1587 505 1624 liceret
518 1601 526 1624 :
540 1598 775 1637 quantamque
787 1587 970 1636 pecuniam
984 1587 1051 1622 mi-

85 1638 204 1675 litibus
226 1649 346 1674 earum
368 1636 550 1685 legionum
563 1662 573 1677 ‚
599 1650 676 1685 quae
688 1637 886 1673 Antonium
900 1636 1052 1685 reliquis-

82 1688 181 1726 stat,
204 1697 298 1736 parta
318 1686 465 1723 vidior-ia
488 1686 662 1735 pollicitus
682 1686 785 1724 esset,
807 1696 903 1722 tanta
914 1685 1053 1734 publice

87 1737 237 1773 daretur·
263 1738 350 1772 Haec
362 1736 537 1784 Appianus
550 1735 607 1771 lib·
623 1747 649 1780 Ξ.
661 1735 722 1771 ubi
734 1734 827 1771 addit
837 1759 847 1773 ,
858 1735 894 1770 in
907 1735 1052 1783 sequen-

88 1786 116 1823 ti
150 1785 207 1822 die
228 1784 327 1821 fuifl‘e
350 1784 510 1821 decretos
532 1785 661 1833 legatos
682 1784 725 1820 ad
749 1784 947 1820 Antonium
971 1796 1053 1820 cum

88 1834 259 1871 mandatis
272 1859 282 1876 ‚
306 1846 384 1883 quae
397 1834 607 1870 Ciceronem
619 1833 763 1870 scribere
782 1833 915 1870 senatus
929 1833 1053 1869 volue-

88 1883 144 1920 rit·v
168 1883 237 1919 Dio
250 1883 307 1919 lib.
322 1895 376 1927 45.
390 1885 424 1920 δε
437 1886 493 1926 46.
508 1883 628 1919 eadem
641 1883 713 1920 fere
725 1894 839 1919 narrat
852 1885 886 1919 δε
896 1882 1053 1919 senatum

88 1933 110 1969 ἐι
123 1932 288 1969 Kalendis
296 1933 436 1980 januar.
449 1945 509 1978 per
530 1932 692 1968 triduum
714 1931 872 1968 habitum
885 1956 895 1970 ‚
919 1932 1054 1968 senten-

86 1980 215 2028 tiasque
227 1980 333 2016 dietas
347 2003 356 2017 ‚
378 1982 412 2015 &
423 1981 566 2016 tandem
578 1981 788 2027 legationem
801 1981 842 2016 ad
855 1981 1052 2017 Antonium

85 2029 221 2064 missam
247 2027 346 2062 fuiffe
366 2027 421 2063 ait·
450 2030 569 2076 Itaque
591 2028 701 2076 pridie
718 2031 839 2064 Nonas
849 2030 989 2076 januar.
1004 2029 1051 2064 fa·

87 2078 185 2114 &um
208 2075 551 2111 Senatusconsultum
575 2076 643 2112 fuit
656 2102 666 2116 ‚
701 2088 740 2111 ut
760 2079 858 2112 Serv.
872 2076 1053 2124 Sulpicius.

89 2128 130 2162 L.
145 2125 218 2161 Piso
232 2150 241 2165 ‚
267 2126 302 2159 &
326 2126 363 2159 L·
379 2124 554 2171 Philippus
579 2136 662 2159 curn
685 2125 854 2159 mandatis
875 2125 916 2158 ad
942 2127 1053 2159 Anto-

87 2176 189 2210 nium
211 2171 523 2221 proficiscerentur.
550 2185 655 2221 quam
678 2185 753 2208 rem
767 2175 815 2208 M.
828 2172 968 2207 Tullius
991 2185 1052 2207 eo-

88 2223 169 2259 dem
202 2223 256 2256 die
286 2222 322 2256 in
353 2222 528 2257 concione
557 2221 715 2270 exposuit
743 2221 860 2256 habita
883 2221 1053 2259 oratione,

88 2285 195 2322 quam
230 2271 320 2307 sexta
339 2270 525 2319 Philippica
547 2269 826 2319 comprehendit.
862 2269 904 2305 de
936 2270 1054 2317 legatis

89 2321 168 2357 vide
179 2319 273 2369 epist·
286 2323 317 2356 8.
330 2319 389 2355 lib.
406 2332 458 2356 11.
471 2332 501 2363 4·
524 2320 559 2355 &
572 2332 626 2361 24.
638 2319 717 2354 libri
736 2331 788 2357 12.
813 2319 932 2355 Famil.
960 2318 1055 2354 Cum

91 2370 191 2418 leg-,iti
209 2368 252 2404 ad
264 2368 460 2404 Antonium
481 2367 571 2404 miffi
594 2368 892 2416 aspernarentur,
914 2366 1053 2417 ejusque

90 2418 191 2455 amici
204 2415 358 2465 responsa
371 2417 461 2453 illius
475 2415 717 2465 confingerent
732 2442 741 2456 ,
766 2417 965 2453 M.Tullius
979 2430 1052 2453 me-

91 2478 192 2504 tuens
206 2493 216 2508 ,
238 2478 282 2502 ne
302 2466 500 2503 senatorum
520 2466 628 2502 animi
642 2466 682 2502 ad
701 2479 820 2515 pacem
833 2466 1052 2507 inclinarent,

92 2516 212 2553 habuit
232 2516 266 2550 in
279 2515 397 2552 senatu
408 2515 634 2563 Philippicam
645 2515 823 2567 septimam
835 2541 843 2556 ‚
865 2515 902 2550 in
919 2528 986 2564 qua
998 2528 1054 2563 pa-

90 2577 168 2601 cem
189 2564 299 2601 tribus
314 2564 363 2601 de,
378 2562 484 2600 caulis
496 2563 684 2600 dissuadet:
713 2564 870 2600 Primum
888 2587 897 2602 ‚
921 2565 1002 2613 quia
1016 2563 1056 2600 sit

91 2613 200 2663 turpis
214 2639 224 2655 ,
247 2612 373 2649 deinde
384 2639 394 2655 ,
416 2613 497 2662 quia
522 2613 730 2661 periculosa:
755 2612 929 2662 postremo
943 2637 954 2651 ,
977 2614 1057 2662 quia

91 2663 157 2700 esse
169 2675 241 2698 non
255 2661 365 2708 poffit.
393 2664 433 2697 In
446 2663 618 2709 legatione
633 2664 703 2698 Ser.
715 2662 879 2710 Sulpitius
903 2674 1055 2698 mortem

92 2712 190 2747 obiit·
215 2710 288 2746 Piso
303 2713 337 2747 δε
349 2710 524 2759 Philippus
534 2713 688 2747 Romam
701 2711 825 2753 reversi
845 2711 887 2747 ab
899 2712 1055 2747 Antonio

91 2760 134 2796 ad
148 2761 300 2796 senatum
312 2759 540 2795 intolerabilia
551 2760 720 2808 postulata
730 2760 926 2796 retulerunt
940 2784 949 2798 ,
965 2772 1053 2808 ep.4.

92 2809 151 2844 lib.
169 2821 221 2844 12.
238 2808 354 2844 Famil·
378 2809 446 2844 Dio
458 2808 516 2844 lib.
533 2811 589 2852 46.
619 2809 812 2844 Tumultus
826 2809 997 2845 interima
1009 2810 1055 2845 se-

93 2868 177 2893 natu
189 2857 254 2893 fuit
266 2857 423 2893 decretus
434 2881 445 2896 ,
468 2860 550 2892 cum
567 2857 649 2893 belli
674 2870 805 2893 nomen
831 2858 868 2893 in
892 2858 1057 2894 sententia

92 2906 177 2953 poni
190 2905 394 2954 quibusdam
407 2919 480 2942 non
494 2907 653 2954 placeret.
683 2907 718 2942 id
727 2906 822 2954 quod
838 2907 964 2942 Cicero
977 2908 1054 2942 Phi·

91 2955 216 3003 lippica
230 2955 353 2990 oetava
364 2955 595 3003 reprehendit.
615 2969 719 3004 quam
732 2967 810 2992 ante
822 2955 904 2991 Idus
918 2956 1057 2992 Martias

93 3003 132 3040 in
145 3004 260 3039 senatu
272 3003 363 3039 dixit
372 3029 381 3044 ‚
393 3004 546 3052 graviter
557 3005 724 3042 invehens
738 3006 774 3041 in
786 3003 973 3049 QFufium
986 3005 1056 3041 Ca-

93 3051 211 3087 lenum
225 3076 234 3091 ‚
248 3051 307 3099 qui
320 3053 477 3088 Antonio
490 3052 655 3090 studebat.
677 3053 812 3090 Deinde
824 3079 834 3095 ,
848 3065 928 3089 cum
943 3053 985 3089 de
997 3067 1056 3090 or-

95 3100 210 3135 nando
231 3102 327 3136 Serv,
340 3100 487 3149 Sulpitio
513 3103 549 3138 in
573 3103 687 3139 senatu
712 3113 873 3151 ageretur
890 3126 900 3141 ‚
928 3103 1054 3138 Cicero

94 3159 225 3186 nonam
235 3149 458 3198 Philippicam
471 3149 562 3188 dixit
572 3167 584 3196 5
596 3152 738 3189 suadens
749 3176 760 3193 ‚
773 3164 812 3194 ut
825 3150 972 3201 Sulpitio
989 3152 1054 3189 sta-

1110 151 1497 189 oRIA.
1993 154 2066 209 47

1104 232 1163 258 tua
1183 220 1342 269 pedestris
1356 233 1449 258 aenea
1469 222 1506 258 in
1527 220 1644 258 rostris
1664 231 1862 268 poneretur.
1889 233 1993 271 quam
2013 224 2071 259 sua

1108 282 1204 306 aetate
1222 283 1286 318 pro
1304 271 1420 307 rostris
1434 270 1581 319 Augusti
1595 269 1755 306 exstitisse
1767 297 1776 312 ‚
1800 271 2015 319 Pomponiusv
2027 272 2071 306 de

1107 319 1254 364 Origine
1271 318 1362 368 juris
1384 319 1534 357 testatur.
1569 322 1618 355 M.
1629 321 1755 355 Brutus
1778 333 1871 356 anno
1896 319 2070 368 superiore

1105 376 1146 417 ei<
1163 367 1257 402 Italia
1284 381 1318 403 in
1333 370 1504 405 Graeciam
1524 368 1699 416 profeetus
1712 393 1721 407 ‚
1747 368 1830 404 cum
1842 369 1993 404 Athenas
2009 381 2069 404 ve—

1106 412 1204 448 nisset
1224 438 1233 451 ‚
1260 416 1489 454 adolescentes
1513 417 1645 454 nobiles
1669 418 1851 453 Romanos
1872 444 1881 458 ‚
1913 430 2069 466 quorum

1105 473 1232 508 magna
1246 465 1436 501 multitudo
1458 467 1528 502 illic
1550 467 1723 502 bonarum
1737 467 1865 502 artium
1877 466 1974 502 causa
1985 479 2071 506 erat,

1105 509 1163 545 fibi
1176 510 1347 557 adjunxit.
1377 514 1413 548 in
1427 516 1478 549 liis
1492 516 1558 551 fuit
1573 518 1621 552 M.
1635 515 1817 551 Ciceronis
1828 514 1919 552 filius
1934 530 1940 551 ι
1962 528 2069 564 quem

1104 559 1230 595 Brutus
1242 585 1252 600 ‚
1265 571 1304 595 ut
1318 560 1519 598 Plutarchus
1531 564 1645 600 scribit
1657 589 1667 604 ‚
1691 565 1833 601 summis
1848 564 2005 600 laudibus
2020 565 2071 599 es-

1104 606 1232 644 fei-ebat
1245 632 1255 646 ‚
1276 609 1436 657 inquiens
1450 635 1458 648 ‚
1473 612 1503 646 se
1516 612 1614 648 illum
1629 613 1698 649 five
1712 614 1869 662 vigilaret
1881 640 1890 655 ,
1904 613 1973 649 five
1985 613 2068 648 dor-

1103 657 1206 692 miret
1222 681 1231 695 ,
1244 656 1404 694 admirari
1419 685 1426 698 ‚
1440 660 1535 707 quod
1547 662 1682 697 animus
1696 663 1733 699 in
1745 676 1787 698 eo
1799 674 1870 698 tam
1882 664 2074 710 generosus

1102 716 1310 755 tantumque
1332 707 1456 743 odium
1473 720 1708 756 tyrannorum
1723 712 1802 747 esset
1815 738 1823 753 ,
1847 713 1973 747 Brutus
1988 711 2071 747 inde

1102 756 1139 790 in
1154 755 1395 792 Macedoniam
1412 757 1633 805 transgressus
1645 784 1653 799 ,
1672 760 1880 796 Ciceronem
1893 759 2005 797 filium
2020 761 2072 796 se-

1102 805 1184 839 cum
1199 805 1301 841 duxit
1314 829 1324 843 ‚
1345 818 1457 854 eoque
1471 806 1583 854 legato
1596 807 1672 842 usus
1686 810 1795 844 multa
1805 809 2074 857 felicitergesfit,

1102 863 1140 888 ut
1153 853 1355 890 Plutarchus
1369 855 1403 889 in
1416 856 1525 891 Bruto
1537 855 1680 891 testatur
1691 882 1699 896 ‚
1712 859 1745 893 ἃ
1759 859 1884 893 Brutus
1898 859 1932 893 in
1945 858 2073 906 episto-

1100 901 1131 936 la
1143 901 1185 937 ad
1198 903 1409 938 Ciceronem
1422 915 1555 952 patrem
1566 931 1574 945 ‚
1589 917 1666 954 quae
1680 918 1776 940 nunc
1788 906 1834 940 est
1848 918 1967 954 quarta
1981 907 2076 946 libri,

1100 952 1160 998 qui
1175 951 1217 986 ad
1230 953 1378 995 Brutum
1391 953 1499 989 exstat
1512 980 1520 993 ‚
1533 955 1579 989 ita
1592 954 1726 989 scribit:
1751 955 1876 990 Cicero
1890 954 1978 991 filius
1992 967 2073 992 tuiis

1100 1000 1145 1034 lic
1159 1000 1247 1036 mihi
1260 1001 1291 1036 se
1305 1001 1429 1048 probat
1440 1002 1609 1038 industria
1621 1029 1630 1044 ,
1643 1003 1809 1050 patientia
1822 1029 1830 1044 ,
1845 1003 1960 1039 labore
1972 1031 1979 1044 ,
1997 1007 2072 1040 ani-

1102 1048 1150 1084 mi
1166 1050 1411 1097 magnitudine
1425 1077 1434 1091 ,
1447 1052 1547 1086 omni
1560 1052 1711 1100 denique
1722 1052 1840 1087 officio
1854 1079 1863 1093 ‚
1887 1063 1925 1088 ut
1939 1056 2073 1100 prorsus

1102 1111 1285 1147 nunquam
1305 1099 1480 1135 dimittere
1501 1100 1658 1136 videatur
1672 1101 1924 1148 cogitationem
1940 1126 1949 1141 ‚
1973 1101 2073 1149 cujus

1103 1146 1141 1182 sit
1153 1146 1255 1183 filius.
1285 1150 1334 1183 Ut
1347 1150 1401 1184 vel
1413 1149 1496 1185 hinc
1508 1162 1631 1186 eorum
1646 1150 1818 1197 imperitia
1828 1153 1886 1197 (ne
1898 1150 1981 1198 quid
1992 1163 2071 1198 gra-

1104 1195 1180 1231 vius
1193 1196 1320 1242 dicam)
1333 1210 1497 1244 arguatur
1509 1223 1519 1237 ‚
1540 1200 1598 1247 qui
1623 1212 1744 1234 vetum
1766 1199 1834 1234 esse
1852 1213 1924 1235 non
1939 1211 2073 1248 putant,

1102 1245 1198 1293 quod
1213 1246 1338 1281 Cicero
1363 1246 1421 1282 lib.
1437 1259 1466 1283 2.
1492 1247 1535 1282 de
1549 1247 1683 1283 Officiis
1698 1248 1742 1284 ait
1755 1272 1764 1286 ‚
1786 1248 1900 1284 filium
1917 1247 2008 1284 bello
2022 1249 2073 1283 ci-

1103 1293 1161 1329 vili
1176 1294 1194 1329 a
1207 1294 1375 1343 Pompejo
1388 1295 1446 1331 alae
1459 1296 1555 1332 alteri
1568 1297 1771 1345 praesecslum
1785 1321 1794 1335 ‚
1818 1310 1984 1344 magnam
1999 1298 2072 1333 lau-

1100 1343 1179 1378 dem
1205 1345 1240 1379 &
1262 1344 1281 1379 a
1301 1345 1437 1380 lumino
1453 1346 1531 1381 viro
1545 1370 1554 1385 ‚
1575 1347 1663 1382 &ab
1676 1346 1829 1382 exercitu
1843 1347 2072 1383 consecutum

1101 1391 1199 1427 fuisse
1213 1393 1403 1441 equitando
1416 1420 1425 1435 ,
1443 1393 1633 1441 jaculando
1644 1420 1653 1434 ,
1669 1395 1857 1444 omniaque
1872 1395 2009 1431 militari
2023 1396 2072 1431 la-

1100 1441 1185 1476 bore
1197 1443 1392 1478 tolerando.
1421 1443 1488 1479 Sed
1500 1443 1541 1480 ad
1555 1444 1781 1492 propositum.
1809 1445 1915 1480 Venit
1930 1446 2075 1480 Mssm-

1101 1501 1155 1526 tus
1180 1491 1215 1525 in
1233 1491 1477 1528 Macedoniam
1491 1518 1500 1533 ,
1528 1494 1610 1528 cum
1626 1493 1871 1540 Qortensio
1893 1493 2077 1529 decedenti

1102 1540 1144 1575 C·
1157 1540 1334 1577 Antonius
1348 1542 1456 1577 Marci
1479 1541 1582 1578 frater
1604 1541 1810 1578 succederet.
1838 1542 1903 1578 Sed
1915 1545 2074 1578 Horten-

1102 1587 1166 1624 sius
1178 1589 1372 1626 exercitum
1390 1615 1399 1630 ‚
1413 1603 1519 1639 quem
1535 1591 1671 1627 deleEtu
1686 1591 1804 1627 habito
1817 1592 2076 1639 conscripserat,

1100 1638 1207 1673 Bruto
1232 1638 1381 1675 tradidit.
1408 1640 1501 1687 legio
1524 1640 1627 1676 etiam
1642 1665 1651 1677 ‚
1675 1653 1780 1690 quam
1794 1643 1833 1676 L.
1846 1640 1919 1676 Piso
1940 1641 2073 1688 legatus

1102 1687 1247 1722 Antonii
1259 1687 1407 1724 ducebat
1419 1715 1428 1729 ‚
1453 1689 1618 1725 Ciceroni
1632 1688 1705 1725 filio
1719 1690 1750 1725 se
1761 1689 1913 1725 tradidit.
1940 1691 2074 1738 equita-

1102 1746 1158 1771 tus
1172 1762 1180 1776 ,
1203 1736 1265 1785 qui
1280 1737 1314 1772 in
1330 1738 1466 1786 Syriam
1481 1737 1672 1775 ducebatur
1683 1738 1848 1785 bipertito
1861 1763 1871 1777 ‚
1894 1739 1978 1774 alter
1990 1751 2074 1775 eum

1127 1784 1308 1822 uaestorem
1318 1810 1328 1824 ‚
1341 1786 1360 1822 a
1374 1800 1445 1835 quo
1460 1786 1652 1824 ducebatur
1662 1814 1670 1829 ‚
1688 1787 1828 1835 reliquit
1840 1787 1876 1823 in
1889 1787 2079 1830 Thessalia,

1099 1799 1233 1883 {qeieque
1245 1835 1285 1870 ad
1298 1836 1447 1872 Brutum
1460 1837 1611 1872 contulit
1626 1850 1632 1872 :
1655 1837 1850 1873 alterumn]
1867 1837 2074 1874 Macedonia

1101 1884 1221 1919 Cneus
1235 1885 1413 1921 Domitius
1427 1885 1621 1922 adolescens
1636 1886 1655 1921 a
1669 1886 1781 1934 legato
1795 1886 1938 1934 Syriaco
1951 1910 1960 1923 ,
1981 1887 2040 1933 qui
2056 1890 2076 1924 ἆ»

1104 1933 1289 1969 Plutarcho
1315 1934 1431 1971 Cinna
1457 1946 1606 1971 vocatur
1618 1959 1627 1972 ,
1656 1935 1812 1971 abduxit.
1854 1936 1888 1972 P.
1902 1935 2074 1977 Vatinius,

1101 1982 1161 2029 qui
1184 1983 1446 2030 Dyrrhachium
1472 1995 1702 2030 occupaverat
1724 1994 1837 2031 portas
1859 1985 1967 2018 Bruto
1991 1996 2074 2032 ape·-

1102 2030 1192 2070 ruit,
1222 2033 1257 2066 &
1280 2032 1474 2067 exercitum
1495 2032 1646 2067 tradidit.
1674 2032 1714 2066 C.
1729 2031 1904 2066 Antonius
1918 2031 1949 2066 se
1967 2032 2075 2080 Apol-

1104 2077 1234 2113 loniam
1256 2079 1406 2126 recepit,
1430 2080 1556 2114 Cicero
1570 2079 1714 2128 Philipp.
1734 2092 1786 2115 io.
1812 2079 2013 2116 Plutarchus
2035 2081 2069 2115 in

1103 2127 1211 2160 Bruto
1227 2150 1235 2164 ,
1259 2129 1293 2162 ὃς
1306 2127 1374 2162 Dio
1397 2128 1455 2162 lib·
1471 2140 1525 2172 47.
1552 2129 1615 2163 His
1628 2128 1670 2163 de
1683 2128 1784 2163 rebus
1799 2129 1923 2163 Brutus
1945 2129 2075 2166 litteras

1102 2173 1241 2221 publice
1254 2174 1347 2210 misit
1359 2199 1368 2213 ‚
1393 2189 1477 2224 quas
1490 2176 1531 2211 C.
1545 2177 1647 2212 Pansa
1669 2177 1787 2212 consul
1804 2177 1925 2212 coafto
1957 2178 2075 2214 senatu

1104 2222 1262 2258 recitavit
1275 2249 1284 2264 ‚
1308 2227 1342 2259 &
1354 2225 1502 2260 Brutum
1526 2225 1685 2261 oratione
1704 2226 1760 2261 sua
1773 2226 1922 2262 ornavit.
1950 2227 2015 2262 Sed
2029 2228 2075 2269 Q.

1105 2269 1220 2306 Fufius
1245 2284 1385 2320 rogatus
1412 2274 1615 2310 sententiani
1635 2297 1646 2312 ‚
1676 2276 1824 2310 Brutum
1847 2277 2077 2323 oppugnavit.

1103 2331 1227 2356 contra
1238 2333 1344 2369 quem
1358 2322 1484 2358 Cicero
1498 2333 1575 2359 tum
1591 2323 1820 2373 Philippicarn
1834 2323 2005 2360 decimam
2018 2325 2074 2360 di-

1105 2369 1156 2405 xit
1168 2395 1178 2410 ,
1203 2383 1307 2418 quarn
1321 2372 1446 2407 Brutus
1460 2372 1553 2420 epist.
1567 2385 1599 2416 4.
1622 2372 1665 2408 de
1688 2373 1810 2408 litteris
1832 2373 1984 2408 habitam
2008 2374 2075 2409 effe

1103 2429 1226 2454 contra
1253 2419 1426 2456 Calenum
1442 2447 1452 2462 ‚
1475 2422 1531 2457 ait.
1572 2425 1654 2458 Erat
1676 2421 1871 2470 Apolloniae
1895 2422 2007 2458 adhuc
2031 2422 2079 2459 C..

1107 2466 1281 2503 Antonius
1315 2480 1396 2505 cum
1430 2471 1557 2519 septem
1586 2471 1791 2506 cohortibus
1814 2470 2002 2519 Philippica
2021 2484 2074 2507 10.

1106 2515 1192 2551 Inde
1215 2517 1429 2554 Buthrotum
1463 2520 1676 2555 contendens
1707 2519 1743 2554 in
1770 2518 1893 2555 itinere
1918 2520 2076 2567 primum

1104 2575 1171 2600 tres
1183 2566 1345 2602 cohortes
1358 2566 1468 2603 amisit
1481 2593 1490 2608 ‚
1509 2582 1592 2616 quas
1604 2570 1730 2604 Brutus
1742 2568 1899 2604 concidit
1914 2582 1921 2604 z
1946 2569 2075 2605 deinde

1105 2613 1230 2661 proelio
1255 2627 1339 2651 cum
1353 2617 1526 2652 Cicerone
1539 2615 1612 2652 filio
1626 2617 1666 2653 ad
1678 2617 1853 2665 Byllidem
1875 2618 2074 2657 commiffo,

1105 2662 1218 2699 vic‘ius
1241 2663 1277 2699 in
1291 2665 1388 2701 Bruti
1410 2665 1612 2712 potestatem
1625 2666 1721 2702 venit
1734 2690 1743 2704 ‚
1765 2678 1804 2702 ut
1817 2666 2018 2703 Plutarchus
2034 2672 2076 2703 il)

1106 2712 1213 2748 Bruto
1228 2713 1352 2750 scribit.
1379 2715 1578 2751 Antonium
1591 2716 1716 2751 Brutus
1737 2715 1852 2751 secum
1874 2715 1934 2751 diu
1955 2718 2072 2751 hono—

1107 2759 1202 2796 rifice
1213 2761 1332 2798 habuit
1344 2787 1353 2801 ,
1380 2764 1438 2811 usq
1445 2776 1487 2799 ue
1499 2776 1541 2799 eo
1556 2786 1573 2802 ‚—
1585 2774 1624 2800 ut
1636 2764 1850 2811 magistratus
1863 2763 2009 2812 infigni'a
2022 2765 2071 2800 illi

1106 2822 1178 2845 non
1203 2810 1377 2847 adimeret.
1414 2825 1519 2860 quam
1541 2812 1614 2861 ejus
1639 2813 1858 2849 clementiam
1884 2813 2010 2849 Cicero
2035 2814 2072 2850 in

1106 2857 1254 2906 epistolis
1278 2860 1319 2895 ad
1343 2873 1425 2897 eum
1447 2859 1578 2909 scriptis
1603 2862 1687 2910 saepe
1709 2867 1850 2898 acculat·
1877 2862 1942 2897 Sed
1955 2887 1964 2901 ‚
1988 2861 2073 2898 cum

1108 2908 1284 2943 Antonius
1297 2910 1519 2956 Apolloniam
1532 2921 1665 2947 teneret
1676 2936 1684 2950 ‚
1699 2922 1777 2946 ante
1793 2911 2073 2960 Kalend.Aprilis

1108 2959 1260 2992 Romam
1274 2958 1415 2993 allatum
1429 2958 1495 2996 fuit
1509 2960 1552 2995 de
1565 2972 1679 2996 morte
1693 2961 1734 2995 C.
1748 2959 1916 2995 Trebonii
1932 2983 1941 2998 2
1965 2972 2072 3009 quem

1107 3006 1321 3041 P.Dolabella
1332 3009 1506 3058 Smyrnae,
1517 3009 1717 3045 verberibus
1731 3021 1768 3045 ac
1780 3009 1964 3044 tormentis
1974 3021 2070 3056 quae-

1106 3054 1217 3090 stione
1229 3055 1375 3101 publicae
1397 3058 1553 3104 pecuniae
1570 3070 1630 3105 per
1642 3058 1791 3093 biduum
1806 3058 1918 3093 habita
1930 3083 1939 3098 ‚
1963 3058 2071 3091 inter-

1108 3104 1189 3138 fecit
1201 3126 1211 3140 ,
1226 3103 1352 3140 Cicero
1367 3106 1510 3154 Philipp.
1524 3107 1708 3142 undecima
1720 3131 1728 3144 ,
1742 3109 1776 3142 &
1788 3106 1856 3140 Dio
1871 3118 1929 3149 47.
1951 3108 2071 3150 Itaque

1108 3151 1286 3191 Dolabella
1309 3155 1326 3191 a
1348 3154 1465 3192 senatu
1482 3155 1586 3192 hostis
1594 3155 1770 3204 judicatus
1782 3154 1869 3191 fuit:
1896 3152 2072 3190 Postridie,

1984 3212 2068 3239 cum
