2295 3400
181 149 277 191 400
604 125 674 174 M.
742 124 796 171 T
831 139 863 171 v
902 139 929 170 t,
967 138 995 170 t,
1036 140 1050 170 1
1090 140 1106 169 i

187 209 402 251 tium-patefeci
412 209 442 238 in
453 207 552 238 senatu
562 205 700 236 hesterno
709 204 896 235 dieze-arilina
909 202 968 244 ipse
978 204 1145 244 pertimuit.

202 252 325 291 ,rol'ugit
338 249 449 290 inquid
460 247 644 287 exspeErant?
655 257 700 277 nae
709 247 756 277 illi
766 248 962 277 vehementer
972 244 1101 279 errant,si
1112 246 1149 274 il-

191 264 251 325 lam
263 303 360 324 meam
371 290 526 332 pristinam
535 290 689 319 lenitatem
699 298 870 329 perpetuam
881 287 995 328 sperant
1005 287 1146 318 futuram.

153 347 177 377 4
207 336 282 366 mod
294 345 329 365 ex
336 331 461 373 spectavi
472 352 479 363 ‚
492 332 555 371 jam
565 332 630 361 sum
639 329 782 361 assecutus
793 350 801 364 ,
814 339 846 360 ut
856 339 910 359 vos
919 339 1027 359 omnes
1037 327 1147 359 fabiam

193 381 221 408 el
235 376 252 406 ‘e
265 385 361 416 aperte
374 375 615 413 conjurationem
625 381 728 402 contra
740 369 1088 412 rcmpuhvideretismfi
1097 380 1148 401 ve-

192 418 228 449 rb
240 417 259 447 fi
267 420 333 458 quis
343 415 386 446 est
397 435 404 449 ,
438 416 469 445 ui
482 414 740 455 Catilinaefimilers
748 424 819 444 cum
830 413 958 444 Catilina
968 413 1073 443 sentire
1084 422 1147 442 non

195 468 289 501 putet.
313 461 388 489 Non
399 466 427 487 ei
446 457 509 496 jam
519 457 634 486 lenitati
646 456 746 486 locus:
775 456 960 486 severitatem
971 464 1017 485 res
1025 454 1086 495 ipsa
1097 452 1148 484 fla-

190 504 276 543 gitat.
298 509 396 530 unum
407 501 497 529 etiam
514 507 597 528 nunc
615 497 796 528 concedam:
816 505 943 530 exeant,
960 494 1150 537 proficiscan-

195 553 262 575 tur,
288 552 325 571 ne
342 542 491 581 patiantur
508 538 654 569 desiderio
671 539 716 570 sui
738 540 898 570 Catilinam
918 541 927 556 ¹
945 538 1088 568 miserum
1108 546 1150 567 ta-

193 583 322 615 bescere.
349 581 562 612 demonstrabo
580 582 654 611 iter:
685 581 805 611 Aurelia
819 583 868 612 via
883 579 1032 621 profectus
1050 578 1103 609 est.
1129 577 1150 608 si

191 626 352 656 accelerare
364 624 487 657 volent,
507 623 542 653 ad
552 623 704 663 vesperam
718 623 948 664 consequentur.
974 624 1000 651 O
1017 621 1151 651 fortuna-

196 677 257 698 tam
270 666 405 706 rempub.
425 664 572 706 siquidem
582 666 657 695 hanc
672 665 818 695 sentinam
830 665 918 702 hujus
930 663 1011 694 urbis
1020 664 1149 702 ejecerit!

198 712 272 739 Uno
283 707 453 738 mehercule
464 707 591 737 Catilina
614 705 759 736 exhausto
772 727 779 739 ,
794 706 919 736 relevata
937 706 1014 735 mihi
1025 725 1033 738 ,
1054 704 1087 734 δε
1105 713 1153 734 rc-

195 760 290 781 crettta
300 749 416 789 respub.
426 748 556 778 videtur.
579 748 662 788 Qid
671 750 755 778 enim
768 749 860 781 mali,
871 757 920 778 aut
931 748 1046 779 sceleris
1058 744 1152 786 fingi,

200 801 252 822 aut
261 792 423 832 excogitari
431 791 530 830 porest
539 809 548 824 ‚
566 789 647 830 quod
657 799 722 819 non
733 790 785 820 ille
793 792 983 829 conceperit?
1001 791 1068 829 quis
1087 796 1148 818 tota

198 834 284 864 Italia
294 831 464 866 veneficus,
485 834 554 873 quis
565 831 728 872 gladiator,
747 834 815 872 quis
827 832 900 861 latro
912 852 921 865 ‚
940 833 1007 872 quis
1020 829 1148 862 ficar-ius,

198 878 268 916 quis
286 874 445 915 parricida,
473 875 540 914 quis
559 872 807 903 testamentorum
827 872 991 911 subjector,
1009 873 1076 912 quis
1094 873 1152 900 cir-

199 918 401 958 cumscriptor
410 936 418 949 ,
437 917 504 956 quis
513 925 607 955 ganeo
617 935 626 948 ,
645 916 712 955 quis
723 925 817 955 nepos
828 934 835 947 ‚
857 918 924 955 quis
935 914 1048 944 adulter
1059 933 1067 946 ‚
1087 922 1152 953 quae

199 959 313 989 mulier
322 957 446 988 infamis
457 977 465 990 ‚
475 958 542 998 quis
551 965 706 995 corruptor
713 957 880 995 juventutis
891 975 899 990 ,
909 958 975 997 quis
986 963 1152 994 corruptus,

197 1003 268 1042 quis
277 1000 409 1040 perditus
426 1000 556 1029 inveniri
568 996 666 1038 potest
675 1017 684 1031 ,
705 998 797 1038 quise
806 1008 876 1028 cum
887 998 1015 1028 Catilina
1025 1006 1088 1026 non
1100 998 1152 1034 ja-

201 1040 389 1080 miliarrffime'
398 1039 498 1077 vixrffe
509 1039 632 1070 fateatur
644 1042 655 1068 ἓ
676 1049 742 1080 quae
750 1040 844 1070 caedes
853 1049 904 1079 per
914 1040 1001 1069 hosce
1011 1047 1106 1069 annos
1118 1036 1154 1066 si-

199 1095 239 1115 ne
248 1084 303 1114 illo
317 1083 392 1113 faeta
403 1081 464 1112 est?
486 1081 569 1122 quod
583 1080 731 1110 nefarium
743 1080 892 1120 struprum
904 1091 967 1110 non
978 1090 1028 1120 per
1041 1079 1153 1109 illum?

198 1127 267 1169 Jam
277 1124 348 1154 vero
359 1133 423 1164 quae
434 1124 551 1153 tantain
563 1122 628 1152 ullo
637 1133 784 1164 umquam
794 1123 1084 1162 hominejuventutu
1094 1122 1153 1150 iue-

199 1166 280 1197 abra
299 1165 356 1196 fuit
377 1185 385 1199 ,
409 1173 518 1205 quanta
535 1166 569 1194 in
579 1165 634 1194 illo
648 1168 659 1192 ἓ
679 1165 814 1210 quialios
825 1165 886 1204 ipse
894 1164 1009 1194 amabat
1026 1160 1153 1203 turpiffi-

200 1208 254 1239 me
269 1228 278 1241 ‚
290 1208 419 1237 aliorum
430 1208 527 1236 amori
536 1204 758 1247 flagitiosissime
770 1206 913 1236 serviebat
925 1206 1007 1235 :aliis
1018 1203 1152 1234 frucium

200 1250 368 1281 libidinum
379 1268 389 1282 ,
407 1248 472 1278 aliis
482 1257 612 1278 mortem
623 1257 780 1288 parentum
793 1267 801 1281 ,
815 1257 879 1277 non
889 1246 983 1277 modo
993 1246 1154 1286 impellen—

202 1291 244 1322 do
257 1311 266 1326 ,
290 1289 395 1320 verum
419 1291 509 1320 etiam
528 1289 699 1329 adjuvando
708 1310 717 1324 ,
741 1289 946 1330 pollicebatur.
970 1291 1063 1318 Nunc
1082 1285 1153 1317 vero

201 1342 292 1374 quam
303 1331 401 1363 subito
412 1341 476 1361 non
485 1330 584 1361 solum
596 1341 633 1361 ex
642 1331 714 1361 urbe
724 1351 732 1364 ‚
751 1341 856 1361 verum
866 1333 956 1361 etiam
975 1340 1013 1359 ex
1021 1331 1095 1370 agris
1108 1331 1154 1358 in-

202 1383 325 1417 gentem
337 1383 499 1403 numerum
516 1373 702 1414 perditorum
720 1374 885 1403 hominum
900 1373 1079 1413 collegerat?
1101 1381 1154 1400 ne-

204 1426 270 1450 mo,
284 1426 347 1446 non
359 1414 452 1445 rnodb
463 1417 571 1445 Romae
581 1435 590 1449 ‚
610 1418 624 1434 ²
635 1415 683 1445 sed
696 1425 751 1445 nec
761 1415 825 1445 ullo
835 1417 866 1444 in
875 1415 985 1456 angulo
995 1415 1087 1444 totius
1097 1415 1156 1443 Ita—

201 1459 252 1488 ]iae
267 1455 419 1497 oppressus
429 1467 484 1486 aere
494 1457 595 1487 alieno
604 1456 662 1486 fuit
672 1477 680 1490 ‚
703 1467 794 1498 quern
805 1466 869 1486 non
879 1458 914 1486 ad
923 1458 982 1486 hoc
993 1454 1153 1485 incredibi-

163 1517 182 1547 5
204 1499 232 1530 le
246 1500 362 1530 sceleris
372 1498 471 1529 foedus
479 1498 644 1528 adsciverit.
668 1501 766 1539 Atque
777 1518 786 1531 ,
808 1508 840 1528 ut
856 1507 919 1538 eJus
934 1497 1048 1537 diversa
1058 1495 1156 1532 studia

202 1543 239 1572 in
250 1539 384 1572 diffimili
399 1542 513 1570 ratione
524 1541 687 1580 perspicere
697 1539 915 1580 poffidsmemo
926 1538 967 1569 est
975 1541 1007 1569 in
1016 1539 1088 1569 ludo
1097 1539 1158 1580 gla—

202 1583 332 1614 diatorio
342 1583 443 1622 paullo
453 1582 487 1612 ad
499 1581 614 1612 facinus
635 1582 772 1612 audacior
784 1602 793 1615 ,
811 1584 862 1623 qui
880 1582 908 1613 se
926 1591 991 1612 non
1009 1582 1156 1610 intimum

204 1622 405 1656 Catilinaeess'e
415 1623 555 1654 fateatur:
575 1633 668 1655 nemo
679 1626 711 1654 in
724 1624 809 1654 scena
819 1626 915 1654 levior
925 1643 934 1658 ,
956 1624 990 1654 &
1008 1624 1135 1664 nequior
1146 1641 1154 1656 ‚

201 1668 257 1708 qui
275 1667 305 1697 se
324 1676 387 1696 non
406 1665 539 1706 ejusdem
548 1665 643 1706 prope
663 1665 796 1696 sodalem
814 1664 902 1695 fuifl'e
921 1673 1152 1696 commemoret.

201 1713 302 1749 Atque
320 1707 401 1738 idem
421 1717 521 1738 tamen
544 1728 552 1742 ‚
574 1707 743 1748 stuprorum
767 1727 776 1742 ,
815 1707 848 1737 &
874 1707 1017 1738 scelerum
1042 1707 1157 1736 exerci-

204 1753 317 1781 tatione
326 1748 501 1780 ass‘uefaffls
514 1770 522 1782 ,
535 1749 643 1790 frigore
654 1750 687 1779 &
696 1749 775 1779 fame
786 1770 794 1782 ,
807 1749 839 1779 ὃς
849 1747 893 1779 siti
904 1769 912 1782 ,
930 1759 961 1779 ac
970 1749 1082 1790 vigiliis
1093 1758 1158 1787 per·

203 1791 335 1822 ferendis
346 1812 355 1825 ,
377 1795 389 1818 3
397 1791 480 1829 fortis
489 1791 525 1821 ab
534 1791 597 1822 istis
604 1791 830 1832 praedicabatur,
847 1790 918 1821 cum
930 1790 1079 1821 industriae
1090 1789 1159 1820 sub—

205 1831 275 1864 fidia
287 1854 296 1866 ‚
321 1842 406 1874 atquc
417 1832 616 1863 instrumenta
625 1835 744 1863 virtutis
754 1853 763 1866 ‚
781 1835 813 1863 in
823 1833 950 1862 libidine
962 1853 970 1866 ,
981 1831 1160 1871 audaciaque

206 1876 465 1905 consumerentur.
490 1876 582 1904 Hunc
591 1873 663 1904 verb
675 1873 695 1903 sl
705 1875 749 1904 sui
758 1874 1006 1904 fuerintcomites
1017 1873 1123 1903 secuti:
1136 1871 1157 1902 sl

205 1926 245 1947 ex
257 1917 327 1946 urbe
339 1918 469 1946 exierint
484 1916 707 1956 desperatorum
719 1917 883 1946 hominum
893 1913 1029 1956 flagiriofi
1038 1924 1139 1955 greges
1151 1924 1157 1943 :

203 1958 226 1989 ὣ
242 1968 300 1988 nos
312 1958 412 1988 beatos
423 1977 432 1990 ‚
453 1956 472 1987 ὃ
488 1967 582 1998 remp.
596 1956 778 1988 fortunatam
791 1977 799 1992 ,
823 1957 842 1987 ὁ
852 1960 1019 1997 praeclaram
1039 1957 1158 1986 laudem

202 2000 376 2031 confutatas
385 2000 447 2029 mei
459 2002 465 2029 Ι
481 2001 557 2030 Non
564 2001 650 2030 enim
668 2000 730 2038 jam
741 1999 985 2030 suntmediocres
994 2000 1158 2028 hominum

205 2041 352 2072 hbidines
363 2062 372 2074 ,
391 2051 454 2071 non
463 2042 603 2072 humanae
610 2041 738 2072 audaciae
749 2061 759 2075 ,
779 2041 997 2071 acrolerandae:
1020 2041 1160 2070 nihilco-

203 2085 316 2126 gitant‚
341 2082 396 2113 nisi
406 2083 510 2113 caedeis
527 2104 536 2117 ,
554 2083 758 2114 nisiincendia
771 2103 779 2117 ,
794 2082 849 2113 nifi
859 2085 991 2123 rapinas:
1013 2084 1156 2123 patrimo⁴

206 2127 259 2156 nia
269 2126 318 2155 sua
327 2124 526 2165 profuderunt
537 2136 543 2155 :
565 2125 700 2156 fortunas
710 2125 772 2155 suas
782 2125 1015 2165 obligun·ierunt
1026 2135 1031 2154 :
1050 2134 1096 2154 res
1106 2133 1159 2154 eos

201 2167 386 2207 jampridem
396 2186 405 2200 ,
427 2165 500 2196 fides
510 2166 636 2198 deficere
645 2175 741 2206 nuper
750 2168 840 2206 coepit
852 2177 857 2195 ;
867 2166 969 2196 eadem
985 2175 1086 2196 tamen
1098 2166 1159 2199 illa,

228 2218 273 2238 uae
282 2217 341 2238 erat
352 2210 383 2238 in
393 2208 573 2239 abundantia
587 2228 596 2242 ‚
614 2206 703 2237 libido
712 2215 866 2245 permanet.
893 2208 984 2249 Qod
996 2206 1016 2237 sl
1026 2210 1059 2238 in
1069 2209 1159 2240 vino,

203 2218 241 2280 ἓ(
251 2250 312 2280 alea
322 2248 581 2280 comminationes
591 2249 691 2280 solum
703 2269 711 2282 ,
723 2249 756 2279 &
766 2249 857 2279 scorta
865 2259 1029 2290 quaererent
1045 2260 1050 2278 :
1067 2248 1160 2279 essent

203 2291 252 2322 illi
262 2291 386 2332 quidem
397 2291 588 2331 desperandi,
606 2291 654 2321 sed
665 2300 765 2321 tamen
776 2289 870 2320 effent
890 2291 1014 2320 ferendi.
1039 2292 1096 2320 hoc
1107 2300 1159 2320 ve-

202 2332 240 2364 ro
251 2335 317 2374 quis
326 2332 401 2362 ferre
415 2331 519 2372 possit,
541 2334 651 2362 inerteis
672 2334 815 2362 homines
831 2330 997 2362 fortiffimis
1005 2334 1078 2362 viris
1088 2329 1159 2360 insi-

202 2374 279 2406 diari
290 2394 298 2408 ‚
323 2373 508 2404 stultiffimos
519 2372 751 2414 prudentiffimis
763 2394 772 2407 ,
790 2373 922 2403 ebriosos
934 2373 1041 2404 sobriis
1056 2393 1065 2407 ,
1088 2372 1159 2402 dor—

206 2417 351 2446 mientcis
360 2417 579 2458 vigilantibus?
596 2418 649 2456 qui
669 2416 747 2446 mihi
757 2415 932 2446 accubantes
949 2416 981 2445 in
992 2416 1154 2449 conviviis,

203 2458 511 2498 compleximulieres
525 2459 691 2498 impudicas
703 2477 711 2491 ‚
735 2459 811 2487 vino
830 2457 983 2498 languidi,
1001 2455 1158 2487 4c0nfeffi

203 2499 276 2529 cibo
288 2519 296 2532 ‚
317 2499 399 2530 sertis
409 2500 543 2530 redimiti
556 2520 565 2533 ,
586 2501 745 2542 unguentis
762 2499 869 2533 obliti,
881 2499 1027 2529 debilitati
1039 2497 1157 2538 stupris,

204 2539 342 2571 exuerant
357 2542 548 2572 sermonibus
569 2542 629 2571 suis
646 2541 760 2572 caedem
781 2541 933 2571 bonorum
946 2560 954 2574 ,
973 2549 1060 2582 atque
1080 2540 1160 2569 urbis

204 2582 357 2613 incendia.
381 2582 500 2625 Qibus
519 2593 574 2625 ego
592 2582 715 2614 confido
726 2582 901 2624 impendere
910 2581 1006 2613 fatum
1017 2581 1138 2623 aliquod
1154 2593 1159 2612 :

1165 323 1168 342 Ι

1167 608 1172 768 Ι

1187 124 1730 175 Cicanonrs

1188 205 1221 237 &
1231 215 1334 246 poenas
1343 205 1460 246 jamdiu
1478 207 1665 247 improbitati
1679 229 1688 242 ,
1707 207 1850 250 nequitia:
1861 226 1870 241 ‚
1886 207 1984 238 sceleri
1995 227 2003 242 ,
2015 206 2140 239 libidini

1188 247 1315 281 debitas,
1328 257 1379 278 aut
1388 247 1494 278 instare
1501 250 1564 288 jam
1575 249 1674 290 plane,
1686 250 1820 282 autceite
1827 250 1890 289 jam
1900 251 2144 291 appropinquare.

1187 292 1272 331 Qos
1283 287 1305 320 s1
1316 299 1400 320 meus
1414 291 1581 321 consulatus
1591 311 1599 326 ,
1609 294 1757 332 quoniam
1766 291 1866 331 fimare
1876 302 1926 320 non
1933 290 2035 332 potest',
2049 290 2146 322 sustu-

1187 332 1255 362 lerit
1267 342 1271 361 2
1287 341 1351 362 non
1362 331 1450 362 breve
1460 332 1563 363 nescio
1573 333 1654 374 quod
1665 333 1847 373 tempus,sed
1859 334 1954 363 multa
1963 333 2067 363 saecula
2074 342 2144 373 pro-

1186 375 1294 415 pagari:
1303 375 1375 413 reip.
1403 375 1499 404 Nulla
1508 373 1551 404 est
1562 385 1645 404 enim
1657 377 1740 404 natio
1752 395 1760 408 ,
1781 385 1871 416 quam
1909 375 2142 405 ertimescamus:

1186 416 1288 445 nullus
1297 425 1360 448 rex,
1369 417 1422 456 qui
1436 416 1549 445 bellum
1559 416 1675 456 populo
1685 418 1723 446 R.
1734 415 1828 446 facere
1838 426 1877 456 po
1903 425 1936 446 1t.
1959 419 2062 447 omnia
2073 416 2142 448 sunt

1186 467 1308 486 exrcrna
1318 476 1327 489 ,
1338 466 1428 486 unius
1437 459 1557 490 virtute,
1569 467 1652 490 terra,
1666 459 1800 498 marique
1809 467 1916 498 pacata.
1937 458 2142 489 domesticum

1186 499 1302 528 bellum
1316 506 1435 528 manet:
1453 500 1534 527 intus
1546 497 1658 529 insidiae
1671 499 1755 529 sunt:
1774 501 1855 529 intus
1865 499 2014 530 inclusum
2023 501 2143 539 pericu-

1187 540 1253 569 lum
1265 539 1307 569 est
1319 550 1324 568 z
1346 540 1422 568 intus
1432 538 1466 575 est
1477 538 1562 575 hostis.
1585 550 1656 570 cum
1667 541 1786 571 luxuria
1797 541 1887 571 nobis
1898 561 1905 574 ,
1916 552 1987 571 cum
1995 543 2141 576 amentia.

1189 591 1259 612 cum
1278 581 1382 611 scelere
1400 581 1574 611 certandum
1591 581 1644 612 est.
1686 584 1766 612 Huic
1784 593 1839 624 ego
1865 583 1947 613 bello
1963 593 2013 613 me
2030 579 2141 614 ducem

1188 622 1331 664 profiteor
1341 643 1349 656 2
1370 625 1501 694 Qfgirites
1514 634 1520 652 ε
1539 624 1853 664 suscipioinimicitias
1864 625 2029 655 hominum
2039 625 2143 666 perdi·-

1190 675 1302 695 torum.
1325 675 1390 706 quae
1415 666 1493 695 anari
1511 674 1669 705 poterunt,
1689 676 1877 707 quacumque
1894 669 2008 697 ratione
2021 667 2140 698 sanabo.

1190 717 1254 748 qua:
1265 706 1419 737 resecanda
1429 717 1517 737 erunt
1529 726 1537 740 ‚
1559 716 1622 737 non
1639 709 1730 747 patiar
1746 708 1784 736 ad
1788 708 1936 748 perniciem
1943 710 2069 739 civitatis
2077 718 2144 740 ma·-

1192 759 1272 779 nare.
1296 748 1424 779 Proinde
1434 757 1484 778 aut
1492 757 1618 782 exeant,
1639 758 1691 779 aut
1699 751 1866 790 quiescant:
1886 759 1953 782 aut,
1969 750 2076 781 fi&in
2093 760 2145 781 ur-

1192 791 1247 824 be,
1268 790 1301 821 &
1320 792 1352 820 in
1372 790 1475 820 eadem
1487 800 1589 820 mente
1605 800 1799 831 permanent:
1818 801 1869 824 ea,
1887 801 1952 832 quae
1969 801 2142 826 merentur,

1191 833 1250 862 exs
1266 831 1375 861 cerent-
1399 834 1538 862 Aretiam
1551 833 1641 866 sunt,
1653 835 1803 872 Qirites,
1823 834 1999 874 quidicant,
2022 833 2140 864 amein
2158 836 2183 871 6

1191 884 1229 903 ex
1244 874 1331 903 ilium
1342 872 1474 911 eje-Erum
1485 872 1541 904 effe
1550 875 1720 904 Catilinam.
1743 875 1833 915 Qod
1856 885 1912 916 ego
1923 873 1943 904 fi
1959 875 2052 905 verbo
2068 874 2143 906 affe-

1190 917 1242 956 qui
1254 913 1368 955 possem
1379 935 1387 948 ,
1407 914 1478 945 istos
1492 916 1571 956 ipsos
1581 917 1721 955 ejicerem
1732 936 1740 950 ,
1754 919 1806 958 qui
1817 918 1879 947 haec
1888 918 2062 958 loquuntur.
2074 920 2142 948 Ho-

1191 967 1244 987 mo
1253 958 1338 987 enim
1349 956 1488 987 videlicet
1497 957 1624 988 timidus
1634 978 1643 991 ,
1659 958 1691 988 &
1700 958 1905 999 permodestus
1915 969 2022 989 vocem
2030 959 2142 990 consu-

1190 999 1228 1029 lis
1238 997 1312 1028 ferre
1321 1008 1384 1028 non
1393 1000 1508 1038 potuit:
1531 998 1619 1030 fimul
1628 1009 1714 1040 atque
1727 1001 1770 1030 ire
1781 1002 1813 1030 in
1828 999 1968 1030 exsilium
1979 999 2073 1041 juss'us
2086 1000 2142 1035 est,

1191 1044 1204 1068 5
1212 1041 1448 1080 paruit,quievit.
1469 1040 1618 1071 Hesterno
1626 1040 1761 1075 dicaam
1772 1042 1858 1072 domi
1869 1052 1943 1072 meae
1954 1043 2038 1082 paene
2050 1044 2145 1074 inter-

1190 1081 1287 1112 fectus
1296 1080 1403 1111 ess'em:
1418 1082 1551 1113 senatum
1559 1084 1594 1112 in
1603 1084 1699 1113 aedem
1709 1085 1796 1125 Jovis
1809 1085 1931 1114 Statoris
1938 1085 2044 1115 vocavi
2055 1094 2061 1113 :
2076 1094 2142 1115 rem

1192 1133 1319 1153 omnem
1329 1123 1363 1153 ad
1373 1132 1465 1163 patres
1473 1125 1658 1164 conscriptos
1671 1125 1776 1155 detuli.
1794 1124 1856 1165 quo
1869 1124 1941 1155 cum
1955 1126 2082 1156 Catilina
2090 1136 2144 1156 ve

1192 1163 1297 1195 nisset:
1317 1165 1466 1205 quiscum
1489 1165 1603 1195 senator
1618 1167 1796 1206 appellavit?
1818 1168 1886 1207 quis
1904 1167 2056 1198 salutavit?
2073 1169 2144 1207 qui·

1193 1207 1369 1247 deniqueita
1379 1206 1434 1236 ads
1450 1208 1530 1239 exit,
1549 1216 1582 1237 ut
1599 1208 1749 1247 perditum
1767 1209 1866 1238 civem
1878 1228 1886 1241 ‚
1904 1218 1936 1238 ac
1952 1218 2016 1238 non
2026 1207 2140 1248 potius,

1192 1257 1225 1278 ut
1243 1250 1410 1288 importuni
1446 1257 1533 1277 mum
1552 1248 1671 1278 hostem
1693 1251 1703 1278 ?
1720 1250 1896 1288 Qinetiam
1913 1252 2060 1290 principes
2078 1252 2142 1289 ejus

1192 1289 1307 1320 ordinis
1317 1289 1525 1330 partemillam
1545 1290 1754 1321 subselliorum
1766 1311 1774 1325 ‚
1794 1290 1830 1321 ad
1846 1301 1937 1332 quam
1954 1292 2005 1322 ille
2018 1290 2143 1322 acceffc·

1191 1341 1252 1365 rat,
1277 1332 1387 1362 nudam
1404 1351 1412 1365 ,
1437 1340 1526 1372 atque
1546 1333 1667 1362 inanem
1684 1333 1877 1373 reliquerunt.
1902 1331 1961 1363 Hic
1977 1343 2033 1374 ego
2049 1334 2142 1363 vehe-

1194 1374 1339 1403 mensille
1349 1373 1455 1403 consul
1469 1384 1474 1402 z
1492 1375 1543 1414 qui
1555 1372 1636 1403 verbo
1645 1376 1738 1404 civeis
1749 1385 1780 1404 m
1790 1373 1928 1404 exfilium
1938 1376 2029 1414 ejicio
2039 1395 2048 1408 ,
2061 1385 2143 1416 quae-

1193 1414 1244 1445 srvi
1264 1416 1280 1446 a
1300 1416 1443 1448 Catilina,
1470 1425 1508 1445 an
1523 1415 1674 1446 nediurno
1690 1425 1842 1446 conventu
1861 1416 1937 1456 apud
1959 1419 2002 1447 M.
2015 1419 2142 1447 Leccam

1193 1456 1292 1487 fuisset
1305 1476 1314 1491 ,
1332 1467 1436 1487 necne.
1457 1456 1536 1486 Cum
1547 1457 1598 1487 ille
1608 1458 1703 1487 homo
1712 1456 1917 1488 audacissimus
1930 1478 1939 1491 ‚
1963 1459 2144 1489 conscientia

1192 1498 1351 1529 convifitus
1363 1519 1371 1532 ,
1391 1498 1492 1539 primo
1503 1498 1663 1529 reticuifl'et
1675 1510 1680 1528 τ
1693 1498 1817 1539 patefeci
1827 1508 1921 1529 cetera
1932 1510 1941 1533 3
1959 1500 2032 1540 quid
2041 1511 2074 1530 ea
2084 1508 2144 1531 no-

1194 1540 1241 1571 &e
1259 1539 1360 1581 egiss'et
1374 1560 1383 1574 ‚
1403 1541 1455 1570 ubi
1471 1539 1591 1574 fuisset,
1615 1540 1688 1581 quid
1705 1543 1738 1572 in
1755 1543 1894 1581 proxima
1919 1539 2117 1572 constituisset
2132 1562 2143 1576 ,

1193 1582 1452 1624 quemadmodum
1465 1580 1536 1612 ess'et
1544 1584 1571 1612 ei
1582 1585 1655 1612 ratio
1669 1584 1760 1613 totius
1771 1583 1841 1613 belli
1851 1582 1992 1622 descripta
2001 1602 2010 1617 ,
2024 1583 2144 1614 edocui.

1197 1634 1267 1654 cum
1278 1622 1417 1654 haesitarct
1427 1635 1439 1657 ‚·
1457 1622 1472 1643 ⁶
1481 1634 1550 1653 cum
1562 1633 1710 1655 teneretur
1724 1636 1734 1659 3
1749 1623 1868 1665 quaesivi
1879 1644 1887 1658 ,
1905 1624 1978 1665 quid
1996 1625 2145 1655 dubitaret

1196 1665 1235 1696 eo
1252 1665 1419 1706 proficisci,
1441 1665 1503 1706 quo
1519 1666 1699 1706 jampridem
1718 1675 1844 1706 pararat:
1862 1665 1934 1695 cum
1953 1676 2052 1700 arma,
2070 1665 2144 1697 cum

1196 1709 1340 1741 scenicis,
1361 1707 1431 1738 cum
1442 1708 1562 1740 tasceis,
1582 1706 1653 1738 cum
1673 1708 1777 1741 tubas,
1799 1717 1869 1738 cum
1887 1706 1964 1748 signa
1982 1708 2146 1742 militaria,

1194 1749 1266 1780 cum
1277 1749 1419 1790 Aquilam
1429 1749 1512 1779 illam
1523 1759 1690 1789 argenteam
1703 1769 1711 1783 ,
1731 1755 1744 1778 7
1753 1751 1800 1779 cui
1811 1749 1863 1778 ille
1881 1759 1970 1779 etiam
1985 1750 2147 1781 sacrarium

1197 1792 1343 1822 scelerum
1354 1790 1439 1820 domi
1451 1791 1507 1821 suae
1516 1786 1653 1824 fecerat‚8
1663 1791 1768 1821 scirem
1780 1789 1836 1820 effe
1843 1788 2032 1830 praemiss'am.
2044 1794 2081 1821 In
2092 1801 2148 1822 ex-

1198 1832 1298 1863 silium
1310 1832 1641 1872 ejiciebam,quemjam
1653 1831 1813 1874 ingressum
1827 1830 1884 1862 effe
1894 1834 1926 1862 in
1936 1832 2053 1862 bellum
2062 1832 2148 1863 vide-

1197 1875 1267 1905 bam
1280 1878 1290 1903 ?
1304 1874 1680 1907 Etenim,credo‚Manlius
1690 1873 1959 1915 iste,centurio‚qui
1969 1876 2003 1904 in
2013 1884 2081 1916 agro
2091 1877 2148 1910 Fee

1198 1918 1216 1947 s
1213 1918 1302 1947 ulano
1312 1915 1400 1946 castra
1408 1915 1637 1956 posuit,bellum
1648 1916 1763 1956 populo
1771 1918 1810 1946 R.
1821 1916 1874 1946 suo
1884 1916 2150 1951 nomine,indixit:

1199 1958 1292 1989 &illa
1301 1957 1389 1988 castra
1398 1967 1479 1987 nunc
1488 1967 1552 1988 non
1562 1958 1722 1988 Catilinam
1731 1957 1839 1988 ducem
1850 1957 2023 1998 exspe&ant
2034 1968 2039 1987 :
2052 1958 2150 1989 &ille

1199 1999 1310 2040 ejecitis
1321 2001 1354 2029 in
1371 1998 1529 2033 exsilium,
1550 2000 1578 2029 se
1587 1998 1745 2029 Maffiliam
1757 2020 1766 2033 ,
1785 2008 1818 2030 ut
1834 2000 1938 2039 ajunt,
1957 2009 2024 2030 non
2042 2001 2074 2030 in
2085 2000 2149 2030 haec

1196 2041 1286 2073 castra
1295 2040 1440 2072 conferet.
1462 2043 1491 2071 Ο
1500 2041 1684 2071 conditionem
1693 2041 1842 2081 misit-am,
1862 2051 1927 2072 non
1941 2041 2037 2072 modo
2049 2041 2148 2072 adrni-
2167 2058 2187 2091 7

1199 2083 1375 2118 nistrandae,
1395 2093 1501 2113 verum
1511 2085 1601 2114 etiam
1610 2083 1820 2114 conservandae
1836 2085 1909 2123 reip.
1933 2086 1964 2114 N
1968 2093 2025 2114 unc
2039 2103 2048 2118 ,
2067 2082 2089 2113 fi
2106 2085 2144 2114 L.

1201 2126 1328 2157 Cat-ilina
1342 2145 1351 2159 ,
1371 2124 1502 2155 consiliis
1513 2145 1522 2159 ,
1540 2125 1690 2156 laboribus
1701 2145 1710 2159 ,
1731 2126 1870 2165 periculis
1880 2126 1956 2155 meis
1966 2126 2150 2156 circumclu-

1200 2168 1247 2198 sus
1258 2188 1267 2202 ‚
1287 2178 1319 2198 ac
1329 2167 1500 2197 debilitatus
1511 2187 1519 2200 ‚
1531 2165 1631 2197 subito
1642 2169 1849 2207 pertimuerit,
1861 2167 2039 2197 sententiam
2049 2175 2149 2197 muta-

1198 2211 1284 2243 verit,
1297 2209 1458 2239 deseruerit
1469 2209 1545 2242 suos‚
1559 2207 1718 2238 consilium
1729 2208 1802 2238 belli
1811 2207 1945 2238 faciundi
1955 2208 2149 2248 abjecerit‚ex

1201 2251 1260 2281 hoc
1271 2251 1355 2280 cursu
1363 2249 1527 2283 sceleris,&
1538 2250 1622 2283 belli,
1633 2251 1689 2279 iter
1696 2249 1732 2279 ad
1741 2249 1854 2291 fugam,
1869 2251 1996 2290 atquem
2006 2248 2147 2280 exsilium
2184 2271 2188 2274 -

1199 2293 1394 2322 converterit:
1412 2301 1477 2320 non
1486 2291 1622 2321 illeame
1641 2291 1781 2330 spoliatus
1803 2292 1894 2320 armis
1913 2291 2040 2321 audaciae
2052 2311 2061 2325 ,
2081 2301 2148 2323 non

1199 2331 1420 2372 obstupefafi'us
1432 2352 1441 2365 ‚
1461 2342 1491 2362 ac
1501 2333 1672 2372 perterritus
1688 2341 1754 2361 mea
1764 2331 1936 2373 diligentia,
1956 2343 2021 2363 non
2033 2333 2069 2363 de
2078 2334 2126 2373 spe
2137 2352 2150 2367 ,

1197 2383 1365 2414 conatuque
1378 2372 1534 2413 depulsus,
1557 2372 1604 2403 sed
1625 2373 1817 2407 indemnatus,
1835 2375 2001 2409 innocens,
2022 2376 2055 2405 in
2073 2374 2151 2405 exfi-

1197 2417 1274 2446 lium
1285 2414 1397 2454 cjeetus
1407 2415 1554 2445 xaconsule
1565 2435 1574 2449 ,
1588 2416 1631 2447 vi,
1648 2415 1680 2445 &
1691 2416 1786 2445 minis
1795 2413 1851 2445 effe
1862 2415 1990 2446 dicetur:
2008 2417 2147 2452 &erunt‚

1200 2459 1251 2499 qui
1264 2457 1352 2487 illum
1364 2477 1372 2490 ‚
1385 2455 1403 2486 s1
1415 2458 1472 2487 hoc
1480 2456 1582 2487 fecerit
1591 2477 1599 2490 ,
1619 2461 1634 2483 9
1643 2467 1708 2487 non
1718 2457 1892 2497 improbum
1904 2477 1912 2491 ‚
1925 2457 1973 2488 sed
1984 2459 2128 2489 miserum
2142 2469 2149 2489 :

1201 2509 1250 2529 me
1265 2509 1329 2529 non
1340 2499 1392 2529 dili
1415 2497 1600 2529 entiffimum
1615 2499 1834 2533 consulem,sed
1848 2499 2084 2532 crudeliffimum
2104 2510 2152 2542 ty·

1201 2551 1329 2571 rannum
1341 2543 1390 2570 exi
1405 2541 1620 2571 timarivelint.
1648 2541 1699 2572 Est
1717 2542 1898 2575 minitanti,
1919 2544 2050 2583 erites
2064 2562 2073 2577 ‚
2093 2544 2152 2574 hu·-

1196 2584 1208 2624 j
1214 2593 1247 2620 us
1257 2582 1380 2613 invidiae
1389 2582 1466 2614 falsae
1477 2602 1486 2617 ,
1498 2591 1585 2624 atque
1595 2584 1706 2624 iniquae
1718 2582 1922 2624 tempestatem
1932 2584 2029 2615 subire
2038 2605 2046 2619 ‚
2059 2584 2150 2615 dum-

2055 2627 2156 2658 modo

244 2691 255 2708 ι
264 2702 270 2707 .
289 2684 403 2718 Mefirum
412 2685 551 2719 tabescere]
574 2687 673 2713 Colon.
683 2688 802 2721 tepescere,
811 2686 881 2722 quod
893 2687 959 2713 mire
970 2686 1020 2713 huc
1030 2686 1158 2722 quadrare

203 2725 282 2755 putat
291 2720 463 2748 Gulielmius.
485 2722 618 2759 vulgatam
630 2730 717 2755 tamen
730 2724 789 2750 loco
799 2733 850 2750 non
862 2730 952 2750 movet
964 2732 971 2755 5
994 2732 1078 2759 neque
1089 2722 1162 2750 causa

205 2761 274 2783 erat.

243 2799 271 2816 a..
286 2791 334 2823 βἐιῖ
340 2794 433 2819 net-,ullo
440 2795 467 2818 in
477 2795 558 2827 angulo
566 2798 638 2820 terim
646 2797 730 2821 Italia.

199 2826 245 2860 sed
253 2835 280 2851 ne
291 2828 334 2852 κΙΙο
345 2846 352 2859 ,
371 2837 428 2863 qum
439 2830 555 2856 toi-mula
568 2849 576 2861 ,
587 2831 673 2866 inquit
685 2795 745 2858 Qu?

203 2870 257 2899 qua
268 2868 354 2889 tamen
366 2865 444 2890 ctiam
457 2864 514 2891 usus
526 2865 558 2890 ad
571 2867 703 2894 Atticum.

243 2905 269 2932 3.
287 2899 362 2938 l’brrie
371 2901 400 2924 ab
410 2901 457 2932 istis
463 2902 666 2937 predicabatur]
688 2905 728 2929 Ita
738 2903 765 2928 δε
776 2903 856 2930 nostri
867 2922 876 2935 ‚
887 2903 916 2929 ὄσ
927 2903 992 2930 olim
1003 2901 1069 2929 editi
1080 2911 1089 2933 ἰ
1110 2912 1161 2929 ¹¹0ss

202 2940 237 2961 ut
245 2933 332 2969 postea
342 2935 453 2970 impreffi
467 2955 475 2967 ,
488 2938 559 2969 fiir-ris
568 2940 598 2962 ab
606 2939 641 2964 his
650 2939 828 2972 istixfin'sficiis
834 2940 1020 2972 praedieahatur.

241 2976 270 3001 4-
289 2972 393 3002 C⁰⁷¹fe⁷¹i
409 2971 482 3010 siba]
504 2973 588 2999 Malui
603 2974 670 3000 istud
681 2984 740 3001 cum
753 2974 827 3001 libris
839 2976 931 3002 nostrin
942 2973 1073 3011 plerisque
1085 2983 1162 3009 quam

206 3004 344 3039 vulgatam
363 3009 467 3042 ronsec'li.
485 3007 522 3034 ita
542 3013 619 3045 pocta
638 3018 710 3037 vetus
723 3031 732 3043 ,
750 3008 838 3039 'nescio
858 3012 916 3047 quis
929 3030 937 3044 ,
957 3010 1067 3043 dtffim'te
1084 3012 1164 3042 ‘vestm

241 3044 247 3060 ι

205 3049 389 3109 ν’]ξῗνζινιιίι,
398 3080 500 3112 quiem.
517 3082 624 3111 Hester-m
634 3081 695 3115 die.]
717 3083 760 3109 Est
771 3084 786 3108 ὸ.
797 3081 866 3110 libro
876 3082 988 3109 Mureti.
1006 3081 1079 3118 prius
1092 3081 1163 3108 enirn

204 3110 363 3154 habebamus
375 3133 382 3145 ‚
399 3117 496 3146 par-uit.
523 3116 655 3149 Qidqu‘od
662 3119 761 3150 hesterno
771 3119 816 3144 die.
837 3117 898 3145 edd.
917 3119 1034 3154 antiquae
1045 3137 1054 3150 ,
1070 3120 1162 3150 paruit.

202 3147 252 3182 Q
267 3149 374 3183 hqssema
391 3150 436 3178 die.
456 3150 528 3188 quod
546 3153 574 3179 &
593 3153 620 3181 iu
631 3153 688 3181 Pal.
701 3153 751 3182 sec.
761 3163 820 3183 nasu
834 3155 931 3191 reliqui
943 3174 952 3188 ,
962 3155 1164 3191 quimhgfltrna.

759 2793 1096 2822 Pa11.&11itt.Fabi-.ed.
1109 2801 1162 2820 vet.

741 2831 846 2858 ielmius
859 2850 868 2864 ,
888 2830 1004 2858 notanda
1015 2849 1023 2863 ,
1043 2838 1072 2857 ut
1083 2840 1140 2857 rara
1152 2840 1158 2857 :

1195 2695 1222 2713 at
1241 2686 1341 2713 (tolon.
1360 2688 1419 2721 qm'd
1436 2694 1473 2712 ur.
1505 2686 1583 2713 Fabr.
1601 2689 1714 2719 Hesterna
1730 2688 1820 2721 stadem
1837 2688 1883 2714 die.
1903 2687 1982 2714 male.
2002 2687 2044 2714 sed
2055 2697 2087 2715 cx
2100 2688 2155 2720 ‘itis

1196 2722 1298 2749 duobus
1317 2723 1384 2759 legit
1402 2722 1575 2750 Gulielmius.
1606 2727 1693 2756 paruit
1712 2742 1721 2756 ,
1747 2726 1849 2758 quierit.
1885 2726 1998 2757 Hesterna
2015 2724 2052 2749 die
2066 2726 2153 2758 Qni-

1196 2767 1231 2785 [ω’
1243 2778 1251 2791 ,
1260 2768 1312 2789 (fc.

1233 2795 1261 2820 6.
1281 2795 1338 2821 Cion
1347 2795 1491 2830 teneretur]
1512 2795 1553 2821 Ita
1564 2794 1622 2821 mss.
1633 2795 1734 2821 Mureti
1747 2814 1755 2827 ,
1766 2795 1829 2822 item
1842 2795 1920 2822 nostri
1934 2814 1941 2826 ,
1952 2803 2000 2822 nec
2009 2804 2059 2822 non
2074 2803 2152 2823 vetu-

1197 2830 1259 2857 stius
1270 2830 1331 2857 cufi.
1353 2831 1433 2866 vulgo
1444 2841 1493 2856 eum
1504 2833 1669 2862 cunflamur,
1683 2831 1724 2857 cui
1735 2831 1844 2857 lediioni
1854 2831 1925 2858 diem
1936 2831 2014 2859 etiam
2025 2831 2153 2862 dixerant

1199 2866 1305 2893 modius
1316 2867 1342 2892 3<
1356 2867 1558 2901 Zinzerlingus.

1233 2910 1261 2936 7.
1282 2905 1326 2928 Cui
1335 2904 1371 2927 ille
1380 2903 1714 2936 etlamshcrarIumfteIcr-um
1723 2902 1782 2927 domi
1792 2902 1842 2935 fisae
1851 2921 1860 2934 ,
1878 2901 1945 2937 dun]
1966 2904 2026 2930 Vox
2039 2904 2153 2936 scelernm

1198 2948 1248 2964 non
1269 2946 1343 2964 extat
1362 2939 1389 2964 in
1409 2939 1466 2964 l'al.
1486 2937 1553 2964 lext.
1563 2945 1609 2964 aut
1619 2947 1700 2965 nono.
1718 2947 1804 2973 neque
1814 2938 1871 2965 heic
1881 2938 2061 2975 requisiverim
2073 2950 2082 2972 5
2103 2940 2152 2969 etfl

1199 2974 1284 3000 norim
1296 2975 1385 3010 priore
1396 2974 1518 3000 oratione
1529 2974 1566 3000 ita
1575 2973 1681 2999 dixisse.

1234 3009 1260 3037 8.
1279 3014 1365 3035 scirem
1375 3010 1414 3042 effi
1420 3009 1585 3043 praemtffam]
1608 3009 1764 3036 ssafilicanus
1772 3010 1908 3043 prmiff'a,·
1921 3009 1937 3036 fi
1949 3010 2047 3039 reStiufl
2059 3030 2068 3044 ,
2079 3011 2148 3040 veli-

1199 3055 1256 3072 mus
1269 3045 1376 3072 verbum
1387 3046 1436 3072 hoc
1446 3055 1474 3072 ea
1484 3046 1573 3071 omnia
1582 3054 1640 3082 quae
1651 3045 1805 3072 antecedant
1816 3046 1969 3082 compleefi.

1232 3090 1262 3117 9.
1281 3086 1332 3108 Non
1341 3084 1467 3114 improbum
1470 3081 1514 3114 sed
1522 3081 1654 3115 miserum]
1671 3082 1710 3108 lta
1720 3088 1795 3108 vetus
1806 3081 1900 3114 editio,
1911 3082 1948 3109 ita
1958 3082 2080 3110 meliores
2092 3082 2150 3110 mm

1199 3126 1257 3144 num
1269 3117 1376 3153 quidam
1387 3119 1472 3143 mirum
1485 3136 1492 3149 ,
1502 3125 1535 3146 ex
1547 3116 1639 3153 quibus
1652 3116 1756 3146 fortean
1768 3125 1859 3146 natum
1869 3118 1938 3146 illud
1950 3119 2086 3156 vulgatum
2097 3137 2106 3151 ,
2116 3121 2151 3145 ti·

1199 3154 1295 3180 midnm.
1316 3153 1387 3189 quod
1396 3154 1423 3180 se
1437 3153 1583 3181 Priscianus
1596 3151 1704 3190 respuit.

2028 3199 2052 3218 ι.
2069 3192 2151 3227 Qum
