2302 3353
625 135 705 173 An
748 120 809 169 C.
840 118 1252 174 Tan-narium
1298 124 1574 181 Topch.

453 227 556 324 M.
633 224 1042 326 TULLII

128 499 272 615 C.
441 391 1072 619 ΤΚΕΙΞ

555 671 1029 758 Tot>

403 838 525 875 Ajoiuzs
543 842 601 866 nos
611 843 658 868 res
666 835 792 868 scribere
802 833 957 878 ingressos,
969 837 1086 867 C.Tre-

347 916 350 917 ⁷
401 878 461 908 bati
473 898 481 912 ,
493 879 574 909 &iis
585 878 670 908 libris
683 898 691 913 ,
707 888 784 919 quos
795 878 881 909 brevi
892 886 1028 919 tempore
1039 878 1083 908 sa—

310 923 313 932 ¹
336 928 353 960 ζ’
399 921 437 949 tis
448 920 562 950 multos
572 919 742 954 edidimus,
762 920 935 961 digniores,
959 924 976 950 e
997 920 1082 950 cursu

355 980 372 987 2-
397 961 462 1001 ipso
480 963 632 992 revocavit
648 962 791 992 voluntas
809 971 871 992 tua.
907 961 986 992 cur'n
997 963 1082 991 enim

396 1013 519 1034 mecum
531 1006 564 1034 in
575 1004 749 1034 Tusculano
759 1002 832 1034 effes
843 1023 852 1037 ‚
873 1003 908 1034 &
926 1006 959 1034 in
969 1003 1083 1033 biblio—

239 1074 304 1093 “nxu
322 1083 370 1097 -Α

395 1087 530 1120 studium
540 1088 661 1118 libellos
669 1108 677 1122 ‚
697 1097 774 1129 quos
783 1087 891 1121 vellet,
916 1087 1079 1121 evolveret,

115 1132 249 1165 incidisti
269 1134 302 1163 in
322 1130 491 1163 Aristotelis
507 1132 623 1171 Topica
638 1130 776 1170 quaedam
787 1150 796 1164 ,
816 1140 883 1171 quae
901 1129 1014 1160 suntab
1023 1129 1079 1160 illo

114 1175 253 1218 pluribus
262 1175 347 1205 libris
357 1173 512 1214 explicata.
533 1174 600 1213 Qa
608 1173 802 1212 inscriptione
812 1180 1078 1205 commotus,con-

114 1215 204 1250 tinub
223 1217 239 1247 a
257 1225 307 1247 me
325 1226 432 1247 eorum
451 1213 600 1244 librorum
610 1214 788 1244 sententiam
797 1212 951 1256 requisisti.
975 1216 1076 1256 Qam

114 1259 171 1292 tibi
187 1257 260 1289 cum
279 1256 479 1298 exposuissem
491 1277 500 1291 ,
523 1255 713 1296 disciplinam
724 1255 982 1286 inveniendorum
992 1265 1078 1296 argu-

115 1309 303 1334 mentorum,
316 1309 350 1330 ut
358 1298 419 1329 sine
428 1298 492 1328 ullo
502 1307 600 1330 errore
609 1317 618 1332 ‚
642 1297 677 1328 ad
690 1307 755 1327 eam
766 1299 914 1327 rationem
925 1316 933 1331 ,
952 1299 1000 1328 via
1009 1307 1077 1337 pei·-

114 1344 289 1375 veniremus
299 1342 334 1372 ab
344 1340 503 1371 Aristotele
513 1341 636 1369 inventa
647 1359 655 1372 ,
675 1338 759 1368 libris
769 1339 831 1368 illis
839 1341 989 1369 contineri
1002 1349 1007 1367 z
1025 1349 1077 1368 ve-

115 1382 232 1416 recundi}
241 1392 273 1413 tu
282 1382 406 1424 quidem
417 1402 426 1417 ,
438 1390 472 1411 ut
482 1382 598 1416 omnia,
609 1381 658 1411 sed
669 1389 770 1411 tamen
781 1389 814 1411 ut
823 1380 911 1411 facile
921 1390 1075 1411 cernerem

115 1431 145 1458 t'e
154 1424 253 1456 ardere
263 1423 373 1458 studio,
385 1433 518 1457 mecum,
529 1431 563 1453 ut
573 1423 627 1453 tibi
635 1422 687 1452 illa
697 1422 844 1453 traderem
855 1443 863 1457 ,
875 1422 972 1464 egisti.
995 1421 1075 1453 cum

115 1476 218 1501 autem
238 1476 293 1508 ego
312 1474 340 1496 te
353 1469 364 1486 ¹
375 1474 510 1496 nontam
520 1464 637 1495 vitandi
646 1464 755 1494 laboris
764 1467 827 1495 mei
837 1465 919 1496 causa
928 1485 937 1499 ,
957 1468 973 1484 ²
983 1464 1074 1505 quarn

114 1508 198 1553 quod
205 1507 237 1539 id
247 1517 297 1539 tua
305 1506 442 1538 interesse
452 1507 616 1540 arbitrarer,
626 1507 676 1536 vel
687 1515 720 1536 ut
728 1516 781 1537 eos
788 1517 841 1547 per
850 1507 940 1547 teipse
950 1507 1072 1549 legeres,

114 1552 167 1584 vel
176 1559 209 1582 ut
218 1558 312 1582 totam
321 1551 470 1580 rationem
478 1548 495 1580 3
503 1547 676 1580 (106111111ηο
683 1549 817 1589 quodam
827 1550 944 1579 rhetore
962 1551 1077 1589 accipe—

115 1604 174 1627 res.
186 1593 317 1624 hortatus
326 1590 435 1622 essem:
455 1600 616 1632 utrumque
626 1611 635 1625 ,
655 1599 689 1621 ut
698 1600 737 1621 ex
746 1600 774 1621 te
785 1590 941 1621 audiebam
954 1611 962 1625 ,
983 1601 1014 1621 es
1025 1601 1077 1621 ex-

115 1635 225 1678 Pertus.
252 1634 308 1665 Sed
316 1633 332 1664 ὲ
341 1633 427 1664 libris
434 1642 465 1664 te
474 1633 636 1664 obscuritas
646 1634 757 1671 rejecit.
789 1633 906 1664 Rhetor
915 1642 1015 1663 autem
1026 1633 1078 1663 ille

117 1685 255 1718 magnus,
266 1677 339 1709 haec‚
352 1684 385 1706 nt
394 1677 516 1716 opinor,
529 1674 718 1705 Aristotelica
728 1675 757 1705 se
768 1677 904 1715 ignorare
915 1674 1076 1715 respondit.

118 1718 210 1761 Qod
219 1717 345 1759 quidem
357 1716 488 1747 minime
500 1717 566 1747 sum
577 1717 758 1754 admiratus,
779 1726 850 1747 eum
858 1717 1076 1757 philosophum

116 1761 230 1792 rhetori
238 1769 303 1790 non
312 1758 369 1789 effe
380 1761 547 1801 cognitum,
557 1760 610 1800 qui
618 1757 655 1787 ab
665 1757 726 1801 1pfi5
732 1758 902 1800 philosbphis,
913 1767 1018 1799 praeter
1027 1758 1078 1788 ad-

118 1801 249 1833 modum
259 1810 378 1842 paucos,
388 1802 552 1842 ignoretur.
569 1800 687 1842 Qibus
699 1810 735 1830 eo
744 1801 847 1830 minus
856 1800 1076 1841 ignoscendum

115 1843 173 1878 (ist,
181 1842 265 1885 quod
274 1853 340 1873 non
352 1841 449 1872 modo
457 1842 546 1872 rebus
553 1843 591 1872 iis
602 1862 610 1876 ,
623 1851 690 1883 quae
699 1841 735 1872 ab
744 1842 800 1872 1110
811 1841 910 1876 (11813,
924 1842 957 1872 &
967 1844 1077 1873 inven-

116 1893 155 1917 tae
164 1886 234 1916 sunt
244 1905 252 1918 ‚
271 1885 353 1915 allici
361 1884 545 1915 debuerunt:
564 1884 614 1915 sed
633 1883 754 1914 dicendi
771 1894 892 1926 quoque
906 1884 1076 1915 incredibili

117 1926 247 1969 quadam
257 1924 329 1956 curn
339 1926 424 1965 copia
435 1946 443 1958 ‚
459 1934 525 1956 tum
535 1927 626 1956 etiam
636 1926 786 1956 suavitate.
808 1929 884 1956 Non
891 1928 978 1966 potui
987 1927 1078 1967 igitur

118 1968 177 1999 t'ibi
188 1988 196 2002 ‚
209 1968 314 2008 saepius
325 1967 382 1997 hoc
391 1969 525 2007 roganti,
536 1967 680 1998 &tamen
689 1968 825 2000 verenti,
846 1977 884 1996 ne
893 1968 971 1997 mihi
1001 1969 1077 1997 mvis

119 2008 205 2043 ess'eS,
216 2008 315 2049 (facile
324 2010 409 2038 enim
419 2008 450 2038 id
460 2008 629 2048 cernebam)
641 2007 747 2037 debere
756 2008 881 2041 diutius,
891 2018 930 2038 ne
939 1978 999 2048 ips}
1000 2010 1011 2048 j
1016 2010 1077 2038 uris

119 2052 274 2090 interpreti
292 2049 356 2080 fieri
371 2049 522 2080 videretur
539 2050 658 2088 injuria.
688 2051 811 2080 Etenim
837 2048 910 2080 curn
927 2059 958 2080 tu
976 2051 1055 2080 mihi
1064 2069 1075 2085 ,

117 2093 252 2133 meisque
262 2095 274 2119 ³
286 2091 381 2121 multa
390 2091 462 2131 saepe
473 2090 638 2130 scripfiss'es,
648 2093 760 2121 veritus
769 2092 845 2125 sum,
859 2101 907 2125 ne,
919 2090 939 2120 fi
949 2102 1004 2133 ego
1013 2102 1077 2133 gra—

117 2143 214 2167 varer,
225 2142 274 2164 aut
284 2135 435 2173 ingratum
446 2131 488 2166 id,
499 2141 549 2163 aut
558 2132 717 2172 superbum
728 2133 888 2163 videretur.
911 2134 967 2163 Sed
980 2154 988 2166 ,
1001 2134 1076 2163 dum

116 2175 235 2207 fuimus
246 2174 316 2209 una,
327 2183 361 2205 tu
370 2175 504 2214 optimus
514 2184 545 2204 es
556 2174 645 2207 testis,
658 2177 676 2201 4
684 2174 773 2215 quam
784 2173 895 2205 fuerim
906 2184 1074 2214 occupatus.

117 2220 163 2249 Ut
170 2226 270 2248 autem
278 2217 293 2247 a
302 2225 330 2247 te
341 2214 454 2246 disceffi
462 2236 470 2249 ,
487 2217 520 2246 in
531 2218 676 2247 Graeciam
687 2215 877 2256 proficiscens
888 2237 896 2250 ,
907 2227 978 2247 curn
988 2227 1076 2256 opera

118 2270 186 2291 mea
194 2269 250 2290 nec
258 2257 372 2298 respub.
383 2267 438 2288 nec
448 2260 539 2288 amici
548 2266 703 2288 uterentur
711 2278 721 2291 ,
734 2268 788 2288 nec
799 2257 900 2295 homst&
910 2260 985 2288 inter
994 2269 1075 2289 arma

117 2302 226 2332 versari
242 2299 360 2341 pofl'em
371 2319 380 2333 ‚
403 2310 442 2330 ne
453 2298 473 2329 si
484 2299 550 2330 tuto
560 2300 590 2330 id
599 2299 723 2341 quidem
734 2301 812 2330 mihi
822 2301 938 2330 liceret:
961 2309 994 2331 ut
1003 2303 1075 2331 veni

117 2343 248 2376 Veliam,
259 2352 368 2383 tuaque
378 2362 385 2375 ,
399 2341 432 2371 δε
441 2350 510 2372 tuos
520 2341 601 2375 vidi,
613 2341 787 2372 admonitus
797 2344 848 2382 huj
854 2352 887 2372 us
896 2344 962 2372 aeris
970 2343 1072 2377 alieni,

117 2385 205 2416 nolui
215 2383 311 2416 deeffe
320 2394 360 2413 ne
369 2384 461 2412 tacita
470 2383 593 2425 quidem
604 2382 782 2425 flagitationi
792 2393 857 2414 tuae.
888 2387 989 2425 Itaque
1000 2385 1072 2419 haec,

115 2426 189 2458 cum
209 2436 331 2456 mecum
349 2425 443 2455 libros
461 2435 525 2456 non
541 2425 683 2456 haberem
695 2446 704 2460 ,
722 2428 873 2457 memoria
880 2436 911 2456 re
934 2428 1003 2457 etita
1012 2447 1020 2461 ,
1040 2429 1073 2457 in

116 2466 176 2509 ipsa
185 2469 375 2510 navigatione
384 2467 553 2507 conscripsi,
566 2468 682 2509 tibique
692 2478 730 2498 ex
739 2470 846 2498 itinere
857 2436 931 2498 miii)
936 2479 941 2497 z
964 2477 998 2499 ut
1007 2478 1074 2499 mea

115 2511 272 2552 diligentia
281 2508 492 2540 mandatorum
502 2518 636 2543 tuorum,
648 2518 676 2539 te
687 2508 873 2551 quoque,etsi
882 2510 1074 2541 admonitore

116 2562 182 2583 non
192 2562 258 2594 eges
268 2572 276 2586 ,
297 2551 332 2582 ad
341 2552 523 2581 memoriam
534 2551 703 2581 nostrarum
712 2562 812 2582 rerum
823 2555 994 2583 excitarem.
1017 2552 1074 2583 Sed

81 2602 105 2628 2
117 2594 178 2634 jam
188 2603 306 2634 tempus
315 2592 359 2623 est
368 2592 403 2623 ad
413 2592 444 2622 id
454 2612 463 2627 ,
483 2593 566 2634 quod
574 2592 763 2624 instituimus
773 2614 781 2629 ,
801 2594 949 2625 accedere.
994 2597 1072 2625 CUM

117 2638 222 2666 omnis
231 2637 305 2666 ratio
316 2634 446 2677 diligens
457 2633 617 2666 differendi
629 2635 700 2665 duas
710 2636 814 2666 habeat
831 2638 939 2677 parteis
950 2646 955 2665 z
979 2646 1072 2667 unam

115 2677 304 2710 inveniendi,
314 2677 437 2707 alteram
444 2676 601 2716 judicandi
611 2687 616 2706 :
629 2678 781 2718 utriusque
790 2680 938 2718 princeps,
950 2686 983 2708 ut
993 2680 1072 2708 mihi

115 2719 240 2760 quidem
251 2719 379 2752 videtur,
392 2717 567 2749 Aristoteles
577 2718 645 2749 fuit.
661 2721 752 2750 Stoici
761 2729 861 2750 autem
871 2721 903 2749 in
915 2720 1003 2751 altera
1013 2721 1072 2751 ela-

115 2760 307 2792 boraverunt.
328 2760 488 2801 Judicandi
500 2762 585 2791 enim
595 2763 657 2792 vias
668 2761 828 2803 diligenter
836 2762 980 2802 persecuti
990 2763 1071 2797 sunt,

114 2906 127 2926 x
135 2917 141 2924 .
263 2904 297 2925 on
306 2906 355 2925 tam
364 2900 463 2926 vitandi
476 2902 562 2927 laboris
571 2902 616 2925 mci
625 2901 723 2936 causa]
744 2902 934 2937 Hittorpianus
944 2900 1012 2928 liber
1022 2901 1069 2927 ab-

155 2900 250 2985 N
259 2936 325 2970 jecit
337 2936 419 2970 causa.
439 2937 467 2962 &
480 2938 541 2963 ver&
555 2937 572 2963 si
583 2939 711 2964 attentius
723 2939 806 2973 legas,
817 2937 985 2973 adjectitium
997 2937 1071 2964 vide-

114 2975 116 2977 ’
264 2971 347 2998 bitur.
367 2973 393 2997 ἃ
404 2971 468 3008 saepe
480 2982 511 2999 eo
521 2972 601 2999 modo
613 2974 715 3005 Latini,
726 2974 832 3010 ipseque
843 2975 949 3000 Cicero.

152 3013 181 3032 2.
201 3008 277 3040 Qum
286 3008 347 3041 quod
362 3008 389 3034 id
404 3016 448 3034 tua
456 3009 587 3043 interesse]
609 3010 650 3036 Ita
661 3009 718 3036 mss.
730 3011 821 3037 nostri.
840 3018 869 3036 ut
881 3011 908 3036 ὃ(
920 3020 983 3036 mox
995 3012 1038 3036 bite
1047 3017 1074 3035 iet

115 3043 370 3103 ffin⁰²'‘·f¹'ffl⁰feli⁶a·
389 3044 433 3071 ubi
444 3044 483 3080 adj
489 3045 547 3072 ceta
559 3046 689 3082 particula
701 3065 709 3079 ‚
730 3046 841 3074 mirifice
855 3047 984 3083 exprimit
999 3047 1073 3074 fasti-

137 3086 192 3103 ium
203 3087 215 3103 r
225 3086 326 3106 ietoris.

154 3120 168 3147 3
176 3132 182 3138 .
201 3115 497 3151 &hiltafiepeftripfiffesq
510 3117 587 3144 Hanc
596 3118 646 3144 esse
657 3118 798 3145 meliorum
809 3118 966 3155 scriptorum
978 3118 1074 3145 136110-

117 3156 178 3176 nem
188 3149 307 3185 prodidit
317 3151 450 3181 Victorius
462 3154 677 3183 annotationibus
687 3154 720 3183 ad
730 3155 778 3183 lib.
789 3163 846 3183 vix.
859 3155 971 3192 Epistol.
990 3154 1074 3190 sicque

355 1057 372 1061 Α
394 1046 478 1076 theca
488 1045 641 1086 separatim
652 1054 776 1087 uterque
787 1044 927 1076 nostrum
938 1045 974 1075 ad
991 1046 1080 1076 suum
1099 1059 1101 1065 ·

1126 261 1740 335 CicERONis

1140 391 2070 645 Il‘xTIUM‚

1143 672 1625 767 ica,

1122 845 1155 868 ea
1164 837 1285 869 scientia
1294 858 1303 873 ‚
1323 847 1415 888 quam
1431 838 1609 889 dialefflcen
1630 846 1788 887 appellant⁷
1817 848 1997 880 Invenicndi
2010 851 2084 882 verb

1121 888 1215 927 artem
1224 900 1232 914 ,
1245 891 1312 921 quae
1322 882 1554 930 topicexdicitur,
1568 896 1693 928 quaeque
1703 889 1737 920 ad
1748 890 1833 920 usum
1844 893 1945 930 potior
1954 901 2013 923 erat
2023 913 2031 926 ‚
2045 893 2079 923 &

1120 921 1227 969 ordine
1237 931 1348 970 naturae
1357 933 1435 954 certe
1445 927 1528 965 prior
1538 947 1546 960 ,
1555 936 1651 959 totam
1662 931 1855 971 reliqueiunt.
1885 936 1951 963 Nos
1961 943 2074 967 autem2

1120 972 1267 1010 quoniam
1277 975 1311 995 in
1321 974 1443 1013 utraque
1455 967 1572 999 summa
1581 971 1694 1002 utilitas
1704 972 1756 1006 est,
1771 973 1803 1003 &
1814 982 1982 1015 utramque.
1993 974 2013 1004 si
2025 978 2082 1005 erit

1120 1013 1230 1053 otium,
1241 1007 1377 1048 persequi
1386 1010 1563 1049 cogitamus,
1576 1012 1612 1042 ab
1622 1023 1664 1047 ea,
1675 1024 1741 1055 quae
1751 1016 1831 1054 prior
1841 1015 1884 1046 est
1895 1036 1902 1049 ,
1913 1016 2077 1046 ordiemur.

1120 1048 1164 1077 Ut
1172 1057 1264 1089 igitur
1272 1058 1375 1079 earum
1384 1059 1484 1081 rerum
1495 1071 1503 1085 ,
1523 1063 1588 1093 quae
1598 1054 1775 1087 absconditae
1786 1057 1855 1087 sunt
1865 1077 1873 1091 ‚
1895 1057 2081 1088 demonstra-

1119 1096 1150 1118 to
1161 1108 1169 1122 ,
1183 1090 1216 1119 δε
1225 1098 1329 1121 notato
1337 1091 1406 1122 loco
1416 1112 1424 1126 ,
1445 1091 1542 1124 facilis
1554 1097 1693 1128 inventio
1704 1097 1745 1128 est
1756 1110 1761 1127 :
1781 1097 1818 1128 sic
1827 1119 1835 1132 ,
1856 1098 1928 1129 cum
1939 1099 2080 1140 pervesti—

1118 1140 1184 1201 gare
1199 1141 1411 1179 argumentum
1431 1134 1555 1175 aliquod
1566 1138 1711 1170 volumus
1722 1160 1730 1174 ,
1754 1140 1823 1169 locos
1832 1139 1916 1170 noffe
1926 1141 2080 1171 debemus.

1129 1181 1157 1202 ic
1167 1183 1252 1205 enim
1263 1175 1414 1215 appellatae
1423 1176 1460 1206 ab
1472 1177 1630 1209 Aristotele
1641 1181 1709 1211 sunt
1719 1183 1763 1212 hae
1776 1181 1855 1223 quasi
1866 1183 1946 1213 sedes
1954 1203 1962 1216 ,
1986 1183 2002 1213 ὲ
2014 1185 2084 1223 qui-

1118 1213 1173 1244 bus
1183 1225 1356 1265 argumenta
1365 1227 1555 1264 promuntur.
1587 1223 1689 1263 Itaque
1710 1223 1780 1254 licet
1796 1222 1923 1255 definire
1931 1245 1940 1258 ‚
1961 1227 2080 1255 Locum

1117 1255 1176 1304 effe
1185 1267 1355 1299 argumenti
1365 1259 1465 1290 iedem
1478 1272 1483 1289 2
1496 1264 1718 1303 Argumentum
1729 1274 1840 1299 autem,
1851 1268 2081 1306 mtionem‚quae

1116 1307 1159 1346 rei
1170 1298 1270 1329 dubiae
1278 1299 1366 1331 faciat
1376 1299 1479 1332 fidem.
1489 1304 1544 1333 Sed
1556 1315 1593 1334 ex
1603 1306 1649 1335 his
1661 1307 1746 1341 locis,
1758 1309 1790 1336 in
1801 1308 1909 1348 quibus
1919 1318 2081 1341 argumen-

1116 1347 1144 1369 ta
1152 1341 1265 1371 inclusa
1276 1342 1345 1372 sunt
1355 1362 1363 1376 ,
1374 1342 1423 1372 alii
1435 1346 1467 1374 in
1477 1355 1513 1375 eo
1524 1346 1586 1385 ipso
1597 1367 1604 1379 ,
1623 1347 1659 1377 de
1670 1358 1731 1389 quo
1741 1351 1853 1390 agitur,
1877 1341 2004 1379 haerent:
2027 1349 2078 1379 alii

1115 1380 1303 1429 assumuntur
1313 1386 1507 1416 extrinsecus.
1530 1390 1567 1417 In
1577 1389 1641 1428 ipso
1652 1409 1660 1422 ,
1670 1398 1737 1421 tum
1747 1400 1785 1420 ex
1795 1399 1861 1421 toto
1871 1411 1878 1424 ,
1890 1399 1956 1421 tum
1969 1401 2006 1421 ex
2015 1401 2081 1431 par*

1115 1423 1196 1453 tibus
1207 1435 1271 1464 ejus
1281 1445 1289 1458 ‚
1312 1434 1381 1455 tum
1393 1436 1430 1456 ex
1440 1437 1511 1458 nota
1522 1448 1530 1462 ‚
1551 1439 1618 1459 tum
1629 1440 1666 1460 ex
1677 1432 1724 1461 his
1733 1432 1822 1462 rebus
1833 1452 1844 1466 ,
1857 1443 1922 1475 quae
1932 1433 2080 1473 quodam-

1117 1465 1212 1496 modo
1221 1465 1334 1513 affestae
1347 1467 1413 1498 sunt
1422 1469 1456 1499 ad
1467 1470 1497 1499 id
1509 1490 1517 1504 ,
1529 1470 1566 1500 de
1577 1482 1638 1512 quo
1648 1476 1799 1513 quaeritur.
1826 1475 2019 1505 Extrinsecus
2029 1484 2080 1504 au-

1117 1515 1178 1554 tem
1189 1517 1222 1538 ea
1232 1507 1383 1543 dicuntur,
1396 1520 1462 1550 quae
1475 1512 1592 1547 absunt,
1602 1514 1751 1556 longeque
1760 1515 1912 1555 disjunb‘ta
1922 1516 2000 1546 sunt.
2023 1517 2081 1547 Sed

1116 1549 1151 1578 ad
1163 1549 1193 1579 id
1205 1558 1317 1584 totum,
1329 1550 1366 1581 de
1375 1562 1436 1593 quo
1447 1552 1606 1589 disseritur,
1617 1564 1683 1586 tum
1694 1556 1834 1587 definitio
1844 1557 2080 1598 adhibetunquae

1115 1589 1195 1631 quasi
1211 1593 1387 1623 involutum
1408 1595 1525 1626 evolvit
1535 1596 1564 1626 id
1574 1617 1582 1630 ,
1602 1596 1639 1627 de
1656 1608 1719 1639 quo
1737 1601 1890 1640 quaeritur.
1921 1600 1985 1640 ejus
1994 1609 2081 1641 argu-

1117 1635 1214 1680 menti
1225 1635 1291 1665 talis
1302 1634 1344 1664 est
1352 1634 1503 1667 formula:
1524 1638 1583 1677 Jus
1602 1640 1627 1668 ci
1633 1641 1686 1669 vile
1706 1640 1749 1671 est
1758 1661 1766 1674 ,
1786 1643 1909 1682 aequitas
1920 1640 2082 1672 constitum

1116 1684 1165 1708 iis,
1177 1677 1229 1715 qui
1241 1675 1374 1716 ejusdem
1384 1679 1513 1709 civitatis
1525 1680 1593 1710 sunt
1603 1701 1611 1715 ,
1623 1681 1658 1711 ad
1669 1692 1714 1712 res
1726 1683 1788 1713 suas
1798 1682 1978 1713 obtinendas
1991 1694 1996 1712 :
2014 1683 2080 1723 ejus

1115 1725 1217 1764 autem
1229 1720 1376 1758 aequitatis
1387 1720 1471 1749 utilis
1481 1720 1523 1751 est
1531 1725 1667 1764 cognitio
1682 1734 1687 1753 :
1707 1725 1791 1754 utilis
1809 1724 1851 1755 est
1873 1735 1942 1766 ergo
1948 1725 2024 1764 juris
2035 1726 2080 1754 ci-

1116 1759 1186 1788 vilis
1197 1759 1328 1789 scientia.
1353 1763 1439 1791 Tum
1450 1765 1580 1802 partium
1590 1768 1787 1799 enumeratio,
1797 1776 1863 1807 quae
1871 1766 2011 1796 traEtatur
2020 1768 2080 1796 hoc

1117 1801 1212 1830 modo
1224 1811 1230 1830 ε
1253 1801 1274 1830 S
1277 1803 1286 1830 ι’
1297 1812 1383 1842 neque
1392 1804 1482 1834 censu
1499 1825 1506 1837 ,
1517 1815 1613 1847 neque
1622 1807 1758 1838 vindic‘h
1767 1828 1774 1841 ,
1786 1818 1842 1838 nec
1853 1807 2031 1839 testamento
2041 1808 2081 1837 li-

1117 1842 1168 1872 ber
1184 1841 1282 1890 saffirus
1291 1844 1344 1890 ‘est
1355 1864 1364 1878 ,
1384 1855 1449 1874 non
1460 1846 1503 1876 est
1512 1847 1597 1877 liber.
1619 1858 1718 1888 neque
1725 1849 1767 1879 est
1777 1850 1838 1880 ulla
1845 1860 1949 1880 earum
1959 1860 2059 1880 rerum
2071 1860 2078 1879 ι

1116 1893 1181 1913 non
1199 1883 1241 1914 est
1256 1894 1348 1926 igitur
1365 1886 1449 1916 liber.
1482 1890 1566 1918 Tum
1578 1892 1694 1920 notatio
1705 1910 1714 1923 ,
1731 1890 1802 1921 cum
1812 1901 1850 1921 ex
1858 1893 1890 1922 vi
1899 1892 1983 1921 verbi
1993 1901 2080 1932 argu-

1115 1934 1256 1955 mentum
1265 1927 1387 1967 aliquod
1398 1929 1524 1963 elicitur,
1535 1931 1593 1960 hoc
1603 1931 1698 1961 modo
1710 1942 1715 1960 :
1727 1936 1741 1959 5
1753 1935 1822 1961 Cum
1831 1933 1875 1962 lex
1887 1933 1967 1963 AElia
1977 1936 2078 1964 Sentia

1115 1965 1226 1996 affiduo
1236 1967 1390 1998 vindicem
1400 1968 1546 2000 affiduum
1557 1970 1614 2001 effe
1623 1973 1734 2010 jubeat,
1745 1974 1926 2014 locupletem
1933 1974 2020 2014 jubet
2030 1975 2080 2003 lo-

1115 2008 1239 2047 cupleti.
1263 2010 1413 2049 Locuples
1421 2012 1505 2041 enim
1517 2012 1559 2042 est
1567 2012 1689 2051 affiduus
1699 2034 1707 2047 ‚
1719 2024 1753 2045 ut
1759 2017 1801 2045 ait
1812 2016 1909 2046 AElius
1921 2036 1929 2048 ,
1946 2016 2077 2055 appella-

1115 2057 1163 2078 tus
1172 2049 1208 2079 ab
1217 2060 1272 2080 aere
1281 2050 1391 2081 dando.
1420 2055 1582 2083 Ducuntur
1592 2057 1682 2085 etiam
1695 2066 1869 2097 argumenta
1875 2067 1915 2087 ex
1925 2059 1962 2087 iis
1971 2057 2070 2090 rebus.

1114 2100 1180 2131 quae
1189 2091 1418 2131 quodammodo
1428 2093 1541 2125 affe&ae
1552 2096 1619 2126 sunt
1628 2097 1663 2127 ad
1674 2098 1715 2131 id,
1726 2098 1763 2128 de
1771 2109 1832 2140 quo
1841 2101 1991 2140 quaeritur·
2018 2099 2077 2130 Sed

1114 2134 1173 2178 boc
1181 2142 1275 2173 genus
1284 2136 1318 2164 in
1326 2135 1438 2174 plureis
1448 2139 1553 2175 parteis
1565 2137 1760 2170 distributum
1769 2140 1820 2170 est.
1845 2144 1925 2170 Nam
1936 2140 1991 2170 alia
2001 2151 2078 2171 con-

1111 2183 1210 2221 jugata
1223 2176 1406 2214 appellamus
1417 2197 1424 2210 ,
1435 2178 1490 2208 3113
1499 2189 1538 2208 ex
1548 2189 1656 2221 genere
1667 2201 1674 2215 ,
1686 2181 1743 2212 alia
1752 2192 1790 2212 ex
1800 2181 1931 2213 formula
1941 2202 1950 2216 ,
1969 2183 2026 2212 alia
2036 2193 2076 2213 ex

1115 2214 1313 2262 similitudine
1321 2237 1329 2251 ,
1349 2218 1405 2247 alia
1412 2228 1451 2249 ex
1460 2218 1628 2252 differentia
1639 2241 1647 2255 ‚
1666 2223 1723 2253 alia
1733 2234 1771 2254 ex
1780 2226 1930 2254 contrario
1941 2244 1949 2258 ,
1969 2224 2026 2254 alia
2037 2233 2077 2255 ex

1113 2257 1263 2297 adjunfihs
1275 2278 1283 2292 ‚
1303 2260 1359 2289 alia
1369 2269 1407 2290 ex
1417 2261 1658 2294 antecedentibus
1668 2285 1676 2298 ,
1694 2265 1750 2295 alia
1760 2275 1797 2296 ex
1807 2265 2074 2306 consequentibus,

1094 2299 1096 2321 ἶ
1111 2299 1170 2329 alia
1179 2309 1217 2329 ex
1225 2302 1471 2342 repugnantibus,
1481 2304 1535 2334 alia
1544 2315 1582 2335 ex
1591 2305 1682 2337 causis
1691 2327 1699 2340 ‚
1711 2308 1769 2338 alia
1779 2317 1817 2337 ex
1826 2306 1942 2338 effe&is
1952 2327 1960 2342 ,
1973 2308 2027 2338 alia
2036 2317 2078 2338 ex·

1113 2345 1338 2386 comparatione
1349 2344 1498 2384 majorum
1510 2365 1518 2379 ,
1532 2357 1582 2376 aut
1590 2350 1724 2387 parium,
1736 2358 1787 2380 aut
1795 2350 1962 2379 minorum.
1989 2352 2073 2379 Con-

1109 2393 1207 2425 Jugata
1217 2383 1368 2419 dicuntur,
1380 2395 1446 2426 quae
1455 2387 1524 2417 sunt
1533 2398 1571 2418 ex
1581 2390 1679 2420 verbis
1689 2393 1807 2431 generis
1816 2390 1957 2430 ejusdem.
1981 2391 2071 2431 Ejus-

1113 2425 1183 2455 dem
1193 2434 1293 2456 autem
1301 2430 1419 2468 generis
1429 2429 1517 2459 verba
1527 2430 1595 2460 sunt
1605 2450 1613 2464 ,
1632 2442 1698 2472 quae
1706 2442 1768 2463 orta
1775 2432 1811 2462 ab
1820 2442 1884 2461 uno
1893 2431 1973 2463 varie
1983 2443 2073 2463 com-

1113 2476 1287 2502 mutantur,
1307 2469 1455 2511 utfizpiens
1465 2491 1474 2503 ,
1487 2471 1649 2510 sapienter,
1664 2474 1813 2513 sapientia.
1837 2474 1899 2504 haec
1908 2475 2074 2505 verborum

1112 2513 1285 2555 conjugatio
1295 2534 1303 2547 ,
1324 2512 1447 2553 συζυῇλιι
1465 2515 1574 2545 dicitur
1585 2535 1593 2548 ‚
1615 2527 1653 2547 ex
1670 2528 1727 2558 qua
1746 2517 1923 2557 hujusmodi
1936 2517 1978 2549 est
1986 2529 2074 2560 argu-

1114 2563 1255 2584 mentum
1268 2566 1273 2584 :
1293 2556 1326 2586 Si
1337 2556 1512 2598 compaftuus
1521 2567 1588 2597 ager
1596 2558 1648 2592 est,
1660 2559 1706 2599 jus
1714 2559 1757 2589 est
1765 2559 1960 2599 compascere.
1985 2564 2010 2591 A
2023 2571 2076 2603 ge-

1113 2607 1183 2626 nere
1191 2595 1228 2627 sic
1238 2597 1357 2627 ducitur
1368 2610 1373 2627 ι
1398 2598 1545 2639 Qom‘am
1563 2609 1719 2640 argentum
1737 2610 1832 2631 omne
1850 2602 1972 2632 mulieri
1993 2603 2075 2644 lega-

1112 2646 1178 2668 tum
1187 2638 1230 2669 est
1239 2658 1247 2672 ,
1261 2649 1325 2684 non
1332 2639 1429 2679 potest
1438 2650 1470 2669 ea
1478 2642 1603 2680 pecunia
1613 2662 1621 2676 ,
1633 2652 1700 2683 quae
1710 2651 1865 2673 numerata
1873 2643 1960 2674 domi
1969 2644 2073 2676 reliCta

1113 2679 1165 2713 est,
1179 2689 1242 2716 non
1253 2679 1309 2710 esse
1320 2681 1418 2722 legata.
1438 2684 1547 2711 Forma
1556 2684 1640 2713 enirn
1650 2688 1666 2714 a
1674 2695 1792 2726 genere,
1806 2685 1903 2725 quoad
1914 2686 2001 2715 suum
2013 2696 2073 2716 no-

1099 2732 1185 2754 ,men
1197 2724 1323 2756 retinet,
1342 2733 1510 2764 numquam
1520 2724 1697 2767 sejungitur.
1720 2729 1882 2755 Numerata
1901 2736 2001 2758 autem
2019 2738 2073 2768 pe-

1112 2765 1201 2794 cunia
1210 2774 1327 2794 nomen
1335 2774 1447 2806 argenti
1458 2767 1577 2796 retinet.
1601 2768 1694 2809 legata
1709 2770 1801 2810 igitur
1816 2768 1942 2799 videtur.
1975 2772 2002 2800 A
2012 2770 2076 2799 for-

2026 2821 2077 2841 ma

1113 2902 1167 2929 fuit
1178 2903 1203 2929 in
1216 2903 1409 2938 Hittorpia1103
1423 2911 1507 2937 neque
1517 2901 1594 2928 aliter
1605 2902 1708 2929 ini-enit
1719 2904 1744 2929 in
1756 2902 1806 2929 suis
1817 2904 1912 2930 Petrus
1923 2903 2017 2934 Faber,
2028 2904 2073 2939 qui

1115 2939 1265 2965 consulatui·
1277 2939 1338 2965 liba
1347 2959 1352 2964 .
1364 2938 1487 2965 Seniestr.
1498 2947 1589 2974 captu
1598 2959 1603 2964 .
1617 2939 1775 2974 mlgubatiii·
1785 2941 1937 2974 aiitca7firpe
1947 2942 2056 2973 cavisset.

1150 2983 1177 3008 4.
1198 2976 1369 3008 Qamfuerim
1378 2975 1530 3009 occupatan]
1552 2974 1628 3000 Libri
1639 2975 1735 3011 publici
1749 2977 1818 3009 ‚sape
1826 2985 1960 3009 occupatur.
1981 2975 2021 3001 sed
2033 2976 2074 3002 in-

1116 3010 1257 3044 terjeeium
1269 3009 1336 3036 illud
1354 3009 1509 3036 adverbium
1522 3029 1529 3042 ‚
1549 3010 1617 3038 abest
1628 3021 1643 3038 α
1655 3011 1711 3038 Pal.
1723 3011 1754 3038 ab
1765 3013 1887 3048 Hittorp.
1900 3014 1913 3038 :⁴1
1926 3012 2053 3038 Pecciano
2066 3031 2075 3044 ,

1116 3048 1143 3073 Sc
1154 3047 1308 3073 sententiam
1322 3046 1421 3073 turbat.

1155 3092 1180 3117 5.
1202 3085 1258 3108 Cum
1268 3084 1305 3108 lex
1313 3085 1398 3110 eAElia
1405 3085 1498 3115 sentia,
1507 3083 1574 3117 Cym]
1587 3084 1650 3109 Non
1662 3083 1763 3110 :ibimus
1776 3084 1789 3109 a
1802 3083 1858 3110 mss.
1871 3083 1979 3109 minime
1991 3082 2070 3109 secuti

1115 3119 1294 3145 temeritatem
1306 3118 1427 3145 Lambini
1440 3138 1447 3151 ,
1469 3120 1513 3155 qui
1525 3119 1573 3145 lioc
1584 3119 1753 3151 libello,item
1764 3119 1853 3156 paffim
1865 3119 1969 3156 quidvis
1979 3118 2051 3145 delet
2064 3138 2073 3150 ,

1117 3154 1191 3191 qiiitli
1200 3155 1220 3182 is
1233 3162 1319 3183 mutat
1329 3164 1361 3182 ex
1374 3155 1455 3183 animi
1465 3164 1537 3184 mera
1549 3155 1584 3183 sui
1597 3155 1717 3183 libidine.

1606 3191 1630 3219 Y
1647 3200 1664 3217 ι
1963 3198 1987 3217 ι.
2000 3190 2078 3218 Fabiae
