2316 3395
149 2008 195 2040 55
214 2009 264 2031 aut
274 2008 392 2039 tempus
402 2008 466 2029 non
476 1997 545 2028 finit
552 1997 746 2027 commorari.

222 204 274 234 ine
285 205 392 233 Brutus
400 198 601 234 reviviscat,&
612 197 659 230 hic
667 208 733 229 ante
743 198 831 239 pedes
841 195 952 227 vestros
962 193 1042 229 adsit,
1054 205 1118 226 non
1128 196 1182 227 hac

223 254 322 275 utatur
341 246 475 274 oratione
486 245 498 272 ?
520 245 583 284 Ego
594 251 676 282 reges
686 241 759 279 ejeci
771 260 778 273 ‚
803 249 855 269 vos
865 247 1005 278 tyrannos
1016 237 1183 268 introduci-

221 289 259 318 tis
273 297 278 316 ’.
300 296 356 327 ego
366 286 531 316 libertatem
544 304 552 317 ,
573 293 638 324 quae
648 292 711 312 non
720 290 790 314 erat,
801 282 901 321 peperi
913 289 918 308 :
938 289 993 310 vos
1003 288 1116 319 partam
1126 280 1184 310 ser-

221 337 289 358 vare
309 338 373 358 non
392 328 500 357 vultis:
519 336 574 366 ego
585 326 686 363 capitis
698 325 758 352 mei
769 322 903 363 periculo
913 323 1036 361 patriam
1047 321 1184 355 liberavi,

222 379 277 400 vos
290 370 375 399 liberi
386 368 446 398 sine
456 368 589 408 periculo
601 365 656 395 csse
670 374 734 394 non
744 365 859 394 curatis.
882 366 955 393 Haec
965 362 1180 396 conformatio,

222 412 294 442 licet
303 414 335 441 in
347 412 456 451 plureis
467 419 511 440 res
524 417 629 440 ninias,
640 416 724 447 atque
737 407 884 436 inanimas
896 404 1083 435 transferatur
1093 425 1101 438 ,
1114 415 1182 445 pro-

223 452 288 483 ficit
297 462 397 483 tamen
407 450 573 492 plurimum
587 452 617 478 in
627 446 870 487 amplificationis
879 447 1010 487 partibus
1023 467 1030 481 ‚
1052 447 1085 477 &
1095 457 1184 478 com-

221 495 424 525 miseratione.
448 491 632 532 Signiiicatio
644 489 686 520 est
697 510 705 524 ‚
717 500 782 531 quae
791 490 857 530 plus
868 500 902 519 in
912 489 1077 529 suspicione
1089 489 1183 519 relin-

220 539 306 578 quit,
320 537 408 577 quam
420 531 547 575 positum
560 532 602 562 est
612 535 644 562 in
654 534 798 562 oratione.
822 541 855 561 ea
864 529 896 561 fit
909 535 918 550 ¹
930 541 983 571 per
991 531 1181 561 exuberatio-

219 589 295 608 nem
307 598 314 612 ‚
326 578 503 618 ambiguum
515 595 523 609 ,
535 575 779 615 consequentiam
793 595 801 607 ‚
814 571 1031 606 absciffionem,
1044 571 1184 603 fimilitu-

223 620 341 650 dinem.
376 621 427 649 Pei·
438 617 694 648 Exuberationem
705 613 776 646 curn
785 616 851 655 plus
872 614 989 645 diEturn
1008 615 1052 645 est
1062 635 1071 648 ‚
1090 614 1181 656 quam

218 663 329 701 patitur
346 662 462 693 veritas,
474 658 616 701 augendae
625 658 800 697 suspicionis
810 657 902 690 causi,
920 655 957 686 sic
970 667 975 686 2
996 658 1051 685 Hic
1059 656 1092 685 de
1101 663 1181 685 tanto

219 698 477 743 patrimoniorum
488 699 549 731 cito
562 699 678 733 testam,
689 709 747 740 qua
756 697 808 729 sibi
818 707 896 739 petat
905 701 1020 739 ignem,
1037 708 1102 728 non
1113 698 1183 728 reli-

219 746 296 785 quit.
318 747 373 774 Per
381 744 570 785 ambiguum,
582 741 652 772 cum
663 741 789 771 verbum
799 739 897 781 potest
907 751 939 770 in
950 740 1181 780 duas,plureisve

219 787 379 816 sententias
390 787 494 825 accipi,
506 784 554 815 sed
565 785 707 823 accipitur
716 785 748 812 in
758 792 824 813 earn
835 791 958 822 partem,
971 792 1061 822 quam
1070 783 1180 819 vultis,

219 830 271 868 qui
294 828 374 858 dixit
386 838 391 857 :
414 836 445 858 ut
455 828 490 858 de
501 837 537 856 eo
549 824 569 856 fi
578 825 656 856 dicas
669 846 678 859 ,
699 827 750 866 qui
762 825 869 854 multas
880 823 1055 853 hereditates
1065 823 1180 857 adierit,

152 878 174 908 5
184 880 203 910 4
221 870 340 908 Prospice
359 878 388 900 tu
401 890 410 903 ,
430 871 481 911 qui
492 866 661 908 piurimum
671 869 777 897 cernis.
822 865 972 907 Ambigua
982 865 1182 906 quemadmo—

220 912 296 942 dum
307 912 426 942 vitanda
436 913 504 941 sunt
514 930 522 944 ,
553 919 617 951 quae
629 909 782 939 obscuram
794 908 923 938 reddunt
934 917 1102 937 orationem
1115 927 1122 940 ,
1143 908 1183 937 ita

218 956 283 984 haec
301 953 510 994 consequendi
521 972 528 985 ,
554 961 618 993 qua:
631 949 797 981 conficiunt
806 949 981 989 hujusmodi
992 947 1182 990 significatio-

217 1005 302 1026 nem.
327 998 368 1025 Ea
377 997 561 1034 reperientur
572 992 660 1023 sacili:
671 1012 679 1025 ,
691 991 711 1021 fi
721 993 908 1024 noverimus,
920 991 953 1020 &
963 990 1182 1020 animadverte-

217 1040 313 1068 rimus
322 1037 487 1067 verborum
498 1036 664 1074 ancipite—is,
678 1043 726 1063 aut
737 1034 932 1073 multipliceis
941 1032 1107 1072 potestates.
1127 1035 1182 1062 Per

216 1079 463 1120 consequentiam
476 1076 649 1118 significatio
663 1074 695 1105 fit
707 1096 715 1109 ,
728 1074 799 1105 cum
812 1085 866 1108 res,
878 1085 942 1116 quae
954 1075 1118 1114 sequuntur
1127 1074 1181 1103 ali-

217 1131 310 1161 quam
328 1131 392 1150 rem
404 1141 411 1153 ,
432 1120 572 1149 dicuntur
583 1138 590 1151 ,
611 1128 649 1147 ex
660 1117 767 1157 quibus
780 1125 839 1147 tota
848 1127 892 1147 res
902 1117 1081 1156 relinquitur
1090 1118 1123 1145 in
1134 1115 1181 1145 su-

217 1164 351 1203 spicione
365 1183 372 1195 ,
401 1172 433 1191 ur
444 1160 463 1190 si
475 1161 683 1191 salsimentarii
694 1157 760 1188 filio
771 1158 866 1188 dicas:
892 1158 1012 1198 Qiesce
1023 1165 1056 1186 tu
1068 1177 1077 1190 ‚
1095 1157 1180 1196 cujus

217 1214 300 1245 pater
318 1204 422 1234 cubito
441 1204 470 1233 se
490 1213 537 1232 em
543 1212 651 1242 ungeie
662 1200 784 1231 solebat.
808 1203 821 1219 2
832 1203 886 1230 Per
896 1198 1102 1236 abscissionem
1113 1218 1122 1232 ,
1146 1196 1177 1231 fi,

216 1245 292 1276 cum
304 1247 467 1286 incipimus
479 1244 591 1285 aliquid
602 1243 699 1273 dicere
710 1263 717 1275 ,
731 1241 935 1282 praecidimus,
949 1242 981 1271 ὃς
990 1250 1028 1270 ex
1037 1250 1085 1273 eo,
1097 1239 1179 1281 quod

213 1287 280 1329 jam
291 1288 427 1318 diximus
440 1307 448 1320 ,
470 1287 488 1316 s
484 1289 536 1316 atis
554 1286 731 1326 relinquitur
748 1284 924 1323 suspicionis
935 1303 943 1316 ‚
964 1281 1017 1313 sic:
1042 1282 1106 1323 Q:
1129 1280 1182 1318 ista.

209 1330 318 1370 forma,
331 1330 365 1359 δι’.
374 1337 457 1360 aetate
466 1338 561 1368 nuper
571 1327 674 1357 alienae
685 1326 803 1358 domui,
816 1325 889 1355 nolo
899 1325 983 1365 plura
992 1325 1102 1354 dicere.
1126 1326 1181 1355 Pei·

213 1369 536 1403 fimiiitudinem,cum
546 1370 642 1410 aliqua
652 1379 682 1398 re
693 1367 783 1397 simili
794 1367 888 1400 allata,
902 1367 980 1396 nihil
991 1366 1121 1406 amplius
1131 1365 1178 1396 di—

213 1415 325 1447 cimus,
338 1413 387 1443 sed
398 1423 436 1442 ex
445 1422 478 1442 ea
486 1410 686 1453 significamus
696 1430 704 1443 ,
716 1409 788 1450 quid
801 1409 963 1439 sentiamus
974 1429 982 1442 ‚
994 1409 1051 1439 hoc
1062 1407 1157 1438 modo
1171 1418 1177 1438 2

214 1457 308 1486 Nom
320 1474 329 1489 ,
349 1456 506 1485 Saturnine
519 1474 527 1486 ,
549 1451 683 1482 nimium
701 1451 806 1492 populi
824 1450 990 1491 frequentia
1006 1449 1100 1480 fretus
1109 1448 1176 1480 effe.

215 1501 231 1525 3
243 1498 333 1527 inulti
349 1497 449 1536 jacent
469 1496 602 1525 Gracchi.
634 1496 706 1524 Haec
715 1494 872 1523 exornatio
881 1491 1051 1533 plurimum
1061 1490 1180 1522 festivi-

213 1541 281 1570 tatis
292 1538 381 1569 habet
391 1538 554 1570 interdum,
567 1537 599 1566 &
610 1536 762 1576 dignitatis
776 1545 780 1563 :
792 1533 860 1564 sinit
869 1544 954 1564 enim
964 1533 1119 1575 quiddam,
1132 1540 1174 1564 ta-

195 1602 199 1604 *
213 1583 276 1612 cito
286 1589 402 1610 oratore
412 1599 421 1613 ,
442 1580 540 1620 ipsum
551 1578 719 1609 auditorem
730 1577 874 1616 suspicari.
908 1578 1037 1607 Brevitas
1048 1596 1058 1610 ‚
1079 1574 1123 1606 est
1131 1585 1176 1606 res

214 1621 283 1662 ipsis
293 1619 510 1652 tantummodo
518 1620 616 1650 verbis
626 1617 795 1650 necessariis
804 1618 942 1659 expedita
951 1639 959 1651 ,
985 1619 1042 1648 hoc
1060 1617 1156 1648 modo
1168 1627 1175 1648 ι

214 1667 356 1695 Lemnum
365 1666 534 1704 praeteriens
544 1664 623 1702 cepit
634 1672 639 1690 .·
650 1665 666 1688 4
677 1660 748 1691 inde
760 1659 850 1691 Thasi
858 1659 1027 1700 praesidium
1038 1660 1171 1700 reliquit:

213 1705 282 1748 post
299 1706 405 1736 urbem
427 1708 458 1735 in
478 1705 618 1744 Bithynia
637 1703 769 1733 sustulit:
791 1706 803 1729 5
813 1703 884 1732 inde
901 1702 1002 1742 pulsus
1024 1704 1057 1732 in
1069 1702 1175 1732 Helle-

213 1749 367 1789 spontum,
379 1747 476 1778 statim
487 1748 598 1787 potitur
609 1745 729 1785 Abydo.
752 1747 830 1774 Item
843 1765 851 1777 ,
863 1744 948 1774 Modo
960 1744 1062 1785 consid,
1075 1753 1175 1785 quon-

214 1790 284 1822 dam
296 1790 443 1823 tribunus,
456 1788 566 1819 deinde
576 1791 691 1828 primus
703 1795 761 1816 erat
771 1788 909 1816 civitatis.
934 1794 998 1816 tum
1009 1786 1175 1826 proticisci—

213 1840 262 1863 tur
272 1834 305 1862 iri
315 1830 425 1865 Asiam,
436 1831 547 1861 deinde
556 1829 657 1862 exsul,
673 1828 705 1858 ὃς
715 1827 808 1858 hostis
819 1827 862 1858 est
873 1826 970 1857 didius
981 1848 988 1861 ,
1000 1827 1067 1869 post
1076 1830 1175 1867 impe-

211 1883 292 1904 rator
300 1894 309 1907 ,
328 1871 485 1914 postremo
501 1872 605 1903 consul
623 1870 719 1901 faetus
737 1869 788 1911 est.
819 1870 917 1899 Hibet
926 1872 1025 1909 paucis
1036 1879 1175 1910 compre—

211 1916 304 1946 hensa
314 1915 438 1946 brevitas
449 1915 612 1945 multarum
623 1922 723 1942 rerum
736 1911 977 1952 expeditionem,
1007 1914 1103 1953 Qare
1122 1910 1174 1941 ad—

215 1957 347 1988 hibenda
365 1958 440 1997 faepe
462 1955 505 1986 est
515 1976 523 1989 ‚
544 1954 615 1986 cum
625 1964 675 1984 aut
684 1964 729 1984 rcs
740 1964 804 1983 non
813 1962 902 1994 egent
912 1953 1007 1994 longae
1018 1955 1172 1987 orationis,

790 1994 1017 2025 Demonstratio
1027 1994 1069 2025 est
1081 2015 1089 2028 ,
1100 1993 1172 2025 cum

212 2043 307 2072 itares
316 2041 416 2071 verbis
425 2040 616 2080 exprimitur,
629 2047 661 2068 ut
670 2039 731 2079 geri
742 2040 911 2082 negotium,
925 2037 957 2067 &
967 2047 1012 2067 res
1022 2046 1089 2068 ante
1101 2047 1173 2066 ocu-

213 2084 259 2114 los
271 2081 329 2113 effe
339 2082 483 2113 videatur.
506 2082 541 2112 Id
552 2080 616 2110 fieri
625 2082 734 2119 poterit
747 2099 755 2113 ‚
780 2081 811 2113 11,
823 2090 888 2120 quae
900 2079 968 2109 ante
979 2100 989 2113 ,
1000 2079 1032 2109 &
1042 2078 1108 2119 post
1117 2098 1125 2112 ,
1140 2079 1174 2109 &

211 2127 248 2155 in
258 2125 319 2165 ipsa
328 2135 358 2154 re
368 2122 444 2154 fabia
453 2131 549 2156 erunt,
562 2120 855 2161 comprehendemus
866 2141 875 2153 2
887 2129 936 2150 aut
946 2119 967 2150 si
976 2121 991 2150 a
1001 2122 1087 2150 rebus
1098 2129 1172 2150 con-

212 2166 423 2207 sequentibus,
445 2174 496 2195 aut
512 2164 528 2194 a
546 2161 807 2194 circumstantibus
825 2172 889 2191 non
899 2162 1073 2191 recedemus
1085 2180 1093 2194 ,
1113 2162 1172 2190 hoc

213 2208 309 2237 modo
320 2218 326 2235 ε
347 2206 527 2247 Qodfimul
533 2215 618 2245 atque
629 2204 779 2233 Gracchus
788 2204 949 2242 prospexit,
964 2201 1105 2232 flufiimare
1116 2211 1172 2241 po-

211 2250 319 2291 pulum
329 2269 339 2282 ‚
351 2257 506 2280 verentem
517 2268 527 2281 ,
541 2257 580 2277 ne
589 2247 650 2286 ipse
661 2244 833 2276 austoritate
845 2246 961 2275 senatus
971 2252 1145 2274 commotus
1155 2242 1170 2273 a

612 117 696 165 An
730 116 1170 168 Hnnssuutuiu,
1208 116 1414 162 Liar-:R
1449 114 1787 177 QARTUS.

1229 196 1373 227 sententia
1380 194 1538 230 desisteret,
1552 194 1635 232 iubet
1644 196 1779 227 advocari
1790 196 1982 227 concionem.
2006 195 2063 229 Iste
2073 197 2188 232 interea

1228 238 1345 272 scelere,
1357 238 1390 268 &
1401 238 1488 268 malis
1499 239 1730 278 cogitationibus
1741 238 1909 269 redundans
1920 258 1930 271 ,
1951 240 2049 270 evolat
2057 250 2096 271 ex
2106 250 2184 271 tem-

1227 280 1279 319 plo
1286 281 1383 321 Jovis,
1396 280 1429 310 &
1441 279 1559 313 sudans,
1569 280 1665 309 oculis
1675 280 1859 314 ardentibus,
1871 279 1970 310 eredo
1979 282 2098 322 capi110,
2110 292 2189 313 con*

1227 330 1302 352 torta
1312 330 1378 362 toga
1388 341 1397 354 ,
1418 330 1490 351 cum
1501 321 1635 361 pluribus
1647 322 1711 351 aliis
1722 323 1762 351 ire
1772 322 1896 352 celerius
1906 331 2005 363 coepit.
2029 324 2079 353 Illi
2088 333 2187 364 praeco

1228 362 1354 393 faciebat
1362 362 1546 393 audientiam
1557 373 1563 391 2
1586 363 1635 393 hic
1655 363 1828 394 subsellium
1848 364 2001 404 quoddam
2021 365 2098 395 calce
2118 375 2186 405 pre-

1229 415 1314 436 mens
1327 426 1335 438 .
1356 405 1457 435 dextra
1465 404 1575 445 pedem
1584 403 1727 446 defringit
1736 425 1745 438 ,
1763 405 1795 435 &
1805 405 1877 436 alios
1887 406 1946 436 hoc
1956 407 2038 436 idem
2046 406 2186 447 jubetfa-

1226 457 1301 477 cere.
1326 445 1404 476 curn
1418 447 1566 477 Gracchus
1577 445 1649 476 deos
1661 448 1806 486 inciperet
1815 449 1935 486 precari,
1947 447 2053 479 cuisim
2067 448 2115 479 isti
2125 451 2186 479 im-

1226 497 1330 528 petum
1341 488 1454 518 faciunt
1466 500 1471 517 ;
1492 498 1530 518 ex
1542 489 1617 521 aliis,
1628 488 1752 528 aliisque
1761 488 1890 528 partibus
1900 490 2063 520 convolant
2074 501 2079 519 :
2099 500 2186 531 atque

1227 531 1243 560 ὲ
1255 530 1368 570 populo
1379 540 1467 563 unus,
1479 529 1559 571 fuge,
1570 531 1679 570 inquit,
1690 530 1806 564 Tiberi,
1816 529 1894 571 fuge.
1908 540 1970 561 non
1979 531 2063 562 vides
2075 534 2186 572 ?respi-

1225 582 1272 606 ce,
1285 574 1417 613 inquam.
1447 571 1568 602 Deinde
1579 582 1649 613 vaga
1660 572 1836 605 multitudo,
1849 572 1946 602 subito
1957 575 2066 603 timore
2075 583 2187 613 pater«

1227 616 1290 648 rita,
1302 613 1401 655 fugere
1413 616 1510 653 ccepit.
1535 612 1551 633 ⁶
1561 616 1600 643 At
1610 612 1662 643 iste
1676 613 1814 653 spumans
1825 623 1864 643 ex
1874 623 1925 643 ore
1936 615 2186 648 seclusam-reliam

1226 665 1263 685 ex
1275 658 1388 686 intimo
1398 655 1518 696 pediam
1529 655 1734 685 crudelitatem
1745 675 1758 688 ,.
1764 663 1942 696 contorquet
1952 655 2107 687 brachium
2118 669 2126 691 ;
2151 657 2185 688 δε

1227 697 1374 728 dubitanti
1388 698 1533 731 Graccho,
1545 697 1617 738 quid
1628 695 1700 727 esset
1709 717 1718 730 ,
1730 707 1826 738 neque
1836 705 1937 727 tamen
1947 697 2050 728 locum
2062 719 2070 732 ‚
2082 701 2114 729 in
2124 709 2189 740 quo

1227 739 1398 770 constiterat
1409 760 1418 773 ,
1429 740 1610 780 relinquenti
1621 759 1629 772 ,
1641 741 1767 779 percutit
1777 748 1905 778 tempus.
1931 744 1945 768 7
1953 740 2010 769 ine
2020 741 2101 771 nulla
2111 751 2185 771 voce

1226 781 1364 814 delabaris
1383 780 1468 812 insita
1485 783 1593 811 virtute
1613 781 1748 811 concidit
1765 783 1878 811 tacitus.
1901 780 1958 811 Iste
1968 783 2025 811 viri
2034 781 2186 812 fortiffimi

1225 823 1396 853 miserando
1407 824 1546 865 sanguine
1557 821 1799 863 adspersus‚quafi
1807 821 1922 852 facinus
1933 822 2186 863 praeclariffimum

1223 862 1345 897 feciffet,
1365 864 1628 905 circumspefhins,
1642 864 1674 894 &
1684 865 1786 894 hilaris
1796 865 1963 895 sceleratam
1974 865 2186 905 gratulantibus

1225 915 1351 937 manum
1361 908 1516 947 porrigens
1527 926 1535 940 ,
1556 908 1590 936 in
1599 907 1748 946 templum
1756 907 1842 947 Jovis
1853 907 1981 937 contulit
1992 907 2061 937 sese.
2086 903 2100 926 8
2112 910 2191 938 Haeo

1223 950 1381 979 exornatio
1398 949 1567 988 plurimum
1586 947 1705 988 prodest
1716 950 1748 978 in
1759 947 1967 988 amplificanda
1978 949 2010 979 &
2020 950 2194 979 commise-v

1223 989 1313 1020 tanda
1330 1000 1360 1020 re
1373 1009 1382 1023 ‚
1402 989 1576 1029 hujusmodi
1595 990 1844 1020 enarrationibus.
1867 989 1966 1020 statuit
1983 993 2067 1021 enim
2089 999 2184 1021 totam

1224 1040 1289 1061 rem
1300 1051 1308 1064 ‚
1330 1031 1362 1062 &
1372 1031 1463 1072 prope
1473 1034 1562 1072 ponit
1569 1040 1637 1061 ante
1648 1033 1764 1062 oculos.
1809 1034 1935 1062 Omneis
1946 1034 2073 1062 rationes
2085 1034 2182 1063 hone-
2202 1042 2252 1081 55

1224 1071 1331 1103 standae
1343 1074 1524 1104 elocutionis
1534 1073 1663 1104 studiose
1673 1074 1851 1114 collegimus
1865 1095 1873 1106 ,
1886 1076 1918 1104 in
1928 1074 2050 1114 quibus,
2064 1077 2186 1104 Heren-

1224 1116 1266 1147 ni,
1280 1113 1301 1145 fi
1312 1123 1339 1145 te
1351 1114 1509 1156 diligenter
1519 1117 1697 1149 exercueris,
1709 1116 1741 1145 &
1752 1118 1936 1156 gravitatem,
1949 1116 1981 1146 &
1992 1116 2181 1157 dignitatern,

1225 1155 1257 1186 &
1267 1156 1441 1187 suavitatem
1452 1157 1558 1187 habere
1568 1158 1601 1186 in
1611 1156 1742 1187 dicendo
1751 1159 1862 1196 poteris
1873 1177 1882 1190 ‚
1912 1166 1945 1187 ut
1955 1159 2082 1188 oratorie
2093 1159 2181 1198 plane

1223 1197 1352 1238 loquaris
1365 1208 1370 1226 ;
1381 1208 1419 1228 ne
1428 1198 1508 1228 nuda
1517 1218 1525 1232 ‚
1537 1207 1623 1238 atque
1632 1200 1767 1228 inornata
1776 1200 1922 1231 inventio,
1941 1200 2183 1239 vulgariftrmone

1223 1238 1367 1269 efferatur.
1392 1242 1486 1270 Nunc
1495 1239 1664 1269 identidem
1674 1238 1854 1279 nosmetipsi
1863 1240 1952 1270 nobis
1963 1240 2118 1271 instemus.
2136 1251 2184 1272 res

1222 1282 1306 1311 enim
1316 1283 1492 1311 communis
1501 1283 1604 1323 agitur,
1616 1290 1648 1311 ut
1656 1279 1838 1322 frequenter,
1857 1282 1888 1311 δε
1898 1280 2006 1312 affidue
2017 1284 2183 1324 consequa-

1224 1332 1293 1353 mur
1302 1325 1371 1353 artis
1380 1326 1528 1353 rationem
1539 1322 1638 1353 studio
1648 1343 1657 1357 ‚
1670 1323 1702 1353 δε
1712 1325 1923 1354 exercitatione
1936 1334 1943 1352 :
1986 1324 2045 1354 uod
2055 1325 2105 1354 alii
2116 1335 2187 1354 cum

1221 1362 1344 1401 molestia
1355 1365 1448 1395 tribus
1459 1365 1496 1395 de
1504 1363 1595 1395 caufis
1605 1365 1740 1396 maxime
1750 1364 1863 1395 faciunt
1874 1376 1879 1394 :
1902 1375 1951 1395 aut
1973 1376 1983 1394 i
1991 1387 2001 1399 ‚
2023 1376 2092 1397 cum
2113 1368 2186 1408 qui-

1223 1406 1277 1437 bus
1288 1407 1416 1438 libenter
1426 1415 1627 1440 exerceantur,
1642 1417 1706 1438 non
1715 1407 1840 1438 habent:
1862 1416 1910 1437 aut
1921 1405 1941 1436 fi
1951 1406 2005 1437 sibi
2018 1407 2178 1438 diffidunt:

1220 1458 1270 1478 aut
1281 1447 1303 1478 fi
1313 1450 1469 1482 nesciunt,
1481 1458 1571 1490 quam
1580 1450 1662 1480 viam
1673 1449 1754 1490 sequi
1764 1449 1892 1478 debeant
1903 1460 1908 1478 z
1929 1458 1995 1489 quae
2004 1448 2020 1479 a
2029 1450 2118 1480 nobis
2128 1450 2180 1481 ab-

1220 1490 1289 1520 sunt
1298 1501 1406 1521 omnes
1416 1489 1618 1521 difficultates.
1632 1493 1713 1521 Nam
1724 1491 1757 1521 &
1767 1489 1855 1520 simul
1866 1491 1995 1521 libenter
2004 1501 2180 1523 exercemur

1220 1541 1339 1572 propter
1348 1534 1512 1563 amicitiam
1524 1553 1532 1566 ,
1543 1534 1628 1572 cujus
1639 1534 1765 1562 initium
1777 1533 1904 1572 cognatio
1914 1532 1995 1566 fecit,
2007 1541 2101 1564 cetera
2109 1535 2179 1574 phi-

1220 1574 1363 1614 losophiae
1374 1576 1448 1605 ratio
1458 1573 1665 1605 confirmavit:
1690 1575 1723 1604 δε
1733 1574 1824 1604 nobis
1835 1584 1899 1604 non
1908 1572 2076 1605 diffidimus
2087 1596 2095 1610 ‚
2107 1586 2180 1616 pro-

1218 1625 1317 1657 pterea
1325 1617 1407 1658 quod
1418 1616 1451 1646 Sc
1460 1617 1681 1658 aliquantulum
1689 1614 1899 1656 proceffimus:
1928 1616 1960 1646 &
1979 1617 2036 1647 alia
2053 1612 2189 1650 meliora*

1220 1659 1297 1691 sunt,
1309 1669 1375 1700 quae
1386 1659 1484 1688 multo
1493 1660 1640 1688 intentius
1650 1661 1781 1698 petimus
1793 1660 1825 1688 in
1835 1660 1906 1692 vita,
1919 1667 1962 1691 ut,
1979 1660 2069 1689 etiam
2080 1657 2101 1689 fi
2114 1669 2179 1691 non

1217 1702 1442 1741 pervenerimus
1463 1702 1495 1730 in
1515 1700 1645 1730 dicendo
1655 1721 1663 1734 ‚
1685 1699 1746 1741 quo
1757 1700 1900 1730 volumus
1911 1720 1919 1734 ,
1939 1710 2026 1740 parva
2036 1711 2100 1741 pars
2110 1703 2180 1732 vitae

1217 1740 1435 1782 perfeEtiffimae
1445 1741 1622 1772 desideretur
1633 1753 1638 1771 2
1662 1743 1694 1772 &
1705 1744 1796 1775 viam,
1808 1752 1898 1782 quam
1910 1742 2076 1783 sequamur,
2089 1743 2179 1773 habe-

1220 1794 1288 1814 mus
1301 1794 1306 1813 :
1326 1793 1480 1824 propterea
1488 1784 1570 1824 quod
1583 1786 1614 1813 in
1626 1785 1671 1813 his
1684 1784 1767 1813 libris
1778 1785 1856 1813 nihil
1866 1785 2048 1823 praeteritum
2059 1784 2102 1815 est
2110 1786 2179 1815 rhe-

1219 1828 1319 1856 toricae
1328 1828 1544 1866 praeceptionis.
1567 1829 1583 1852 9
1593 1824 1841 1855 Demonstratum
1852 1825 1894 1855 est
1905 1827 1987 1856 enim
1999 1846 2007 1859 ,
2020 1826 2180 1867 quomodo

1218 1870 1306 1898 resin
1316 1868 1461 1898 omnibus
1472 1867 1631 1908 generibus
1642 1867 1793 1898 causarum
1803 1868 1935 1897 inveniri
1946 1877 2089 1907 oporteat.
2121 1870 2181 1898 Di-

1221 1909 1305 1939 &um
1317 1909 1369 1942 est,
1382 1919 1443 1950 quo
1454 1908 1540 1949 paEio
1551 1919 1596 1939 eas
1607 1909 1763 1949 disponere
1772 1910 1940 1939 conveniat.
1953 1909 2112 1940 Traditum
2123 1909 2178 1945 est,

1218 1962 1276 1993 qua
1285 1954 1399 1982 ratione
1407 1950 1479 1981 esset
1489 1951 1756 1991 pronuntiandum.
1793 1953 1976 1990 Praeceptum
1987 1950 2029 1981 est
2039 1971 2048 1985 ‚
2068 1961 2125 1993 qua
2134 1954 2182 1983 via

1219 1992 1392 2024 meministis
1409 1992 1574 2034 poffemus.
1605 1992 1855 2022 Demonstratum
1877 1992 1918 2023 esi·
1930 2013 1938 2026 ,
1958 1993 2068 2034 quibus
2079 1994 2182 2024 modis

1217 2034 1349 2076 perfeSta
1357 2035 1488 2066 elocutio
1498 2044 1725 2074 compararetur.
1745 2037 1849 2076 ¹0Qae
1861 2033 1881 2063 fi
1890 2034 2181 2075 exsequimur,acut<‘2

1221 2078 1254 2108 &
1263 2076 1325 2108 cito
1335 2079 1516 2117 reperiemus
1528 2087 1533 2106 :
1544 2075 1695 2109 ὼίὶὶῃὲὶὲ,
1706 2077 1738 2106 &
1748 2076 1883 2105 ordinate
1894 2076 2089 2114 disponemus
2100 2087 2105 2105 :
2117 2087 2181 2117 gra-

1218 2121 1294 2148 viter
1305 2139 1313 2152 ‚
1326 2119 1358 2148 &
1368 2117 1492 2148 venuste
1502 2117 1789 2157 pronuntiabimus:
1806 2115 1905 2150 firm-³2,
1918 2118 1950 2147 &
1959 2116 2101 2157 perpetuo
2113 2128 2181 2148 me-

1219 2161 1409 2189 minerimus:
1420 2159 1570 2191 ornatib&
1581 2159 1707 2188 suaviter
1717 2158 1905 2198 eloquemur.
1918 2162 1994 2200 Ergo
2005 2159 2134 2199 amphus
2143 2162 2179 2191 in

1218 2209 1278 2231 arte
1290 2201 1436 2230 rhetorica
1446 2200 1523 2229 nihil
1536 2198 1588 2229 est.
1608 2202 1680 2229 Haec
1689 2201 1793 2229 omnia
1801 2200 2008 2239 adipiscemur,
2019 2199 2040 2230 fi
2050 2203 2181 2233 rationes

1216 2243 1422 2283 praeceptionis
1435 2245 1461 2261 ¹¹
1474 2240 1630 2282 diligentia
1639 2241 1871 2282 consequemur,
1890 2242 1922 2272 δε
1933 2244 2158 2274 exercitatione.

1926 2301 1995 2347 M.
2023 2300 2184 2347 Tui.-

253 2422 276 2440 ι.
295 2416 344 2438 Per
352 2413 562 2446 enumerationem]
577 2411 680 2438 Placuit
692 2410 759 2438 'istud
770 2419 803 2437 ex
815 2409 872 2436 Pal.
884 2410 972 2445 quint.
983 2410 1011 2435 &
1022 2409 1176 2435 Bruileren-

214 2448 246 2482 fi,
257 2457 307 2485 pro
317 2458 349 2475 co
359 2447 487 2474 haetenus
495 2449 701 2481 exsirperativnem.

250 2494 278 2511 2.
297 2488 346 2510 Pes
355 2485 529 2519 absctffionem]
549 2483 635 2510 Bruil.
646 2482 783 2519 exemplar
793 2483 946 2517 abfofionm,
957 2480 1027 2518 quod
1040 2481 1105 2507 mire
1115 2489 1178 2517 pro-

216 2520 262 2548 bat
274 2520 409 2546 Gifauius.

252 2564 278 2592 3.
298 2557 372 2581 den‘
381 2557 466 2587 jacent
484 2555 614 2589 Gracchi]
634 2555 676 2582 Sic
694 2554 763 2581 Pau.
784 2554 810 2581 iu
830 2554 908 2581 Italia
922 2553 1010 2589 scripti
1023 2564 1029 2579 :
1051 2560 1078 2579 at
1089 2558 1178 2588 quart.

215 2592 382 2624 fex.stultiti.e
391 2595 418 2617 C.
430 2594 530 2617 Gracchi
538 2599 656 2617 mcmcmo.
676 2592 919 2628 quintusstultitiam
930 2600 995 2616 cerne
1004 2591 1115 2615 Gracchi.

249 2635 277 2661 4.
297 2629 353 2654 Inde
361 2628 430 2659 ‘F'mfi
436 2627 566 2660 pmfidium
575 2629 617 2653 reli
622 2630 696 2661 prin]
718 2627 760 2653 Sic
772 2626 886 2663 reposuit
897 2625 1028 2657 Tui-nebi,
1039 2624 1178 2651 alludunt-

215 2672 266 2701 que
277 2672 368 2689 omncs
380 2663 464 2688 Palat.
474 2663 499 2688 in
512 2672 624 2698 quorum
637 2663 710 2689 nullo
723 2663 813 2689 visstin·
826 2664 962 2698 vulgatum
973 2663 1063 2695 Tmefi.

253 2708 280 2733 5.
299 2699 354 2726 Inda
377 2699 462 2731 suffra
478 2702 503 2724 in
522 2700 712 2734 litllespomum]
736 2698 878 2725 Lambinus
892 2718 899 2731 ‚
919 2699 1052 2725 Aur-itum
1064 2696 1177 2729 secutus,

215 2735 311 2763 maluit
321 2735 432 2768 appulsus
443 2754 450 2766 ,
471 2734 542 2770 quod
554 2735 588 2761 est
604 2737 630 2761 in
645 2735 726 2762 Palat.
738 2735 823 2761 sexto.

252 2771 279 2797 6.
289 2775 406 2804 ramirans
416 2780 445 2796 ex
453 2771 595 2805 orest-elan]
610 2771 690 2797 Malui
702 2770 768 2797 istud
779 2780 837 2797 Cum
849 2769 1174 2806 Vir-{torianissepertum-

216 2807 303 2843 quein
317 2806 496 2842 Pul.quart.ac
506 2806 572 2833 sext.
584 2816 661 2842 quam
673 2807 743 2843 quod
755 2807 902 2834 Manutiaui
915 2805 1177 2842 stqtiuntur,spumam

217 2853 246 2871 cx
254 2852 291 2869 ore
301 2843 416 2875 rejiciens.
437 2843 524 2876 rejicit
534 2843 602 2869 enim
615 2843 678 2869 lianc
689 2843 840 2879 scripturam
853 2842 1001 2869 membrum
1013 2842 1036 2868 se
1057 2851 1130 2868 uenS.

252 2880 329 2913 7.Ιῶ
337 2880 401 2905 nulla
410 2887 462 2906 voce
472 2879 582 2906 dilabaris
595 2898 603 2913 ‚
622 2881 691 2914 insita
701 2879 817 2916 virtute]
843 2879 960 2917 Reposui
981 2852 1056 2915 quod
1072 2885 1130 2907 erat
1149 2877 1177 2905 in

1220 2408 1278 2434 Pal.
1289 2415 1383 2443 quarto
1394 2417 1422 2434 ac
1433 2408 1508 2435 {exto
1520 2427 1528 2439 ‚
1539 2408 1604 2434 itum
1618 2407 1786 2434 Bruilerenli.
1806 2417 1865 2434 nain
1877 2408 1957 2434 ceteri
1970 2427 1977 2439 ,
1995 2409 2086 2434 nullam
2103 2415 2181 2434 vocem

1219 2444 1285 2470 edens
1298 2463 1305 2475 ‚
1315 2445 1385 2477 instra
1394 2447 1493 2470 virtute.
1513 2443 1648 2470 ustor-ius
1660 2442 1744 2470 edidit
1757 2463 1765 2476 ,
1775 2453 1829 2470 voce
1838 2445 1943 2471 delibans
1953 2446 2045 2477 instram
2053 2446 2180 2471 virtutem.

1218 2480 1335 2506 nostrum
1346 2480 1489 2515 genuinum
1502 2480 1585 2514 magis
1598 2478 1712 2506 videtur.

1255 2514 1281 2542 8.
1301 2519 1354 2541 Haec
1371 2520 1490 2542 exornatio
1510 2535 1518 2547 ,
1537 2516 1587 2546 dyc.
1614 2515 1740 2548 hujusmodi
1759 2517 1980 2551 enarrationibm]
2011 2515 2176 2542 Adliaesimus

1221 2551 1277 2577 Pal.
1298 2559 1392 2587 quarto
1411 2561 1440 2578 ac
1450 2552 1524 2578 sexto
1536 2553 1564 2578 80
1575 2551 1660 2578 Bruil.
1671 2551 1785 2587 politura
1795 2553 1866 2578 enini
1879 2552 2018 2578 verborum
2028 2552 2179 2587 elegantior

1219 2588 1267 2619 est,
1278 2588 1305 2613 &
1318 2588 1435 2623 alioquin
1448 2588 1505 2620 illi,
1514 2589 1543 2618 ὁ
1551 2592 1588 2618 in,
1600 2597 1650 2614 non
1662 2596 1717 2613 erat
1729 2587 1803 2614 fimul
1814 2589 1840 2614 in
1851 2588 1908 2614 aliis
1919 2587 1977 2614 mss.
1989 2588 2093 2614 nostris.

1255 2632 1283 2658 9.
1303 2626 1487 2651 Dtmonslsatum
1496 2625 1555 2659 effi]
1578 2625 1640 2650 Non
1652 2623 1763 2660 agnosco
1773 2625 1873 2660 aliquot
1884 2623 2050 2660 sequentibus
2078 2623 2177 2650 eriodis

1219 2659 1404 2686 Cornificium.
1424 2661 1451 2686 &
1462 2661 1559 2686 mirum
1571 2660 1606 2686 est
1618 2680 1626 2692 ‚
1646 2660 1692 2686 nili
1703 2667 1759 2686 tota
1768 2660 1822 2686 haec
1832 2660 2013 2696 recapitulatio
2025 2679 2034 2692 ‚
2060 2667 2081 2686 it
2092 2661 2177 2695 magi-

1219 2695 1285 2722 stt-lli
1305 2695 1412 2731 alicujus
1434 2697 1548 2723 trivialis
1560 2715 1567 2728 ,
1587 2697 1784 2724 annumeramus
1796 2696 1905 2724 minima
1915 2696 2031 2723 maxima
2041 2695 2175 2734 discipulis

1219 2731 1280 2758 suis.

1257 2777 1298 2794 10.
1317 2768 1372 2802 ΩΨ
1372 2769 1397 2802 st
1403 2768 1573 2803 exsequiarum]
1595 2768 1638 2795 Est
1650 2769 1665 2795 a
1676 2769 1734 2796 Pal.
1745 2776 1851 2806 quarto,
1862 2768 1970 2796 Gembl.
1981 2769 2009 2795 8<
2021 2767 2107 2796 Bruil.
2117 2766 2178 2794 vul-

1237 2813 1252 2829 o
1275 2814 1285 2828 ι’
1302 2814 1398 2830 namur.

1217 2813 1235 2840 g
1257 2806 1301 2866 ljiq
1324 2843 1452 2874 Diligentia
1469 2841 1626 2876 conftquemur
1645 2842 1674 2872 (33³
1693 2842 1883 2876 exercitatione]
1906 2841 1972 2868 Non
1991 2839 2101 2869 absurde
2118 2838 2178 2867 Pal.

1218 2885 1293 2913 quar.
1304 2875 1360 2905 sex.
1373 2877 1482 2906 Gembl.
1493 2879 1518 2906 T
1520 2877 1556 2905 os.
1567 2879 1613 2906 ΒΓ.
1626 2878 1791 2915 consequamur
1799 2878 1982 2906 exercitationis.

2051 3059 2063 3078 x
2070 3066 2077 3076 .
2085 3049 2179 3079 zenia-
