2339 3379
633 150 1222 196 PH1L11=1=10A

193 229 278 263 &um
289 228 456 264 estnomen
466 231 749 272 M.Eruti.rn:igisne
758 230 848 272 quam
865 230 1154 271 Decimi?Equidem

193 283 257 304 non
268 275 400 304 arbitror.
425 273 475 305 etfi
495 273 536 304 est
556 275 639 303 enirn
657 276 817 303 Brutorum
838 282 1005 303 commune
1025 271 1154 306 fanum,

194 314 229 345 δε
246 316 340 346 laudis
360 318 371 335 ¹
383 316 506 346 societas
515 325 612 356 aequa:
637 317 674 344 D.
689 324 788 345 tamen
800 317 891 344 Bruto
904 316 1035 344 iratiores
1045 315 1068 342 ii
1080 333 1088 346 ,
1100 315 1152 353 qui

192 356 225 386 id
235 356 347 387 faelium
358 356 500 387 dolebant
512 377 521 389 ‚
541 366 602 397 quo
618 358 720 386 minus
730 357 765 387 ab
778 357 835 386 illo
846 366 910 386 rem
920 356 1004 385 illam
1013 354 1152 384 dicebant

194 393 258 429 fieri
268 397 392 435 decusffi.
415 398 496 439 Qid
516 408 585 439 ergo
602 408 683 428 nunc
699 407 790 439 agunt
808 408 850 428 tot
868 399 1015 427 exercitus
1026 415 1035 430 ,
1052 394 1108 425 nifi
1119 405 1152 426 ut

192 439 347 470 obsidione
360 442 400 469 D.
411 441 517 469 Brutus
527 440 690 469 liberetur?
700 442 752 480 qui
763 449 861 470 autem
874 440 928 468 hos
939 439 1086 468 exercitus
1095 437 1152 466 du-

191 489 265 512 cunt
275 482 285 509 ?
296 481 326 509 hi
337 500 346 514 ,
357 480 446 511 credo
457 502 466 514 ‚
477 483 530 522 qui
538 482 692 512 CCaesaris
703 492 747 511 res
761 480 837 511 atstas
847 482 959 512 everti,
972 481 1022 520 qui
1032 479 1148 527 causam

155 522 173 554 8
191 531 402 552 veteranorum
414 523 500 562 p'rodi
511 524 628 553 volunt.
651 525 681 553 Si
691 523 752 563 ipse
763 524 877 553 viveret
884 522 1012 551 ccaefar
1022 540 1030 553 ‚
1041 522 1148 567 acrius,

190 562 282 594 eredo
292 582 301 597 ,
321 563 385 594 aeta
394 565 443 594 sua
452 564 642 598 defenderet,
661 575 751 605 quam
764 566 811 595 vir
823 561 1149 611 fortissimusdetenxdit

191 605 326 635 Hirtius:
337 607 621 636 autamiciorcausae
630 607 786 647 quisquam
797 604 893 644 potest
904 606 1044 637 inveniri,
1055 612 1146 649 quam

183 645 282 687 fitius?
303 649 341 676 At
350 647 461 677 horum
470 648 696 682 alter,nondum
705 658 742 677 ex
752 648 970 687 longinquitate
984 643 1131 691 graviffirn
1138 654 1147 672 i

192 688 293 718 morbi
306 698 448 719 recreatus
458 710 467 722 ‚
484 689 631 730 quidquid
642 690 744 719 habuit
753 690 862 719 virium
876 707 885 719 ‚
906 686 937 732 id
947 688 980 731 in
991 694 1097 732 eorum
1108 685 1147 713 li-

190 728 336 760 bertatem
347 730 568 762 defendendam
578 732 707 761 contulit
715 751 723 764 ‚
734 738 865 770 quorum
876 735 955 775 votis
960 725 1106 775 judicavit
1116 725 1144 756 se

191 769 208 800 :¹1
226 780 323 801 morte
336 782 526 802 revocatum:
544 773 617 804 alter
634 773 751 802 virtutis
768 769 875 799 robore
895 777 1031 800 nrmior‚
1053 777 1144 807 quam

189 814 284 842 aetatis
294 832 302 846 ‚
320 823 390 843 cum
405 813 467 844 istis
480 810 548 854 ipsis
562 815 707 843 veteranis
721 811 755 841 ad
765 813 806 840 D.
816 811 941 840 Brutum
952 808 1143 855 liberandum

185 853 339 893 profecitus
350 854 400 885 est.
425 857 517 896 Igitur
526 854 571 884 illi
581 852 734 884 certifl'imi
746 850 756 885 ‚⁴
767 852 919 891 iidemque
929 852 1067 880 acerrimi
1080 853 1142 880 Cae-

186 895 256 925 saris
269 894 406 926 3610111111
421 898 556 935 patroni,
577 905 631 934 pro
642 897 681 923 D.
692 896 774 924 Bruti
789 894 877 923 salute
891 892 1006 922 bellum
1019 901 1141 932 gerunt:

186 946 263 977 quos
282 939 411 967 veterani
428 937 600 976 sequuntur.
623 936 660 966 de
677 936 810 965 libertate
829 936 912 964 enim
929 935 1034 973 populi
1044 935 1138 963 Rom.

186 988 250 1008 non
261 977 297 1008 de
309 979 366 1008 suis
375 978 546 1007 commodis
556 997 564 1011 ‚
584 979 675 1007 armis
685 976 909 1007 decernendum
919 975 1034 1005 vident.
1092 1017 1100 1021 ι

185 1019 228 1049 est
240 1021 345 1060 igitur,
359 1021 457 1048 curiis
469 1038 477 1052 ,
497 1021 550 1059 qui
563 1022 600 1048 D.
611 1021 736 1048 Brutum
747 1017 893 1048 omnibus
901 1016 1010 1057 opibus
1021 1020 1141 1046 conier-

183 1070 287 1091 vatum
298 1061 393 1089 velint
401 1080 409 1093 ,
422 1062 553 1090 M.Bruti
565 1059 597 1090 sit
607 1059 756 1100 suspectus
765 1061 913 1090 exercitus
925 1062 935 1087 ?
957 1061 1006 1088 An
1016 1057 1089 1087 vero
1098 1078 1106 1092 ‚
1119 1056 1140 1088 si

183 1102 257 1143 quid
267 1100 338 1132 ess'et
346 1121 354 1134 ‚
368 1101 450 1142 quod
461 1101 477 1131 ‘a
487 1104 531 1131 M.
541 1104 632 1132 Bruto
643 1101 814 1131 timendum
824 1101 975 1132 videretur
983 1119 991 1133 ‚
1008 1099 1100 1146 Pansa
1108 1099 1139 1130 id

183 1152 250 1173 non
259 1142 373 1173 videret
385 1146 395 1172 ?
408 1143 492 1177 aut‚si
501 1144 626 1177 videret,
638 1153 701 1174 non
713 1143 876 1173 laboraret?
889 1143 956 1182 quis
966 1150 1015 1171 aut
1027 1142 1140 1181 sapien—

183 1186 244 1214 tior
259 1184 294 1214 ad
311 1184 518 1224 conjeeaeumm
536 1195 633 1215 rerum
652 1184 839 1214 futurarum?
855 1183 950 1214 autad
964 1183 1139 1223 propulsan-

181 1225 256 1256 dum
276 1235 393 1256 metum
413 1226 612 1268 diligentior?
642 1229 732 1267 Atqui
749 1227 839 1266 hujus
854 1226 992 1255 animum
1012 1235 1076 1264 erga
1090 1227 1135 1254 M.

181 1269 307 1298 Brutum
318 1287 326 1301 ‚
338 1266 532 1309 studiumque
541 1268 667 1299 vidistis.
690 1270 826 1308 ptaecepit
842 1268 976 1298 oratione
987 1267 1034 1296 sua
1045 1286 1054 1300 ‚
1065 1266 1138 1307 quid

182 1308 339 1339 decernere
349 1319 405 1339 nos
414 1309 451 1339 de
461 1313 551 1340 Bruto
560 1330 568 1344 ,
581 1310 654 1350 quid
665 1310 770 1339 sentire
780 1318 944 1348 oporteret:
961 1317 1137 1349 tantumque

182 1349 296 1384 abfuit,
308 1352 548 1390 utpericulosum
559 1362 631 1391 reip.
643 1354 686 1380 M.
698 1352 780 1380 Bruti
789 1359 904 1390 putaret
914 1352 1092 1383 exercitum,
1105 1358 1138 1379 ut

180 1393 217 1422 in
227 1402 263 1421 eo
273 1391 478 1424 firmiflimum
489 1395 561 1432 reip.
570 1390 739 1432 praefidium
752 1412 760 1425 ‚
781 1393 813 1422 &
824 1389 1030 1433 gravissimum
1041 1401 1137 1431 pone-

180 1442 235 1464 ret.
258 1434 376 1463 Scilicet
387 1435 445 1464 hoc
454 1435 545 1464 Pansa
560 1443 609 1464 aut
626 1444 689 1463 non
704 1434 905 1473 videt(hebeti
916 1435 999 1463 enim
1011 1434 1136 1474 ingenio

181 1473 237 1514 est)
247 1483 297 1504 aut
305 1475 437 1515 negligit.
460 1485 525 1516 quae
535 1478 619 1505 enim
630 1475 723 1506 Caesar
730 1477 790 1516 egit
799 1495 808 1509 ‚
829 1485 863 1505 ea
872 1484 931 1505 rata
939 1473 996 1504 ess'e
1006 1484 1070 1504 non
1084 1484 1136 1505 cu-

181 1525 224 1545 rat
237 1526 242 1544 :
262 1515 299 1545 de
307 1516 416 1556 quibus
427 1516 641 1548 confirmandis
654 1537 663 1550 ‚
678 1517 709 1547 &
719 1516 884 1547 sanciendis
895 1518 992 1558 legem
1003 1518 1138 1547 comitiis

139 1565 164 1598 9
182 1559 354 1588 centuriatis
373 1567 411 1588 ex
427 1558 599 1589 austoritate
616 1557 714 1589 nostra
729 1559 839 1589 laturus
852 1558 903 1588 est.
927 1556 1136 1600 Desinantigi-

183 1607 248 1633 tur,
263 1600 360 1633 antii,
376 1602 502 1641 quinon
515 1602 642 1634 timent,
657 1599 792 1630 simulare
802 1601 830 1631 se
841 1602 948 1630 timere
959 1619 967 1634 ‚
983 1600 1011 1630 sc
1019 1601 1136 1640 prospi—

1058 974 1140 1015 Qud
1163 974 1165 982 ’

1163 989 1165 997 ν
1185 984 1306 1005 mnatus
1317 996 1324 1010 ,
1346 978 1450 1017 irrupit
1463 980 1495 1007 in
1507 979 1636 1008 Galliam
1650 1000 1658 1013 ,
1679 990 1768 1021 quam
1780 980 1832 1011 sibi
1842 985 1932 1012 arinis
1943 1003 1951 1016 ‚
1971 985 2139 1024 animisque

1307 149 1683 200 Dacth.
2067 155 2158 218 613

1203 241 1256 271 pro
1267 232 1400 264 libertate
1411 254 1419 268 ,
1435 235 1505 265 vitae
1514 235 1649 275 periculo
1658 235 1870 268 dece-rmndum
1880 235 1933 268 est.
1957 245 2021 267 non
2031 237 2113 268 enim
2126 238 2157 267 in

1201 275 1304 313 spiritu
1318 277 1378 305 vita
1388 275 1431 306 est
1440 296 1448 309 ,
1471 277 1520 306 sed
1534 287 1566 307 ea
1579 277 1661 308 nulla
1673 277 1716 308 est
1729 280 1861 309 omnino
1875 279 2024 309 servienti.
2047 288 2157 309 omnes

1200 318 1340 346 nationes
1359 318 1531 348 servitutem
1549 317 1624 349 ferre
1641 318 1779 359 possunt:
1799 319 1899 351 nostra
1907 322 2012 351 civitas
2022 330 2086 350 non
2098 330 2155 361 po-

1200 355 1269 385 test:
1285 367 1338 387 nec
1350 358 1440 388 ullam
1451 360 1539 389 aliam
1551 360 1591 389 ob
1598 362 1725 395 causam,
1738 360 1792 391 nisi
1801 362 1882 402 quod
1894 363 1952 393 illae
1963 361 2092 395 laborem,
2103 364 2152 391 do-

1197 395 1461 438 loremquefugmnr
1470 420 1477 433 ‚
1488 401 1596 441 quibus
1607 411 1638 432 ut
1647 412 1772 436 careant,
1783 405 1890 433 omnia
1898 406 2008 444 perpeti
2019 402 2150 444 poss'unta

1196 446 1253 466 nos
1262 447 1300 467 ita
1310 438 1325 468 a
1337 440 1501 478 majoribus
1510 442 1649 475 instituti,
1659 454 1745 484 atque
1757 445 1865 475 imbuti
1877 446 1991 477 sumus,
2003 447 2150 477 utomnia

1195 477 1315 508 consilia
1326 499 1334 512 ,
1346 490 1430 520 atque
1440 481 1515 512 facta
1525 483 1558 512 ad
1569 486 1709 514 virtutem
1722 505 1730 518 ,
1743 486 1775 515 &
1787 485 1963 526 dignitatem
1974 487 2146 518 referamus.

1194 521 1236 549 I·i·
1246 528 1268 548 A
1289 530 1305 549 P
1316 530 1337 549 R
1350 531 1379 549 ιε
1391 531 1410 550 c
1420 532 1439 554 1,
1449 532 1470 551 A
1480 534 1501 552 R
1511 533 1533 552 Λ
1552 524 1593 554 est
1603 529 1785 566 recuperatio
1796 528 1940 558 libertatis
1951 548 1960 562 ,
1975 537 2007 558 ut
2018 539 2054 558 nc
2063 537 2148 558 mors

1190 560 1316 601 quidem
1334 560 1369 591 sit
1386 564 1419 592 in
1437 565 1594 603 repetenda
1613 567 1745 597 libertate
1762 568 1915 608 fugienda.
1939 569 2029 611 de
2047 569 2067 600 si
2085 572 2146 600 im-

1191 603 1355 632 mortalitas
1365 605 1591 644 consequeretur
1601 609 1751 645 praesentis
1762 611 1886 649 periculi
1895 611 2008 651 fugam,
2023 615 2035 638 5
2044 621 2145 641 tamen

1191 653 1227 672 eo
1246 645 1340 684 magis
1360 654 1393 674 ea
1410 644 1552 684 fugienda
1571 648 1738 683 videretur,
1758 661 1818 690 quo
1836 652 2007 682 diuturnior
2021 654 2146 684 servitus

1190 683 1270 714 effet.
1293 685 1365 715 cum
1376 686 1448 715 vcro
1460 687 1522 716 dies
1535 707 1543 721 ‚
1564 689 1596 718 &
1611 689 1728 719 noete-is
1743 695 1845 722 omnia
1862 703 1918 723 nos
1936 694 2070 735 undiquc
2088 694 2145 725 fata

1169 729 1171 736 '
1188 725 1381 757 circumstent
1393 738 1397 756 ;
1411 726 1425 746 ⁶
1435 737 1496 758 non
1507 728 1549 758 est
1560 731 1628 761 viri,
1641 733 1829 772 minimeque
1840 737 1985 769 Romani,
1996 736 2142 769 dubitare,

1187 777 1257 796 eum
1276 768 1411 806 spiritum
1422 789 1431 802 ‚
1451 779 1542 809 quern
1561 780 1673 801 naturae
1690 775 1759 812 quis
1776 775 1879 805 debeat
1890 796 1898 810 ,
1916 779 2013 817 patria
2026 777 2140 807 reddere.

1188 811 1383 840 concurritur
1397 811 1530 852 undique
1544 812 1578 842 ad
1590 822 1757 844 commune
1767 816 1943 847 incendium
1954 819 2141 860 restinguen-

1186 849 1271 880 dum.
1294 853 1485 893 veteranique
1499 855 1590 892 primi
1601 855 1720 885 Caesaris
1735 855 1940 889 anastoncatem
1957 860 2065 893 secuti,
2086 871 2140 891 co—

1186 900 1290 922 natum
1300 895 1428 923 Antonii
1444 895 1633 935 repulerunt:
1652 897 1718 936 post
1738 898 1872 936 ejusdem
1891 899 2023 930 furorem
2035 903 2141 932 Martia

1186 934 1265 974 legio
1282 933 1379 976 fregit.
1402 938 1509 976 Qarta
1523 936 1641 967 afflixit.
1664 941 1712 968 Sic
1731 939 1746 969 a
1765 940 1824 970 suis
1841 941 2009 981 legionibus
2026 944 2140 973 conde-

1182 1016 1322 1047 infestam
1333 1037 1342 1052 ‚
1364 1020 1580 1060 inimicamque
1590 1025 1743 1062 cognovit.
1768 1024 1847 1053 hunc
1857 1027 1892 1054 A.
1904 1026 2018 1058 Hirtii,
2029 1026 2060 1055 C.
2075 1029 2139 1056 Cae-

1182 1058 1250 1088 saris
1267 1062 1414 1090 exercitus
1435 1061 1561 1091 insecuti
1579 1062 1663 1093 sunt:
1682 1063 1748 1103 post
1759 1066 1856 1095 Pansa:
1871 1065 2003 1096 dcieuus
2017 1067 2136 1102 urbem,

1183 1108 1336 1141 totamque
1351 1102 1468 1132 Italiam
1484 1105 1588 1133 erexit.
1613 1114 1689 1135 unus
1704 1108 1845 1136 omnium
1863 1106 1906 1138 est
1922 1106 2005 1143 hosta.
2029 1119 2136 1149 quam-

1181 1151 1273 1182 quam
1291 1142 1378 1173 habet
1396 1144 1497 1174 secum
1509 1146 1544 1174 L.
1555 1144 1672 1175 fratrem
1685 1166 1693 1180 ‚
1712 1146 1894 1179 cariffimum
1912 1150 2027 1189 populo
2038 1153 2134 1180 Rom.

1181 1185 1299 1214 civem:
1319 1185 1404 1223 cujus
1420 1184 1600 1216 desiderium
1614 1190 1718 1219 civitat
1729 1188 1805 1220 ferre
1818 1189 1930 1220 diutius
1946 1201 2010 1221 non
2026 1191 2133 1232 potest.

1183 1225 1265 1262 Quid
1276 1225 1327 1256 illa
1337 1229 1447 1257 taetrius
1458 1227 1564 1258 belua?
1577 1229 1649 1269 quid
1658 1232 1822 1261 immanius
1833 1234 1843 1259 ?
1855 1237 1869 1260 7
1877 1234 1929 1272 qui
1940 1233 1981 1262 ob
1989 1243 2055 1263 eam
2064 1243 2136 1264 cau-

1181 1267 1242 1296 sam
1254 1275 1339 1297 natus
1350 1268 1467 1299 videtur
1478 1289 1486 1303 ,
1505 1280 1544 1299 ne
1554 1273 1698 1301 omnium
1709 1273 1883 1303 mortalium
1895 1273 2077 1314 turpiffimus
2089 1276 2137 1306 es-

1181 1308 1223 1338 set
1233 1310 1278 1338 M.
1287 1312 1448 1340 Antonius.
1471 1310 1514 1341 est
1524 1312 1581 1342 una
1589 1313 1759 1344 Trebellius
1770 1335 1779 1349 ,
1800 1317 1851 1356 qui
1868 1315 1925 1352 iam
1939 1326 2011 1346 cum
2025 1317 2134 1348 tabulis

1180 1352 1269 1380 novis
1280 1351 1357 1382 redit
1369 1353 1400 1382 in
1410 1355 1531 1394 gratiam
1543 1364 1549 1383 z
1565 1356 1603 1384 Τ.
1612 1355 1736 1386 Plancus
1745 1376 1753 1390 ‚
1765 1358 1853 1387 ceteri
1864 1367 1944 1397 pares
1956 1368 1961 1387 :
1975 1358 2066 1398 quiid
2077 1369 2134 1399 pu-

1178 1402 1270 1432 gnant
1281 1413 1289 1426 ,
1309 1393 1338 1423 id
1351 1404 1440 1435 agunt
1452 1415 1460 1428 ‚
1482 1405 1514 1425 ut
1529 1405 1632 1426 contra
1649 1407 1742 1437 remp.
1754 1397 1878 1429 restituti
1895 1398 1952 1429 effe
1969 1398 2134 1430 videantur:

1181 1434 1340 1465 sollicitant
1350 1437 1492 1466 homines
1501 1439 1657 1477 imperitos
1666 1442 1764 1474 Saxae,
1781 1440 1812 1470 &
1826 1441 1982 1480 Caphones
1993 1460 2001 1474 ,
2021 1440 2073 1481 ipsi
2083 1451 2135 1471 iu—

1183 1474 1267 1509 stici‚
1286 1485 1372 1517 atque
1389 1477 1512 1519 agrestes
1524 1499 1533 1512 ,
1553 1481 1605 1520 qui
1625 1481 1701 1511 hanc
1720 1492 1814 1522 remp.
1833 1492 1889 1512 nec
1907 1482 2047 1513 viderunt
2063 1493 2134 1513 um-

1178 1527 1268 1557 quam
1279 1528 1334 1548 nec
1344 1519 1445 1549 videre
1455 1519 1646 1551 constitutam
1658 1523 1765 1552 volunt
1776 1534 1781 1552 :
1800 1534 1853 1564 qui
1863 1532 1926 1554 non
1937 1524 2055 1554 Caesaris
2064 1543 2072 1556 ‚
2084 1524 2135 1554 sed

1178 1561 1307 1589 Antonii
1317 1559 1380 1590 adia
1388 1560 1556 1591 defendunt
1566 1573 1571 1591 z
1589 1573 1665 1603 quos
1676 1566 1782 1595 avertit
1791 1566 1852 1605 agri
1862 1566 2006 1604 Campani
2019 1565 2135 1604 infinita

1176 1600 1291 1640 poffiffio
1301 1612 1312 1628 .·
1329 1602 1413 1641 cujus
1423 1612 1475 1632 eos
1485 1613 1541 1633 nos
1551 1613 1614 1634 non
1623 1605 1732 1644 pudere
1743 1608 1838 1635 miror
1846 1626 1855 1640 ‚
1871 1605 1943 1636 cum
1954 1607 2093 1641 videant,
2103 1608 2134 1638 se

2158 1659 2194 1685 11

180 1651 246 1671 cete
255 1643 326 1681 reip.
339 1643 417 1672 antii
429 1661 437 1676 ‚
452 1642 504 1683 qui
514 1644 619 1672 omnia
628 1652 768 1673 verentur
781 1663 789 1676 ,
804 1641 940 1673 nimium
951 1640 1008 1671 effe
1020 1641 1133 1676 timidi3
1177 1643 1341 1675 mim0s‚&
1352 1645 1460 1674 mimas
1471 1644 1576 1675 habere
1586 1648 1715 1677 vicinos.
1729 1647 1775 1677 Ad
1785 1648 1834 1678 has
1844 1647 1951 1688 pesteis
1959 1650 2134 1689 opprimen-

176 1685 192 1702 ²
203 1691 242 1712 ne
251 1682 376 1713 illorum
386 1681 547 1718 fimulatio,
556 1685 667 1714 horum
677 1683 752 1715 obsit
760 1685 886 1726 ignavia.
938 1694 983 1713 uae
992 1682 1133 1723 (malum)
1177 1683 1227 1714 das
1241 1703 1249 1718 ‚
1269 1684 1342 1725 quid
1357 1684 1399 1716 est
1407 1696 1458 1716 cur
1468 1686 1596 1717 moleste
1606 1687 1736 1719 feramus
1748 1710 1756 1722 ‚
1778 1689 1859 1730 quod
1870 1692 1914 1720 M.
1926 1692 2009 1720 Bruti
2018 1689 2133 1722 accessit

177 1722 387 1759 estistaratio‚
406 1725 521 1766 semper
539 1728 663 1766 optimis
682 1724 771 1756 causis
789 1735 1000 1757 veteranorum
1019 1735 1134 1756 nomen
1176 1727 1344 1757 exercitus?
1366 1727 1581 1763 Immoderati‚
1602 1730 1690 1761 credo
1702 1751 1710 1764 ‚
1730 1732 1886 1765 hominis,
1910 1732 2132 1763 &tu1·bu1enti,

177 1774 330 1805 opponere
340 1769 487 1807 ?quorum
498 1770 588 1798 etiam
599 1767 618 1798 si
628 1767 822 1808 ampleElaerer
830 1769 972 1799 virtutem
982 1787 990 1800 ,
1003 1776 1036 1797 ut
1044 1766 1130 1798 facio:
1175 1767 1253 1798 Vide
1263 1788 1273 1802 ‚
1291 1778 1330 1798 ne
1348 1770 1482 1800 nimium
1500 1771 1584 1810 paene
1598 1774 1748 1812 patientis.
1773 1772 1823 1803 etsi
1834 1775 1865 1804 111
1876 1773 1957 1803 illius
1967 1776 2024 1803 viri
2033 1774 2131 1805 consi-

178 1814 280 1836 tamen
291 1826 300 1840 ‚
321 1806 342 1836 si
360 1806 452 1838 essent
468 1819 635 1851 arrogantes
645 1830 654 1844 ‚
674 1820 738 1840 non
751 1809 866 1850 possem
881 1808 956 1838 ferre
968 1807 1131 1847 fastidium.
1175 1809 1226 1839 liis
1236 1829 1244 1843 ,
1255 1819 1342 1851 atque
1353 1810 1438 1841 saitis
1448 1832 1457 1845 ,
1469 1807 1483 1831 3
1492 1813 1571 1842 nihil
1581 1823 1635 1843 nec
1645 1816 1778 1844 nimium
1790 1834 1798 1848 ‚
1811 1824 1866 1846 nec
1874 1825 1978 1855 parum
1988 1815 2048 1846 fuit
2057 1826 2128 1847 um-

176 1850 229 1878 An
238 1858 294 1877 nos
303 1851 457 1879 conanteis
467 1851 614 1881 servitutis
624 1851 745 1882 vincula
755 1860 908 1890 rumpere,
921 1850 1084 1889 impediet,
1096 1849 1132 1880 fi-
1173 1861 1273 1891 quam.
1306 1854 1416 1882 Omnis
1433 1854 1573 1884 voluntas
1591 1857 1745 1889 M.Bruti,
1765 1859 1795 1886 P.
1806 1859 1839 1886 C.
1852 1859 1957 1886 omnis
1975 1860 2128 1899 cogitatio,

177 1891 244 1930 quis
254 1899 410 1920 veteranos
420 1891 451 1921 id
462 1893 544 1922 nolle
554 1892 681 1923 dixerit?
694 1902 759 1922 non
769 1893 836 1922 sunt
846 1893 930 1921 enim
941 1910 949 1924 ‚
961 1890 1050 1921 credo
1059 1911 1068 1926 ‚
1080 1893 1131 1922 in-
1174 1901 1234 1922 tota
1244 1902 1332 1923 mens
1342 1914 1350 1927 ‚
1368 1894 1577 1925 auetoritatem
1588 1897 1704 1926 senatus
1717 1917 1725 1930 ‚
1743 1897 1906 1927 libertatem
1938 1899 2023 1938 opuli
2031 1902 2126 1930 Rom.

174 1931 389 1965 numerabiles,
402 1935 517 1973 quipro
527 1933 829 1964 communilibertate
838 1943 919 1963 arma
928 1934 1053 1973 capiant.
1077 1943 1131 1963 ne·
1172 1935 1305 1963 intuetur
1320 1945 1326 1963 ;
1348 1936 1409 1965 haec
1428 1936 1515 1966 habet
1528 1936 1692 1977 proposita,
1715 1939 1776 1968 haec
1794 1941 1869 1968 tueri
1921 1940 1964 1969 ilt-
1989 1943 2126 1975 tentavit,

176 1982 232 2002 mo
241 1971 285 2002 est
293 1982 397 2013 praeter
405 1983 559 2004 veteranos
571 1976 684 2005 milites
695 1995 702 2008 ,
715 1975 810 2016 quiad
824 1975 995 2005 servitutem
1009 1975 1132 2014 propul-
1170 1974 1267 2015 9quid
1285 1977 1428 2015 patientia
1443 1976 1584 2017 perficere
1602 1978 1701 2018 pofl'et.
1726 1980 1803 2009 nihil
1817 1979 1887 2010 cum
1901 1979 2073 2021 proficeret:
2092 1984 2127 2012 vi

170 2013 293 2045 sandam
308 2019 441 2056 ingenuo
455 2015 561 2046 dolore
572 2018 725 2047 excitetur.
749 2016 847 2047 Potest
865 2018 955 2057 igitur
969 2015 1041 2046 stare
1054 2017 1127 2056 resp.
1171 2024 1267 2045 contra
1286 2017 1347 2045 vim
1364 2018 1581 2058 experiendum
1597 2022 1720 2060 putavit.
1744 2023 1804 2066 Cui!
1814 2022 1936 2062 quidem
1947 2042 1955 2056 ,
1976 2026 2006 2053 P.
2019 2026 2050 2054 C.
2070 2033 2128 2054 vos

171 2054 246 2086 freta
259 2058 402 2086 veteranis
416 2055 476 2087 fine
491 2068 602 2099 magno
615 2057 744 2088 subsidio
758 2058 947 2098 juventutis?
967 2067 1043 2098 quos
1060 2060 1130 2099 qui-
1170 2057 1253 2088 idem
1272 2058 1400 2090 tribuere
1413 2061 1470 2091 hoc
1484 2069 1617 2102 ternpore
1631 2061 1746 2092 debetis
1756 2085 1764 2098 ‚
1785 2063 1867 2105 quod
1877 2075 1901 2094 a.
1914 2064 1942 2094 d.
1954 2074 1991 2094 x1
2001 2075 2042 2094 11.
2055 2067 2124 2096 Kal.

173 2096 245 2127 dem
263 2107 316 2127 vos
331 2098 474 2129 libertatis
490 2099 637 2137 adjutores
653 2099 958 2139 compleffidebetis:
977 2100 1125 2130 servitutis
1169 2101 1235 2141 Jan.
1247 2102 1289 2129 D.
1301 2103 1390 2133 Bruto
1402 2122 1411 2136 ‚
1425 2102 1457 2133 &
1468 2105 1501 2132 C.
1511 2104 1615 2134 Caesari
1627 2125 1635 2137 ,
1653 2114 1701 2135 me
1711 2105 1846 2139 aunore,
1866 2105 2028 2136 tribuistis:
2047 2117 2127 2148 quo—

172 2137 309 2168 auss'tores
328 2139 410 2180 sequi
428 2150 493 2171 non
511 2141 624 2172 debetis
658 2140 810 2172 Postremi:
822 2142 968 2181 (erumpat
978 2143 1061 2171 enim
1072 2142 1128 2172 ali-
1168 2152 1237 2171 rum
1248 2145 1396 2182 privatum
1408 2143 1443 2174 de
1452 2154 1511 2184 rep.
1520 2144 1680 2176 confilium
1693 2166 1700 2180 ‚
1723 2147 1755 2176 &
1765 2146 1879 2177 fastum
1889 2147 2063 2178 au&oritate
2073 2159 2126 2179 ve-

171 2179 293 2220 quando
302 2190 380 2214 vera,
393 2182 425 2211 δε
435 2192 485 2211 me
494 2182 583 2223 digna
592 2184 665 2223 vox)
678 2181 697 2212 si
705 2192 917 2213 veteranorum
930 2192 1004 2213 nutu
1014 2187 1027 2210 3
1039 2193 1125 2213 men-
1170 2183 1226 2214 stra
1243 2183 1286 2214 est
1297 2186 1527 2225 comprobatum
1539 2207 1547 2220 ,
1567 2196 1652 2228 atque
1664 2189 1825 2219 laudatum..
1849 2189 1929 2230 quod
1938 2189 2069 2220 idemin'
2076 2193 2122 2220 M.

169 2229 214 2250 tes
224 2221 313 2261 hujus
322 2222 438 2252 ordinis
448 2223 650 2264 gubernantur
660 2245 668 2258 ‚
679 2227 843 2266 omniaque
853 2224 888 2255 ad
898 2234 1004 2255 eorum
1014 2226 1128 2255 volun·
1170 2227 1261 2255 Bruto
1279 2226 1373 2257 facere
1391 2227 1503 2258 debetis
1515 2247 1524 2262 ,
1545 2229 1560 2259 a
1576 2239 1637 2270 quo
1657 2230 1836 2270 insperatum
1852 2251 1860 2264 ,
1880 2231 1913 2261 δε
1930 2233 2123 2271 repentinum

168 2270 260 2292 tatem
271 2262 349 2293 dista
360 2284 369 2296 ,
384 2263 518 2305 fanaque
527 2265 626 2296 nostra
636 2266 803 2296 referuntur
815 2277 820 2295 ;
840 2266 966 2306 optanda
976 2276 1060 2296 mors
1070 2266 1123 2300 est,
1167 2269 1240 2307 reip.
1252 2266 1419 2307 praefidium
1434 2270 1589 2310 legionum
1600 2290 1609 2304 ,
1624 2273 1770 2311 equitatus
1779 2291 1787 2306 ‚
1805 2273 1990 2303 auxiliorum
2008 2283 2126 2314 magna:

168 2313 236 2344 quae
248 2305 366 2335 civibus
377 2308 472 2335 Rom.
484 2306 599 2346 semper
615 2307 825 2346 fuitsbrvitute
837 2308 936 2348 potior.
961 2310 1071 2338 Omnis
1082 2308 1125 2339 est
1170 2309 1204 2338 &
1225 2308 1319 2340 firmae
1337 2320 1430 2350 copia:
1447 2321 1623 2352 comparatae
1641 2314 1725 2344 sunt:
1746 2313 2008 2356 adjungendusque
2026 2315 2066 2346 est
2085 2318 2125 2354 Q.

168 2346 276 2376 misera
288 2347 412 2376 servitus
426 2358 431 2376 :
450 2347 498 2377 sed
515 2347 608 2379 fuerit
625 2349 760 2389 quaedam
774 2348 948 2380 necessaria:
967 2350 1125 2390 4ecquod-
1169 2350 1346 2382 Hortenfius
1357 2372 1368 2384 2
1381 2352 1513 2392 quicum
1525 2354 1737 2385 Macedoniam
1747 2355 1900 2390 obtineat,
1914 2356 2079 2395 adjutorem
2094 2362 2124 2387 le

166 2395 239 2417 nam
249 2389 430 2428 principium
443 2391 552 2429 putatis
561 2390 703 2420 libertatis
713 2390 911 2430 capessendae?
926 2401 965 2421 an
976 2410 985 2425 ,
1003 2390 1076 2421 curn
1087 2392 1125 2421 il-
1168 2394 1259 2422 Bruto
1269 2393 1304 2423 ad
1313 2394 1549 2434 comparandum
1559 2398 1723 2426 exercitum
1737 2416 1745 2430 ,
1765 2396 1969 2427 fideliffimum
1981 2416 1992 2432 ,
2006 2398 2038 2428 δε
2048 2408 2124 2428 con—

166 2427 234 2458 ium
249 2428 441 2460 necessiiriuin
453 2450 461 2464 ,
482 2431 515 2461 &
528 2431 648 2462 fatalem
661 2431 744 2472 paene
761 2432 858 2462 casum
875 2442 939 2462 non
952 2433 1123 2467 tulerimus,
1166 2433 1378 2465 stantiffimum
1389 2435 1523 2476 praebuit.
1537 2447 1609 2467 nam
1619 2437 1656 2467 de
1666 2439 1844 2479 MApulejo
1854 2439 2005 2479 separatim
2016 2440 2123 2471 censeo

166 2469 249 2500 hunc
257 2469 389 2501 feremus
399 2473 626 2503 voluntarium?
648 2477 726 2504 Tota
734 2475 819 2504 Italia
826 2473 971 2504 desiderio
981 2474 1125 2504 libertatis
1167 2475 1358 2507 referendum
1372 2488 1378 2506 2
1396 2479 1444 2508 cui
1459 2477 1539 2508 testis
1552 2477 1594 2509 est
1603 2489 1654 2519 pet
1664 2480 1774 2509 litteras
1785 2482 1890 2510 Brutus
1900 2500 1910 2514 ,
1928 2491 1997 2510 eum
2008 2483 2123 2520 princi—

166 2510 288 2541 exaifit:
309 2512 415 2543 servire
432 2513 547 2545 diutius
565 2525 628 2545 non
646 2514 742 2555 potest
759 2517 880 2546 civitas:
900 2514 991 2545 serius
1008 2517 1122 2556 populo
1164 2527 1235 2558 pem
1255 2517 1342 2548 fuisse
1360 2518 1396 2549 ad
1415 2529 1557 2550 conatum
1576 2522 1723 2551 exercitus
1738 2521 1939 2560 comparandi.
1963 2524 2036 2563 Qiae
2046 2522 2120 2554 cum

167 2554 264 2582 Rom.
276 2553 356 2583 hunc
365 2554 505 2586 vestitum
516 2577 527 2589 ,
549 2565 635 2598 atque
651 2566 732 2586 arma
749 2556 889 2586 dedimus
900 2576 908 2589 ,
928 2557 1018 2597 quam
1032 2558 1068 2587 ab
1086 2568 1123 2588 eo
1165 2561 1206 2589 ita
1216 2558 1286 2590 sint:
1311 2563 1406 2600 QJon
1425 2563 1578 2591 C-PArisA
1590 2581 1598 2594 ‚
1622 2571 1750 2591 CONSUL
1762 2582 1770 2595 ‚
1791 2562 1880 2592 verba
1895 2562 1966 2593 fecit
1984 2565 2020 2593 de
2039 2565 2120 2594 litte-

103 2601 117 2627 1
128 2603 150 2627 0
165 2592 287 2635 flagitati
296 2596 410 2625 sumus.
453 2598 561 2638 Magna
571 2608 627 2628 nos
637 2597 761 2637 quidem
773 2598 822 2637 spe
831 2617 840 2632 ‚
862 2598 895 2627 &
908 2599 1002 2638 prope
1015 2599 1123 2639 explo-
1165 2602 1204 2630 ris
1216 2621 1224 2635 ‚
1235 2610 1304 2642 qua:
1313 2601 1328 2631 a
1337 2604 1527 2641 QCaepione
1538 2604 1629 2632 Bruto
1642 2622 1649 2636 ‚
1666 2603 1778 2642 procos.
1789 2604 1880 2633 allatae
1892 2624 1900 2638 ‚
1914 2604 2025 2635 &huic
2034 2606 2119 2636 ordi-

163 2645 222 2666 rata
234 2657 241 2669 ,
254 2636 398 2667 libertatis
408 2638 521 2668 causam
534 2640 725 2679 suscepimus.
750 2640 798 2669 sed
810 2659 818 2673 ‚
840 2647 872 2669 ut
881 2639 1045 2670 concedam
1068 2651 1121 2670 iN—
1164 2644 1196 2672 ni
1207 2646 1332 2673 recitatae
1343 2643 1408 2673 sunt
1419 2662 1429 2676 ,
1449 2642 1486 2673 dc
1503 2653 1538 2674 ea
1554 2653 1583 2673 re
1601 2646 1641 2674 ita
1657 2644 1764 2674 censeo
1781 2655 1786 2673 z
1810 2647 1902 2675 CUM
1921 2648 2122 2686 QCaepionis

165 2687 289 2708 cam-os
309 2680 407 2709 exitus
418 2677 476 2709 effe
488 2679 579 2714 belli,
592 2683 782 2722 Martemque
791 2690 1008 2712 communem:
1020 2691 1121 2713 tamen
1162 2685 1246 2714 Bruti
1256 2685 1444 2724 proconsulis
1455 2694 1541 2725 opera
1553 2705 1562 2719 ,
1577 2684 1703 2716 confilio
1715 2706 1722 2720 ‚
1737 2685 1881 2717 industria
1890 2707 1899 2721 ‚
1913 2691 2024 2718 virtute
2034 2708 2042 2722 ,
2061 2689 2122 2719 dif-

1978 2728 2119 2761 ficlilimo

195 2787 220 2804 1.
237 2782 338 2806 Societas
345 2791 411 2816 aqua
422 2802 429 2813 ‚
440 2785 529 2808 Decimo
537 2789 616 2808 tamen
624 2784 734 2809 iratiores
742 2787 761 2809 ii
773 2802 781 2815 ,
791 2786 834 2817 qui
843 2803 850 2815 ,
861 2784 929 2818 ἐγω]
949 2784 1110 2819 Conjecerat
1156 2787 1274 2821 gativam
1287 2797 1294 2818 ;
1314 2798 1390 2824 quam
1413 2788 1497 2823 rejicit
1511 2807 1518 2819 ‚
1539 2796 1681 2824 tueturque
1702 2789 1839 2825 vulgatum
1859 2789 1900 2816 M.
1910 2791 1979 2817 Aut.
1993 2792 2118 2818 Muretus

157 2811 192 2840 fic
201 2815 358 2848 Ferrariu55
378 2817 420 2844 sed
432 2818 537 2844 nuncid
549 2820 629 2844 etiam
641 2819 780 2845 confirmat
791 2820 847 2846 Pal.
859 2819 909 2846 sec.
1157 2822 1227 2849 libro
1239 2833 1302 2850 xvi.
1313 2825 1375 2850 Var.
1387 2824 1451 2851 lect.
1463 2834 1519 2860 cap.
1536 2833 1575 2858 ¹7·
1587 2825 1632 2860 qui
1642 2824 1761 2852 adeatur.

191 2858 220 2875 2.
239 2854 371 2878 Neillorum
381 2855 501 2886 sitnnlatio
511 2874 518 2885 ,
538 2856 618 2879 horum
636 2857 690 2889 cbfit
699 2856 826 2889 ignaria]
846 2857 887 2882 Ita
898 2857 1031 2882 Muretus.
1051 2866 1109 2883 narn
1193 2859 1220 2884 6.
1241 2863 1294 2885 Non
1304 2863 1410 2891 erevit-1⁴,
1423 2864 1560 2893 >minimeque
1569 2861 1648 2895 Rom]
1662 2861 1774 2888 Retinui
1785 2861 1854 2897 quod
1866 2862 1958 2889 eratin
1971 2863 2076 2889 Manut.
2087 2863 2116 2890 Sc

155 2884 271 2912 Fa'e'tnus
280 2889 313 2914 ill.
324 2891 447 2922 mulatio,
458 2889 510 2916 fide
520 2891 648 2917 Vaticani.
663 2898 736 2917 tetro
748 2891 861 2927 vulgati,
871 2893 952 2919 horum
955 2894 987 2926 sit
997 2896 1109 2925 ignavia,
1156 2894 1252 2921 Lmnb.
1265 2905 1324 2922 cum
1336 2895 1389 2932 spe.
1400 2895 1449 2922 effi·
1461 2898 1474 2922 :i
1487 2895 1542 2922 mss'.
1555 2905 1612 2922 nain
1625 2904 1695 2923 certe
1707 2898 1784 2923 etiam
1798 2898 1853 2924 Pal.
1869 2897 1919 2924 stc.
1930 2898 2006 2925 habet
2015 2903 2067 2925 viri
2076 2909 2120 2925 uo-

156 2919 227 2954 quod
239 2922 265 2946 ἃ
276 2923 302 2948 in
316 2924 383 2950 Pau.
1157 2932 1280 2964 minisque.
1307 2932 1414 2966 vulgata
1426 2931 1509 2966 prins,
1520 2942 1564 2957 mn
1574 2935 1609 2957 cf!
1617 2934 1691 2964 vestri
1699 2934 1841 2967 nominififue
1849 2937 1914 2960 Rom.

153 2989 171 3016 b
193 2963 218 2990 3.
239 2961 331 2997 Mentes
340 2961 410 3000 {injice
419 2961 686 3003 ordiniqgnbernqnlum
696 2963 746 2993 dvc.
765 2965 842 2994 nostra
853 2963 1014 3004 reseruntur3]
1039 2964 1064 2989 Si
1077 2963 1110 2990 li-
1193 2974 1221 2999 7.
1240 2967 1288 2998 5.ρὶ
1297 2969 1322 2992 ob
1332 2976 1382 3009 eam
1395 2968 1489 3009 caiglfzm
1508 2968 1610 3008 vatim]
1623 2968 1686 3008 l’al.
1698 2968 1748 3011 ste.
1761 2970 1884 3006 Hittorp.
1904 2972 1931 2996 8<
1951 2980 2041 2998 omnes
2053 2970 2115 2998 libri

174 2997 199 3016 et
213 2990 320 3019 obedire
329 2994 403 3022 hbris
414 2996 528 3032 scriptis,
539 2997 732 3025 rescribendum
745 3001 956 3033 ,gubernabuntur
967 3018 975 3031 ‚
995 3007 1061 3026 item
1073 3010 1112 3025 re·
1157 3002 1285 3031 Ferrarii,
1298 3004 1382 3036 quidsi
1391 3004 1427 3034 ob,
1438 3012 1486 3033 ωε.
1508 3002 1611 3029 divinat
1623 3003 1685 3039 ipse,
1695 3014 1739 3038 qm
1746 3008 1812 3039 quast
1818 3008 1853 3031 ob.

151 3027 274 3060 serentur.
1193 3036 1220 3062 8.
1240 3040 1357 3063 Nilailncc
1368 3041 1476 3068 nimium,
1486 3039 1554 3073 ὡς]
1573 3039 1658 3067 Etiam
1670 3040 1737 3066 illud
1747 3043 1810 3067 nihil
1818 3041 1902 3077 reperi
1914 3042 1939 3069 in
1952 3043 2075 3078 Hittorp.
2089 3043 2117 3069 &

168 3097 173 3102 ¹
188 3069 216 3094 4.
236 3064 386 3103 Ecqqodnam
390 3069 535 3100 principium
541 3069 632 3101 puratis·
640 3071 757 3096 libertatis
768 3071 901 3105 capessendae
911 3071 940 3105 ἓ]
978 3071 1056 3098 Nihil
1069 3081 1113 3098 vri-
1157 3071 1218 3099 Pal.
1231 3073 1280 3098 sec.
1295 3073 1390 3099 nedum
1403 3075 1427 3100 111
1440 3075 1612 3102 Peri-arianis.
1840 3090 1843 3094 ·

152 3104 223 3137 riant
242 3099 300 3124 mss.
320 3100 411 3127 nostri.
439 3103 586 3132 Lambinus
605 3112 693 3133 tamen
712 3106 799 3134 edidit
819 3110 966 3140 Principium
975 3111 1006 3134 P.
1018 3110 1046 3134 C.
1066 3109 1112 3133 da·
1133 3096 1135 3132 Ι
1191 3115 1220 3144 9.
1241 3109 1427 3143 „Qidpariemia
1434 3111 1571 3144 perficere]
1593 3112 1634 3138 lta
1644 3111 1709 3138 :ilias
1722 3111 1774 3148 legi
1793 3120 1949 3140 annotatum
1969 3113 2002 3139 ad
2013 3123 2071 3140 oras
2083 3113 2117 3139 lix-

152 3140 184 3159 ru
195 3135 274 3161 libert.
416 3173 420 3177 -
1132 3133 1135 3184 J
1157 3143 1278 3172 brorum.
1299 3145 1370 3182 quod
1381 3155 1440 3174 cuin
1449 3146 1606 3175 invenissem
1616 3148 1642 3174 111
1654 3148 1712 3175 Pal.
1723 3148 1772 3176 sec.
1782 3149 1908 3186 proeposui
1919 3149 2027 3186 vulgato
2038 3168 2046 3180 ,
2061 3157 2119 3181 pro·

188 3177 216 3203 ς.
235 3174 320 3198 Tamen
328 3180 351 3198 eo
359 3181 432 3207 magns
439 3175 585 3208 “fugienda
593 3177 745 3212 wichman]
758 3178 895 3207 Ferrarius
905 3178 1055 3215 interponit
1065 3189 1112 3208 ne-
1133 3187 1134 3190 ¹
1150 3182 1231 3216 fictir.
1521 3219 1549 3248 H
1561 3219 1577 3247 b
1589 3219 1604 3246 ι]
1614 3219 1630 3246 h
2048 3222 2069 3245 φ

1588 3238 1596 3247 ,
1657 3228 1669 3256 3
2015 3229 2038 3248 s.
2051 3242 2053 3244 .
2071 3227 2128 3247 esm-
