2302 3353
29 2881 74 2923 48
91 2880 176 2910 vides
188 2901 196 2914 ,
208 2882 321 2912 sentias.

643 142 740 176 na
818 130 1256 181 ORATORE

139 231 234 260 aetate,
245 224 380 255 maxima
387 221 521 265 quotidie
530 220 697 264 frequentia
705 222 821 252 civium
832 242 841 256 ,
853 232 885 253 ac
897 223 1087 255 summorum

72 268 122 309 46
134 265 302 296 hominum
321 265 475 306 splendore
493 264 666 295 celebratur.
707 265 775 305 Jam
794 262 866 293 vero
885 264 937 294 illa
949 275 1012 294 non
1023 266 1090 295 lon-

136 317 205 350 gam
215 309 382 337 orationem
392 305 565 338 desiderant,
577 305 775 347 quamobrem
787 304 1090 345 existimem‘publica

135 358 255 389 quoque
260 348 272 387 j
277 358 336 382 ura,
347 357 413 388 quae
422 348 491 378 sunt
499 349 616 387 propria
625 348 752 376 civitatis
764 366 772 379 ,
781 356 867 386 atque
878 348 1009 386 imperii,
1021 356 1087 376 tum

133 398 333 419 monumenta
342 399 442 419 rerum
451 388 597 430 gestarum
609 408 617 421 ,
629 388 662 418 &
671 395 739 416 veru
737 386 817 423 statu
825 388 949 430 exempla
960 407 968 421 ,
980 391 1089 418 oratori

131 438 204 461 nota
213 428 270 460 effe
279 430 393 461 debere,
419 433 500 461 Nam
512 439 543 460 ut
554 432 587 460 in
598 439 696 459 rerum
708 432 887 469 privatarum
898 428 1087 470 caufiS,atque

127 471 251 512 judiciis
262 471 465 512 depromenda
476 472 549 512 saepe
559 473 653 502 oratio
664 470 705 500 est
717 481 755 500 ex
762 472 827 510 jure
837 471 921 500 civili
933 491 941 504 ,
953 472 987 501 &
996 472 1087 501 idcir-

131 522 170 542 co
179 532 188 546 ,
200 520 232 542 ut
241 514 308 543 ante
321 514 455 544 diximus
467 534 475 548 ,
486 515 595 544 Oiatori
604 513 679 552 juris
690 512 788 542 civilis
799 513 921 542 scientia
930 511 1087 543 necess'aria

131 552 192 584 est:
212 552 250 583 fic
259 555 292 584 in
301 554 528 595 causispublicis
538 555 736 594 judiciorum,
748 556 943 587 concionum,
957 554 1083 587 senatus,

130 596 234 625 omnis
244 596 306 627 haec
317 597 538 638 &antiquitatis
549 598 698 626 memoria
709 616 717 629 ,
730 596 762 625 &
771 596 884 635 publici
892 597 968 634 juris
978 595 1083 625 aueto-

126 638 206 670 ritas,
219 637 396 680 &regendae
408 641 478 679 reip.
491 640 564 669 ratio
574 648 606 667 ac
615 638 899 676 scientia,tamquam
910 637 1008 677 aliqua
1018 647 1083 666 ma-

127 679 214 708 teries
225 698 233 712 ,
244 680 280 708 iis
291 681 456 710 oratoribus
467 701 475 714 ,
487 682 539 721 qui
547 679 699 709 versantur
708 680 739 707 in
749 688 809 717 rep.
822 677 885 716 subj
890 677 953 707 66111
962 677 1019 707 effe
1031 678 1082 707 de-

126 718 210 750 bent.
244 722 318 751 Non
329 724 412 752 enim
423 720 601 752 causidicum
613 720 712 749 nescio
723 729 813 760 quem
826 739 834 752 ,
858 729 953 759 neque
965 720 1080 759 procla-

127 769 275 792 matorcm
287 783 296 796 ‚
316 772 365 793 aut
380 764 513 794 rabulam
530 763 588 791 hoc
598 761 736 791 sermone
747 760 850 790 nostro
858 762 1078 801 conquirimus,

125 802 177 832 sed
196 813 268 833 eum
285 807 385 835 virum
397 825 405 839 ‚
425 806 476 846 qui
486 802 622 844 primum
634 800 667 832 sit
677 803 740 842 ejus
751 805 821 832 artis
831 801 951 831 antistes
961 822 969 835 ,
993 803 1078 842 cujus

124 842 199 874 curn
209 845 270 884 ipsa
280 855 381 876 natura
391 855 528 888 magnam
539 843 837 874 hominifacultatem
856 843 937 874 daret
947 864 955 877 ‚
975 852 1077 874 tamen

124 884 184 915 effe
192 886 258 914 deus
265 895 392 926 putatur,
405 896 438 917 ut
447 887 480 917 &
488 885 683 926 ipsum,quod
692 894 751 915 erat
759 886 894 915 hominis
905 888 1073 925 proprium,

124 936 189 957 non
206 936 322 967 partum
332 938 384 968 pei·
394 939 450 958 nos
461 948 469 962 ‚
489 927 537 958 sed
547 927 694 957 divinitus
705 927 739 956 ad
751 937 807 956 nos
816 927 947 956 delatum
958 927 1075 957 videre-

123 976 186 997 tur:
207 968 314 999 deinde
323 972 374 1011 qui
384 968 471 1009 poffit
480 980 543 1000 non
553 978 614 999 tam
625 969 738 998 caduceo
749 989 756 1002 ‚
769 968 859 1009 quam
870 970 997 998 nomine
1008 979 1075 999 ora-

121 1011 194 1039 toris
211 1019 331 1040 ornatus
341 1031 350 1045 ‚
373 1012 537 1041 incolumis
557 1012 606 1041 vel
625 1013 703 1040 inter
720 1010 852 1040 hostium
875 1010 931 1040 tela
948 1011 1054 1040 versari
1068 1022 1072 1039 :

121 1056 186 1080 tum
196 1061 247 1092 qui
258 1052 350 1082 scelus
362 1073 369 1086 ‚
389 1052 583 1093 fraudemque
594 1054 731 1082 nocentis
741 1050 828 1092 poffit
837 1051 967 1082 dicendo
979 1052 1072 1091 subji-

118 1098 184 1121 cere
194 1092 266 1123 odio
275 1096 402 1127 civium,
417 1095 622 1135 supplicioque
630 1093 831 1136 constringere
843 1104 849 1122 :
872 1093 1012 1134 idemque
1023 1096 1072 1123 in-

115 1135 198 1173 genii
215 1133 348 1173 praesidio
357 1156 366 1169 ‚
390 1138 598 1166 innocentiam
618 1135 801 1173 judiciorum
820 1144 909 1175 poena
928 1135 1050 1165 liberare
1065 1147 1070 1164 z

116 1173 258 1216 idemque
267 1176 458 1218 languentem
469 1198 478 1212 ,
499 1178 709 1218 labentemque
718 1178 865 1217 populum
877 1186 925 1206 aut
935 1176 969 1206 ad
981 1176 1070 1206 decus

115 1217 244 1247 excitare
254 1237 262 1251 ,
274 1228 325 1249 aut
333 1219 369 1249 ab
378 1229 476 1250 errore
485 1219 640 1252 deducere,
653 1228 702 1249 aut
711 1218 900 1249 inflammare
912 1220 944 1248 in
955 1220 1070 1258 impro-

115 1256 243 1291 bos,‘aut
251 1261 408 1291 incitatum
419 1272 452 1291 in
463 1261 569 1294 bonos,
583 1263 717 1302 mitigare
729 1271 734 1289 2
745 1263 797 1301 qui
808 1260 949 1300 denique,
961 1270 1067 1301 quem—

115 1307 245 1341 cumque
255 1303 287 1332 in
298 1305 407 1333 animis
416 1304 580 1333 hominum
591 1311 700 1331 motum
709 1312 752 1332 res
774 1302 806 1332 ὅ(
825 1303 909 1332 causa
926 1301 1065 1342 postulet,

114 1349 186 1371 eum
197 1343 325 1373 dicendo
335 1345 383 1374 vel
393 1347 519 1375 excitare
528 1364 536 1378 ‚
555 1343 642 1384 poffit
653 1365 660 1379 ‚
680 1345 728 1374 vel
739 1343 844 1373 sedare.
875 1346 960 1373 Hanc
970 1345 1033 1373 vim
1046 1342 1067 1372 si

113 1384 181 1423 quis
190 1383 349 1420 existimat,
362 1396 412 1417 aut
420 1386 455 1416 ab
464 1388 567 1427 iis,qui
578 1386 613 1416 de
625 1385 744 1416 dicendi
754 1387 867 1415 ratione
877 1385 1063 1425 scripserunt,

111 1423 275 1464 expofitam
286 1425 354 1461 effe,
365 1426 437 1458 aura
447 1438 496 1458 me
503 1426 586 1468 poss'e
596 1429 707 1468 exponi
718 1436 778 1456 tam
789 1427 888 1460 brevi,
899 1428 1065 1456 vehemen-

112 1471 157 1495 ter
166 1475 256 1496 errat:
279 1477 375 1509 neque
385 1467 484 1499 solum
495 1470 683 1500 inscientiam
693 1478 792 1498 meam
805 1487 815 1502 ‚
834 1468 884 1498 sed
904 1479 941 1498 ne
958 1478 1060 1498 rerum

111 1507 233 1548 quidem
253 1511 496 1551 magnitudinem
514 1512 660 1551 perspicit.
693 1510 842 1551 Equidem
858 1510 948 1540 vobis
958 1530 967 1543 ,
987 1520 1063 1551 quo-

110 1551 194 1579 niam
204 1552 245 1580 ita
254 1552 391 1582 voluistis
402 1573 410 1586 ,
420 1550 532 1582 fonteis
543 1573 551 1586 ,
573 1553 652 1583 unde
662 1553 817 1583 hauriretis
828 1571 836 1585 ,
858 1561 946 1594 atque
956 1552 1063 1583 itinera

109 1591 171 1630 ipsa
181 1611 189 1624 ‚
212 1593 250 1622 ita
258 1596 360 1632 putavi
370 1593 427 1624 ess'e
438 1593 681 1625 demonstranda:
709 1604 774 1623 non
784 1602 817 1623 ut
825 1594 886 1635 ipse
895 1594 958 1623 dux
968 1592 1060 1624 ess'em

111 1631 205 1673 (quod
216 1633 414 1666 &infinitum
425 1636 467 1667 est
477 1657 485 1670 ,
507 1637 540 1666 &
549 1646 613 1667 non
623 1634 830 1668 necefl'arium,
842 1636 852 1675 )
872 1635 921 1665 sed
934 1644 965 1665 ut
974 1646 1061 1665 com-

110 1673 306 1710 monstrarem
317 1677 434 1708 tantum
444 1680 536 1712 viam,
549 1678 591 1712 &,
604 1688 637 1708 ut
647 1676 711 1708 fieri
721 1677 934 1717 solet‚dzgitum
943 1677 978 1707 ad
988 1676 1061 1707 fon-

41 1722 67 1757 4
72 1723 92 1758 7
110 1717 164 1746 teis
173 1718 371 1750 intenderem.
411 1721 491 1750 Mihi
501 1720 571 1750 vero
583 1740 591 1754 ,
603 1722 704 1761 inquit
711 1721 833 1749 Mucius
844 1739 852 1752 ‚
862 1719 929 1749 satis
940 1739 949 1753 ,
963 1719 1061 1759 super-

107 1767 167 1798 que
177 1758 227 1788 abs
236 1767 264 1789 te
274 1761 393 1791 videtur
400 1761 527 1792 istorum
538 1762 643 1792 studiis
654 1782 662 1796 ‚
687 1760 708 1790 si
726 1759 822 1791 modo
839 1761 908 1791 sunt
925 1760 1057 1796 studiosi,

107 1798 168 1829 effe
178 1799 303 1831 fadi-um.
326 1813 409 1838 nam,
422 1813 454 1834 ut
462 1807 612 1834 Socratem
623 1804 713 1834 illum
723 1804 846 1834 solitum
856 1804 939 1842 ajunt
948 1803 1056 1838 dicere,

101 1840 259 1882 perjesl'um
277 1842 328 1873 sibi
340 1855 415 1884 opus
426 1844 483 1875 effe
492 1866 500 1879 ,
520 1844 610 1886 siquis
620 1846 686 1876 satis
696 1844 767 1875 esset
775 1846 941 1875 concitatus
950 1846 1058 1875 cohor—

104 1885 216 1913 tatione
230 1884 278 1914 sua
286 1885 321 1915 ad
332 1885 465 1916 studium
475 1887 690 1928 cognoscendae
702 1907 710 1920 ‚
733 1886 986 1927 percipiendaeque
997 1888 1058 1917 vir-

104 1932 176 1954 tutis
190 1934 195 1952 t
215 1924 336 1965 (quibus
346 1930 429 1957 enim
441 1929 472 1958 id
481 1929 650 1968 persuasum
661 1927 732 1958 efl'et
743 1948 751 1962 ‚
763 1937 796 1958 ut
804 1928 882 1957 nihil
893 1929 1019 1958 mallent
1027 1928 1058 1958 se

106 1964 164 1995 effe
174 1985 183 1998 ,
225 1967 294 1995 uam
314 1967 413 1997 bonos
423 1972 504 1999 viros
516 1990 525 2003 ‚
547 1972 582 1999 iis
590 1971 735 2010 reliquam
745 1969 865 1999 facilem
875 1967 933 1998 effe
944 1969 1057 1999 doari-

104 2008 190 2046 nam)
212 2017 239 2036 ic
248 2017 303 2048 ego
314 2010 460 2051 intelligo,
472 2009 492 2040 fi
504 2013 537 2040 in
546 2012 608 2040 haec
619 2031 627 2044 ,
638 2021 704 2052 quae
713 2009 852 2050 patefecit
860 2012 995 2043 oratione
1006 2011 1056 2041 sua

105 2047 229 2081 erastus,
238 2050 346 2079 intrare
354 2052 511 2082 volueritis
524 2063 528 2081 :
541 2051 686 2082 facillime
695 2062 750 2082 vos
759 2051 794 2082 ad
805 2061 848 2085 ea,
859 2061 925 2092 quae
934 2054 1054 2092 cupitis,

101 2097 295 2129 perventuros
305 2091 340 2121 ab
350 2092 409 2122 hoc
418 2093 500 2123 aditu
512 2113 520 2127 ,
528 2094 676 2135 >januaque
687 2092 836 2133 patefaEla.
860 2093 958 2123 Nobis
968 2093 1052 2127 vero,

102 2133 202 2171 inquit
210 2131 359 2170 Sulpicius
370 2154 378 2167 ,
399 2134 451 2164 ista
460 2135 528 2164 sunt
535 2145 665 2176 pergrata
675 2155 683 2168 ,
703 2145 812 2175 perque
826 2134 960 2174 jucunda
974 2146 978 2163 :
1001 2135 1050 2165 sed

100 2182 191 2213 pauca
200 2174 289 2202 etiam
301 2177 479 2215 requirimus
491 2197 499 2210 ,
510 2179 541 2206 in
551 2174 716 2217 primisque
726 2186 769 2210 ea,
782 2186 847 2217 quae
857 2176 942 2206 valde
954 2176 1050 2206 brevi-

98 2222 143 2244 ter
153 2213 169 2245 ὲ
179 2224 217 2248 16,
230 2214 335 2249 Crasse,
347 2216 383 2246 de
394 2218 453 2256 ipsa
461 2227 521 2248 arte
530 2219 665 2258 percursa
676 2216 830 2251 sunt,cum
840 2218 891 2247 illa
901 2226 930 2247 te
942 2218 975 2248 δε
985 2228 1050 2248 11011

98 2264 305 2289 contemnere,
317 2258 350 2287 δε
360 2258 507 2293 didicisse,
516 2258 702 2291 confiterere.
724 2270 757 2289 ea
766 2258 786 2288 si
795 2259 896 2299 paullo
907 2259 992 2289 latius
1003 2259 1050 2289 di-

96 2299 178 2328 xeris
191 2318 199 2330 ‚
227 2298 354 2338 expleris
365 2309 491 2330 omnem
502 2300 758 2341 exspee‘tationem
769 2301 903 2331 diuturni
912 2299 1048 2331 desiderii

96 2338 200 2369 nostri.
224 2342 305 2370 Nam
317 2350 398 2371 nunc
408 2362 416 2375 ,
449 2342 536 2373 uibus
547 2343 727 2373 studendum
737 2343 825 2372 rebus
834 2340 905 2372 ess'et
914 2363 922 2376 ,
935 2344 1050 2382 accepi-

96 2390 166 2410 mus
177 2400 185 2414 ‚
206 2381 286 2423 quod
302 2382 400 2422 ipsum
411 2386 439 2413 ei
464 2392 563 2414 tamen
574 2395 719 2426 magnum
731 2395 737 2413 2
757 2384 805 2414 sed
816 2384 880 2412 vim
890 2394 990 2414 earum
1001 2394 1048 2414 re-

96 2432 164 2453 rum
176 2442 185 2455 ,
204 2424 410 2466 rationemque
420 2429 559 2466 cupimus
567 2427 758 2467 cognoscere.
788 2426 869 2467 Qid
889 2424 909 2455 fi
920 2446 928 2460 ‚
950 2428 1049 2468 inquit

98 2463 210 2494 Craffus
221 2484 229 2499 ,
249 2467 394 2506 quoniam
404 2477 459 2509 ego
470 2488 478 2501 ,
498 2478 559 2508 quo
567 2468 683 2498 facilius
693 2478 747 2498 vos
756 2469 832 2508 apud
842 2477 891 2498 me
900 2476 1046 2502 tenerem,

96 2505 198 2536 vestrae
209 2510 309 2546 potius
319 2508 475 2539 obsecutus
484 2511 550 2540 sum
560 2510 727 2543 voluntati,
746 2511 835 2551 quam
855 2519 905 2539 aut
922 2509 1049 2540 consue-

97 2548 196 2578 tudini
208 2568 216 2581 ,
228 2557 278 2578 aut
287 2558 396 2579 naturae
408 2561 482 2581 meae
494 2572 501 2585 ‚
512 2554 643 2592 petimus
653 2552 689 2582 ab
700 2554 837 2581 Antonio
848 2571 856 2584 ‚
869 2560 900 2581 ut
911 2561 943 2581 ea
954 2571 963 2585 ,
982 2561 1046 2592 quae

97 2591 234 2619 continet
243 2609 251 2623 ,
266 2600 362 2632 neque
372 2591 468 2622 adhuc
477 2594 620 2633 protulit,
632 2603 669 2623 ex
679 2593 788 2634 quibus
799 2603 895 2623 unum
905 2593 1045 2622 libellum

95 2629 149 2661 sibi
159 2631 300 2661 excidisse
309 2633 486 2669 jamdudum
496 2634 617 2676 questus
626 2634 678 2668 est,
691 2635 821 2675 explicet
831 2634 919 2664 nobis
931 2654 939 2668 ,
953 2634 985 2664 &
995 2635 1047 2665 illa

81 2671 216 2711 =dicendi
233 2673 360 2714 mysteria
378 2679 514 2706 enuntiet
526 2679 536 2705 ?
558 2679 601 2706 Ut
619 2677 739 2706 videtur
748 2697 756 2710 ,
776 2677 876 2716 inquit
886 2677 1043 2716 Sulpicius.

94 2723 165 2743 nam
176 2716 311 2745 Antonio
322 2716 437 2747 dicente
448 2737 457 2751 ,
469 2720 558 2748 etiam
572 2718 644 2760 quid
655 2727 687 2748 tu
697 2718 858 2759 intelligas,
870 2718 1042 2748 sentiemus.

92 2756 165 2786 Peto
174 2758 274 2797 igitur,
284 2759 384 2798 inquit
392 2757 517 2793 Crafl‘tis,
528 2759 543 2790 a
554 2770 591 2793 te,
602 2762 746 2801 quoniam
758 2759 787 2789 id
799 2759 900 2793 nobis,
913 2761 1041 2792 Antoni,
1065 2790 1066 2797 χ

174 2799 178 2803 ”
1065 2799 1066 2804 ’
1086 2801 1196 2841 liteque
1206 2801 1475 2835 dicenti,maximis
1486 2800 1519 2831 sit
1529 2801 1564 2831 de
1575 2801 1660 2831 rebus
1670 2799 1810 2831 assensus.
1823 2801 1942 2830 M.vero
1952 2806 2040 2832 Scau-

92 2797 271 2827 hominibus
289 2799 320 2829 id
331 2803 422 2830 aetatis
432 2820 441 2834 ‚
462 2803 562 2831 oneris
570 2801 606 2832 ab
616 2803 726 2831 horum
736 2801 969 2832 adolescentium
980 2800 1042 2830 stu-

93 2838 150 2868 diis
161 2841 339 2879 imponitur,
350 2851 383 2871 111
391 2843 608 2883 exponas,quid
619 2844 656 2872 iis
666 2843 701 2873 de
712 2842 799 2873 rebus
808 2852 878 2883 quas
888 2842 902 2873 a
913 2852 941 2873 te
951 2844 1042 2883 quaeri

365 2885 525 2924 Deprehen
531 2885 594 2914 sum
604 2885 744 2925 equidem
756 2895 804 2914 me
816 2905 825 2920 ‚
836 2887 938 2925 inquit
946 2888 1044 2915 Anto-

94 2923 174 2956 nius,
186 2923 273 2962 plane
284 2924 374 2954 video
384 2944 392 2957 ‚
403 2935 489 2967 atque
501 2927 596 2956 sentio
607 2946 616 2959 ,
627 2936 690 2955 non
699 2925 799 2956 solum
809 2924 890 2967 quod
901 2937 934 2956 ea
944 2928 1045 2967 requi—

94 2972 200 2994 runtur
208 2964 224 2994 {i
233 2974 294 2998 me,
303 2976 432 3006 quorum
444 2968 507 2997 sum
520 2970 737 3008 ignarus,atque
748 2968 894 3002 insolens,
905 2968 953 2998 sed
963 2971 1042 3008 quia,

91 3005 174 3046 quod
185 3008 218 3035 in
227 3005 317 3037 causis
327 3008 412 3038 valde
421 3008 522 3051 fugere
533 3010 628 3043 soleo,
639 3019 676 3039 ne
687 3010 754 3043 tibi,
767 3008 862 3040 Crasse
872 3030 880 3044 ,
888 3010 1043 3050 succedam,

93 3045 125 3075 id
136 3056 185 3076 me
195 3057 277 3080 nunc
286 3048 333 3079 isti
344 3052 435 3080 vitare
445 3061 509 3080 non
519 3049 627 3081 sinunt.
659 3049 773 3080 Vei-um
785 3052 843 3081 hoc
854 3052 999 3093 ingrediar
1007 3052 1043 3080 ad

91 3096 126 3116 ea
135 3106 144 3120 ,
165 3097 229 3127 quae
239 3089 329 3120 vultis
341 3111 350 3123 ,
371 3091 510 3122 audacius
522 3113 531 3126 ,
554 3091 637 3134 quod
647 3092 730 3123 idem
739 3094 817 3126 mihi
830 3093 911 3133 spero
921 3093 974 3124 usu
987 3091 1044 3122 effe

91 3136 252 3161 venturum
270 3132 304 3162 iu
321 3133 375 3164 hac
384 3133 583 3175 disputatione
592 3154 602 3170 ,
622 3134 705 3176 quod
714 3135 748 3166 in
759 3134 888 3167 dicendo
898 3135 972 3167 solet
980 3153 990 3170 ‚
1012 3142 1045 3165 ut

1340 122 1593 184 Ltul.
2032 137 2090 185 8t'

1138 226 1220 255 nulla
1238 226 1425 267 exspe&etur
1441 237 1542 260 ornata
1559 226 1663 259 oratio.
1686 235 1784 270 neque
1803 229 1887 259 enim
1906 228 1972 260 sum
1986 229 2021 260 de
2032 238 2092 261 arte

1138 267 1273 297 diei-urus
1283 289 1291 302 ‚
1312 280 1403 310 quam
1415 280 1583 313 numquam
1592 269 1684 300 didici
1697 290 1705 303 ,
1717 270 1766 300 sed
1777 269 1814 300 de
1825 280 1891 301 mea
1899 271 2092 302 consuetudi-

1138 317 1175 352 ne
1187 318 1192 336 2
1204 310 1324 350 ipsaque
1334 312 1394 345 illa,
1407 322 1473 352 quae
1484 314 1517 342 in
1526 313 1780 342 commentarium
1793 321 1898 342 meum
1908 313 2006 346 retuli,
2020 314 2089 343 sunt

1135 349 1304 386 ejusmodi,
1324 362 1387 382 non
1396 355 1493 394 aliqua
1504 355 1579 384 mihi
1591 352 1729 383 doEtrina
1739 353 1843 383 tradita
1854 374 1862 386 ‚
1884 353 1932 384 sed
1944 356 1977 384 in
1987 365 2086 384 rerum

1135 389 1199 435 usu,
1209 390 1355 431 causisque
1366 394 1485 425 traEhta
1497 406 1501 424 :
1522 405 1587 436 quae
1597 394 1617 424 fi
1626 395 1726 429 vobis,
1738 394 1915 425 hominibus
1927 395 2086 425 eruditissi-

1134 439 1193 459 mis
1205 449 1212 462 ‚
1233 441 1297 460 non
1310 434 1514 471 probabuntur
1524 457 1532 470 ‚
1552 436 1679 466 vestram
1698 438 1887 477 iniquitatem
1908 446 1977 467 accu
1983 438 2085 469 fiitote,

1132 472 1183 511 qui
1193 481 1231 500 ex
1242 482 1291 501 me
1303 483 1335 503 ea
1344 474 1513 514 quaesieritis
1524 498 1531 510 ,
1552 488 1618 517 qua:
1630 488 1684 519 ego
1696 479 1841 508 nescirem
1854 489 1859 507 :
1879 488 1979 508 meam
1989 477 2087 508 facili-

1130 520 1221 542 tatem
1232 513 1378 544 laudatote
1388 536 1396 549 ,
1418 515 1489 546 cum
1499 519 1586 548 vobis
1597 530 1660 549 non
1680 530 1750 549 meo
1764 519 1880 558 judicio
1891 540 1898 553 ‚
1920 519 1969 550 sed
1987 519 2085 550 vestro

1132 552 1232 583 studio
1253 555 1394 586 indmstus
1411 567 1474 587 non
1492 559 1606 599 gravate
1625 561 1814 600 respondero.
1845 564 1929 591 Tum
1950 560 2062 592 Ciassus
2073 582 2084 595 .

1129 597 1218 636 Perge
1229 595 1334 630 modo,
1345 599 1454 638 inquit,
1466 602 1593 630 Antoni.
1617 603 1738 632 nullum
1749 601 1791 632 est
1801 604 1883 633 enim
1894 604 2078 643 periculum.

1128 646 1167 665 ne
1186 637 1258 677 quid
1278 647 1309 668 tu
1328 638 1466 679 eloquare
1478 660 1486 673 ‚
1508 639 1561 670 nisi
1571 643 1609 670 ita
1618 643 1777 681 prudenter
1788 664 1796 677 ,
1816 652 1848 674 ut
1858 646 2016 674 neminem
2027 655 2084 675 no-

1128 676 1222 707 strum
1233 681 1376 718 poeniteat
1385 681 1419 711 ad
1430 682 1512 711 hunc
1521 690 1548 711 te
1559 682 1729 714 sermonem
1740 684 1903 724 impulisse.
1921 689 1984 727 Ego
1993 684 2079 720 vero,

1126 720 1244 760 inquit,
1264 731 1399 762 pergam:
1426 723 1459 752 &
1474 723 1505 753 id
1525 722 1631 752 faciam
1643 744 1650 756 ‚
1671 726 1751 765 quod
1771 729 1803 755 in
1813 729 1962 767 principio
1973 726 2036 758 fieri
2048 729 2080 758 iix

1125 761 1270 791 omnibus
1281 762 1531 802 disputationibus
1543 774 1677 804 oportere
1687 768 1791 796 censeo
1805 778 1809 796 ;
1822 777 1864 800 ut,
1877 769 1947 809 quid
1957 769 2079 810 illudfit,

1124 801 1160 831 de
1171 813 1231 843 quo
1240 803 1420 843 disputetur,
1433 806 1609 846 explanetur
1620 826 1627 839 ,
1638 816 1675 836 ne
1685 810 1800 847 vagari,
1815 809 1846 837 &
1856 820 1948 839 errare
1959 820 2081 850 cogatur

1122 846 1217 873 oratio
1228 865 1236 878 ,
1249 844 1269 874 fi
1281 847 1301 874 ii
1313 866 1320 878 ‚
1335 849 1387 887 qui
1398 848 1476 877 inter
1487 848 1513 877 se
1524 846 1712 878 dissenserint
1723 868 1731 881 ‚
1755 859 1817 878 non
1831 850 1911 880 idem
1922 850 1979 881 effe
1988 852 2078 885 illud.

1121 895 1182 925 quo
1192 885 1229 916 de
1238 888 1334 927 agitur
1344 908 1352 921 ,
1374 889 1552 931 intelligent.
1577 891 1657 919 Nam
1671 888 1711 923 rsl
1721 889 1799 920 forte
1807 901 2002 931 quaereretur,
2013 904 2078 933 quae

1120 925 1192 972 esset
1201 938 1246 956 ars
1256 929 1433 971 imperatoris,
1446 930 1690 961 constituendum
1702 941 1836 971 putarem
1847 933 2077 975 pi·iiicipib,quis

1119 967 1191 998 esset
1208 971 1387 1009 imperator:
1407 974 1458 1012 qui
1477 972 1548 1002 cum
1567 971 1639 1002 ess'et
1657 972 1836 1002 constitutus
1856 974 2076 1005 administrato:-

1118 1010 1240 1050 quidam
1254 1012 1325 1041 belli
1337 1013 1459 1053 gerendi
1472 1037 1480 1048 ,
1504 1023 1570 1044 tum
1580 1014 1810 1055 adjungeremus
1819 1014 1855 1044 de
1865 1018 1996 1046 exercitu
2009 1037 2016 1049 ,
2038 1018 2074 1047 de

1118 1051 1228 1086 castris,
1239 1053 1275 1083 de
1286 1054 1469 1094 agminibus,
1487 1055 1523 1085 de
1535 1054 1684 1096 signorum
1696 1056 1910 1086 collationibus
1922 1078 1928 1089 ‚
1942 1057 1978 1087 de
1989 1061 2073 1097 oppi-

1117 1092 1227 1123 dorum
1239 1098 1512 1136 oppugnationibus
1523 1117 1532 1132 ‚
1548 1098 1584 1127 de
1596 1106 1778 1131 commeatu,
1789 1097 1825 1127 de
1837 1097 1951 1127 insidiis
1962 1098 2075 1130 facien-

1116 1134 1163 1164 dis
1173 1155 1181 1168 ,
1203 1145 1289 1177 atque
1300 1138 1427 1168 vitandis
1440 1159 1448 1172 ,
1470 1139 1506 1169 de
1516 1140 1638 1180 reliquis
1648 1140 1734 1169 rebus
1747 1160 1754 1171 ,
1772 1149 1837 1179 quae
1848 1138 2075 1180 ess'entproprize

1117 1176 1189 1206 belli
1200 1178 1427 1209 administrandi
1441 1191 1445 1209 t
1467 1191 1593 1221 quarum
1603 1183 1655 1222 qui
1667 1179 1760 1210 essent
1769 1183 1873 1210 animo
1886 1201 1893 1214 ,
1908 1182 1939 1211 &
1950 1182 2074 1213 scientia

1115 1228 1283 1258 compotes„
1298 1230 1349 1250 eos
1361 1220 1418 1251 effe
1429 1224 1619 1262 imperatores
1630 1223 1762 1252 dicerem
1776 1233 1781 1250 :
1802 1231 1956 1264 utererque
1966 1234 2073 1254 exem-

1114 1261 1172 1299 plis
1183 1260 1408 1296 Africanorum,
1421 1264 1673 1294 &Maximorum
1685 1275 1689 1293 2
1712 1265 1955 1303 Epaminondam
1968 1286 1975 1298 ,
1986 1275 2073 1306 atque

1115 1303 1318 1333 Hannibalem
1330 1324 1338 1338 ,
1368 1313 1454 1346 atque
1482 1308 1545 1345 ejus
1567 1308 1683 1347 generis
1702 1306 1844 1335 homines
1863 1309 2066 1337 nominarem.

1113 1345 1164 1373 Sin
1175 1353 1273 1374 autem
1285 1356 1453 1386 quaeremus
1465 1368 1473 1381 ,
1485 1350 1551 1388 quis
1562 1346 1633 1377 esset
1642 1349 1666 1377 is
1677 1368 1685 1381 ,
1697 1349 1750 1388 qui
1759 1347 1794 1377 ad
1804 1357 1898 1387 remp.
1912 1348 2070 1379 moderan-

1113 1384 1182 1415 dam
1194 1405 1203 1419 ,
1218 1387 1304 1416 usum
1317 1388 1349 1417 &
1360 1389 1513 1419 scientiam
1526 1390 1558 1419 &
1576 1389 1708 1419 studium
1719 1389 1805 1418 suum
1816 1388 1988 1419 contuliss'et
1998 1411 2007 1423 ,
2018 1390 2071 1420 de·-

1109 1424 1230 1457 finirem
1239 1428 1298 1459 hoc
1308 1429 1403 1460 modo
1415 1441 1420 1459 z
1442 1433 1502 1471 Qi
1517 1451 1525 1463 ,
1536 1431 1643 1472 quibus
1653 1432 1741 1460 rebus
1752 1430 1868 1459 utilitas
1877 1432 1941 1472 reip.
1953 1441 2069 1471 parare-

1107 1476 1166 1501 tur,
1178 1479 1391 1512 augereturque
1402 1491 1410 1505 ‚
1423 1481 1537 1502 teneret
1549 1484 1554 1501 ;
1575 1473 1669 1513 iisque
1680 1480 1825 1502 uteretur:
1843 1473 1925 1502 hunc
1935 1475 2006 1513 reip.
2019 1474 2068 1503 ie-

1108 1509 1235 1544 &corem‚
1249 1511 1281 1541 ἅτ
1292 1512 1408 1542 confilii
1416 1513 1532 1552 publici
1542 1514 1695 1544 au&orem
1706 1512 1763 1543 ess'c
1777 1513 1950 1553 habendum
1964 1525 1970 1544 ;
1990 1525 2064 1555 prae<

1106 1552 1295 1593 dicaremque
1306 1557 1336 1584 P.
1349 1556 1515 1585 Lentulum
1526 1575 1534 1588 ,
1553 1557 1720 1596 principem
1738 1555 1826 1585 illum
1839 1575 1847 1589 ,
1867 1556 1900 1585 &
1920 1559 1958 1586 T.
1972 1559 2063 1587 Grac*

1106 1594 1200 1623 chum
1210 1604 1335 1633 patrem,
1347 1596 1380 1626 &
1389 1597 1613 1636 QMetellum,
1631 1597 1664 1626 δε
1674 1600 1704 1627 Ρ.
1716 1596 1902 1631 Africanum,
1917 1598 1949 1627 &
1960 1601 2064 1629 C.Lae-

1104 1635 1181 1664 lium
1192 1655 1200 1669 ,
1213 1636 1246 1666 &
1256 1638 1503 1668 innumerabileis
1513 1639 1588 1669 alios
1597 1637 1669 1668 cum
1681 1649 1720 1668 ex
1730 1637 1829 1668 nostra
1837 1641 1952 1669 civitate
1964 1660 1972 1673 ‚
1994 1649 2060 1670 tum

1105 1686 1144 1706 ex
1161 1679 1277 1707 ceteris.
1304 1681 1357 1709 Sin
1367 1689 1465 1710 autem
1475 1689 1671 1721 quaereietur,
1693 1681 1830 1721 quisnam
1843 1681 2060 1720 jurtfions'ui'rut

1103 1717 1172 1748 vere
1185 1722 1408 1751 nominaretur:
1429 1732 1500 1752 eum
1510 1723 1652 1756 dicerem,
1663 1724 1716 1763 qui
1725 1722 1825 1762 legum
1837 1742 1845 1756 ‚
1858 1723 1891 1752 &
1900 1724 2060 1753 consuetu-

1104 1759 1184 1790 dinis
1193 1762 1258 1801 eJ‘us
1269 1782 1278 1796 ,
1298 1772 1354 1803 qua
1363 1765 1470 1803 privati
1481 1766 1514 1794 in
1525 1766 1642 1794 civitate
1653 1773 1824 1797 uterentur,
1849 1764 1882 1794 &
1891 1764 1925 1794 ad
1937 1765 2060 1804 respon-

1103 1801 1249 1837 dendum,
1261 1804 1294 1834 ὃ(
1302 1804 1337 1834 ad
1349 1806 1509 1847 agendum,
1524 1806 1556 1836 &
1566 1805 1601 1836 ad
1611 1805 1791 1839 cavendum,
1801 1808 1912 1845 peritus
1922 1805 2008 1836 ess‘et:
2024 1806 2058 1837 86

1103 1853 1140 1873 ex
1152 1854 1188 1874 eo
1198 1855 1305 1886 genere
1315 1849 1382 1877 Sex.
1396 1848 1511 1877 AElium
1525 1867 1533 1881 ,
1547 1849 1592 1877 M.
1605 1848 1767 1877 Manilium
1780 1867 1788 1880 ‚
1809 1850 1838 1877 P.
1850 1849 1990 1877 Mucium
2001 1858 2058 1878 no—

1102 1888 1261 1917 minarem.
1299 1891 1408 1929 Atque,
1423 1890 1523 1929 utjam
1534 1889 1568 1918 ad
1580 1889 1690 1919 leviora
1699 1891 1806 1918 artium
1817 1887 1912 1919 studia
1920 1891 2052 1924 veniam,
2078 1894 2123 1926 49

1102 1926 1122 1956 fi
1133 1927 1272 1962 musicus,
1282 1928 1532 1971 sigrammaticus,
1543 1929 1564 1959 si
1573 1931 1660 1970 poeta
1668 1939 1821 1970 quaeratur,
1832 1928 1938 1969 poffim
1949 1930 2058 1961 simili-

1101 1976 1146 1998 ter
1154 1970 1300 2010 explicare
1311 1991 1319 2004 ,
1328 1972 1403 2012 quid
1413 1982 1519 2001 eorum
1529 1972 1652 2012 quisque
1661 1969 1834 2011 profiteatur
1843 1992 1851 2003 ‚
1877 1973 1909 2002 &
1918 1982 1980 2012 quo
1990 1983 2057 2003 non

1100 2011 1228 2049 amplius
1247 2012 1283 2042 ab
1300 2023 1419 2054 quoque
1438 2012 1471 2042 sit
1487 2013 1713 2052 postulandum·
1746 2013 1902 2053 Plniofhphi
1923 2014 2055 2054 denique

1100 2049 1188 2090 ipsius
1198 2072 1206 2085 ,
1219 2053 1316 2093 quide
1327 2054 1376 2084 sua
1384 2056 1425 2088 vi,
1437 2065 1470 2084 ac
1479 2055 1620 2094 sapientia
1631 2063 1709 2084 unus
1719 2056 1823 2083 omnia
1834 2054 1918 2094 paene
1928 2054 2052 2094 profite-

1098 2100 1155 2126 tur,
1166 2093 1319 2125 esttamen
1329 2096 1465 2136 quaedam
1476 2096 1681 2135 descriptio,ut
1689 2098 1779 2135 is,qui
1789 2094 2053 2128 studeatomnium

1097 2143 1195 2164 reruni
1207 2135 1377 2167 divinarum
1390 2158 1398 2171 ,
1415 2147 1501 2178 atque
1510 2138 1549 2167 hu
1555 2147 1711 2167 manarum
1721 2146 1785 2166 vim
1795 2157 1804 2170 ,
1816 2145 1952 2167 naturam
1963 2158 1972 2171 ,
1984 2149 2054 2168 cau-

1095 2175 1194 2216 sasque
1205 2176 1288 2207 nosse
1298 2199 1306 2211 ,
1323 2179 1356 2208 &
1366 2189 1492 2209 omnem
1503 2178 1580 2208 bene
1591 2179 1714 2209 vivendi
1723 2180 1871 2209 rationem
1881 2188 1982 2209 tenere
1992 2199 2000 2213 ,
2018 2180 2053 2210 ὃς

1094 2218 1249 2258 persequi,
1270 2222 1396 2250 nomine
1412 2221 1469 2250 hoc
1479 2221 1652 2260 appelletur.
1683 2223 1827 2249 Oratorem
1837 2229 1934 2250 autem
1946 2240 1955 2255 ,
1976 2231 2053 2262 quo-

1095 2260 1176 2288 niam
1190 2260 1226 2290 de
1236 2271 1272 2291 eo
1282 2263 1442 2301 quaerimus
1454 2283 1462 2295 ,
1480 2263 1620 2302 equidem
1631 2272 1694 2292 non
1703 2261 1781 2292 facio
1791 2262 1921 2292 eundem
1932 2283 1940 2296 ,
1957 2273 2049 2303 quem

1093 2299 1224 2331 Craffiis:
1244 2312 1295 2343 qui
1306 2304 1384 2333 mihi
1397 2305 1477 2334 visus
1488 2303 1530 2333 est
1540 2314 1666 2334 omnem
1676 2305 1818 2334 omnium
1830 2313 1927 2333 rerum
1941 2324 1948 2337 ‚
1962 2313 2050 2345 atque

1092 2344 1199 2372 artium
1210 2343 1365 2375 scientiam
1374 2345 1626 2385 comprehendere
1646 2355 1709 2375 uno
1729 2347 1852 2375 oratoris
1871 2344 1974 2375 officio
1984 2365 1993 2379 ,
2014 2356 2048 2376 ac

1093 2386 1221 2414 nomine
1234 2396 1239 2414 :
1257 2394 1342 2426 atque
1362 2397 1433 2417 eum
1451 2396 1526 2427 puto
1545 2386 1602 2417 ess'e
1614 2407 1622 2420 ,
1647 2388 1699 2427 qui
1709 2387 1805 2416 verbis
1813 2386 1849 2416 ad
1859 2386 2044 2416 audiendum

1089 2425 1232 2464 jucundis
1242 2446 1250 2460 ,
1272 2427 1305 2457 &2
1323 2429 1476 2458 sententiis
1494 2429 1529 2459 ad
1547 2428 1735 2469 probandum
1754 2427 1987 2457 accommodatis
2001 2430 2045 2458 uti

1091 2465 1179 2507 poffit
1198 2470 1230 2497 in
1248 2468 1337 2499 causis
1348 2469 1515 2500 forensibus
1527 2490 1535 2502 ,
1556 2479 1640 2515 atque
1650 2468 1875 2499 communibus.
1899 2470 1979 2499 hunc
1989 2480 2046 2511 ego

1091 2509 1209 2548 appello
1227 2519 1373 2541 oratorem
1385 2532 1393 2545 ,
1415 2522 1544 2552 eumque
1554 2510 1612 2541 este
1623 2520 1758 2549 praeterea
1768 2509 1946 2541 instructum
1956 2521 2044 2546 voce.

1092 2550 1125 2580 &
1135 2550 1253 2581 38110116
1265 2573 1273 2586 ,
1292 2553 1325 2583 &
1334 2552 1433 2593 lepore
1445 2553 1574 2594 quodam
1585 2553 1666 2582 volo.
1691 2550 1805 2582 Crass’us
1815 2550 1886 2582 vero
1899 2554 2044 2583 1111111110-

1090 2591 1147 2621 ster
1155 2593 1235 2624 visus
1245 2593 1287 2623 est
1298 2597 1420 2624 oratoris
1430 2594 1598 2624 facultatem
1620 2603 1683 2623 non
1702 2594 1784 2622 illius
1802 2595 1870 2623 artis
1888 2596 2040 2628 terminis.

1088 2633 1137 2663 sed
1147 2636 1262 2675 ingenii
1272 2636 1317 2665 sui
1328 2634 1437 2665 finibus
1448 2634 1602 2665 immensis
1612 2634 1698 2674 paene
1710 2654 1718 2667 ‚
1729 2635 1901 2665 describere.
1926 2645 1996 2666 nam
2009 2637 2043 2666 <Sc

1089 2676 1246 2705 civitatum
1264 2677 1459 2718 regendarum
1477 2679 1585 2706 oratori
1603 2677 1801 2717 gubernacula
1819 2677 1964 2707 sententia
1992 2678 2042 2707 sua

1087 2717 1221 2747 tradidit:
1236 2720 1267 2747 in
1278 2729 1339 2759 quo
1349 2729 1400 2758 per
1409 2720 1485 2748 mihi
1493 2720 1610 2748 mirum
1621 2718 1719 2747 visum
1732 2717 1782 2751 cst,
1793 2719 1933 2751 Scaevola‚
1943 2727 1971 2749 te
1982 2720 2041 2749 hoc

1087 2759 1132 2787 illi
1143 2759 1304 2789 concedere
1317 2772 1326 2793 ·‚
1348 2758 1420 2789 cum
1431 2758 1584 2799 saepiffime
1593 2759 1647 2789 tibi
1657 2760 1769 2789 senatus
1781 2759 1926 2792 breviter,
1939 2763 2040 2799 impo-

1088 2852 1138 2872 rus
1149 2861 1158 2874 ,
1179 2852 1270 2882 quem
1280 2853 1343 2872 non
1354 2843 1443 2886 longe
1456 2845 1515 2873 ruri
1525 2842 1601 2882 apud
1612 2843 1640 2872 se
1649 2841 1707 2871 ess'e
1716 2842 1805 2872 audio
1816 2862 1825 2876 ,
1850 2845 1894 2872 vir
1904 2844 2040 2883 regendae

1065 2887 1066 2891 ’
1087 2886 1159 2923 reip.
1171 2882 1387 2917 scientissimus,
1401 2887 1420 2913 11
1430 2885 1566 2917 audierit,
1579 2886 1653 2914 lianc
1663 2883 1867 2914 auditoritatem
1879 2887 2039 2925 gravitatis,

1090 2927 1122 2956 &
1133 2924 1249 2954 consilii
1260 2926 1302 2954 sui
1313 2927 1458 2956 vindicari
1469 2927 1484 2956 ii
1493 2935 1521 2955 te
1532 2946 1540 2959 ,
1552 2924 1658 2959 Crasse,
1668 2924 1750 2966 quod
1761 2936 1825 2955 eam
1837 2936 1928 2955 oratoi
1936 2937 1960 2956 is
1970 2937 2041 2966 pro-

1088 2969 1183 3007 priam
1194 2965 1253 2996 effe
1263 2967 1341 2997 dicas
1354 2978 1359 2995 :
1375 2968 1451 3006 jam,
1464 2968 1563 3001 credo,
1576 2969 1633 2997 huc
1643 2977 1743 2997 veniat
1755 2988 1764 3001 ‚
1778 2968 1809 2997 86
1819 2968 1895 2997 hanc
1906 2968 2039 3008 loquaci-

1089 3018 1178 3039 tatem
1190 3007 1321 3038 nostram
1334 3017 1420 3037 vultu
1429 3010 1502 3049 ipso,
1513 3009 1687 3050 aspectuque
1698 3017 1862 3039 conterreat
1873 3012 1923 3051 qui
1933 3019 2040 3049 quam·

1089 3050 1178 3091 quiin]
1191 3049 1233 3080 est
1244 3052 1274 3079 in
1285 3050 1414 3081 dicendo
1424 3051 1815 3083 mimmecontemnendus,
1831 3053 1986 3090 prudentia
1999 3061 2041 3080 ta-

1090 3102 1161 3121 men
1174 3101 1269 3120 reium
1282 3101 1456 3131 magnarum
1467 3103 1559 3132 magis
1570 3113 1579 3126 ,
1596 3096 1685 3133 quam
1698 3092 1816 3122 dicendi
1825 3101 1883 3122 arte
1895 3112 1902 3125 ,
1924 3094 2038 3123 nititur.

1067 3153 1073 3182 1
1091 3136 1197 3175 Neque
1207 3132 1290 3170 vero,
1300 3132 1388 3175 siquis
1400 3143 1560 3176 utrumque
1570 3133 1666 3177 potest
1675 3153 1685 3169 ,
1697 3142 1747 3166 aut
1755 3134 1804 3164 ille
1813 3131 1929 3168 consilii
1938 3133 2040 3202 11111111-

1484 3179 1512 3209 L
1886 3181 1976 3206 ciauc
1992 3183 2036 3208 or,
