2337 3400
190 140 288 190 570
594 100 1722 169 M.Tut.1.11C1cER0N1s
2206 131 2216 145 ·

194 207 228 238 ad
240 215 330 247 quem
343 203 507 236 det-fissis?
531 209 640 242 nempe
650 199 686 231 ad
697 209 779 233 eum,
790 199 877 238 cujus
885 196 1092 228 au&orit³tem
1105 194 1150 226 se-
1193 199 1338 228 mentiam
1349 205 1431 228 tuam
1446 197 1610 241 confugio:
1630 198 1734 231 deliffi
1752 198 1872 231 veniam
1889 204 1976 240 peto:
1997 205 2031 230 ut
2048 195 2153 241 ignoss

197 259 258 279 cun
274 270 280 280 ‚
301 250 331 277 in
344 249 508 277 (gu-mirem
521 244 594 273 belli
613 244 769 272 veneratis.
792 241 883 286 Qod
903 239 1052 269 siCaesaris
1069 237 1152 268 causa
1174 249 1177 279 ς
1194 249 1241 270 cas
1254 259 1262 273 ‚
1281 249 1344 269 oro.
1369 237 1390 268 si
1406 249 1482 268 nemo
1499 242 1688 281 impetravit,
1711 252 1894 285 arroganter:
1914 240 1934 271 si
1953 241 2098 281 plurimi,
2119 250 2152 271 tu

202 292 232 319 'in
247 300 271 329 pi
280 304 282 306 ·
291 299 376 317 ›vmc
392 297 429 316 ,ιη
443 285 619 316 veniebatis:
636 284 752 314 adeum
764 280 900 323 Ρῐοὲοῦὶὸ
911 278 1020 312 exclufi
1029 281 1154 320 provin·
1174 281 1177 312 l
1196 282 1278 312 idem
1288 281 1332 311 ser
1341 290 1443 321 opem,
1454 283 1597 322 quispem
1608 283 1726 314 dedisti.
1749 287 1797 315 An
1807 283 1939 325 sperandi
1950 284 2070 324 Ligario
2082 291 2154 312 cau·

205 333 247 360 cix:
260 328 417 359 venissetis.
443 327 566 358 venistis
585 327 620 356 ad
631 326 820 365 Pnnipejum.
844 326 918 366 Qae
937 323 979 353 est
991 331 1062 363 ergo
1078 320 1155 363 apud
1176 348 1177 371 Χ
1199 324 1226 354 sa
1237 333 1298 353 non
1311 322 1343 353 sit
1358 343 1365 356 ,
1376 333 1447 352 cum
1458 323 1531 353 mihi
1546 325 1622 364 apud
1636 334 1663 355 te
1672 324 1706 356 sit
1719 326 1802 357 locus
1813 328 1904 357 etiam
1925 335 1978 365 pro
1997 325 2089 355 altero
2100 323 2152 354 de-

204 375 249 401 ce
257 372 347 401 sarem
361 381 413 411 qut
422 370 492 402 rel-a,
503 368 574 398 cuni
586 378 655 398 eum
667 367 814 400 accusatiS,
826 366 841 396 a
850 376 912 407 quo
922 365 1091 406 queramini
1103 373 1157 394 vos
1176 386 1178 397 „
1197 365 1333 406 precandi
1345 368 1356 394 ἓ
1380 367 1573 405 Quamquam
1583 376 1678 407 neque
1687 369 1721 397 in
1731 370 1784 399 hac
1794 370 1929 399 oratione
1939 367 2000 407 spes
2011 365 2053 396 est
2061 363 2153 406 posita

205 413 374 453 prohibitos
391 421 493 442 contra
503 410 645 441 Caesarem
665 409 780 439 bellum
797 411 917 449 gerere?
939 410 1037 448 Atque
1052 407 1084 436 in
1099 407 1157 435 boc
1176 404 1179 455 ἒ
1197 407 1289 437 causae
1300 427 1308 440 ‚
1326 416 1382 436 nec
1395 409 1428 436 in
1438 416 1545 437 eorum
1556 406 1679 443 studiis,
1699 411 1815 449 quiate
1825 420 1878 450 pro
1894 410 2013 450 Ligario
2031 415 2150 447 petunt,

206 454 331 494 quidem
341 454 388 483 vel
397 463 466 483 cum
479 452 635 482 mendacio
647 472 655 485 ‚
666 450 684 480 si
696 451 787 480 vultis
799 469 807 483 ,
826 450 944 491 gloriari
954 458 1006 488 per
1016 458 1066 478 me
1077 449 1155 480 licet,
1177 461 1179 479 l
1199 451 1240 479 tui
1255 447 1417 479 necessarii.
1427 448 1498 478 Vidi
1511 451 1606 483 enim,
1620 450 1799 492 &cognovi,
1810 451 1883 492 quid
1894 451 2029 480 maxime
2040 447 2152 489 spe-<sta-
2175 455 2214 481 11

205 506 260 525 vos
271 497 456 535 provinciam
467 492 555 524 fuifi'e
565 496 610 524 Cae
617 494 669 523 sari
679 492 837 522 tradituros
847 513 854 525 ‚
866 489 1003 522 etiamsia
1012 493 1090 520 Varo
1102 509 1109 523 ‚
1125 489 1158 519 &
1178 489 1179 506 ³
1199 500 1255 524 res,
1265 490 1336 521 cum
1347 500 1400 530 pro
1410 490 1535 530 alicujus
1546 491 1635 522 salute
1644 495 1734 522 multi
1746 493 1910 523 laborarent
1922 503 1927 521 :
1949 496 1961 519 3
1969 502 2019 523 cau
2025 492 2064 521 sas
2074 489 2152 530 apud

207 538 386 578 quibusdam
405 538 470 567 aliis
488 536 634 576 prohibiti
655 533 762 565 effetis.
795 543 850 576 ego
872 543 970 563 autem
992 530 1160 562 confitebor
1178 529 1180 558 i
1199 542 1226 562 te
1237 534 1569 574 rogantium‚gratiores
1579 531 1649 567 effe,
1663 534 1754 574 quam
1765 535 1865 565 vultus
1880 545 1886 563 2
1904 544 2001 575 neque
2012 531 2149 573 speetu-e,

205 580 323 619 culpam
336 577 391 609 esl'e
401 581 512 620 Ligarii
524 598 531 611 ,
550 579 601 617 qui
612 587 668 607 vos
682 585 768 607 tantae
785 576 880 606 laudis
891 573 1043 605 occasione
1060 575 1159 614 priva—
1178 589 1180 598 ·
1198 574 1290 615 quam
1301 583 1368 604 tuus
1379 573 1450 604 effer
1459 572 1634 604 neceffiirius
1646 576 1681 608 is,
1693 577 1784 615 quite
1795 585 1907 606 oraret:
1928 580 1945 602 4
1955 574 2003 606 sed
2013 575 2103 616 quam
2114 574 2154 604 il-

170 625 191 658 9
207 623 290 651 verit.
314 621 370 651 Sed
384 621 451 650 vid:
463 641 471 653 2
484 620 598 661 quaesoa
615 622 648 649 C.
659 619 763 651 Caesar,
774 618 974 648 constantiam
982 613 1160 647 ornatissimi
1179 621 1181 660 ξ
1200 617 1257 646 lius
1270 637 1278 650 ‚
1297 626 1350 656 pro
1360 626 1422 657 quo
1432 615 1586 646 laboraret.
1604 617 1705 657 Itaque
1722 617 1829 647 tribuis
1847 625 1878 646 tu
1896 616 2018 657 quidem
2039 617 2096 646 tuis
2113 617 2154 647 ita

203 665 273 696 viri,
285 664 321 692 L.
334 662 524 693 Tuberonisz
547 671 638 702 quam
649 671 715 702 ego,
727 662 864 701 quamvis
875 659 934 699 ipse
944 658 1093 698 probarim
1107 677 1114 689 ‚
1127 665 1159 686 ut
1179 664 1181 693 l
1201 658 1295 688 multa
1307 678 1316 692 ‚
1336 667 1367 688 ut
1378 659 1456 688 mihi
1474 656 1606 687 beatiores
1623 658 1669 687 illi
1679 656 1737 687 effe
1746 658 1902 689 videantur
1911 658 2061 688 interdum
2072 677 2080 691 ,
2099 659 2153 698 qui

203 705 310 745 probo,
328 713 429 734 tamen
443 713 507 733 non
516 712 788 733 commemorarem
802 722 810 734 ‚
822 699 877 731 nisi
891 703 905 730 ἐι
915 709 943 730 te
955 698 1159 742 cognoviss'em
1179 694 1181 711 ¹
1200 709 1247 730 tua
1258 699 1433 730 liberalitate
1445 698 1584 729 fruuntur
1593 718 1601 732 ,
1613 699 1703 740 quam
1715 708 1746 729 tu
1756 700 1816 740 ipse
1826 720 1835 733 ,
1852 701 1904 740 qui
1917 700 1977 729 illis
1987 708 2046 729 tam
2056 701 2154 729 multa

205 750 237 776 iri
248 748 357 785 primis
369 755 434 776 earn
449 748 592 775 virtutem
604 745 698 774 solere
708 744 828 773 laudari.
841 745 914 784 Qae
924 741 982 771 fuit
991 743 1081 782 igitur
1089 750 1160 770 um·
1201 741 1352 772 concedis.
1377 741 1434 772 Sed
1443 741 1531 772 video
1542 750 1654 775 tamen,
1666 742 1744 782 apud
1755 751 1780 772 te
1792 742 1899 775 causas,
1910 749 1942 771 ut
1951 740 2027 773 dixi,
2043 749 2151 780 rogan-

207 797 296 828 quam
309 789 340 817 in
356 788 418 817 ullo
431 788 556 817 homine
567 795 644 816 tanta
655 785 839 816 constantia?
861 783 1056 814 constantiam
1068 782 1136 812 dico
1149 784 1160 811 ?
1200 786 1278 814 tium
1290 784 1386 814 valere
1395 784 1460 823 plus
1472 803 1479 817 ‚
1492 784 1581 824 quam
1592 794 1690 823 preces
1703 794 1708 812 ;
1725 783 1760 813 ab
1780 783 1874 823 iisque
1885 792 1912 812 te
1924 783 2040 812 moveri
2053 783 2152 811 maxi-

204 830 358 863 neit-ioan
369 828 480 859 melius
489 830 663 869 patientiam
675 825 786 867 poil'em
799 827 904 856 dicere.
929 826 1157 865 Qorusenim
1202 825 1251 855 me
1265 845 1273 858 ,
1293 823 1625 866 quotumjustiffimum
1637 825 1775 855 dolorem
1792 825 1891 854 videas
1907 825 1940 854 in
1949 822 2088 864 petendo.
2115 825 2153 854 ln

206 870 285 902 istud
297 872 421 912 quisque
431 869 545 900 seciss'et
557 890 565 903 2
587 873 596 888 ¹
615 878 644 899 ut
655 889 662 903 ,
683 870 698 899 ἐι
710 869 820 910 quibus
832 869 864 897 in
878 865 1056 897 dissensione
1074 865 1159 896 civili
1200 869 1259 908 Q.
1271 869 1392 908 Ligario
1400 866 1603 897 conservando
1613 867 1717 897 multis
1727 876 1759 897 tu
1777 866 1900 907 quidem
1917 875 2033 907 gratum
2050 863 2154 898 facies,

204 922 269 943 non
281 912 353 943 esl‘ct
362 921 502 952 receptus,
515 910 644 951 essetque
653 920 743 941 etiam
752 919 823 940 cuin
837 908 1009 939 crudelitate
1019 907 1156 947 i⁴eje&us‚
1200 907 1366 939 necessariis
1377 910 1435 938 tuis
1447 919 1451 937 :
1464 908 1512 939 sed
1523 909 1590 942 hoc,
1604 909 1714 950 quaeso,
1725 908 1885 941 considera,
1896 906 1978 947 quod
1988 907 2073 937 soles.
2084 905 2155 945 pos-

204 954 239 985 aa
251 965 297 985 eas
307 955 379 995 ipsas
390 955 517 984 rediret?
533 955 634 993 magni
645 952 799 992 cujusdam
809 953 915 984 animi,
929 959 1016 991 atque
1026 951 1088 989 ejus
1101 950 1159 979 viri
1199 951 1265 980 sum
1279 949 1453 981 fortiffimos
1464 953 1557 984 viros,
1568 951 1692 982 Sabinos
1705 971 1713 984 ‚
1724 951 1778 980 tibi
1788 947 2008 990 probatiffimos
2020 968 2028 982 ‚
2037 955 2154 978 totum-

204 996 260 1029 est,
271 1007 362 1038 qus-m
373 996 408 1026 de
423 996 551 1035 suscepta
560 995 642 1024 causa
653 1014 662 1027 ‚
682 992 887 1034 propofitaque
900 992 1040 1022 sententia
1052 1011 1060 1025 ‚
1077 991 1160 1021 nulla
1199 1001 1256 1032 que
1275 1002 1378 1033 agrum
1397 992 1542 1022 Sabinum
1553 1013 1562 1026 ‚
1583 992 1691 1023 florem
1709 993 1799 1022 Italiae
1810 1011 1818 1025 ,
1842 1001 1874 1022 ac
1884 991 1972 1021 robur
1981 988 2156 1030 reipublicae.

205 1039 406 1070 contumelia,
419 1037 501 1066 nulla
510 1038 555 1065 vis
567 1055 574 1069 ‚
586 1036 707 1065 nullum
717 1035 885 1075 periculum
896 1031 991 1074 poss'et
1000 1033 1157 1073 depellere.
1199 1042 1374 1073 proponere.
1398 1032 1464 1069 nosti
1483 1034 1586 1074 optime*
1602 1035 1732 1064 homines.
1764 1033 1967 1064 animadverte
1989 1033 2099 1061 horum
2119 1040 2155 1060 0-

205 1082 252 1111 Ut
262 1082 345 1109 enim
355 1087 457 1109 caetera
467 1080 545 1117 paria
557 1077 715 1107 Tuberoni
725 1086 796 1106 cum
806 1080 884 1106 Varo
895 1074 1034 1109 fuissent3
1045 1078 1156 1106 honos,
1198 1076 1320 1105 mnium
1334 1075 1509 1105 moestitiam
1521 1094 1530 1108 ,
1542 1075 1575 1106 &
1585 1076 1732 1106 dolorem.
1750 1076 1838 1116 hujus
1851 1077 1888 1105 T.
1900 1075 2035 1107 Brocchi,
2047 1072 2083 1102 de
2093 1082 2157 1112 quo

206 1121 360 1154 nobilitas,
374 1120 514 1160 splendor
523 1139 530 1152 ,
543 1120 701 1159 ingenium
715 1138 724 1152 ,
736 1128 802 1163 quae
815 1127 1003 1158 nequaquam
1018 1116 1140 1146 fuerunt
1153 1125 1158 1144 :
1196 1126 1261 1146 non
1272 1116 1390 1149 dubito,
1400 1116 1473 1156 quid
1482 1115 1805 1157 existimes,lacrymas‚
1815 1116 2042 1157 squaloremque
2051 1113 2153 1154 ipsius,

203 1164 264 1193 hoc
273 1163 351 1193 certe
361 1163 546 1202 praecipuum
556 1161 728 1191 Tuberonis
743 1161 802 1190 tuit
810 1180 818 1194 ‚
837 1157 917 1200 qubd
925 1160 936 1199 j
944 1158 1008 1189 usto
1018 1167 1088 1189 cum
1100 1160 1160 1186 im—
1200 1158 1233 1188 δε
1244 1156 1300 1187 filii
1309 1157 1404 1188 vides.
1427 1158 1509 1196 Quid
1518 1158 1554 1188 de
1562 1157 1699 1188 fratribus
1710 1159 1806 1188 dicam
1818 1161 1828 1186 ?
1838 1159 1913 1191 noli,
1925 1158 2017 1188 Caesar
2028 1177 2037 1189 ‚
2049 1165 2152 1195 putare

204 1206 289 1244 perio
302 1214 340 1235 ex
350 1207 379 1235 S.
396 1205 430 1233 C.
452 1206 483 1232 in
498 1204 687 1242 provinciam
702 1203 783 1232 suam
803 1209 932 1231 venerat.
957 1202 1039 1229 Hinc
1057 1201 1160 1238 probi·
1199 1199 1235 1229 de
1246 1201 1340 1229 unius
1347 1200 1441 1239 capite
1452 1208 1509 1228 nos
1521 1209 1614 1240 agere.
1636 1208 1685 1230 aut
1696 1209 1752 1229 tres
1767 1200 1822 1229 tibi
1833 1201 1945 1239 Ligarii
1959 1197 2155 1228 retinendiin

204 1246 284 1277 bitus
294 1255 358 1276 non
368 1245 402 1275 ad
413 1246 555 1275 Caesarem
566 1264 575 1278 ‚
596 1254 634 1274 ne
645 1246 748 1274 iratus:
764 1253 827 1272 non
838 1243 967 1272 domum
978 1261 987 1273 ‚
1008 1251 1046 1270 ne
1061 1243 1160 1270 iners:
1199 1242 1319 1271 civitate
1338 1240 1423 1274 sunt,
1441 1248 1491 1270 aut
1504 1248 1560 1270 tres
1578 1250 1616 1270 ex
1635 1241 1754 1271 civitate
1771 1240 2005 1270 exterminandi.
2024 1238 2157 1279 quodvis

202 1297 269 1318 non
278 1288 407 1328 aliquam
423 1288 454 1316 in
465 1289 620 1327 regionem
632 1306 640 1319 ,
662 1296 700 1315 ne
718 1284 920 1315 condemnare
936 1283 1052 1313 causam
1062 1282 1159 1316 illam,
1199 1281 1342 1313 exsilium
1353 1283 1401 1311 his
1421 1281 1463 1312 est
1482 1285 1611 1322 optatius
1622 1303 1631 1316 ,
1651 1283 1743 1323 quam
1759 1285 1851 1322 patria
1865 1302 1873 1315 ‚
1897 1285 1910 1308 5
1926 1281 2016 1321 quarn
2030 1281 2157 1313 domus,

206 1339 298 1370 quam
316 1330 431 1359 secutus
450 1326 521 1358 esset
533 1348 540 1361 ,
561 1328 730 1358 videretur:
749 1330 763 1346 ²
782 1328 814 1356 in
832 1325 1028 1359 Macedonia,
1050 1323 1086 1354 ad
1103 1326 1158 1354 Cn.
1200 1324 1291 1366 quarn
1304 1324 1348 1354 dii
1359 1332 1500 1364 penates,
1512 1334 1564 1353 uno
1576 1325 1621 1354 ruo
1631 1325 1794 1356 exsulante.
1816 1326 1846 1354 Si
1855 1322 2001 1356 fraterne,
2014 1320 2035 1351 si
2048 1321 2097 1361 pie
2109 1341 2117 1354 ,
2133 1319 2158 1352 fi

204 1371 344 1410 Pompeii
354 1369 442 1400 castra
453 1371 548 1403 venit,
560 1371 591 1399 in
601 1379 667 1400 eam
681 1369 775 1409 ipsam
787 1368 904 1398 causam
917 1386 926 1400 ,
940 1368 956 1397 a
969 1376 1026 1407 qua
1040 1374 1100 1396 erat
1116 1375 1163 1395 re-
1198 1375 1270 1397 cum
1279 1365 1385 1396 dolore
1393 1364 1524 1396 faciunt:
1541 1375 1686 1396 moveant
1694 1374 1722 1396 te
1731 1365 1989 1404 horumlacrymae
2001 1384 2010 1398 ,
2030 1371 2155 1394 moveat

202 1411 302 1453 je&us
314 1422 378 1441 cum
387 1412 503 1451 injuria.
526 1411 627 1453 Qiid?
645 1421 716 1441 cum
731 1409 784 1441 ista
793 1419 838 1440 res
856 1409 934 1439 nihil
947 1405 1164 1439 commovifl'et
1199 1410 1302 1449 pietas,
1315 1416 1436 1438 moveat
1443 1409 1621 1448 germanitas
1633 1419 1638 1437 :
1655 1408 1746 1438 valeat
1755 1417 1803 1437 tua
1815 1416 1878 1436 vox
1887 1407 1947 1439 illa,
1958 1415 2023 1446 quae
2034 1406 2116 1435 vicit.
2127 1412 2159 1435 te

206 1455 270 1493 ejus
281 1455 432 1487 animum,
442 1453 478 1484 ad
487 1463 578 1494 quem
590 1454 754 1483 veneratis:
773 1451 960 1493 languidiore
971 1470 979 1484 ,
990 1449 1090 1483 credo,
1102 1448 1163 1480 stu·
1202 1451 1285 1480 enim
1305 1449 1401 1480 dicere
1413 1450 1608 1480 audiebamus
1621 1470 1630 1484 ‚
1647 1452 1716 1480 Nos
1728 1470 1737 1484 ,
1757 1458 1885 1479 οΜΝειε
1903 1447 2081 1479 adversarios
2099 1455 2159 1486 pu-

205 1495 258 1526 dio
268 1497 301 1525 in
308 1496 392 1526 causa
399 1494 507 1525 fuistis.
529 1494 744 1525 tantummodo
754 1496 786 1524 in
795 1491 935 1533 praefidiis
944 1492 1046 1522 eratis:
1066 1493 1162 1522 animi
1202 1501 1261 1523 tare
1274 1512 1282 1525 ,
1300 1489 1355 1521 nisi
1364 1502 1417 1532 qui
1434 1491 1595 1522 nobiscum
1615 1490 1709 1522 ess'ent
1724 1502 1730 1521 :
1751 1499 1779 1521 te
1789 1491 1910 1520 omneis
1921 1509 1930 1523 ,
1947 1491 2000 1529 qui
2016 1496 2120 1519 contra
2129 1496 2161 1518 te

208 1536 281 1569 vero
290 1537 305 1567 :⁸1
317 1538 400 1568 causa
408 1536 616 1567 abhorrebant.
638 1546 676 1567 an
686 1557 694 1570 ‚
709 1545 742 1566 ut
753 1534 786 1566 fit
796 1538 829 1565 in
837 1534 979 1565 civilibus
989 1533 1078 1564 bellis
1087 1553 1096 1567 ,
1107 1542 1164 1563 nec
1202 1544 1268 1564 non
1279 1531 1382 1566 essent,
1394 1542 1472 1563 tuos.
1484 1533 1614 1564 Videsne
1623 1535 1712 1575 igitur
1721 1534 1803 1563 hunc
1813 1531 2016 1572 splendorem,
2029 1539 2159 1560 omnem

206 1581 241 1610 in
251 1578 338 1609 vobis
349 1580 444 1620 magis
455 1598 463 1612 ‚
477 1588 568 1619 quam
579 1580 612 1609 iri
620 1578 743 1619 reliquis
755 1597 764 1612 ‚
781 1578 902 1607 omneis
910 1575 1054 1606 vincendi
1064 1574 1163 1605 studio
1205 1577 1280 1606 hanc
1290 1577 1496 1606 Brocchorum
1512 1574 1640 1605 domum
1653 1595 1662 1609 ‚
1681 1577 1762 1604 hunc
1781 1576 1818 1605 L.
1831 1575 1978 1603 Marcium
1988 1592 1996 1605 ‚
2016 1574 2049 1602 C.
2062 1571 2160 1601 Caese-
2202 1584 2206 1587 «

209 1621 386 1652 tenebamur
399 1624 408 1649 ?
430 1622 510 1650 Pacis
519 1619 660 1661 equidem
670 1620 786 1659 semper
798 1617 900 1649 auSmr
907 1616 967 1647 fui:
983 1617 1034 1648 sed
1045 1625 1111 1647 tum
1120 1617 1165 1647 se·
1202 1619 1279 1648 tium
1291 1637 1299 1652 ,
1323 1619 1356 1647 L.
1368 1615 1538 1647 Corfidium
1547 1637 1556 1651 ‚
1576 1618 1665 1647 hosce
1684 1618 1804 1647 omneis
1815 1617 1928 1657 equites
1939 1617 2035 1644 Rom.
2046 1611 2160 1653 quiad-

207 1663 252 1693 τὸ.
275 1664 426 1692 eratenim
440 1663 566 1696 amenta,
579 1671 650 1692 cum
659 1663 753 1691 aciem
762 1660 880 1691 videres
891 1679 900 1693 ,
910 1669 1014 1700 pacem
1023 1661 1162 1699 cogitare·
1204 1660 1272 1690 sunt
1292 1658 1372 1690 veste
1393 1667 1505 1689 mutata
1516 1679 1524 1693 ‚
1544 1669 1609 1689 non
1627 1657 1725 1690 solum
1743 1667 1834 1688 notos
1852 1657 1909 1687 tibi
1920 1676 1928 1690 ,
1949 1654 2055 1685 verum
2066 1656 2159 1685 etiam

207 1707 321 1735 Omnes
334 1724 343 1737 ,
362 1706 485 1744 inquam
498 1724 506 1737 ‚
527 1704 649 1734 vincere
657 1702 836 1733 volebamus
847 1712 853 1731 :
871 1709 903 1732 tu
913 1702 991 1731 certe
1001 1699 1164 1741 praecipue,
1202 1700 1218 1722 ⁶
1227 1701 1366 1742 probatos
1376 1702 1469 1734 viros,
1481 1709 1582 1731 tecum
1591 1699 1677 1731 fuiffe
1689 1704 1699 1730 ?
1718 1709 1805 1741 atque
1814 1701 1862 1729 his
1873 1699 2006 1728 maxime
2017 1695 2161 1727 irasceba-

207 1748 259 1787 qui
272 1748 303 1776 in
312 1755 382 1775 eum
394 1746 497 1775 locum
507 1744 647 1779 venifl'es,
657 1744 709 1774 ubi
719 1744 775 1775 tibi
783 1742 853 1774 esset
862 1743 1039 1786 pereundum,
1052 1741 1108 1772 nisi
1117 1744 1165 1772 vi-
1205 1753 1286 1776 mur,
1298 1743 1330 1772 δε
1340 1744 1394 1772 hos
1404 1742 1637 1783 requirebamus,
1650 1742 1683 1772 δε
1691 1743 1737 1772 his
1747 1741 1891 1771 nonnulli
1900 1742 1992 1769 etiam
2002 1738 2162 1768 minaban-

206 1787 292 1819 cissCS
304 1799 308 1816 1
332 1796 525 1828 quamquam,
538 1795 572 1817 ut
584 1796 666 1817 nunc
679 1786 706 1816 se
717 1796 762 1816 res
775 1786 873 1819 habet,
884 1795 948 1815 non
960 1784 1078 1818 dubito,
1088 1785 1164 1825 quin
1209 1794 1264 1815 tur.
1288 1784 1436 1814 Conserva
1448 1786 1539 1824 igitur
1549 1786 1608 1815 tuis
1625 1785 1710 1814 suos:
1729 1793 1772 1816 ut,
1783 1780 2042 1824 quemadmodum
2055 1787 2162 1813 cetera,

146 1836 190 1862 10
208 1831 285 1861 hanc
304 1829 427 1860 salutem
440 1837 602 1869 anteponas
618 1829 665 1858 illi
674 1827 820 1858 vizstoriae.
844 1829 917 1858 Haec
933 1836 988 1867 ego
1003 1836 1067 1856 non
1084 1826 1166 1856 dice·
1204 1837 1269 1868 quae
1286 1825 1366 1856 dista
1375 1826 1442 1856 sunt
1452 1826 1468 1856 a
1478 1835 1523 1860 te,
1536 1825 1574 1856 fic
1589 1827 1647 1857 hoc
1655 1824 1842 1856 verissimum
1852 1825 2019 1864 reperiatur.
2041 1820 2132 1862 Qod
2142 1818 2164 1851 si
2187 1827 2230 1854 12

206 1882 284 1906 rem,
295 1871 432 1904 Tubero,
441 1869 461 1900 si
471 1879 521 1901 aut
529 1880 584 1900 vos
595 1869 767 1900 constantiae
776 1868 889 1902 vestrae,
900 1877 949 1898 aut
958 1868 1101 1898 Caesarem
1112 1867 1165 1897 be-
1204 1870 1324 1909 penitus
1332 1868 1496 1908 perspicere
1504 1867 1599 1908 poffes
1609 1867 1803 1898 concordiam
1813 1867 2005 1907 Ligariorum
2016 1875 2022 1893 :
2041 1863 2164 1894 omneis

207 1912 310 1945 neficii
320 1913 542 1952 suipoeniteret.
565 1914 657 1942 Nunc
665 1921 766 1953 quaero
778 1932 787 1944 ‚
799 1910 900 1941 utrum
910 1908 1018 1940 vestras
1028 1910 1164 1949 injurias,
1205 1911 1307 1941 fratres
1324 1919 1424 1940 tecum
1443 1909 1590 1949 judicares
1606 1909 1703 1939 fuisse.
1723 1911 1772 1939 An
1788 1906 1885 1948 potest
1900 1907 2057 1947 quisquam
2072 1904 2164 1935 dubi-

205 1965 243 1986 an
257 1954 429 1995 reipublicae
447 1954 678 1995 persequamini.
702 1952 723 1983 si
732 1953 903 1993 reipublicae
919 1962 924 1981 :
940 1951 1014 1992 quid
1025 1951 1061 1982 de
1071 1950 1165 1981 vestra
1205 1961 1264 1982 tare
1276 1971 1284 1986 ,
1296 1953 1370 1992 quin
1379 1971 1388 1985 ‚
1399 1950 1420 1981 fi
1430 1952 1617 1992 QLigarius
1628 1953 1661 1981 in
1675 1951 1759 1981 Italia
1769 1948 1827 1980 effe
1836 1946 1976 1990 potuisset
1986 1967 1995 1982 ,
2015 1949 2049 1978 in
2057 1946 2165 1977 eadem

206 1999 239 2028 in
251 2007 284 2027 ea
293 1996 374 2027 causa
389 1997 605 2037 perseverantia
622 1994 861 2035 respondebitis?
882 1992 902 2023 fi
917 1992 1037 2024 vestras:
1052 1993 1163 2027 videte,
1206 1995 1352 2025 sententia
1360 1992 1476 2023 futurus
1483 1992 1583 2026 fuerit,
1596 1995 1628 2022 in
1638 2002 1696 2034 qua
1705 1991 1806 2023 fratres
1815 1991 1958 2021 fuerunt?
1970 1991 2037 2030 quis
2045 1987 2098 2023 est,
2109 1989 2164 2029 qui

207 2049 247 2070 ne
257 2040 359 2069 erretis
369 2058 378 2072 ‚
395 2039 448 2079 qui
462 2038 606 2068 Caesarem
616 2037 720 2069 vestris
741 2037 876 2067 inimicis
886 2038 995 2066 iratum
1005 2034 1068 2065 foi-e
1078 2044 1166 2075 pute-
1204 2037 1315 2066 horum
1330 2035 1509 2066 consensum
1525 2035 1745 2075 conspirantem
1757 2054 1765 2068 ,
1784 2034 1816 2064 &
1831 2032 1916 2073 paene
1934 2031 2089 2069 conflatum
2100 2050 2109 2065 ‚
2128 2031 2165 2061 in

208 2083 245 2111 tis
256 2100 264 2114 ,
277 2079 348 2111 cum
359 2080 502 2120 ignoverit
513 2079 580 2119 suis.
602 2083 704 2125 Itaque
714 2078 989 2111 numtibivideor‚
1010 2077 1121 2111 Caesar,
1133 2078 1166 2106 in
1207 2080 1260 2108 hac
1277 2077 1368 2118 prope
1387 2077 1551 2118 aequalitate
1567 2075 1694 2107 fraterna
1712 2086 1778 2106 non
1796 2076 1933 2106 noverit?
1950 2076 2003 2115 qui
2021 2074 2079 2103 hoc
2095 2080 2162 2102 non

206 2123 292 2153 causa
308 2123 419 2162 Ligarii
439 2130 597 2161 occupatus
611 2120 691 2151 esse?
714 2130 789 2150 num
808 2120 845 2150 de
865 2121 930 2159 ejus
946 2118 1027 2149 fafito
1045 2118 1166 2149 dicere?
1207 2121 1333 2154 sentiat,
1352 2119 1472 2160 quidvis
1483 2118 1565 2159 prius
1575 2117 1711 2149 futurum
1722 2115 1826 2151 fuiss'e,
1846 2115 1938 2158 quam
1949 2135 1958 2150 ,
1978 2123 2011 2146 ut
2021 2115 2052 2144 hi
2061 2112 2165 2143 fratres

207 2163 356 2205 quidquid
364 2163 451 2197 dixin
462 2163 496 2194 ad
508 2173 599 2193 unam
610 2164 761 2194 summam
771 2161 873 2192 referri
882 2162 955 2191 volo
966 2161 1015 2191 vel
1024 2162 1168 2191 humani·
1207 2161 1334 2192 diversas
1353 2162 1511 2191 sententias
1522 2180 1531 2195 ,
1551 2160 1742 2201 fortunasque
1765 2159 1978 2199 sequerentur?
1999 2155 2163 2186 Voluntate

208 2207 286 2239 tatis,
298 2204 346 2234 vel
355 2205 525 2235 clementiae
535 2224 544 2238 ,
555 2205 604 2235 vel
614 2204 826 2234 misericordia:
837 2213 904 2234 tuae.
928 2203 1031 2233 Causas
1043 2222 1051 2236 ‚
1063 2203 1166 2235 Caesar,
1207 2205 1296 2245 igitur
1306 2212 1415 2233 omnes
1426 2212 1526 2232 tecum
1536 2202 1674 2232 fuerunt:
1698 2200 1856 2242 tempestate
1864 2200 1998 2238 abreptus
2012 2195 2055 2227 est
2067 2206 2163 2227 unus:

211 2248 258 2288 egi
273 2245 382 2275 multas
393 2266 402 2280 ‚
414 2247 446 2276 δε
456 2246 580 2287 quidem
591 2255 692 2277 tecum
702 2266 711 2280 ‚
730 2246 805 2276 dum
814 2254 841 2276 te
852 2247 883 2275 in
894 2244 963 2277 foro
983 2246 1080 2275 tenuit
1092 2246 1167 2274 ratio
1208 2247 1259 2286 qui
1272 2265 1280 2279 ,
1301 2243 1321 2274 si
1331 2243 1456 2274 consilio
1465 2244 1497 2274 id
1506 2242 1620 2274 fecisset
1630 2263 1639 2277 ‚
1659 2242 1730 2273 esset
1739 2250 1846 2272 eorum
1856 2239 1961 2269 similis
1972 2259 1980 2272 ‚
1995 2248 2071 2279 quos
2081 2247 2112 2268 tu
2122 2246 2173 2268 [3--

209 2290 363 2319 honorum
374 2296 512 2318 tuorum:
532 2288 610 2318 certe
624 2297 792 2328 numquam
810 2289 868 2316 hoc
879 2286 975 2316 modo
986 2306 994 2319 ‚
1017 2286 1166 2326 Ignofiite,
1211 2297 1283 2317 men
1292 2286 1389 2317 salvos
1406 2285 1463 2315 effe
1472 2284 1605 2315 voluisti.
1628 2284 1684 2315 Sed
1703 2285 1770 2313 ierit
1789 2282 1824 2312 ad
1840 2282 1960 2311 bellum
1975 2291 1980 2309 ;
1998 2286 2012 2309 7
2023 2278 2167 2310 dissense-

203 2328 312 2369 juda'ces
321 2339 332 2356 .·
352 2330 460 2358 erravit
471 2340 482 2356 .·
504 2329 595 2369 lapsus
614 2328 657 2358 est
666 2339 678 2355 .·
696 2339 746 2357 non
753 2328 877 2368 putavit
886 2339 896 2354 .-
910 2328 938 2367 [ι’
943 2337 1082 2367 umquam
1086 2325 1168 2367 post·
1210 2329 1248 2357 rit
1258 2337 1322 2357 non
1331 2326 1347 2356 a
1356 2336 1383 2356 te
1396 2327 1493 2356 solum
1504 2346 1514 2359 ‚
1526 2335 1632 2356 verum
1641 2326 1732 2355 etiam
1741 2325 1757 2354 a
1766 2322 1916 2353 fratribus.
1934 2323 1965 2352 hi
1975 2331 2003 2352 te
2014 2330 2099 2351 orant
2110 2323 2166 2351 tui,

209 2373 270 2401 hac.
293 2371 327 2402 ad
337 2379 489 2410 parentem
500 2369 537 2400 sic
547 2372 591 2410 agi
602 2371 684 2400 solet.
707 2369 760 2409 adj
768 2368 866 2398 udices
876 2389 884 2402 ‚
900 2370 963 2397 Non
965 2369 1049 2407 fecit,
1064 2379 1115 2396 non
1127 2379 1169 2396 co·
1213 2368 1361 2408 Equidem
1370 2377 1441 2397 cum
1453 2369 1510 2396 tuis
1519 2366 1665 2396 omnibus
1674 2367 1802 2405 negotiis
1812 2362 1981 2395 interessem
1994 2384 2004 2398 ‚
2017 2364 2166 2394 memoria

204 2414 331 2454 giravit,
338 2412 412 2454 falfi
418 2410 615 2451 testes‚fistum
625 2412 737 2440 crimen.
769 2412 828 2440 Dic
841 2430 848 2443 ‚
861 2418 888 2439 te
899 2429 907 2443 ,
920 2410 1012 2439 Caesar
1022 2429 1030 2442 ‚
1043 2409 1079 2438 de
1088 2408 1169 2438 fuero
1213 2418 1313 2442 teneo,
1326 2409 1420 2449 qualis
1430 2411 1468 2438 T.
1480 2410 1614 2448 Ligarius
1626 2428 1633 2442 ‚
1651 2406 1778 2448 quaestor
1788 2407 1916 2436 urbanus
1924 2404 2015 2436 fuerit
2023 2426 2032 2438 ‚
2047 2415 2113 2447 erga
2123 2413 2164 2438 te,

212 2457 324 2496 Ligarii
340 2455 474 2495 judicem
495 2452 572 2483 effe:
595 2453 704 2494 quibus
721 2454 753 2482 in
766 2450 908 2492 praesidiis
930 2450 1039 2483 fuerit,
1060 2459 1168 2491 quaere.
1216 2451 1248 2480 &
1268 2450 1444 2491 dignitatem
1462 2459 1553 2480 tuam.
1579 2449 1627 2479 sed
1644 2459 1749 2489 parum
1767 2447 1810 2478 est
1828 2457 1877 2477 me
1896 2449 1954 2477 hoc
1973 2445 2168 2477 meminisse:

214 2507 303 2527 taceo.
328 2507 366 2527 ne
375 2497 439 2526 liaec
449 2494 573 2537 quidem
584 2494 696 2536 colligo
706 2514 714 2527 ,
734 2503 800 2534 quae
809 2491 927 2523 fortaffc
936 2492 1069 2522 valerent
1078 2494 1169 2521 ctiam
1214 2493 1298 2532 spero
1311 2494 1400 2522 etiam
1413 2501 1439 2521 te
1450 2511 1458 2525 ‚
1471 2493 1523 2532 qui
1533 2489 1662 2530 oblivis&
1674 2490 1747 2519 nihil
1757 2489 1828 2530 soles
1839 2510 1847 2523 ,
1865 2488 1919 2530 nifi
1936 2489 2069 2529 injurias,
2088 2497 2166 2529 quo-

212 2538 445 2578 apudjudieem.
470 2539 513 2568 Le
534 2546 597 2568 atus
613 2544 679 2565 ante
689 2534 788 2565 bellum
807 2534 961 2575 Ρτοξεᾶὶυε
973 2554 982 2567 ,
1000 2532 1122 2564 rentibus
1137 2535 1170 2563 in
1216 2537 1297 2564 niam
1308 2535 1364 2563 hoc
1377 2532 1419 2563 est
1429 2535 1524 2563 animi
1536 2553 1544 2566 ,
1555 2534 1700 2574 quoniam
1711 2533 1801 2562 etiam
1813 2533 1928 2571 ingenii
1938 2534 1981 2561 tui
1992 2551 2001 2564 ,
2011 2539 2041 2561 te
2050 2528 2167 2571 aliquid

214 2589 294 2619 pace,
310 2580 391 2611 bello
401 2589 491 2619 oppre
518 2588 551 2609 us
563 2599 572 2613 ‚
583 2581 616 2608 in
625 2588 663 2608 eo
673 2587 738 2608 non
747 2577 868 2608 acerbus
879 2588 888 2611 3
908 2585 972 2606 tum
984 2577 1074 2605 etiam
1090 2584 1170 2605 totus
1217 2571 1229 2595 ὃ
1240 2575 1276 2606 de
1287 2577 1373 2614 ‘nujus
1384 2576 1439 2605 illo
1449 2574 1601 2616 quaestoris
1611 2572 1713 2604 officio
1727 2575 1910 2614 cogitantem
1921 2593 1928 2607 ,
1950 2575 2038 2603 etiam
2051 2571 2088 2602 de
2097 2571 2165 2602 aliis

212 2624 328 2656 animo,
345 2623 378 2652 &
387 2621 486 2652 studio
496 2629 573 2651 tuus.
596 2619 785 2660 Adjudicem
795 2617 833 2649 sic
844 2621 890 2660 agi
901 2618 982 2648 solet.
1003 2617 1052 2647 sed
1064 2627 1119 2658 ego
1133 2617 1168 2647 ad
1187 2603 1190 2642 l
1214 2617 1391 2658 quibusdam
1403 2616 1599 2658 quaestoribus
1611 2616 1855 2646 reminiscentem
1866 2614 2023 2645 recordari.
2037 2615 2096 2644 Hic
2109 2614 2168 2653 igi-

215 2672 366 2704 parentem
379 2665 503 2706 loquor,
524 2665 645 2697 Erravi‚
665 2661 778 2693 temere
792 2660 872 2695 feci,
893 2661 1038 2701 poenitet:
1057 2661 1094 2690 ad
1107 2659 1168 2690 cle·
1185 2645 1189 2704 ξ
1215 2669 1262 2690 tur
1270 2663 1309 2690 T.
1320 2661 1456 2700 Ligarius
1467 2679 1475 2693 ‚
1492 2660 1545 2700 qui
1555 2667 1622 2688 tum
1632 2658 1780 2699 nihilegit
1790 2656 1871 2687 aliud
1886 2657 1997 2697 (neque
2007 2654 2168 2726 enimdliaec

2113 2705 2171 2726 ivi-

252 2802 262 2820 1
271 2813 276 2818 .
298 2797 325 2819 ll?
335 2804 349 2819 a
360 2797 445 2828 quibus
463 2797 489 2820 in
506 2795 633 2828 diffenfione
644 2813 652 2826 ‚
670 2794 738 2826 dvc]
761 2793 832 2827 Ejeci
853 2801 942 2819 vocem
960 2794 1072 2826 partibus
1084 2811 1093 2823 ,
1114 2802 1166 2818 non
1215 2791 1295 2818 modo
1306 2793 1331 2818 δε
1345 2793 1372 2818 S.
1384 2790 1502 2817 meroris
1512 2790 1682 2821 membrarrae,
1692 2790 1827 2826 editioque
1839 2788 1974 2815 vetustior.

213 2837 408 2890 ςοιῪςταιιτςῐη
428 2831 454 2857 in
469 2830 533 2865 pall.
552 2825 730 2856 melioribus.'
745 2829 844 2856 Colon.
863 2829 924 2855 libri
943 2828 1040 2855 habent
1058 2836 1168 2864 praeter-
1253 2837 1278 2861 ς.
1297 2829 1375 2860 Qam
1385 2825 1489 2859 domm]
1511 2826 1581 2852 istud
1599 2826 1701 2852 accedit
1720 2825 1844 2852 Ciceroni
1863 2828 1877 2851 e
1892 2823 1959 2850 Pall.
1979 2822 2087 2859 aliisque
2106 2823 2171 2851 cdd.

215 2875 245 2892 ea
279 2876 286 2890 ι
299 2868 395 2899 σςζῇιηε.
415 2866 485 2901 quod
505 2876 557 2893 non
576 2865 758 2902 improbass‘em
773 2885 781 2898 ‚
800 2865 818 2892 si
837 2864 967 2892 annuisset
987 2864 1055 2891 ullus
1069 2864 1169 2891 Palati·
1190 2875 1193 2892 ι
1215 2863 1396 2891 Lambini-‚inis
1407 2863 1478 2889 enirn
1489 2861 1551 2888 edd.
1563 2862 1660 2895 injurie
1676 2860 1805 2888 exulavit.

217 2911 276 2929 iius.
1250 2902 1276 2925 6.
1295 2902 1409 2925 Probatos
1419 2901 1486 2924 viros
1496 2897 1672 2931 tccumfmffe]
1693 2897 1737 2922 Sic
1744 2896 1798 2923 duo
1809 2895 1884 2923 Coll.
1895 2896 1922 2922 ὃ(
1932 2895 2021 2932 plures
2032 2895 2101 2923 Pan.
2112 2905 2170 2923 me-

251 2946 279 2963 ι.
295 2939 323 2962 1η
333 2938 506 2968 Macedoniam,
516 2939 549 2963 ad
556 2941 600 2964 Cn.
610 2941 712 2971 'Pompeii
721 2939 798 2971 castra
807 2937 901 2972 venir]
914 2936 957 2964 Est
968 2937 983 2967 ὲ
994 2936 1051 2963 mss.
1064 2936 1169 2964 nostris.
1213 2936 1263 2962 lius
1274 2935 1396 2972 profesto
1407 2934 1534 2970 vulgatis,
1544 2936 1585 2968 qui
1594 2934 1783 2966 recumfuerunt.

218 2972 381 3000 Gulielmius
394 2973 524 3005 tentabat,
534 2983 562 2999 ac
571 2977 616 3000 Cn.
629 2975 746 3010 vulg-ata,
756 2978 781 3000 in
791 2977 836 3000 Cn.
1191 2947 1194 3003 i
1247 2979 1274 3006 7.
1294 2972 1423 3004 Difteffm't
1431 2979 1476 2996 non
1494 2969 1509 2996 ci
1519 2977 1540 2995 tc
1553 2969 1654 3002 Jo!um.]
1676 2968 1719 2995 Est
1730 2970 1744 2994 a
1757 2967 1824 2994 l’all.
1844 2967 1948 3003 aliquot
1959 2968 1986 2993 Β(
1997 2977 2051 2994 nno
2066 2967 2168 2994 Colon.

255 3017 281 3045 3.
301 3009 513 3042 Causugrariores
523 3010 592 3043 quz‘im
610 3011 720 3044 vultus]
741 3011 782 3036 Ita
791 3008 968 3049 antiquiffima
980 3008 1146 3044 exemplaria
1157 3009 1171 3034 a
1192 3007 1194 3032 i
1212 3007 1265 3033 leni
1278 3007 1356 3033 verbo
1367 3007 1452 3033 utitur
1464 3025 1472 3038 ,
1491 3013 1521 3032 ut
1532 3004 1605 3041 supra
1616 3013 1673 3040 cap.
1684 3004 1711 3031 6.
1724 3003 1744 3030 f.
1755 3004 1909 3038 Diftzffionem
1919 3005 2029 3030 millam.
2041 3003 2169 3039 vulgatur

219 3045 250 3071 P.
263 3043 383 3070 Vifilorio
404 3044 517 3071 excussa.
537 3045 617 3080 vulgo
626 3054 717 3078 preces.
737 3045 808 3081 quod
827 3046 909 3081 ipsum
941 3054 1028 3081 noque
1048 3045 1171 3071 resumit
1212 3043 1350 3076 diffinserrt.
2169 3066 2172 3072 .

218 3080 320 3116 aliquot
334 3079 399 3106 Pall.
419 3081 446 3106 &
458 3081 631 3107 Grutcrianus
645 3101 652 3112 ‚
672 3082 699 3108 in
719 3081 814 3117 quibus
828 3081 905 3108 restat
915 3054 1040 3108 agtcrum.
1062 3054 1173 3107 :nicatur
1249 3078 1274 3105 8.
1301 3081 1333 3105 De
1341 3079 1412 3112 hujus
1419 3078 1456 3102 illo
1464 3079 1579 3111 quaestoris
1591 3095 1598 3108 ‚
1609 3076 1684 3110 ἐγω]
1711 3077 1769 3102 Vox
1781 3077 1816 3101 illo
1825 3075 1949 3110 adjicitur
1967 3078 1982 3102 ὲ
2002 3074 2109 3102 vetustis
2119 3083 2171 3101 no-

217 3117 332 3152 optimus
345 3116 390 3142 illc
402 3116 566 3142 Criticorum
578 3116 624 3142 lib.
636 3125 720 3142 xxiv.
732 3120 792 3144 Var.
806 3117 870 3143 leet.
882 3126 940 3153 cap.
951 3116 978 3143 8.
1211 3113 1269 3140 stris
1280 3113 1358 3141 codd.
1369 3115 1396 3140 ὃς
1407 3113 1477 3142 suam
1487 3112 1565 3141 habet
1578 3112 1729 3149 emphasim.
1746 3111 1856 3149 fuitque
1865 3113 1931 3140 item
1942 3111 1970 3140 in
1982 3111 2094 3139 Puteaiii
2104 3109 2169 3137 sci-i-

251 3160 279 3186 4.
298 3153 342 3180 scd
350 3161 421 3188 quam
430 3153 542 3187 illimpro
552 3161 606 3188 quo,
616 3152 684 3187 ῶνα]
705 3153 773 3181 Pul.
784 3154 888 3190 aliquot
899 3172 908 3187 ‚
927 3154 992 3181 illim
1001 3151 1074 3187 causa
1086 3171 1094 3185 ‚
1106 3161 1174 3189 qno·
1217 3150 1281 3187 ptis.
2119 3183 2174 3222 ΝΥ

1097 3199 1099 3201 .
2085 3190 2109 3209 1.
2144 3194 2153 3209 ι
2163 3196 2172 3212 1
