2379 3400
276 85 397 146 1316
687 74 1193 123 M.Tur.1..11

270 161 325 193 „isa
337 164 402 201 quis
414 160 563 190 Athonem
576 163 629 195 pro
642 161 847 184 monumento
859 152 934 185 vult,
946 150 1083 181 funditus
1093 149 1224 181 efficere?

274 205 340 243 quis
350 212 433 232 enim
445 199 485 230 est
498 199 578 228 Atho
588 216 596 229 ,
608 205 657 226 aut
668 197 818 235 Olympus
830 197 949 224 tantus?

317 247 400 273 Not:v
414 239 558 278 Vafium]
573 240 647 267 Non
657 237 768 268 suntin
778 235 959 276 disputando
970 233 1055 268 vafri,
1068 244 1132 266 non
1146 244 1225 266 vete-

273 294 393 318 rator-es,
408 292 470 313 non
482 277 631 311 malitiosi.

719 329 740 349 xz
761 329 782 350 x

491 366 535 393 M.
564 365 737 393 'runnu
762 363 1019 392 Cteuaouts

445 409 477 437 D
529 408 554 436 E
640 406 667 434 R
721 406 745 433 E
795 405 817 433 P
870 406 899 433 U
953 405 974 432 Β
1017 404 1054 433 L.

603 448 627 476 L
653 456 663 475 1
688 456 705 475 B
729 455 748 474 E
771 455 793 474 R
835 447 848 474 1
864 447 902 472 V.

315 495 402 523 Nou.
419 489 481 520 Ubi
501 488 683 527 accufimvus
697 496 746 529 pro
761 486 920 528 genitivo]
941 489 1039 527 Atque
1061 486 1122 526 ipsa
1132 495 1229 520 mens,

271 544 337 578 quae
349 533 446 563 futura
456 532 555 563 videt,
578 531 720 569 praeterita
731 530 883 558 meminit.

316 579 403 605 Nox.
424 572 543 612 duim]
565 571 706 611 Cumque
716 580 863 600 autumno
875 578 963 599 terras
972 569 1006 599 ad
1018 569 1230 609 concipiendas

274 619 372 658 fruges
384 615 562 656 patefecerit,
575 615 676 642 hieme
685 613 720 642 ad
730 611 931 642 conficiendas
941 610 1154 651 compresserit,
1165 621 1233 641 vere

275 661 310 690 ad
323 657 518 689 effundendas
529 656 663 685 relaxarit
675 673 683 687 ,
704 653 800 684 aestate
812 663 843 684 ac
855 657 1023 683 maturitate
1033 653 1102 683 alias
1115 655 1233 693 mitiga—

274 704 361 734 verit,
375 700 444 730 alias
457 698 607 729 torruerit.

318 739 561 781 Nox..Apram.]
586 737 602 751 ²*
623 737 788 777 eademque
806 737 859 766 soli
872 735 989 772 obieeta
1000 736 1139 767 umbram
1156 756 1164 770 ,
1178 747 1235 767 no-

273 783 416 823 &emque
439 781 549 812 efficiat
559 800 567 814 ,
588 778 660 811 cum
681 783 715 809 ad
728 788 889 809 numerum
902 779 1019 809 dierum
1032 788 1128 818 aptam
1140 798 1148 812 ‚
1169 788 1234 811 tum

275 827 310 857 ad
324 826 460 856 iaborum
472 826 615 863 quietem.

318 870 424 898 LAer.
439 866 470 895 de
484 864 550 906 opzf.
565 863 650 903 Dei]
663 873 717 893 nec
728 863 914 894 voluntatem
928 863 1005 893 mihi
1016 861 1142 893 defuisse
1152 882 1162 897 ,
1182 873 1238 893 nec

273 919 388 941 curam.

317 954 359 981 D.
372 947 543 986 Auolz'lvy.
558 950 653 987 Cap9.
675 947 781 987 cruit]
799 949 976 986 Numquam
986 946 1146 976 comoediae
1161 966 1169 979 ‚
1180 946 1235 976 nifi

273 991 462 1024 consuetudo
472 992 540 1021 vitae
551 998 697 1029 pateretur
711 1009 718 1022 ,
732 989 857 1028 probare
870 988 920 1019 sua
934 989 1053 1019 theatris
1062 987 1171 1029 flagitia
1180 998 1236 1028 po-

274 1033 407 1066 tuissent.

316 1079 357 1106 D.
370 1084 445 1105 Auo.
459 1073 589 1113 ibidem]
602 1075 700 1114 Qem
716 1073 765 1102 illa
777 1082 839 1103 non
851 1073 958 1113 attigit,
970 1073 1018 1102 vel
1029 1071 1130 1112 potius
1139 1082 1232 1113 quem

273 1129 337 1149 non
349 1119 491 1148 vexavit?
510 1118 557 1145 cui
570 1123 701 1154 pepercit
712 1117 721 1143 ?
732 1114 794 1144 esto
808 1125 813 1142 t
825 1117 993 1155 populareis
1004 1116 1144 1144 homines
1155 1134 1163 1148 ‚
1174 1117 1232 1144 im-

271 1161 428 1201 probosin
440 1167 533 1197 remp.
552 1156 707 1187 seditiosos
720 1177 728 1190 ,
743 1157 900 1189 Cleonem,
913 1157 1150 1196 Cleophontem‚
1167 1158 1231 1196 Hy—

270 1202 432 1243 perbolum
453 1198 533 1230 laefic.
552 1201 698 1238 patiamur
714 1197 780 1228 :etsi
800 1198 1231 1237 hujusmodiciveisacensore

272 1245 385 1274 melius
404 1242 446 1272 est
457 1262 465 1275 ,
485 1252 573 1282 quam
585 1242 600 1271 a
610 1242 695 1281 po'e'ta
705 1241 812 1270 notari.
833 1240 889 1270 Sed
901 1241 1045 1270 Periclem
1058 1259 1066 1273 ,
1086 1239 1157 1269 cum
1167 1241 1229 1279 jam

272 1287 329 1316 suae
349 1286 462 1315 civitati
487 1285 621 1313 maxima
639 1281 812 1312 au&or1tate
835 1283 985 1321 plurimos
994 1291 1090 1311 annos
1100 1281 1186 1312 domi
1199 1282 1231 1312 &

272 1328 345 1358 belli
355 1324 534 1367 praefuiffet,
556 1325 662 1354 violari
673 1322 801 1353 versibus
814 1343 823 1355 ,
844 1324 877 1353 ὃς
889 1333 940 1353 eos
951 1334 966 1353 a
988 1326 996 1353 i
1009 1325 1041 1353 in
1052 1324 1136 1353 scena
1147 1343 1155 1357 ,
1168 1333 1230 1354 non

269 1370 339 1410 plus
357 1369 476 1401 decuit,
497 1367 587 1408 quam
600 1365 619 1395 si
629 1367 751 1396 Plautus
761 1364 861 1395 noster
870 1333 1022 1399 voluiffet,
1033 1375 1081 1395 aut
1093 1366 1230 1400 Naevius,

271 1414 303 1442 P.
317 1411 348 1441 &
358 1413 416 1440 Cn.
427 1411 561 1449 Scipioni
574 1428 582 1442 ,
603 1417 652 1438 aut
666 1408 805 1438 Caecilius
817 1409 859 1437 M.
873 1409 980 1437 Catoni
992 1407 1181 1437 maledicere.

315 1455 355 1483 D.
380 1451 508 1492 aueo]
530 1449 649 1480 Nostrae.
669 1459 772 1480 contra
794 1451 866 1479 XII.
879 1449 984 1480 tabulae
994 1448 1065 1479 cum
1076 1458 1232 1488 perpaucas

270 1504 318 1526 res
332 1496 426 1534 capite
437 1491 597 1523 sanxissent
607 1512 614 1525 ‚
631 1493 662 1521 in
674 1493 721 1521 his
731 1493 805 1521 hanc
816 1501 935 1531 quoque
949 1491 1137 1521 sanciendam
1149 1501 1233 1531 puta-

271 1544 381 1566 verunt
392 1555 401 1568 ‚
423 1534 443 1563 si
455 1537 522 1574 quis
537 1531 711 1563 afi‘citaviffet
721 1552 730 1566 ‚
745 1531 804 1562 sive
814 1543 934 1562 carmen
944 1531 1123 1562 condidifl'et
1132 1552 1141 1565 ,
1152 1533 1234 1573 quod

272 1577 434 1608 infamiam
454 1574 572 1605 afferret
585 1595 593 1607 ,
613 1573 800 1614 flagitiumve
819 1575 905 1603 alteri
919 1584 923 1602 :
943 1575 1089 1613 praeclare.
1113 1574 1235 1611 judiciis

272 1620 357 1650 enim
370 1637 377 1651 ,
391 1628 423 1648 ac
434 1615 657 1657 magistratuum
670 1615 935 1654 disceptationibus
947 1616 1091 1655 legitimis
1100 1612 1232 1653 proposi—

272 1670 333 1692 tam
356 1662 449 1690 vitam
461 1678 470 1692 ,
491 1667 555 1687 non
565 1658 719 1696 po'e'tarum
735 1658 865 1695 ingeniis
875 1656 981 1686 habere
992 1656 1138 1685 debemus
1150 1675 1160 1688 ,
1178 1665 1233 1685 nec

270 1701 415 1743 probrum
426 1699 537 1733 audire,
550 1697 606 1728 nisi
615 1708 648 1728 ea
658 1699 733 1739 lege,
746 1707 777 1727 ut
788 1697 967 1736 respondere
977 1697 1109 1730 liceat‚&
1117 1696 1234 1737 judicio

272 1743 445 1775 defendere.

315 1788 353 1815 D.
377 1793 454 1814 nuo.
477 1782 562 1813 liba.
574 1792 649 1812 c.10.
663 1779 770 1821 Civit]
785 1780 941 1811 AEschines
953 1777 1143 1809 Atheniensis
1155 1798 1163 1812 ‚
1189 1779 1234 1807 vir

269 1824 532 1867 eloquentiffirnus
550 1844 560 1858 ,
588 1824 660 1853 cum
680 1823 855 1852 adoloscens
874 1822 1031 1863 ttagoedias
1047 1819 1233 1852 affitavisset,

271 1879 366 1909 remp.
380 1865 526 1909 capeffivit
540 1887 549 1900 ‚
563 1866 595 1896 δε
607 1864 836 1895 Aristodemum
848 1865 991 1903 tragicum
1007 1865 1077 1891 item
1090 1862 1234 1895 actorem,

270 1912 416 1942 maximis
439 1909 476 1940 de
497 1909 584 1939 rebus
606 1909 685 1948 pacis
696 1927 705 1940 ,
731 1916 763 1937 ac
785 1906 855 1937 belli
867 1905 998 1947 legatum
1011 1904 1047 1935 ad
1057 1905 1234 1945 Phiiippum

272 1952 472 1984 Athenienses
486 1951 558 1991 saepe
569 1950 725 1980 miserunt.

313 1997 356 2025 D.
367 2003 445 2024 nuo.
457 1992 541 2022 [κὶα.
556 2000 669 2034 cap.12.
683 1990 789 2032 civit]
813 1987 830 2003 '¹‘
852 1989 971 2021 Probris
987 1989 1019 2019 δε
1032 1989 1154 2028 injuriis
1164 1989 1236 2028 po'e‘-

272 2045 372 2068 tarum
384 2034 547 2075 subjetstam
559 2036 651 2064 vitam
661 2033 835 2073 famamque
849 2032 955 2062 habere
966 2032 1240 2071 noluerunt‚capite

271 2081 362 2110 etiam
372 2079 474 2119 puniri
483 2075 718 2108 sancientes,tale
729 2085 849 2104 carmen
860 2075 990 2104 condere
1005 2072 1024 2102 fi
1035 2072 1240 2113 quisauderet.

316 2123 356 2151 D.
382 2129 456 2150 Auo.
479 2117 560 2148 libo..
582 2125 695 2158 capss13-
710 2116 816 2157 Civit]
842 2115 857 2129 ⁴⁸
881 2115 960 2146 Cum
972 2114 1236 2147 artemludicram‚
1263 2122 1264 2127 ¹

287 2172 451 2202 cenamque
463 2170 555 2191 totam
566 2162 599 2190 iri
611 2160 722 2199 probro
732 2158 875 2188 ducerent
890 2177 898 2191 ,
920 2166 1014 2198 gertus
1031 2156 1060 2187 id
1075 2157 1238 2186 hominum

272 2215 339 2235 non
362 2203 461 2234 modo
478 2205 594 2232 honore
612 2202 726 2232 civium
747 2200 932 2240 reliquorum
943 2208 1040 2229 carere
1052 2218 1061 2232 2
1083 2197 1133 2228 sed
1149 2199 1238 2228 etiam

274 2247 354 2276 tribu
368 2246 486 2276 moveri
497 2245 653 2274 notatione
662 2242 798 2272 censoria
808 2243 982 2272 voluerunt.

318 2291 359 2318 D.
372 2291 511 2317 Aucvusr.
523 2284 604 2315 [2122.
617 2292 727 2325 cap.14.
740 2283 848 2324 ervia]
862 2283 907 2314 Ad
918 2292 995 2323 quos
1005 2292 1076 2313 cuum
1086 2280 1242 2312 acceffifl'et

273 2330 409 2363 clamor,
429 2329 461 2359 δε
472 2327 647 2368 approbatio
657 2327 761 2367 populi
773 2346 781 2359 ,
803 2324 883 2366 quasl
899 2324 1164 2366 magnicujusdam
1178 2344 1186 2357 ‚
1208 2324 1241 2354 ὃς

277 2373 417 2412 sapientis
435 2369 566 2412 magistri
581 2389 590 2403 ,
610 2378 682 2410 quas
698 2369 741 2397 illi
763 2366 920 2397 obducunt
939 2366 1240 2407 tenebras?quosin·

275 2415 393 2445 vehunt
403 2415 524 2442 metus?
543 2421 614 2452 quas
628 2409 1025 2449 inflimmantcupiditates?

320 2458 406 2485 Nou.
417 2454 560 2495 Fingere]
571 2456 634 2494 Ego
644 2450 717 2482 verb
728 2451 837 2481 eodem
849 2471 858 2485 ,
872 2461 935 2491 quo
946 2450 999 2480 ille
1010 2451 1183 2485 Homerum
1197 2459 1243 2479 re·

280 2497 427 2528 dimitum
447 2506 568 2527 coronis
579 2516 587 2529 ,
609 2494 642 2524 &
653 2493 824 2524 delibutum
834 2493 998 2533 unguentis
1013 2511 1023 2526 ‚
1041 2493 1201 2522 emittitex
1211 2500 1243 2521 ea

277 2540 351 2571 urbe
363 2560 371 2573 ‚
383 2548 472 2580 quam
485 2538 546 2577 ipse
556 2536 608 2567 sibi
621 2535 716 2575 fingit.

320 2583 481 2611 MAncm..
504 2578 604 2620 iib.3.]
626 2581 764 2619 Cumque
787 2577 864 2608 nihil
886 2585 945 2607 tam
965 2577 1172 2616 incorruptum
1188 2573 1243 2605 effe

278 2623 384 2654 debeat
404 2624 436 2652 in
457 2620 661 2661 repub.qu‡am
672 2620 908 2650 sententiaznon
923 2619 1081 2659 intelligo,
1101 2628 1171 2651 cur,
1191 2620 1244 2658 qui

278 2674 313 2694 ea
334 2665 458 2704 pecunia
473 2664 655 2703 corruperit,
677 2671 764 2701 poena
788 2661 896 2702 dignus
920 2660 972 2695 sit,
994 2662 1046 2700 qui
1061 2660 1243 2700 eloquentia,

280 2707 399 2736 nudem
418 2707 509 2736 ctiam
528 2705 610 2735 ferat.
631 2706 711 2733 Mihi
721 2703 844 2745 quidem
855 2705 910 2733 hoc
922 2703 988 2742 plus
1001 2703 1075 2732 mali
1086 2700 1184 2732 facere
1195 2703 1243 2730 vi-

283 2747 385 2781 detur,
405 2749 457 2788 qui
476 2752 629 2779 oratione,
654 2755 744 2786 quam
756 2744 1054 2786 quipretiojudicem
1065 2744 1242 2783 corrumpit,

282 2788 365 2828 quod
375 2791 498 2829 pecunia
509 2797 703 2829 corrumpere
713 2787 894 2829 prudentem
905 2796 1000 2817 nemo
1010 2784 1106 2826 potest
1116 2804 1125 2819 ,
1141 2785 1246 2816 dicen-

282 2837 323 2861 do
333 2829 437 2868 potest.

328 2873 413 2901 NON.
426 2875 558 2912 Impurus
569 2871 770 2912 &immanisfl
793 2869 810 2885 *
832 2870 887 2902 Sed
903 2870 1053 2908 iuventuti
1065 2867 1174 2899 nostrae.
1185 2869 1244 2899 mi-

283 2913 555 2947 nimeaudiendus.
579 2913 728 2954 Qippefi
740 2916 777 2943 ita
789 2911 894 2947 sensit,
919 2922 952 2943 ut
963 2913 1117 2952 loquitur,
1136 2910 1178 2940 est
1189 2911 1245 2940 ho-

284 2964 339 2984 mo
349 2956 501 2994 impurus:
517 2953 560 2984 fin
571 2956 655 2985 aliter
665 2975 674 2991 ,
690 2955 772 2996 quod
782 2955 864 2986 malo
876 2974 885 2989 ‚
908 2956 1006 2985 oratio
1015 2952 1057 2983 est
1069 2961 1171 2982 tamen
1184 2953 1246 2983 im-

281 3005 393 3029 manis.

327 3040 413 3069 Nou.
435 3035 623 3075 Ignominia]
636 3037 932 3076 Censorisjudicium
944 3037 1021 3068 nihil
1032 3035 1094 3066 fere
1105 3036 1247 3066 damnato

283 3077 366 3112 affert
378 3099 386 3114 ‚
407 3078 464 3110 nisi
482 3078 636 3111 ruborem.
658 3080 760 3119 Itaque
777 3082 846 3119 quia
864 3081 968 3111 omnis
979 3089 1010 3109 ea
1015 3080 1028 3119 j
1035 3079 1167 3111 u-:licatio
1181 3087 1258 3119 ver—¹

1262 73 1798 120 CxcERours

1265 151 1338 181 satur
1357 151 1571 182 tantummodo
1583 152 1616 182 in
1627 153 1776 186 nomine,
1801 152 2018 185 animadversio
2027 153 2224 195 illaignomi-

1267 194 1314 222 nia
1327 191 1405 222 dxcta
1416 192 1468 222 est.

1309 236 1395 263 Nou.
1415 232 1476 263 vbi
1497 234 1616 264 dativus
1624 241 1672 276 pro
1683 234 1874 275 accusativo]
1887 237 1952 266 Nec
1962 237 2034 267 vero
2046 237 2224 267 mulieribus

1268 274 1424 315 praefectus
1435 285 1623 315 praeponzitur
1634 297 1642 310 ,
1657 279 1707 317 qui
1721 276 1796 316 apud
1808 278 1915 306 Gaecos
1925 281 2013 307 creari
2025 280 2097 309 solet
2108 299 2117 313 ‚
2129 280 2176 310 sed
2189 278 2224 309 sit

1269 317 1372 347 censor
1383 336 1391 351 ‚
1406 320 1459 357 qui
1469 320 1549 347 viros
1561 318 1663 348 doceat
1675 319 1824 349 moderari
1834 318 1994 348 uxoribus.

1311 361 1387 389 Nou
1397 358 1586 400 Temulenta]
1595 359 1832 399 Magnam-habet
1841 362 1905 390 vim
1917 359 2072 399 disciplina
2079 371 2224 392 verecun-

1270 400 1336 431 diae.
1360 410 1463 431 carent
1474 410 1587 431 temeto
1600 411 1710 431 omnes
1722 402 1875 431 mulieres.

1313 445 1400 472 Nori.
1413 443 1527 484 Fama]
1551 441 1567 456 ⁸⁸
1589 452 1675 483 atque
1687 445 1775 473 etiarn
1788 441 1867 484 fiqua
1879 451 1938 473 erat
1946 441 2068 475 famosa,
2082 444 2108 472 ei
2116 453 2224 486 cogna-

1272 486 1295 514 ti
1311 484 1449 514 osculum
1461 495 1525 514 non
1534 483 1678 514 ferebant.

1313 528 1401 556 Nori.
1414 525 1544 567 clepera]
1569 528 1643 557 Non
1654 525 1751 556 modo
1763 534 1796 556 ut
1806 529 1913 567 Spartae.
1924 546 1932 560 ,
1959 535 2057 567 rapere
2068 525 2118 556 ubi
2129 530 2225 566 pueri,

1273 568 1305 598 &
1315 568 1431 607 clepere
1442 569 1571 598 discunt.

1314 609 1433 650 sitnm]
1452 610 1539 649 Apud
1558 611 1678 640 Graecos
1687 609 1852 650 opprobrio
1862 607 2187 644 fuitadolescentibus,
2210 608 2231 640 fi

1273 660 1422 681 amatores
1433 661 1495 681 non
1508 651 1656 681 haberent.

1317 695 1406 723 Non.
1417 693 1560 733 Jurgium
1570 689 1674 733 alita]
1702 691 1718 706 ²¹*
1732 692 1784 722 dm
1796 694 1867 726 iter,
1883 703 1937 724 nec
1947 703 2046 724 rerum
2057 692 2167 726 solum,
2181 692 2230 723 sed

1274 735 1436 766 verborum
1448 744 1537 765 etiam
1550 735 1726 776 elegantiam
1737 754 1745 767 ‚
1775 745 1802 764 st
1813 744 1964 773 JuRGAN‘r
1983 735 2104 775 (inquit
2115 736 2125 775 )
2137 735 2230 769 bene-

1274 777 1417 807 volorum
1440 785 1624 808 concertatio
1635 795 1644 811 ,
1665 786 1730 807 non
1747 777 1784 806 lis
1803 778 2002 807 inimicorum
2016 797 2025 811 ‚
2037 778 2173 818 jurgium
2183 777 2232 807 di·-

1274 827 1361 848 citur.

1320 863 1406 891 Nou.
1419 859 1510 902 thiat]
1519 861 1639 902 Jurgare
1650 861 1741 902 igitur
1750 861 1799 890 lex
1812 868 1893 901 putat
1903 861 1978 890 inter
1988 861 2015 891 se
2027 861 2157 893 vicinos,
2167 870 2233 890 non

1276 902 1407 941 litigare:

1320 946 1409 973 Non.
1432 944 1606 978 Petulantia,
1623 944 1921 985 Procaciras.]11aque
1931 944 1946 974 a
1956 943 2086 983 petendo
2095 943 2232 983 petulan-

1276 987 1316 1016 tia
1328 1005 1336 1018 ,
1347 986 1362 1015 a
1373 985 1526 1025 procando
1539 1005 1548 1019 ‚
1563 985 1592 1015 id
1603 984 1656 1019 est,
1667 985 1828 1025 poscendo,
1843 988 2000 1024 procacitas
2010 989 2165 1015 nominata
2175 984 2231 1015 est-

1318 1027 1522 1068 NoN.1-·ides.]
1534 1026 1621 1057 Fides
1630 1029 1714 1056 enim
1726 1037 1841 1057 nomen
1853 1028 1950 1067 ipsum
1963 1028 2039 1056 mihi
2049 1027 2167 1058 videtui·
2181 1028 2233 1056 ha-

1275 1068 1355 1102 bere,
1367 1069 1438 1099 cum
1453 1068 1504 1102 fit,
1516 1069 1596 1109 quod
1612 1069 1732 1098 dicitur.
2148 1078 2159 1081 ⁷*

1317 1113 1406 1141 Nou.
1424 1110 1686 1150 fisandzmenrum]
1710 1112 1746 1140 In
1765 1112 1830 1140 cive
1851 1109 1987 1143 excelso,
2011 1119 2096 1150 atque
2106 1111 2232 1139 homine

1274 1153 1392 1186 nobili,
1413 1152 1589 1183 blanditiam
1605 1172 1617 1186 2
1627 1153 1860 1183 ostentationem
1873 1172 1881 1186 2
1893 1153 2094 1183 ambitionem
2106 1171 2119 1186 2.
2128 1161 2235 1182 notam

1273 1193 1330 1225 effe
1343 1196 1480 1224 levitatis.

1316 1238 1404 1267 Mou.
1428 1235 1583 1276 Portitor]
1604 1235 1690 1266 Nolo
1705 1237 1787 1266 enim
1799 1235 1930 1267 eundem
1944 1236 2093 1276 populum
2107 1254 2116 1268 ‚
2136 1236 2235 1275 impe-

1271 1287 1401 1309 ratorem
1424 1278 1457 1308 &
1478 1279 1656 1317 portitorem
1674 1275 1899 1308 effeterrarumz
1925 1281 2077 1317 optimum
2090 1285 2188 1307 autem
2201 1276 2238 1307 δε.

1273 1322 1305 1350 in
1317 1322 1440 1360 privatis
1450 1318 1577 1350 familiis
1591 1338 1601 1354 ‚
1624 1320 1699 1350 &in
1711 1329 1773 1360 rep.
1791 1319 1918 1360 vestigal
1934 1321 2012 1351 duco
2024 1318 2081 1349 effe
2091 1316 2220 1359 parsimo
2234 1355 2237 1357 Ι

1279 1371 1373 1392 niam.

1318 1407 1407 1435 Nom.
1431 1403 1567 1445 Pecuda]
1591 1402 1608 1417 '¹‘
1629 1399 1701 1434 cum
1714 1403 1858 1434 adhibent
1870 1405 1900 1433 in
1911 1402 2022 1443 pecuda
2031 1401 2169 1442 pastores.

1316 1449 1404 1476 NON.
1424 1445 1598 1487 Excipere-J
1621 1444 1638 1459 ²*
1660 1455 1738 1486 quos
1760 1445 1927 1484 insepultos
1945 1442 2149 1484 reliquissent,
2168 1452 2231 1477 eos,

1272 1497 1349 1529 quos
1358 1497 1395 1517 ex
1405 1497 1480 1518 mari
1496 1506 1506 1520 ,
1525 1495 1644 1527 propter
1652 1497 1715 1516 vim
1730 1486 1911 1526 tempestatis
1925 1505 1933 1519 ‚
1950 1488 2088 1525 excipere
2096 1494 2160 1514 non
2174 1494 2232 1524 po-

1274 1528 1407 1562 tuissent,
1418 1530 1609 1558 innocenteis
1620 1529 1802 1557 necaverint.

1316 1573 1402 1599 Nox.
1424 1568 1598 1610 Proprium]
1623 1571 1659 1598 Et
1678 1568 1778 1598 noster
1797 1568 1880 1599 Plato
1899 1569 1992 1608 magis
2010 1569 2121 1601 etiam,
2140 1565 2233 1607 quam

1274 1614 1426 1652 Lycurgus
1438 1630 1446 1643 ,
1471 1612 1578 1639 omnia
1593 1610 1712 1648 prorsus
1727 1610 1813 1648 jubet
1831 1608 1888 1640 esse
1907 1611 2102 1642 communia,
2124 1611 2233 1648 nequis

1272 1655 1349 1684 civis
1358 1652 1523 1691 propriam,
1536 1659 1585 1680 aut
1596 1651 1679 1680 suam
1691 1660 1753 1680 rem
1767 1652 1863 1680 ullam
1875 1659 1961 1690 queat
1973 1650 2077 1679 dicere.

1316 1696 1402 1724 NoN.
1421 1692 1454 1720 de
1469 1690 1558 1720 άοῦὲν,
1582 1691 1656 1731 ind]
1676 1693 1741 1721 Nec
1752 1693 1785 1721 in
1796 1692 1848 1722 hac
1860 1689 2037 1721 dlffenfione
2049 1692 2162 1731 suscepi
2174 1699 2234 1731 po-

1275 1733 1474 1775 pulicausam,
1487 1732 1536 1762 sed
1547 1732 1712 1762 bonorum.

1318 1778 1405 1806 Nou.
1426 1774 1585 1814 Augure]
1598 1776 1653 1804 Cui
1667 1774 1792 1815 quidem
1805 1773 2001 1805 utinam-vere
2013 1775 2231 1815 auguraverim.

1319 1820 1406 1848 Nou.
1422 1815 1623 1856 Sandistudo]
1643 1814 1659 1830 ²*
1682 1816 1803 1846 eosdem
1814 1825 1960 1846 terminos
1970 1816 2133 1845 hominum
2144 1825 2234 1849 curae„

1275 1869 1360 1901 atque
1371 1862 1440 1890 vitae
1451 1870 1457 1887 ;
1468 1855 1505 1888 fic
1515 1857 1675 1897 pontificio
1683 1859 1749 1897 jure
1759 1857 1927 1889 sanctitudo
1938 1858 2101 1897 sepulturae.

1319 1905 1405 1932 Pius.
1417 1899 1458 1930 lib
1478 1899 1544 1940 16.]
1562 1902 1637 1929 Non
1650 1901 1732 1930 enim
1741 1899 1827 1930 facile
1839 1900 1951 1930 valenti
1960 1900 2074 1940 populo
2083 1897 2235 1933 resistitur,

1279 1943 1297 1974 si
1309 1954 1358 1975 aut
1369 1944 1447 1974 nlhss
1460 1942 1767 1981 impertiasjur'is„aut
1776 1951 1892 1984 parum.
2109 1945 2112 1948 “

1321 1989 1412 2018 Pius.
1429 1983 1537 2024 carm]
1557 1984 1728 2014 Brachialia.

1322 2028 1424 2068 Pais.)
1436 2034 1610 2057 armentum
1621 2025 1731 2056 habeo.

1730 2078 1750 2099 E
1772 2079 1797 2100 x

1502 2113 1746 2142 M.TuL1.1.1
1771 2114 2022 2142 Cicssnouxs

1461 2155 1492 2184 D
1547 2155 1573 2184 E
1656 2155 1685 2183 R
1737 2155 1762 2183 E
1816 2155 1838 2184 P
1868 2156 1898 2183 U
1947 2155 1972 2182 Β
2022 2154 2058 2183 L.

1642 2197 1668 2225 L
1695 2205 1706 2224 1
1732 2205 1750 2224 Β
1772 2205 1807 2224 R.
1849 2197 1886 2224 V.

1334 2241 1456 2269 D-Auo.
1469 2236 1554 2267 libo..
1566 2246 1640 2267 σαι.
1653 2237 1743 2266 (ivit.
1757 2237 1790 2266 &
1800 2246 1876 2266 NON.
1888 2235 2027 2278 quendam
2036 2235 2126 2266 locum
2136 2235 2187 2278 qui
2196 2234 2240 2266 esi

1283 2282 1311 2311 in
1321 2279 1447 2320 hocftag.
1457 2282 1563 2321 profert
1573 2280 1602 2308 in
1618 2278 1744 2319 vanum)
1755 2281 1836 2310 Enn.

1324 2322 1464 2353 Mortem
1474 2322 1599 2362 antiqua
1608 2331 1648 2351 res
1649 2320 1711 2357 stat
1719 2324 1863 2362 'quanas
1875 2320 2014 2361 virisque.

1283 2367 1383 2406 Qem
1403 2364 1527 2406 quidem
1548 2363 1601 2393 ille
1623 2363 1741 2393 versum
1754 2382 1762 2397 ,
1785 2364 1832 2393 vel
1853 2362 1996 2393 brevitate
2007 2382 2015 2396 ‚
2041 2362 2090 2392 vel
2110 2363 2242 2395 veritate,

1283 2417 1436 2447 tamquam
1456 2416 1495 2436 ex
1517 2406 1638 2436 oraculo
1657 2406 1734 2434 mihi
1752 2405 1886 2445 quodam
1914 2402 1972 2434 ess‘e
1991 2402 2098 2434 effatus
2116 2403 2243 2434 videtur.

1283 2459 1354 2479 nam
1368 2458 1465 2489 neque
1475 2448 1543 2481 viri,
1558 2445 1612 2476 nisi
1623 2449 1663 2477 ita
1675 2456 1789 2477 morata
1798 2448 1902 2476 civitas
1911 2444 2122 2486 fuiffer‚neque
2133 2454 2243 2478 morea

1285 2489 1338 2521 nisi
1351 2491 1381 2519 hi
1393 2492 1448 2520 viri
1461 2487 1644 2529 praefuiss'ent
1657 2508 1666 2522 ‚
1681 2487 1874 2522 autfundare,
1887 2497 1936 2518 aur
1945 2487 2062 2518 tamdiu
2073 2495 2172 2517 tenere
2190 2495 2247 2526 po-

1285 2530 1405 2563 tuiss‘ent
1424 2540 1535 2562 tantam
1551 2551 1559 2565 ‚
1576 2529 1609 2560 δε
1621 2539 1681 2561 tam
1694 2530 1782 2571 longe
1796 2549 1804 2564 ‚
1824 2531 1942 2570 lateque
1955 2531 2155 2569 imperantem
2165 2537 2245 2558 rem-

1283 2574 1444 2615 publicam.
1478 2575 1581 2615 Itaque
1600 2581 1668 2602 ante
1686 2572 1820 2602 nostram
1840 2573 2021 2602 memoriam
2041 2571 2074 2600 δε
2094 2579 2163 2600 mos
2185 2569 2246 2609 ipse

1284 2620 1394 2658 patrius
1417 2614 1600 2655 praestanteis
1622 2615 1705 2645 viros
1718 2614 1897 2647 adhibebat,
1920 2613 2100 2644 &veterum
2113 2619 2243 2642 morem,

1283 2670 1315 2690 ac
1331 2658 1481 2698 majorum
1503 2657 1636 2689 instituta
1656 2656 1824 2687 retinebant
1843 2655 2027 2686 excellentes
2046 2655 2123 2687 viri,
2145 2649 2245 2682 nostra

1284 2699 1357 2732 vero
1369 2709 1438 2730 aetas
1447 2700 1519 2731 cum
1531 2698 1668 2739 rempub.
1685 2696 1755 2728 sicut
1765 2697 1912 2738 pusturarn
1922 2693 2074 2736 accepisset
2084 2693 2244 2735 egregiam»

1286 2742 1333 2773 sed
1343 2744 1404 2780 jam
1413 2742 1642 2772 evanescentem
1652 2739 1796 2771 vetustate
1806 2759 1815 2774 ‚
1836 2749 1900 2769 non
1910 2737 2006 2768 modo
2018 2746 2082 2768 eam
2092 2734 2245 2767 coloribus

1286 2784 1392 2814 iisdem
1403 2804 1414 2819 ,b
1424 2784 1535 2824 quibus
1544 2783 1650 2816 fuerat,
1661 2791 1805 2812 renovare
1814 2781 1961 2823 neglexit,
1973 2779 2020 2810 sed
2035 2788 2071 2808 ne
2082 2777 2112 2807 id
2120 2774 2246 2822 quidem

1286 2827 1409 2859 curavit,
1422 2835 1454 2855 ut
1464 2825 1596 2857 formam
1608 2824 1709 2855 saltem
1719 2824 1794 2860 eim,
1807 2823 1840 2853 δε
1849 2831 1981 2853 exrrema
1990 2828 2141 2859 tamquam
2152 2818 2248 2848 linea-

1286 2877 1391 2902 menta,
1405 2867 1541 2899 servaret.
1571 2866 1646 2908 quid
1665 2867 1749 2896 enim
1770 2873 1872 2895 manet
1894 2873 1932 2894 ex
1951 2862 2079 2901 antiquis
2098 2859 2248 2892 moribus,

1286 2910 1397 2951 quibus
1414 2909 1468 2938 ille
1488 2909 1566 2940 dixit
1578 2918 1638 2938 rem
1651 2907 1724 2938 stare
1735 2909 1906 2938 Romanam
1920 2914 1925 2932 :
1949 2903 2077 2943 quosaita
2086 2901 2249 2931 oblivione

1288 2951 1440 2982 obsoletos
1450 2951 1589 2981 videmus
1600 2970 1607 2983 ‚
1633 2958 1740 2980 utnon
1750 2947 1845 2977 modo
1859 2955 1922 2976 non
1932 2945 2068 2975 colantur
2078 2963 2087 2978 ‚
2099 2942 2146 2973 sed
2156 2943 2249 2973 etiam

1287 2995 1471 3033 ignorentur.
1498 2995 1578 3023 Nam
1596 2992 1633 3022 de
1654 2992 1725 3020 viris
1742 2987 1817 3028 quid
1840 2987 1961 3017 dicam?
1982 2995 2082 3016 mores
2101 2985 2185 3015 enim
2198 2981 2251 3023 ipsi

1286 3037 1467 3065 interierunt
1485 3035 1620 3064 virorum
1640 3032 1776 3072 penuria.
1801 3031 1887 3069 cujus
1907 3030 1981 3058 tanti
1997 3028 2066 3058 mali
2080 3036 2142 3056 non
2153 3025 2249 3056 mode>

1287 3076 1436 3109 reddenda
1447 3078 1521 3108 ratio
1532 3074 1621 3107 nobis
1629 3093 1640 3110 2
1660 3072 1817 3106 sedetiam
1826 3079 1981 3113 tamquam
1992 3071 2050 3101 reis
2060 3069 2163 3142 capitis
2173 3077 2251 3139 qug-

2105 3118 2208 3141 ammo
2232 3118 2272 3150 uf
