2297 3389
642 110 906 157 ORArio
957 127 1025 159 iu
1073 111 1549 176 QCAEcrniuM.

103 196 206 231 abillo
215 193 374 228 accusetur,
385 191 415 223 id
425 198 505 232 peto.
528 191 577 221 Da
586 192 665 221 mihi
673 192 731 222 hoc
742 202 748 220 :
767 191 909 225 concede,
921 193 1002 232 quod
1014 191 1058 222 fa-

102 242 160 272 cile
169 239 222 271 est,
233 236 313 278 quod
323 233 495 266 honestum,
510 233 590 274 quod
601 242 666 263 non
676 233 878 263 invidiosum:
899 234 981 273 quod
992 232 1064 263 cum

102 281 218 312 dederis
229 299 236 312 ‚
260 276 320 308 sine
332 276 395 306 ullo
406 284 458 305 tuo
469 275 602 315 periculo
610 295 620 309 ,
643 273 704 305 fine
715 274 841 315 infamia
849 275 925 304 illud
936 275 1063 308 dederis,

100 332 136 354 ut
146 324 170 352 is
180 320 356 352 absolvatur,
367 318 413 354 cui
418 327 452 347 us
461 327 518 358 ego
529 317 612 347 causa
621 317 734 347 laboro.
765 320 804 347 Et
813 318 854 347 ait
864 316 958 349 idem,
970 325 1003 345 ut
1010 316 1064 346 ali—

102 365 170 406 quis
181 369 278 392 metus
288 358 446 397 adjunctus
465 358 499 388 sit
514 358 549 388 ad
561 360 683 400 giatiam
696 369 701 387 :
724 368 820 388 certos
837 356 896 388 ess'e
912 360 946 387 in
966 357 1065 387 consi-

101 407 153 438 lio,
164 403 273 445 quibus
283 400 380 438 ostendi
390 400 503 430 tabellam
511 401 595 430 velit.
620 401 650 430 id
660 399 717 430 ess'e
727 399 877 440 perfacile.
898 409 964 430 non
978 401 1063 429 enim

101 447 231 489 singulos
239 443 314 474 ferre
325 444 495 476 sententias,
507 442 556 473 sed
567 443 721 472 universos
728 441 908 472 constituere
919 452 924 470 τ
935 450 1061 472 ceratam

100 489 262 528 unicuique
270 485 410 516 tabellam
421 485 482 515 dari
493 495 554 513 cera
562 485 704 525 legitima,
717 494 781 514 non
791 485 843 514 illa
852 484 955 523 infami
964 494 998 513 ac
1009 493 1063 513 ne-

98 531 179 563 faria.
200 533 298 570 Atque
307 530 330 557 is
341 537 405 557 non
416 536 477 558 tam
487 536 607 567 propter
615 529 741 556 Verrem
751 526 968 566 laborat‚quiim
980 523 1062 566 quod

99 583 170 605 eum
181 570 312 602 minime
324 579 370 599 res
379 578 440 599 tota
448 568 584 599 delefftat.
602 568 686 598 videt
693 571 777 598 enim
789 587 798 602 ‚
809 567 830 597 fi
840 568 856 598 a
865 569 964 608 pueris
971 567 1063 597 nobi-

100 615 178 646 libus
188 634 197 648 ,
216 622 292 654 quos
311 612 406 642 adhuc
417 609 516 641 elusit:
538 609 559 640 si
568 610 583 640 a
592 609 871 651 quadruplatoribus
882 629 890 643 ‚
911 619 986 650 quos
997 619 1062 639 non

100 656 162 690 fine
170 656 252 686 causa
262 652 423 685 contemsit
431 654 556 694 semper,
569 662 601 682 ac
609 661 664 692 pro
673 652 772 682 nihilo
781 653 895 691 putavit
904 672 912 685 ,
924 651 1061 681 accusan-

101 699 278 730 divoluntas
289 696 323 726 ad
335 697 416 725 viros
427 694 530 725 forteis
540 716 549 728 ,
561 693 763 734 speeiatosque
773 695 918 723 homines
929 692 1062 723 transsata

62 741 80 776 8
101 740 136 772 fit
145 761 154 775 ,
168 745 177 760 ¹
192 740 220 770 se
231 741 264 768 in
274 737 394 776 judiciis
404 737 557 767 dominari
568 746 631 766 non
640 733 733 775 poss‘e.
780 737 862 765 Huic
871 745 927 775 ego
939 735 1061 764 homini

97 785 162 825 jam
176 790 243 813 ante
259 781 408 810 denuntio
418 799 426 812 ‚
447 777 467 808 fi
477 778 493 808 a
504 788 553 807 me
562 778 678 807 caufiim
689 778 765 807 hanc
773 787 827 807 vos
836 779 881 817 agi
889 777 1060 809 volueritis,

98 827 248 857 rationem
259 822 306 852 illi
316 819 498 851 defendendi
508 828 600 850 totam
612 818 671 849 efl'e
688 819 867 849 mutandam
879 840 888 852 ,
910 819 944 849 Sc
961 820 1001 848 ita
1019 827 1061 848 ta-

100 877 175 898 men
185 863 359 896 mutandam
370 883 379 896 ,
398 871 431 892 ut
441 861 565 892 meliore
578 882 586 894 ‚
602 861 635 892 ὃς
645 860 816 891 honestiore
828 861 1004 891 conditione
1016 858 1060 894 sit,

98 909 191 951 quam
202 916 258 949 qua
267 907 328 946 ipse
341 902 399 934 effe
419 904 504 938 vult;
524 913 557 933 ut
574 905 712 933 imitetur
730 904 874 933 homines
892 912 962 935 eos,
984 912 1061 943 quos
1085 929 1086 935 ,

99 952 162 991 ipse
170 950 246 980 vidit
261 945 471 987 ampliffimos,
493 947 528 975 L.
542 944 687 978 Crafl'um,
699 945 731 975 &
740 947 784 975 M.
796 946 968 975 Antonium
981 955 986 973 z
1010 946 1061 984 qui

100 992 179 1024 nihil
191 992 218 1021 se
228 988 443 1020 arbitrabantur
452 987 486 1018 ad
497 987 618 1023 judicia,
629 987 785 1028 causasque
795 989 964 1017 amicorum
975 1007 983 1020 ‚
996 994 1062 1024 prx—

98 1033 240 1073 terfidem,
252 1032 286 1063 (9·
297 1031 450 1071 ingenium,
459 1029 558 1069 afferre
566 1036 693 1070 oportere.
720 1029 815 1070 ⁴Nihil
824 1030 892 1062 erit,
905 1029 997 1069 quod,
1011 1038 1062 1057 me

98 1085 202 1118 agente
211 1095 219 1108 ,
229 1071 540 1112 arbitreturjudicium
550 1069 611 1100 sine
623 1081 733 1113 magno
744 1071 914 1101 multorum
926 1070 1061 1110 periculo

98 1117 181 1159 posse
192 1116 355 1155 corrumpi.
386 1117 451 1154 Ego
471 1116 504 1143 in
523 1114 602 1151 hoci
609 1113 711 1143 udicio
722 1114 800 1143 mihi
810 1113 982 1143 Siculorum
993 1122 1061 1142 caii-
1085 1145 1088 1153 .

101 1161 162 1191 sam
180 1166 328 1197 receptam
340 1176 349 1190 ,
365 1156 470 1196 populi
481 1155 693 1195 R.susceptam
704 1153 763 1184 effe
772 1154 911 1185 arbitror:
932 1164 966 1184 ut
983 1155 1061 1183 mibi

99 1212 163 1233 non
173 1210 250 1231 unus
261 1201 356 1229 homo
368 1197 524 1238 improbus
534 1196 751 1237 opprimendus
761 1195 795 1227 fit
805 1217 813 1230 ,
836 1196 868 1226 id
877 1196 958 1237 quod
970 1197 1061 1227 Siculi

97 1246 270 1286 petiverunt
281 1252 286 1270 ;
310 1240 359 1271 sed
370 1241 502 1270 omnino
512 1241 595 1269 omnis
606 1238 770 1280 improbitati
779 1260 786 1272 ,
799 1238 830 1268 id
841 1239 922 1280 quod
932 1238 1062 1279 populus

100 1288 195 1317 Rom.
205 1282 322 1324 jamdiu
333 1281 441 1324 flagitat
450 1302 459 1315 ,
470 1281 688 1323 exstinguenda
698 1301 706 1314 ,
719 1290 746 1311 at
769 1291 805 1311 ue
816 1280 943 1311 delendi
953 1279 1009 1311 sit„
1024 1283 1061 1311 In

101 1338 163 1370 quo
172 1337 228 1368 ego
238 1324 311 1367 quid
320 1325 394 1355 eniti
407 1345 415 1357 ,
435 1333 485 1354 aut
492 1323 565 1364 quid
575 1321 693 1353 efficere
702 1333 742 1363 po
781 1333 811 1352 m
823 1343 831 1357 ,
852 1324 932 1353 malo
942 1325 975 1352 in
985 1323 1062 1353 alio—

101 1380 169 1401 rum
181 1370 228 1409 spe
238 1368 405 1407 relinquere
414 1386 423 1399 ,
437 1375 527 1407 quam
539 1367 572 1395 in
582 1367 717 1395 oratione
727 1375 794 1395 mea
802 1375 924 1406 ponere.
948 1368 999 1396 Tu
1011 1375 1062 1395 ve-

100 1410 147 1446 rb,
157 1410 270 1444 Caecili,
280 1408 352 1450 quid
363 1417 448 1448 potes
460 1411 541 1449 ?quo
552 1417 698 1448 tempore,
709 1417 758 1438 aut
767 1418 824 1448 qua
833 1410 865 1438 in
876 1418 907 1437 re
915 1417 980 1437 non
993 1417 1062 1437 mo-

101 1453 277 1493 dbspecimen
286 1453 390 1481 ceteris
399 1450 522 1491 aliquod
532 1450 639 1480 dedisti
651 1470 660 1483 ‚
681 1450 731 1480 sed
751 1459 813 1480 tute
832 1451 877 1479 tui
894 1450 1062 1489 periculum

100 1495 218 1527 fecisti?
241 1496 276 1524 In
288 1502 425 1523 mentem
436 1493 492 1522 tibi
501 1502 566 1522 non
575 1494 659 1522 venit
669 1512 678 1526 ,
698 1492 772 1533 quid
782 1494 897 1533 negotii
906 1490 1061 1522 fitcausam

101 1537 254 1579 publicam
273 1535 434 1566 sustinere?
450 1536 544 1564 vitam
553 1534 672 1564 alterius
683 1543 775 1564 totam
786 1535 936 1574 explicare
949 1554 958 1567 ,
977 1543 1062 1574 atque

101 1590 168 1610 eam
179 1588 242 1609 non
253 1577 348 1608 modo
360 1579 393 1607 in
403 1578 513 1607 animis
523 1576 723 1614 judicum‚sed
732 1578 823 1606 etiam
833 1579 866 1606 iti
877 1576 1062 1609 oculis,con-

103 1621 261 1662 speckuque
271 1621 414 1650 omnium
423 1629 592 1659 exponere:
606 1619 758 1649 sociorum
773 1618 910 1652 salutern,
921 1627 1063 1648 commo—

103 1664 141 1695 da
148 1664 370 1704 provinciarum
379 1682 388 1695 ,
412 1663 477 1691 vim
486 1662 588 1702 legum
601 1682 609 1694 .
630 1662 804 1702 gravitatem
813 1660 1000 1700 judiciorum
1009 1659 1063 1690 de—

61 1706 85 1742 9
103 1705 224 1736 fendere
235 1708 246 1735 ?
289 1703 441 1746 Cognosce
450 1713 488 1733 ex
499 1713 560 1737 me,
572 1705 718 1744 quoniam
728 1704 787 1733 hoc
795 1705 931 1743 primum
943 1712 1062 1743 tempus

103 1747 237 1779 discendi
245 1746 350 1777 Πειᾶιιε
360 1756 402 1780 es,
412 1745 503 1787 quam
514 1746 612 1775 multa
618 1744 675 1775 effe
685 1754 820 1785 oporteat
828 1747 862 1775 in
871 1755 919 1779 eo,
929 1747 982 1786 qui
991 1747 1064 1775 alte-

103 1800 173 1822 rum
190 1789 304 1819 accuset
315 1799 320 1818 :
341 1798 379 1818 ex
395 1787 504 1828 quibus
515 1786 536 1817 fi
543 1797 642 1817 unum
651 1787 774 1828 aliquod
782 1789 815 1817 in
826 1796 854 1817 te
863 1788 1042 1829 cognoveris
1055 1797 1060 1815 :

99 1841 158 1873 ego
165 1833 226 1873 jam
237 1830 292 1860 tibi
302 1831 362 1870 ipse
369 1830 476 1864 isthuc,
486 1829 568 1870 quod
578 1832 776 1869 expetis,mea
784 1830 942 1859 voluntate
952 1839 1061 1859 conce-

102 1875 182 1906 dam.
206 1871 342 1904 Primi‘im
354 1872 547 1912 integritatem
556 1891 564 1906 ,
583 1880 669 1912 atque
679 1872 866 1900 innocentiam
875 1870 1060 1913 singularem.

103 1919 218 1947 Nimi„
234 1924 292 1944 nsi·
312 1915 396 1943 enim
407 1934 415 1948 ,
426 1913 508 1954 quod
517 1916 621 1943 minus
631 1912 792 1943 ferendum
804 1911 838 1943 sit
849 1934 857 1946 ‚
869 1923 960 1954 quam
970 1916 1062 1943 ratio-

103 1968 177 1989 nem
187 1957 224 1987 ab
233 1956 325 1986 altero
334 1957 402 1985 vitae
411 1955 561 1995 reposcere
571 1957 709 1996 eum,qui
717 1965 783 1985 nori
792 1953 879 1994 poffit
888 1955 945 1985 suae
956 1954 1061 1984 redde—

102 2011 144 2031 re.
156 1998 216 2029 Hic
224 2008 280 2039 ego
289 1996 326 2027 de
335 2006 363 2027 te
373 1997 458 2037 plura
467 2006 532 2026 non
542 1996 651 2026 dicam:
660 2006 756 2026 unum
767 1996 844 2027 illud
854 1996 943 2026 credo
953 2006 1061 2026 omnes

100 2041 336 2073 animadvertere
346 2059 355 2072 ,
375 2047 402 2068 te
412 2037 509 2069 adhuc
517 2038 554 2068 ab
562 2039 658 2068 nullis
668 2059 676 2072 ,
695 2036 751 2068 nisi
760 2039 775 2068 a
785 2038 892 2069 Siculis
902 2058 911 2072 ,
933 2037 1061 2078 potuiffe

101 2083 244 2125 cognosci
256 2092 261 2111 :
279 2080 397 2111 Siculos
407 2081 465 2110 hoc
474 2080 572 2110 dicere
582 2101 591 2113 ,
607 2079 679 2110 cum
689 2079 788 2110 eidem
800 2079 857 2110 sint
866 2082 932 2110 irati
942 2101 950 2114 ‚
970 2082 1019 2110 cui
1030 2089 1061 2110 tu

101 2134 130 2157 te
139 2126 302 2155 inimicum
314 2120 370 2152 esse
383 2121 469 2155 dicis,
481 2122 539 2152 sese
548 2131 649 2152 tamen
661 2142 668 2155 ‚
688 2132 716 2152 te
726 2121 824 2160 aistorc
836 2142 844 2155 ,
863 2122 899 2152 ad
906 2122 1059 2162 judicium

99 2177 166 2198 non
175 2165 330 2196 affuturos.
352 2166 450 2206 Qare
460 2173 581 2204 negent,
593 2174 631 2194 ex
640 2174 690 2194 me
700 2174 765 2194 non
774 2163 886 2194 audies.
900 2165 955 2194 lios
964 2173 1061 2204 patere

99 2209 131 2240 id
136 2208 272 2250 suspicari
283 2226 292 2241 ,
304 2206 387 2247 quod
394 2204 509 2236 neceffe
518 2205 568 2237 est.
593 2206 643 2236 Illi
653 2206 777 2247 quidem
789 2205 833 2244 (ut
842 2205 885 2235 est
893 2207 1058 2236 hominum

100 2261 195 2294 genus
204 2251 297 2280 nimis
304 2256 427 2279 acutum
437 2267 446 2281 ,
468 2247 501 2278 &
511 2248 720 2288 suspiciosum)
733 2258 799 2277 non
811 2256 840 2277 te
850 2258 887 2278 ex
898 2249 999 2278 Sicilia
1009 2249 1059 2277 lit-

100 2294 218 2325 terasia
225 2295 350 2321 Verrem
359 2290 513 2330 deportare
522 2290 602 2320 velle
609 2290 802 2321 arbitrantur:
826 2290 876 2320 sed
887 2310 896 2323 ,
916 2289 987 2320 cum
1007 2290 1059 2320 iis-

102 2336 174 2367 dem
191 2335 298 2364 litteris
314 2332 396 2362 illius
414 2341 539 2372 praetura
556 2332 590 2362 &
610 2341 659 2362 tua
681 2331 826 2373 quaestura
834 2330 1002 2373 consignata
1012 2331 1055 2365 sit,

99 2378 243 2418 asportare
254 2384 280 2406 te
289 2374 369 2405 velle
377 2383 414 2404 ex
422 2375 523 2404 Sicilia
531 2374 631 2404 literas
647 2375 838 2414 suspicantur.
871 2375 993 2405 Deinde
1009 2385 1058 2404 ac-

101 2419 265 2460 cufizrorem,
271 2416 391 2456 firmum
403 2436 412 2449 ,
423 2426 577 2457 verumque
584 2415 633 2454 effe
641 2429 655 2445 o
675 2424 755 2446 ortet.
779 2419 860 2446 Eum
870 2426 925 2458 ego
934 2415 954 2446 fi
964 2425 992 2447 te
1001 2427 1057 2457 pu-

101 2470 163 2492 tem
172 2470 278 2500 cupere
288 2456 362 2492 esse,
380 2457 469 2488 facile
478 2459 616 2501 intelligo
627 2425 683 2489 else
693 2469 756 2489 non
765 2457 860 2498 pofi'e.
890 2461 923 2488 N
925 2469 957 2489 ec
966 2469 999 2489 ea
1010 2459 1056 2489 di-

99 2513 147 2538 co,
157 2513 223 2544 quae
234 2500 255 2531 fi
264 2500 373 2533 dicam,
382 2508 484 2530 tamen
492 2499 645 2530 infirmare
655 2510 720 2531 non
727 2497 816 2541 poffis
830 2511 835 2529 :
845 2509 885 2534 te,
895 2510 1054 2542 antequam

71 2552 73 2555 ’
100 2545 138 2576 de
156 2545 257 2576 Sicilia
272 2541 443 2576 decefi'eris,
464 2544 496 2572 in
506 2544 629 2584 gratiam
638 2542 744 2573 redifi'e
753 2552 823 2573 cum
833 2545 924 2573 Verre
937 2553 942 2572 :
969 2546 1055 2573 Pota—

99 2596 228 2618 monem
238 2606 247 2620 ,
267 2584 392 2615 scribam
403 2604 412 2617 ,
433 2585 466 2614 &
481 2583 665 2614 familiarem
682 2594 770 2615 tuum
780 2604 789 2617 ‚
813 2593 962 2614 retentum
974 2584 1031 2615 effe
1041 2586 1056 2615 a

99 2631 192 2659 Verre
200 2630 235 2658 in
242 2627 398 2668 provincia
410 2646 418 2659 ‚
433 2625 504 2657 cum
514 2635 545 2656 tu
556 2626 728 2657 decederes:
749 2629 791 2656 M.
804 2626 958 2656 Caecilium
972 2647 980 2660 ,
999 2626 1056 2657 fra-

100 2679 177 2703 trem
195 2679 282 2700 tuum
293 2688 301 2702 ,
321 2666 516 2698 leehffimum
526 2688 535 2701 ‚
558 2677 646 2709 atque
654 2667 875 2698 ornatiffimum
883 2667 1057 2699 adolescen-

100 2719 174 2746 tem,
185 2722 251 2742 non
260 2708 356 2741 mode>
367 2720 430 2739 non
441 2708 534 2740 adeste
548 2730 556 2744 ,
565 2720 663 2750 neque
674 2720 774 2741 tecum
787 2719 850 2740 tuas
860 2711 982 2750 injurias
990 2721 1057 2751 per-

96 2754 182 2795 sequi
194 2764 200 2782 :
218 2753 267 2784 sed
277 2751 335 2783 effe
343 2762 414 2782 cum
425 2755 517 2782 Veii-e
529 2763 534 2780 :
553 2762 624 2782 cum
633 2752 690 2782 illo
699 2750 928 2782 familiariffime¹
941 2773 949 2786 ,
968 2762 1056 2794 atque

99 2794 276 2827 amiciffime
285 2796 396 2824 vivere.
428 2797 504 2824 Sunt
513 2795 574 2824 haec
584 2815 593 2828 ,
613 2794 645 2824 &
654 2795 710 2824 alia
718 2796 752 2824 in
770 2803 798 2824 te
808 2793 880 2834 falfi
894 2795 1058 2834 accufizraris

91 2837 176 2881 figna
182 2837 330 2878 permulta
341 2846 345 2864 :
361 2835 471 2876 quibus
479 2846 535 2877 ego
544 2846 626 2866 nunc
635 2846 700 2866 non
711 2845 788 2866 utor.
812 2838 871 2866 hoc
880 2836 950 2866 dico
959 2857 967 2870 ,
979 2846 1006 2866 te
1016 2857 1023 2870 ‚
1036 2837 1057 2867 si

55 2892 60 2897 “
99 2878 236 2910 maxime
246 2880 345 2919 cupias
355 2898 363 2910 ,
383 2886 485 2907 tamen
494 2888 602 2908 verum
611 2878 810 2908 accusatorem
821 2876 879 2908 effe
888 2888 952 2908 non
961 2877 1055 2918 poss'e.

99 2921 198 2953 Video
216 2922 301 2952 enim
318 2920 469 2960 permulta
485 2917 543 2950 effe
559 2922 688 2951 crimina
696 2940 707 2955 ,
727 2928 858 2962 quorum
868 2921 924 2950 tibi
933 2921 1057 2951 societas

139 3091 164 3109 1.
189 3087 218 3109 Se
232 3086 258 3110 i'n
269 3083 366 3117 judiciis
384 3083 500 3108 dominari
515 3092 561 3108 non
576 3083 660 3117 posses]
689 3082 848 3116 Cujacianus
861 3102 869 3114 ‚
884 3082 984 3116 judiciis
1002 3083 1057 3108 diu-

99 3119 294 3181 ti'uessifomimiri.
311 3118 355 3147 sed
368 3129 423 3147 non
439 3119 521 3148 etiam
540 3120 564 3146 ei
583 3117 718 3146 adherent
728 3126 774 3146 aut
785 3117 854 3146 i’an.
874 3126 920 3146 aut
930 3119 996 3146 olim
1006 3119 1059 3146 im-

106 3163 153 3193 pre
175 3164 194 3182 i.

1985 130 2078 163 221

1094 186 1095 199 ¹
1114 202 1184 223 cum
1205 196 1296 223 Verre
1315 192 1465 229 eiusmodi
1479 194 1540 229 est,
1558 202 1590 225 ut
1599 203 1633 226 ea
1642 193 1675 226 in
1684 193 1851 227 accusando
1861 197 2003 237 attingere
2013 207 2079 228 non

1091 254 1092 258 =
1112 235 1229 265 audeas.
1258 238 1399 275 Queritur
1408 237 1508 267 Sicilia
1516 245 1587 270 tota,
1599 240 1631 268 C.
1643 240 1770 268 Verrem
1780 237 1815 267 ab
1825 238 2075 272 ai·at0ribus,ct‘im

1090 287 1091 305 l
1110 275 1299 307 frumentum
1311 276 1363 307 sibi
1375 281 1408 308 in
1418 279 1524 309 cellam
1536 278 1738 319 imperaviss'et
1748 299 1756 313 ,
1780 280 1814 309 δε
1823 278 1896 309 cum
1907 278 1979 310 esset
1988 282 2078 311 tritici

1088 327 1090 333 ⁴
1111 318 1234 348 modius
1256 329 1310 349 i1-s
1334 329 1364 349 11
1387 329 1441 359 pro
1458 320 1613 351 frumento
1628 323 1661 351 in
1672 321 1793 352 modios
1802 319 1945 362 fingulos,
1957 321 2075 352 <luode-

1110 369 1166 402 nos
1178 359 1324 390 sestertios
1335 361 1473 401 exegisse.
1507 365 1655 404 Magnum
1666 365 1783 394 crimen
1793 383 1802 397 ‚
1822 365 1929 405 ingens
1938 366 2075 404 pecunia,

1108 402 1225 430 lurtum
1238 402 1410 441 impudens,
1423 405 1532 443 injuria
1541 415 1605 435 non
1615 404 1747 435 ferenda.
1765 415 1820 447 ego
1831 407 1890 436 hoc
1897 416 1960 436 uno
1970 408 2077 436 crimi-

1109 451 1148 471 ne
1157 442 1247 472 illum
1257 443 1461 474 condemnem
1471 445 1585 476 necess'e
1595 446 1646 477 est.
1679 450 1729 478 Tu
1740 447 1859 487 Caecili,
1881 447 1953 489 quid
1963 447 2078 478 facies?

1110 482 1212 513 utrum
1231 485 1290 514 hoc
1309 493 1427 516 tantum
1445 489 1562 518 crimen
1580 492 1787 528 praetermittes
1797 509 1806 523 ,
1828 499 1866 519 an
1877 490 2000 527 objicies
2012 493 2022 519 ?
2044 490 2076 521 si

1109 525 1236 564 objicies
1246 545 1254 558 ‚
1276 536 1359 555 IDNE
1370 536 1497 558 Ain-aiu
1512 539 1660 560 cainum
1671 531 1754 561 dabis
1764 551 1772 565 ,
1783 531 1865 573 quod
1876 531 1984 562 eodem
1995 541 2075 562 tem-

1108 577 1180 607 pore
1190 587 1197 601 ,
1218 569 1251 597 in
1262 567 1367 597 eadem
1378 568 1542 608 provincia,
1555 580 1586 601 tu
1597 573 1657 612 ipse
1667 572 1764 603 fecisti
1778 576 1789 602 ?
1807 573 1931 604 audebis
1939 576 1978 604 ita
1986 584 2074 604 accu-

1108 609 1168 639 sare
1178 610 1317 642 alterum,
1332 618 1374 643 ut,
1384 621 1444 650 quo
1455 614 1559 642 minus
1569 622 1630 643 tute
1640 614 1856 649 condemnere,
1867 616 1998 646 recusare
2007 626 2075 646 non

1108 649 1196 691 poss'is
1208 651 1217 676 ?
1234 653 1285 681 Sin
1295 654 1504 691 praetermittes
1516 664 1522 682 ;
1534 656 1629 694 qualis
1639 658 1695 686 erit
1704 655 1756 687 ista
1766 666 1815 688 tua
1824 659 1981 691 accusatio,
1996 668 2073 699 quae.

1106 691 1246 728 domestici
1253 693 1372 734 pericui‘i
1380 702 1456 722 metu
1469 714 1478 728 ,
1490 695 1644 726 certissimi
1655 717 1664 730 ‚
1677 698 1710 727 δε
1721 701 1850 729 maximi
1859 702 1998 731 criminis
2007 710 2075 730 non

1108 734 1204 764 modo
1223 735 1423 774 suspicionem
1438 755 1446 768 ‚
1465 740 1666 768 verumetiam
1678 742 1868 772 mentionem
1880 743 1972 782 ipsam
1983 744 2077 785 peiti3

1110 777 1221 807 mescat
1230 779 1241 805 ?
1251 779 1377 807 Emtum
1388 777 1430 822 est
1441 788 1478 808 ex
1487 781 1515 809 S.
1527 781 1557 809 C.
1570 779 1759 811 frumentum
1769 782 1805 811 ab
1816 785 1935 817 Siculis,
1946 793 2074 824 praetore

1109 821 1202 848 Verre
1213 839 1223 853 ,
1241 828 1296 858 pro
1313 829 1374 860 quo
1394 824 1550 850 frumento
1568 824 1696 861 pecunia
1715 825 1819 853 omnis
1835 825 1929 856 soluta
1945 836 2009 856 non
2019 825 2073 855 est.

1110 862 1208 890 Grave
1218 860 1260 891 est
1266 862 1325 891 hoc
1334 863 1452 891 crimen
1465 864 1496 892 in
1507 865 1631 892 Verrem
1643 874 1649 892 z
1668 874 1755 905 grave
1764 885 1773 898 ‚
1787 875 1836 895 me
1845 877 1966 907 agente:
1986 876 2013 897 te
2023 878 2073 897 acm

1108 903 1226 933 cusante
1236 922 1244 936 ,
1263 903 1397 933 nullum.
1426 913 1487 934 eras
1497 906 1581 934 enim
1593 915 1623 935 tu
1632 905 1778 946 quaestor:
1799 911 1959 947 pecuniam
1970 909 2072 949 pubii—

1109 954 1175 974 cam
1192 953 1225 974 tu
1241 944 1382 975 ti‘aitabas
1394 956 1399 974 :
1420 956 1458 976 ex
1469 957 1526 987 qua
1535 967 1543 979 ‚
1565 949 1654 977 etiam
1666 946 1686 977 si
1696 958 1816 988 cuperet
1825 959 1931 989 pi·ae:or
1940 971 1949 984 ,
1971 960 2072 981 tamen

1110 996 1206 1027 nequa
1214 986 1358 1017 deductio
1370 986 1462 1022 fieret,
1473 998 1582 1029 magna
1590 1000 1628 1020 ex
1638 1000 1718 1030 parte
1729 990 1903 1033 tuaporestmf
1912 1001 1982 1021 erar.
2004 995 2073 1022 Hu*

1111 1030 1155 1062 ius
1166 1038 1287 1069 quoque
1299 1030 1389 1070 igitur
1398 1031 1549 1064 criminis,
1562 1040 1590 1061 te
1599 1032 1753 1062 accusante
1765 1053 1772 1065 ‚
1786 1043 1904 1063 mentio
1916 1035 1999 1064 nulla
2014 1033 2072 1064 fier.

1108 1071 1253 1100 silebitur
1261 1079 1325 1100 toto
1336 1071 1448 1106 iudicio
1459 1072 1495 1102 de
1505 1075 1660 1107 maximis,
1672 1074 1705 1103 &
1717 1074 1882 1105 notissimis
1892 1076 1974 1106 illius
1983 1075 2072 1106 fuiti&

1111 1113 1143 1142 δε
1153 1113 1285 1151 injuriis,
1310 1114 1389 1143 Mihi
1398 1114 1484 1143 crede
1494 1134 1503 1148 ,
1525 1116 1626 1145 Caecili
1637 1135 1645 1149 ‚
1666 1125 1733 1146 NON
1755 1127 1875 1147 POTEST
1891 1119 1925 1148 in
1935 1118 2074 1148 accusan-

1110 1155 1149 1185 do
1160 1155 1256 1184 socios
1265 1155 1334 1184 vere
1345 1154 1507 1185 defendere
1516 1158 1541 1186 is
1551 1176 1559 1190 ‚
1570 1160 1701 1198 quicum
1712 1169 1764 1188 reo
1773 1160 1941 1190 criminum
1950 1160 2075 1190 societa-

1085 1205 1087 1214 ¹
1110 1206 1137 1227 te
1146 1195 1330 1235 conjunctus
1341 1195 1393 1227 est.
1420 1200 1574 1238 Maiicipes
1586 1200 1600 1229 a
1611 1200 1779 1230 civitatibus
1789 1211 1843 1241 pro
1852 1200 2009 1232 frumento
2019 1212 2072 1242 pe-

1108 1241 1412 1280 cuniamexegerunt.
1440 1241 1521 1281 Qid
1533 1243 1542 1270 ἓ
1561 1244 1627 1271 Hoc
1638 1262 1646 1274 2
1669 1245 1760 1272 Verre
1770 1253 1894 1282 praetore
1903 1243 2018 1274 factum
2029 1245 2072 1273 eii

1111 1282 1210 1311 soli-‚m
1220 1283 1230 1309 ?
1241 1291 1305 1310 non
1318 1292 1323 1310 :
1336 1281 1383 1311 sed
1394 1283 1485 1313 etiam
1495 1282 1641 1323 quaestore
1653 1285 1788 1314 Caecilio.
1804 1285 1885 1327 Qiid
1896 1288 2007 1327 igitur?
2017 1286 2070 1314 αἰ-

1110 1332 1190 1352 rni-m
1201 1334 1226 1352 cs
1236 1323 1302 1352 lmic
1312 1325 1425 1352 irmn'm*
1434 1344 1443 1358 ,
1463 1326 1539 1365 quoii
1545 1327 1577 1357 <Lm
1584 1325 1698 1366 potuisti
1705 1325 1847 1369 prohibei-c
1856 1348 1864 1360 ,
1887 1338 1919 1356 ne
1921 1327 2003 1366 fieret
2013 1348 2020 1362 ,
2035 1328 2071 1360 (20.

1109 1365 1226 1401 debuisti
1237 1368 1248 1394 ‚²
1270 1375 1307 1395 an
1318 1375 1417 1395 totum
1427 1366 1458 1396 id
1468 1368 1620 1408 relinques
1631 1370 1641 1397 ἒ
1651 1372 1729 1410 Ergo
1739 1369 1770 1399 id
1780 1371 1912 1400 omnino
1922 1373 2027 1400 Verres
2037 1373 2072 1400 iri

1106 1408 1224 1448 judicio
1234 1409 1287 1439 suo
1299 1418 1362 1437 non
1370 1408 1480 1442 audiet,
1490 1410 1571 1450 quod
1583 1409 1653 1440 cum
1663 1410 1798 1445 faciebat,
1808 1411 2071 1452 quemadmodum

1110 1449 1286 1480 defensurus
1296 1448 1367 1479 efi'et
1375 1470 1383 1483 2
1397 1460 1460 1480 non
1472 1452 1642 1491 reperiebat.
1681 1455 1778 1493 Atque
1790 1464 1845 1493 ego
1856 1454 1921 1483 haec
1931 1474 1940 1488 ,
1961 1464 2026 1494 quae
2037 1456 2070 1483 in

1111 1492 1214 1522 medio
1223 1490 1315 1533 posita
1324 1492 1393 1522 sunt
1405 1512 1412 1525 ‚
1430 1503 1657 1523 commemoro»
1679 1497 1756 1524 Sunt
1771 1495 1829 1525 alia
1851 1498 1945 1537 magis
1954 1496 2071 1526 occulta

1110 1534 1202 1565 furta:
1221 1544 1287 1576 quae
1297 1534 1362 1568 ille,
1372 1542 1404 1564 ut
1413 1534 1498 1564 istius
1509 1555 1517 1568 ‚
1526 1536 1616 1566 credo
1627 1556 1634 1570 ‚
1647 1539 1778 1570 animos,
1789 1546 1877 1578 atque
1887 1540 2018 1578 impetus
2029 1549 2072 1566 ren

1111 1577 1253 1610 tardaret,
1275 1586 1345 1606 cum
1364 1576 1510 1617 quaestore
1525 1578 1578 1608 suo
1589 1577 1804 1619 benignissime
1816 1582 2071 1610 communicavit.

1111 1621 1185 1650 Haec
1195 1628 1226 1649 tu
1237 1620 1292 1649 scis
1301 1618 1337 1648 ad
1347 1629 1396 1648 nie
1408 1617 1466 1648 esse
1476 1619 1586 1650 delata:
1608 1630 1674 1661 qua:
1685 1619 1706 1650 si
1717 1621 1810 1651 velim
1820 1621 1949 1661 proferre
1963 1642 1971 1655 ‚
1982 1621 2072 1652 facile

1111 1671 1220 1691 omnes
1236 1661 1410 1702 intelligent
1420 1681 1428 1694 ‚
1447 1661 1536 1691 vobis
1546 1664 1625 1692 inter
1633 1671 1689 1692 vos
1699 1673 1763 1692 non
1775 1663 1870 1693 modo
1880 1664 2071 1694 voluntatem

1108 1703 1196 1734 fuiffe
1204 1704 1401 1743 conjunciam
1413 1723 1422 1737 ,
1438 1703 1488 1733 sed
1497 1713 1536 1733 ne
1546 1704 1675 1743 praedam
1687 1700 1811 1745 quidem
1822 1706 1917 1736 adhuc
1926 1705 1982 1736 effe
1992 1706 2073 1736 divi-

1110 1747 1182 1776 sam.
1214 1748 1400 1786 Qapropter
1411 1743 1431 1775 si
1440 1745 1496 1776 tibi
1505 1749 1520 1765 ²
1532 1746 1682 1776 indicium
1690 1746 1820 1787 postulas
1830 1748 1892 1778 dari
1905 1768 1913 1781 ,
1933 1747 2016 1789 quod
2028 1757 2073 1778 te-

1109 1798 1180 1819 cum
1191 1798 1250 1818 una
1259 1787 1364 1818 fecerit
1374 1799 1383 1822 3
1393 1787 1539 1822 concedo,
1553 1787 1573 1818 si
1582 1788 1612 1818 id
1624 1789 1689 1830 lege
1697 1791 1894 1828 permittitur.
1918 1788 1960 1820 sin
1971 1800 2072 1820 autem

1108 1831 1145 1860 de
1155 1831 1340 1861 accusatione
1348 1830 1497 1860 dicimus:
1516 1830 1660 1860 concedas
1670 1840 1787 1870 oportet
1796 1832 1833 1861 iis
1846 1851 1855 1865 ,
1873 1833 1926 1872 qui
1942 1834 2014 1861 nullo
2018 1833 2072 1872 suo

1106 1881 1216 1913 peccaro
1225 1872 1490 1914 impediunrunquo
1500 1874 1604 1902 minus
1612 1872 1732 1902 alterius
1739 1882 1857 1912 peccata
1866 1873 2073 1904 demonstrare

1106 1913 1228 1954 pofl'int.
1247 1918 1291 1944 Ac
1299 1914 1531 1954 vide,quantum
1542 1912 1759 1944 interfuturum
1771 1913 1806 1944 sit
1814 1917 1894 1946 inter
1903 1926 2015 1950 meam,
2026 1926 2071 1946 at-

1107 1966 1164 1996 que
1174 1965 1256 1986 tuam
1265 1956 1495 1986 accusationem.
1519 1959 1584 1996 Ego
1594 1957 1682 1985 etiam
1693 1966 1758 1996 quae
1770 1955 1873 1986 rufine
1882 1960 1973 1987 Verre
1982 1968 2071 1988 eom-

1108 1997 1214 2027 misisti
1223 2017 1232 2030 ,
1243 1999 1328 2037 Venssi
1338 1999 1459 2027 crimini
1470 1997 1591 2027 daturus
1600 1998 1665 2027 sum
1677 2017 1686 2034 ,
1696 1996 1780 2038 quod
1791 2007 1818 2028 te
1829 2009 1893 2029 non
1903 1999 2070 2039 prohibue—

1108 2042 1146 2069 rit
1155 2059 1163 2074 ‚
1188 2039 1259 2069 cum
1269 2040 1423 2069 summam
1433 2039 1493 2079 ipse
1502 2039 1622 2069 haberet
1630 2039 1806 2079 potestatem
1818 2052 1824 2070 ;
1843 2050 1876 2071 tu
1885 2042 1987 2071 contra
1999 2061 2008 2075 ,
2029 2052 2070 2072 ne

1107 2092 1174 2122 quae
1182 2082 1235 2112 ille
1245 2081 1368 2122 quidem
1379 2080 1451 2111 fecit
1459 2101 1468 2113 ‚
1479 2081 1604 2121 objicies
1614 2102 1622 2114 ,
1633 2092 1673 2111 ne
1682 2092 1740 2122 qua
1749 2092 1787 2112 ex
1796 2092 1876 2122 parte
1884 2084 1952 2117 coni
1959 2083 2070 2113 uncins

1106 2134 1177 2154 cum
1189 2134 1225 2153 eo
1234 2125 1389 2163 reperiare.
1412 2123 1494 2164 Qid
1503 2124 1573 2156 illa,
1595 2123 1716 2154 Caecili?
1737 2125 2001 2155 contemnendane
2012 2127 2069 2156 tibi

1106 2166 1247 2196 videntur
1257 2163 1315 2195 effe
1326 2185 1336 2198 ,
1355 2163 1415 2194 sine
1424 2165 1534 2205 quibus
1543 2166 1625 2196 causa
1635 2164 1772 2196 sustineri
1784 2186 1792 2200 ‚
1803 2167 1965 2206 praesertim
1976 2177 2067 2201 tanta,

1106 2208 1193 2238 nullo
1213 2207 1308 2237 modo
1318 2206 1435 2247 potest?
1454 2208 1551 2247 aliqua
1558 2206 1680 2238 facultas
1689 2208 1795 2248 agendi
1806 2211 1817 2237 ?
1838 2209 1937 2249 aliqua
1947 2209 2068 2240 dicendi

1105 2249 1292 2280 consuetudo
1304 2252 1314 2278 ?
1325 2249 1422 2289 aliqua
1432 2250 1464 2278 in
1475 2248 1542 2278 foro
1552 2250 1692 2289 ‚judiciis
1702 2270 1711 2284 ,
1725 2250 1840 2291 legibus
1849 2260 1900 2281 aut
1908 2253 1984 2282 ratio
1994 2272 2002 2285 ‚
2015 2261 2067 2282 aut

1104 2293 1298 2322 exercitatio?
1314 2292 1468 2332 1nrelligo,
1477 2291 1567 2332 quam
1579 2291 1734 2331 scopuloso
1744 2312 1752 2326 ,
1764 2291 1943 2334 difficilique
1952 2295 1986 2323 in
1995 2294 2067 2324 loco

1102 2334 1208 2364 verser.
1237 2344 1309 2363 nam
1330 2343 1405 2363 CUM
1424 2343 1532 2363 OMNIS
1549 2335 1711 2375 arrogantia
1729 2334 1832 2364 odiosa
1849 2334 1891 2365 est
1902 2355 1910 2368 ,
1928 2344 1993 2365 tum
2013 2336 2066 2366 illa

1103 2378 1219 2418 ingenii
1231 2396 1240 2408 ,
1260 2384 1347 2416 atque
1365 2376 1545 2416 eloquentia*
1556 2396 1564 2409 ‚
1583 2377 1683 2405 multo
1698 2374 1916 2407 molestissima.
1948 2380 2064 2418 Qiam-

1101 2419 1209 2449 obrem
1225 2419 1305 2447 nihil
1323 2417 1393 2447 dico
1413 2418 1449 2447 de
1459 2420 1661 2458 meoingenio
1674 2439 1683 2451 ‚
1702 2428 1798 2459 neque
1808 2418 1849 2448 est
1859 2419 1941 2459 quod
1953 2417 2063 2459 possim

1101 2461 1216 2490 dicere:
1236 2470 1345 2500 neque,
1358 2458 1378 2488 si
1388 2458 1469 2492 ess'et',
1481 2459 1623 2490 dicerem.
1646 2470 1695 2490 aut
1704 2470 1788 2489 enim
1799 2460 1830 2490 id
1841 2461 1918 2490 mihi
1930 2462 1996 2491 satis
2007 2460 2061 2495 est,

1100 2502 1183 2544 quod
1194 2501 1238 2533 est
1245 2502 1282 2533 de
1292 2512 1341 2532 me
1352 2503 1509 2542 opinionis
1518 2521 1526 2534 ,
1546 2501 1693 2542 quidquid
1712 2501 1755 2531 est
1768 2512 1772 2530 z
1793 2512 1845 2532 aut
1855 2522 1864 2536 ,
1885 2501 1905 2531 si
1914 2504 1946 2533 id
1956 2513 2061 2543 parum

1101 2544 1144 2574 est
1155 2555 1160 2574 :
1179 2555 1235 2586 ego
1254 2546 1347 2583 7724th
1368 2544 1398 2573 id
1415 2546 1645 2573 commemorando
1654 2544 1749 2582 fciceie
1758 2555 1807 2573 non
1813 2544 1930 2585 possiam.
1962 2548 2010 2575 De
2023 2555 2060 2580 te,

1103 2588 1209 2617 Caecili
1218 2587 1297 2626 ,jam
1309 2585 1479 2615 mehercule
1489 2587 1547 2615 hoc
1554 2594 1635 2615 exrra
1645 2587 1722 2615 hanc
1731 2589 1960 2616 contentionem
1974 2608 1982 2620 ,
2000 2597 2063 2617 cer—

1100 2638 1262 2669 tamenque
1281 2627 1418 2658 nostrum
1439 2626 1626 2657 familiariter
1651 2636 1753 2657 tecum
1776 2628 1889 2669 loquar.
1921 2632 1971 2659 Tu
2001 2630 2064 2669 ipse

1101 2669 1361 2711 quemadmodum
1372 2668 1546 2702 existimes,
1566 2669 1636 2698 vide
1653 2671 1744 2699 ctiam
1762 2679 1848 2711 atque
1857 2672 1945 2701 eriam
1959 2682 1964 2700 z
1986 2671 2017 2702 δε
2029 2681 2062 2701 tu

1101 2722 1129 2742 te
1138 2712 1248 2752 collige
1260 2723 1266 2740 :
1287 2712 1320 2742 δε
1329 2711 1434 2752 quifis,
1447 2711 1481 2743 ἐν·
1490 2710 1739 2752 quidfcicereposfis
1748 2732 1756 2745 ‚
1768 2712 1911 2754 confidet-a.
1937 2717 1950 2740 3
1962 2713 2062 2743 Putas-

1102 2764 1152 2787 ne,
1165 2763 1192 2784 te
1201 2752 1283 2794 poss‘e
1292 2753 1328 2783 de
1337 2754 1480 2783 maximis
1491 2773 1500 2786 ,
1520 2751 1775 2794 acerbissimisque
1784 2755 1872 2790 rebus
1883 2775 1892 2788 ,
1909 2754 1980 2785 ciirn
1993 2766 2062 2785 cau-

1103 2796 1165 2826 sam
1178 2797 1338 2830 sociorum‚
1350 2793 1542 2835 fortunasque
1550 2797 1712 2834 provinciae
1722 2816 1730 2829 ,
1743 2798 1787 2833 jus
1796 2799 1900 2837 populi
1912 2799 1952 2827 R.
1964 2800 2062 2837 gravi-

1103 2846 1193 2868 tatem
1212 2837 1317 2874 judicii
1328 2858 1337 2871 ‚
1356 2837 1518 2878 legumque
1537 2837 1713 2877 susceperis,
1730 2846 1776 2868 tot
1784 2848 1828 2868 res
1839 2859 1847 2871 ‚
1865 2848 1924 2868 tam
1935 2841 2060 2880 graveis,

1103 2888 1162 2910 tam
1173 2881 1278 2912 varias,
1291 2889 1364 2912 voce,
1377 2879 1510 2907 memoria
1523 2899 1531 2911 ‚
1543 2878 1649 2920 consilio
1661 2899 1670 2912 ,
1682 2879 1788 2920 ingenio
1799 2900 1807 2913 ,
1820 2879 1963 2910 sustinere
1975 2885 1985 2909 ?
2003 2884 2062 2911 Pu-

1102 2922 1183 2952 tasne
1192 2942 1201 2956 ,
1213 2930 1240 2951 te
1251 2919 1333 2962 poffe
1343 2941 1352 2955 ,
1364 2931 1429 2962 quae
1439 2922 1472 2950 C.
1484 2923 1590 2951 Verres
1601 2923 1635 2951 in
1645 2921 1790 2962 quaestura
1800 2941 1809 2956 ‚
1821 2926 1931 2963 quaein
1942 2924 2064 2964 legatio—

2005 2975 2042 2995 ne
2055 2986 2063 3000 ,

1140 3090 1168 3107 τ.
1188 3080 1303 3107 indicfum
1309 3082 1412 3113 postulas
1421 3081 1503 3116 dai-L]
1524 3081 1567 3108 Sic
1577 3080 1704 3108 Asconius
1717 3100 1725 3114 ,
1735 3081 1914 3118 explicatque.
1937 3081 2044 3117 vulgata
2056 3101 2066 3113 ,

1097 3119 1225 3151 judicium.
1247 3117 1347 3152 inepti:⁴

1144 3162 1170 3189 3.
1189 3154 1324 3189 Putasncxe
1332 3153 1391 3188 pff
1401 3153 1427 3179 de
1436 3154 1572 3188 maxi'min]
1586 3153 1720 3182 I'aedianus
1734 3153 1896 3188 ‚Purabafhe.

1575 3191 1655 3226 Ee3
1979 3188 2067 3222 LQae

2106 243 2149 267 10

2099 1460 2134 1483 11
