<?xml version="1.0" encoding="UTF-8"?>
<!DOCTYPE html PUBLIC "-//W3C//DTD XHTML 1.0 Transitional//EN"
    "http://www.w3.org/TR/xhtml1/DTD/xhtml1-transitional.dtd">
<html xmlns="http://www.w3.org/1999/xhtml" xml:lang="en" lang="en">
 <head>
  <title>
</title>
<meta http-equiv="Content-Type" content="text/html;charset=utf-8" />
  <meta name='ocr-system' content='tesseract 3.04.00' />
  <meta name='ocr-capabilities' content='ocr_page ocr_carea ocr_par ocr_line ocrx_word'/>
</head>
<body>
  <div class='ocr_page' id='page_1' title='image "./mtuliiciceroniso00cice/mtuliiciceroniso00cice_0151.png"; bbox 0 0 2302 3353; ppageno 0'>
   <div class='ocr_carea' id='block_1_1' title="bbox 631 162 727 195">
    <p class='ocr_par' dir='ltr' id='par_1_1' title="bbox 631 162 727 195">
     <span class='ocr_line' id='line_1_1' title="bbox 631 162 727 195; baseline 0.01 -1"><span class='ocrx_word' id='word_1_1' title='bbox 631 162 727 195; x_wconf 77' lang='lat' dir='ltr'>DE</span> 
     </span>
    </p>
   </div>
   <div class='ocr_carea' id='block_1_2' title="bbox 56 226 1087 2643">
    <p class='ocr_par' dir='ltr' id='par_1_2' title="bbox 56 226 1087 2061">
     <span class='ocr_line' id='line_1_2' title="bbox 105 226 1082 273; baseline -0.007 -7"><span class='ocrx_word' id='word_1_2' title='bbox 105 243 107 245; x_wconf 76' lang='grc'><strong>’</strong></span> <span class='ocrx_word' id='word_1_3' title='bbox 122 241 157 266; x_wconf 72' lang='lat' dir='ltr'>ac</span> <span class='ocrx_word' id='word_1_4' title='bbox 168 233 197 265; x_wconf 84' lang='lat' dir='ltr'>se</span> <span class='ocrx_word' id='word_1_5' title='bbox 205 252 215 267; x_wconf 70' lang='lat'><em>2</em></span> <span class='ocrx_word' id='word_1_6' title='bbox 241 230 380 273; x_wconf 70' lang='lat' dir='ltr'>tanquam</span> <span class='ocrx_word' id='word_1_7' title='bbox 389 228 423 260; x_wconf 83' lang='lat' dir='ltr'>in</span> <span class='ocrx_word' id='word_1_8' title='bbox 431 226 592 270; x_wconf 71' lang='lat' dir='ltr'>procinau</span> <span class='ocrx_word' id='word_1_9' title='bbox 603 227 817 259; x_wconf 85' lang='lat' dir='ltr'>testamentum</span> <span class='ocrx_word' id='word_1_10' title='bbox 825 226 933 258; x_wconf 82' lang='lat' dir='ltr'>faceret</span> <span class='ocrx_word' id='word_1_11' title='bbox 942 247 951 262; x_wconf 83' lang='lat'>,</span> <span class='ocrx_word' id='word_1_12' title='bbox 973 227 1033 259; x_wconf 86' lang='lat' dir='ltr'>fine</span> <span class='ocrx_word' id='word_1_13' title='bbox 1045 230 1082 259; x_wconf 83' lang='lat' dir='ltr'>li-</span> 
     </span>
     <span class='ocr_line' id='line_1_3' title="bbox 123 268 1086 315; baseline -0.007 -9"><span class='ocrx_word' id='word_1_14' title='bbox 123 276 188 310; x_wconf 82' lang='lat' dir='ltr'>bra,</span> <span class='ocrx_word' id='word_1_15' title='bbox 200 283 286 315; x_wconf 87' lang='lat' dir='ltr'>atque</span> <span class='ocrx_word' id='word_1_16' title='bbox 297 271 405 303; x_wconf 89' lang='lat' dir='ltr'>tabulis</span> <span class='ocrx_word' id='word_1_17' title='bbox 413 271 564 311; x_wconf 89' lang='lat' dir='ltr'>populum</span> <span class='ocrx_word' id='word_1_18' title='bbox 572 271 667 301; x_wconf 84' lang='lat' dir='ltr'>Rom.</span> <span class='ocrx_word' id='word_1_19' title='bbox 679 278 812 300; x_wconf 89' lang='lat' dir='ltr'>tutorem</span> <span class='ocrx_word' id='word_1_20' title='bbox 822 268 977 299; x_wconf 87' lang='lat' dir='ltr'>instituere</span> <span class='ocrx_word' id='word_1_21' title='bbox 988 270 1086 300; x_wconf 82' lang='lat' dir='ltr'>dixis-</span> 
     </span>
     <span class='ocr_line' id='line_1_4' title="bbox 119 311 1085 354; baseline -0.008 -6"><span class='ocrx_word' id='word_1_22' title='bbox 119 318 163 348; x_wconf 84' lang='lat' dir='ltr'>set</span> <span class='ocrx_word' id='word_1_23' title='bbox 173 317 299 347; x_wconf 89' lang='lat' dir='ltr'>illorum</span> <span class='ocrx_word' id='word_1_24' title='bbox 308 313 437 344; x_wconf 68' lang='lat' dir='ltr'>orbitati</span> <span class='ocrx_word' id='word_1_25' title='bbox 461 315 565 354; x_wconf 89' lang='lat' dir='ltr'>Itaque</span> <span class='ocrx_word' id='word_1_26' title='bbox 573 322 644 342; x_wconf 91' lang='lat' dir='ltr'>cum</span> <span class='ocrx_word' id='word_1_27' title='bbox 663 311 821 342; x_wconf 79' lang='lat' dir='ltr'>&amp;invidia</span> <span class='ocrx_word' id='word_1_28' title='bbox 833 331 841 344; x_wconf 88' lang='lat'>‚</span> <span class='ocrx_word' id='word_1_29' title='bbox 854 311 886 340; x_wconf 68' lang='grc' dir='ltr'>ὃς</span> <span class='ocrx_word' id='word_1_30' title='bbox 896 311 969 341; x_wconf 92' lang='lat' dir='ltr'>odio</span> <span class='ocrx_word' id='word_1_31' title='bbox 978 311 1085 351; x_wconf 86' lang='lat' dir='ltr'>populi</span> 
     </span>
     <span class='ocr_line' id='line_1_5' title="bbox 118 352 1085 396; baseline -0.006 -7"><span class='ocrx_word' id='word_1_32' title='bbox 118 366 187 389; x_wconf 68' lang='lat' dir='ltr'>:um</span> <span class='ocrx_word' id='word_1_33' title='bbox 198 356 293 387; x_wconf 87' lang='lat' dir='ltr'>Galba</span> <span class='ocrx_word' id='word_1_34' title='bbox 300 363 486 396; x_wconf 84' lang='lat' dir='ltr'><strong>premeretur</strong></span> <span class='ocrx_word' id='word_1_35' title='bbox 495 374 503 388; x_wconf 92' lang='lat'>,</span> <span class='ocrx_word' id='word_1_36' title='bbox 523 355 570 384; x_wconf 91' lang='lat' dir='ltr'>his</span> <span class='ocrx_word' id='word_1_37' title='bbox 580 363 702 395; x_wconf 86' lang='lat' dir='ltr'>quoque</span> <span class='ocrx_word' id='word_1_38' title='bbox 720 363 794 384; x_wconf 88' lang='lat' dir='ltr'>eum</span> <span class='ocrx_word' id='word_1_39' title='bbox 806 352 958 393; x_wconf 86' lang='lat' dir='ltr'>tragoediis</span> <span class='ocrx_word' id='word_1_40' title='bbox 978 352 1085 383; x_wconf 87' lang='lat' dir='ltr'>libera-</span> 
     </span>
     <span class='ocr_line' id='line_1_6' title="bbox 118 393 1085 437; baseline -0.006 -8"><span class='ocrx_word' id='word_1_41' title='bbox 118 408 186 431; x_wconf 79' lang='lat' dir='ltr'>tum</span> <span class='ocrx_word' id='word_1_42' title='bbox 194 397 314 430; x_wconf 82' lang='lat' dir='ltr'>ferebat,</span> <span class='ocrx_word' id='word_1_43' title='bbox 327 395 409 437; x_wconf 92' lang='lat' dir='ltr'>quod</span> <span class='ocrx_word' id='word_1_44' title='bbox 426 398 501 426; x_wconf 89' lang='lat' dir='ltr'>item</span> <span class='ocrx_word' id='word_1_45' title='bbox 512 395 591 436; x_wconf 87' lang='lat' dir='ltr'>apud</span> <span class='ocrx_word' id='word_1_46' title='bbox 603 399 751 426; x_wconf 89' lang='lat' dir='ltr'>Catonem</span> <span class='ocrx_word' id='word_1_47' title='bbox 762 395 905 434; x_wconf 86' lang='lat' dir='ltr'>scriptum</span> <span class='ocrx_word' id='word_1_48' title='bbox 916 393 972 424; x_wconf 81' lang='lat' dir='ltr'>esse</span> <span class='ocrx_word' id='word_1_49' title='bbox 983 393 1085 428; x_wconf 88' lang='lat' dir='ltr'>video,</span> 
     </span>
     <span class='ocr_line' id='line_1_7' title="bbox 117 434 1085 482; baseline -0.008 -10"><span class='ocrx_word' id='word_1_50' title='bbox 117 439 175 472; x_wconf 83' lang='lat' dir='ltr'>nisi</span> <span class='ocrx_word' id='word_1_51' title='bbox 179 440 269 482; x_wconf 63' lang='lat' dir='ltr'>pueris</span> <span class='ocrx_word' id='word_1_52' title='bbox 278 438 312 471; x_wconf 66' lang='grc' dir='ltr'>ὼ·</span> <span class='ocrx_word' id='word_1_53' title='bbox 321 438 448 479; x_wconf 71' lang='lat' dir='ltr'>lacrymis</span> <span class='ocrx_word' id='word_1_54' title='bbox 455 437 523 468; x_wconf 90' lang='lat' dir='ltr'>usus</span> <span class='ocrx_word' id='word_1_55' title='bbox 534 436 605 468; x_wconf 87' lang='lat' dir='ltr'>esset</span> <span class='ocrx_word' id='word_1_56' title='bbox 616 458 624 471; x_wconf 90' lang='lat'><strong><em>‚</em></strong></span> <span class='ocrx_word' id='word_1_57' title='bbox 635 447 737 478; x_wconf 88' lang='lat' dir='ltr'>poenas</span> <span class='ocrx_word' id='word_1_58' title='bbox 748 446 819 466; x_wconf 91' lang='lat' dir='ltr'>eum</span> <span class='ocrx_word' id='word_1_59' title='bbox 834 435 976 465; x_wconf 89' lang='lat' dir='ltr'>daturum</span> <span class='ocrx_word' id='word_1_60' title='bbox 989 434 1085 465; x_wconf 82' lang='lat' dir='ltr'>fuisse.</span> 
     </span>
     <span class='ocr_line' id='line_1_8' title="bbox 119 477 1085 520; baseline -0.006 -7"><span class='ocrx_word' id='word_1_61' title='bbox 119 484 194 513; x_wconf 88' lang='lat' dir='ltr'>Haec</span> <span class='ocrx_word' id='word_1_62' title='bbox 205 481 340 511; x_wconf 87' lang='lat' dir='ltr'>Rutilius</span> <span class='ocrx_word' id='word_1_63' title='bbox 359 479 446 509; x_wconf 88' lang='lat' dir='ltr'>valde</span> <span class='ocrx_word' id='word_1_64' title='bbox 457 480 659 520; x_wconf 82' lang='lat' dir='ltr'>vituperabat,</span> <span class='ocrx_word' id='word_1_65' title='bbox 680 479 714 509; x_wconf 73' lang='grc' dir='ltr'>δε</span> <span class='ocrx_word' id='word_1_66' title='bbox 731 480 802 508; x_wconf 88' lang='lat' dir='ltr'>huic</span> <span class='ocrx_word' id='word_1_67' title='bbox 823 478 994 508; x_wconf 88' lang='lat' dir='ltr'>humilitati</span> <span class='ocrx_word' id='word_1_68' title='bbox 1004 477 1085 507; x_wconf 89' lang='lat' dir='ltr'>dice-</span> 
     </span>
     <span class='ocr_line' id='line_1_9' title="bbox 118 519 1087 559; baseline -0.003 -7"><span class='ocrx_word' id='word_1_69' title='bbox 118 523 183 557; x_wconf 90' lang='lat' dir='ltr'>bat,</span> <span class='ocrx_word' id='word_1_70' title='bbox 204 522 253 552; x_wconf 89' lang='lat' dir='ltr'>vel</span> <span class='ocrx_word' id='word_1_71' title='bbox 264 520 404 552; x_wconf 82' lang='lat' dir='ltr'>exfilium</span> <span class='ocrx_word' id='word_1_72' title='bbox 415 519 503 550; x_wconf 81' lang='lat' dir='ltr'>fuisse</span> <span class='ocrx_word' id='word_1_73' title='bbox 513 541 521 555; x_wconf 90' lang='lat'>‚</span> <span class='ocrx_word' id='word_1_74' title='bbox 543 522 591 551; x_wconf 88' lang='lat' dir='ltr'>vel</span> <span class='ocrx_word' id='word_1_75' title='bbox 604 530 736 552; x_wconf 89' lang='lat' dir='ltr'>mortem</span> <span class='ocrx_word' id='word_1_76' title='bbox 746 519 996 559; x_wconf 64' lang='lat' dir='ltr'>anteponendam.</span> <span class='ocrx_word' id='word_1_77' title='bbox 1021 521 1053 549; x_wconf 89' lang='lat' dir='ltr'>N</span> <span class='ocrx_word' id='word_1_78' title='bbox 1056 529 1087 549; x_wconf 87' lang='lat' dir='ltr'>e-</span> 
     </span>
     <span class='ocr_line' id='line_1_10' title="bbox 120 561 1085 606; baseline -0.004 -11"><span class='ocrx_word' id='word_1_79' title='bbox 120 575 179 606; x_wconf 89' lang='lat' dir='ltr'>que</span> <span class='ocrx_word' id='word_1_80' title='bbox 187 562 260 594; x_wconf 75' lang='lat' dir='ltr'>verb</span> <span class='ocrx_word' id='word_1_81' title='bbox 272 564 330 593; x_wconf 88' lang='lat' dir='ltr'>hoc</span> <span class='ocrx_word' id='word_1_82' title='bbox 341 561 442 593; x_wconf 74' lang='lat' dir='ltr'>solum</span> <span class='ocrx_word' id='word_1_83' title='bbox 452 562 532 593; x_wconf 82' lang='lat' dir='ltr'>dixit</span> <span class='ocrx_word' id='word_1_84' title='bbox 542 584 550 596; x_wconf 95' lang='lat'>‚</span> <span class='ocrx_word' id='word_1_85' title='bbox 572 563 620 594; x_wconf 90' lang='lat' dir='ltr'>sed</span> <span class='ocrx_word' id='word_1_86' title='bbox 631 564 693 603; x_wconf 88' lang='lat' dir='ltr'>ipse</span> <span class='ocrx_word' id='word_1_87' title='bbox 705 563 737 593; x_wconf 73' lang='grc' dir='ltr'>δε</span> <span class='ocrx_word' id='word_1_88' title='bbox 749 561 834 593; x_wconf 84' lang='lat' dir='ltr'>sensit</span> <span class='ocrx_word' id='word_1_89' title='bbox 847 581 855 595; x_wconf 86' lang='lat'>,</span> <span class='ocrx_word' id='word_1_90' title='bbox 868 561 900 591; x_wconf 89' lang='lat'>&amp;</span> <span class='ocrx_word' id='word_1_91' title='bbox 909 561 991 591; x_wconf 88' lang='lat' dir='ltr'>fecit.</span> <span class='ocrx_word' id='word_1_92' title='bbox 1014 570 1085 591; x_wconf 86' lang='lat' dir='ltr'>narn</span> 
     </span>
     <span class='ocr_line' id='line_1_11' title="bbox 119 603 1086 644; baseline -0.006 -7"><span class='ocrx_word' id='word_1_93' title='bbox 119 605 193 637; x_wconf 75' lang='lat' dir='ltr'>cum</span> <span class='ocrx_word' id='word_1_94' title='bbox 203 603 275 636; x_wconf 81' lang='lat' dir='ltr'>esset</span> <span class='ocrx_word' id='word_1_95' title='bbox 285 605 335 635; x_wconf 88' lang='lat' dir='ltr'>ille</span> <span class='ocrx_word' id='word_1_96' title='bbox 344 606 391 634; x_wconf 95' lang='lat' dir='ltr'>vir</span> <span class='ocrx_word' id='word_1_97' title='bbox 400 605 589 644; x_wconf 84' lang='lat' dir='ltr'>exemplum,</span> <span class='ocrx_word' id='word_1_98' title='bbox 602 613 634 635; x_wconf 93' lang='lat' dir='ltr'>ut</span> <span class='ocrx_word' id='word_1_99' title='bbox 644 605 722 635; x_wconf 89' lang='lat' dir='ltr'>scitis</span> <span class='ocrx_word' id='word_1_100' title='bbox 734 604 915 634; x_wconf 85' lang='lat' dir='ltr'>innocentiae</span> <span class='ocrx_word' id='word_1_101' title='bbox 935 613 940 631; x_wconf 88' lang='lat'>:</span> <span class='ocrx_word' id='word_1_102' title='bbox 955 611 1086 643; x_wconf 88' lang='lat' dir='ltr'>cumque</span> 
     </span>
     <span class='ocr_line' id='line_1_12' title="bbox 116 643 1083 687; baseline -0.006 -8"><span class='ocrx_word' id='word_1_103' title='bbox 116 648 174 679; x_wconf 81' lang='lat' dir='ltr'>illo</span> <span class='ocrx_word' id='word_1_104' title='bbox 185 656 278 677; x_wconf 89' lang='lat' dir='ltr'>nemo</span> <span class='ocrx_word' id='word_1_105' title='bbox 292 656 389 687; x_wconf 84' lang='lat' dir='ltr'>neque</span> <span class='ocrx_word' id='word_1_106' title='bbox 400 648 546 687; x_wconf 81' lang='lat' dir='ltr'>integrior</span> <span class='ocrx_word' id='word_1_107' title='bbox 555 645 627 677; x_wconf 84' lang='lat' dir='ltr'>esset</span> <span class='ocrx_word' id='word_1_108' title='bbox 635 649 668 676; x_wconf 87' lang='lat' dir='ltr'>in</span> <span class='ocrx_word' id='word_1_109' title='bbox 678 647 799 676; x_wconf 88' lang='lat' dir='ltr'>civitate</span> <span class='ocrx_word' id='word_1_110' title='bbox 811 665 818 678; x_wconf 90' lang='lat'>,</span> <span class='ocrx_word' id='word_1_111' title='bbox 834 653 932 685; x_wconf 87' lang='lat' dir='ltr'>neque</span> <span class='ocrx_word' id='word_1_112' title='bbox 943 643 1083 677; x_wconf 62' lang='lat' dir='ltr'>sanctior,</span> 
     </span>
     <span class='ocr_line' id='line_1_13' title="bbox 120 684 1085 730; baseline -0.005 -10"><span class='ocrx_word' id='word_1_113' title='bbox 120 699 186 720; x_wconf 87' lang='lat' dir='ltr'>non</span> <span class='ocrx_word' id='word_1_114' title='bbox 197 687 291 719; x_wconf 73' lang='lat' dir='ltr'>modo</span> <span class='ocrx_word' id='word_1_115' title='bbox 306 688 425 730; x_wconf 73' lang='lat' dir='ltr'>fiaepplex</span> <span class='ocrx_word' id='word_1_116' title='bbox 442 688 596 725; x_wconf 81' lang='lat' dir='ltr'>judicibus</span> <span class='ocrx_word' id='word_1_117' title='bbox 615 687 673 718; x_wconf 83' lang='lat' dir='ltr'>esse</span> <span class='ocrx_word' id='word_1_118' title='bbox 693 687 794 717; x_wconf 90' lang='lat' dir='ltr'>noluit</span> <span class='ocrx_word' id='word_1_119' title='bbox 804 706 811 720; x_wconf 67' lang='lat'>2</span> <span class='ocrx_word' id='word_1_120' title='bbox 832 686 881 716; x_wconf 82' lang='lat' dir='ltr'>sed</span> <span class='ocrx_word' id='word_1_121' title='bbox 903 696 939 715; x_wconf 91' lang='lat' dir='ltr'>ne</span> <span class='ocrx_word' id='word_1_122' title='bbox 950 684 1085 715; x_wconf 76' lang='lat' dir='ltr'>ornatius</span> 
     </span>
     <span class='ocr_line' id='line_1_14' title="bbox 117 725 1086 773; baseline -0.006 -11"><span class='ocrx_word' id='word_1_123' title='bbox 117 731 241 773; x_wconf 88' lang='lat' dir='ltr'>quidem</span> <span class='ocrx_word' id='word_1_124' title='bbox 251 750 259 764; x_wconf 91' lang='lat'>‚</span> <span class='ocrx_word' id='word_1_125' title='bbox 279 739 329 760; x_wconf 89' lang='lat' dir='ltr'>aut</span> <span class='ocrx_word' id='word_1_126' title='bbox 343 728 468 759; x_wconf 79' lang='lat' dir='ltr'>liberius</span> <span class='ocrx_word' id='word_1_127' title='bbox 486 730 604 760; x_wconf 87' lang='lat' dir='ltr'>causam</span> <span class='ocrx_word' id='word_1_128' title='bbox 626 729 685 759; x_wconf 90' lang='lat' dir='ltr'>dici</span> <span class='ocrx_word' id='word_1_129' title='bbox 697 729 717 758; x_wconf 90' lang='lat' dir='ltr'>s</span> <span class='ocrx_word' id='word_1_130' title='bbox 715 738 785 758; x_wconf 81' lang='lat' dir='ltr'>uam</span> <span class='ocrx_word' id='word_1_131' title='bbox 795 748 803 762; x_wconf 89' lang='lat'>‚</span> <span class='ocrx_word' id='word_1_132' title='bbox 825 730 835 746; x_wconf 81' lang='lat'>¹</span> <span class='ocrx_word' id='word_1_133' title='bbox 857 726 949 768; x_wconf 73' lang='lat' dir='ltr'>quam</span> <span class='ocrx_word' id='word_1_134' title='bbox 960 725 1086 767; x_wconf 84' lang='lat' dir='ltr'>simplex</span> 
     </span>
     <span class='ocr_line' id='line_1_15' title="bbox 119 769 1085 809; baseline -0.002 -6"><span class='ocrx_word' id='word_1_135' title='bbox 119 774 215 804; x_wconf 86' lang='lat' dir='ltr'>oratio</span> <span class='ocrx_word' id='word_1_136' title='bbox 233 773 363 802; x_wconf 86' lang='lat' dir='ltr'>veritatis</span> <span class='ocrx_word' id='word_1_137' title='bbox 380 770 500 801; x_wconf 88' lang='lat' dir='ltr'>ferebat.</span> <span class='ocrx_word' id='word_1_138' title='bbox 532 770 672 801; x_wconf 76' lang='lat' dir='ltr'>Paullum</span> <span class='ocrx_word' id='word_1_139' title='bbox 694 770 766 800; x_wconf 89' lang='lat' dir='ltr'>huic</span> <span class='ocrx_word' id='word_1_140' title='bbox 784 773 878 800; x_wconf 88' lang='lat' dir='ltr'>Cottae</span> <span class='ocrx_word' id='word_1_141' title='bbox 898 769 1003 799; x_wconf 86' lang='lat' dir='ltr'>tribuit</span> <span class='ocrx_word' id='word_1_142' title='bbox 1017 778 1085 809; x_wconf 81' lang='lat' dir='ltr'>par-</span> 
     </span>
     <span class='ocr_line' id='line_1_16' title="bbox 117 809 1085 848; baseline -0.005 -3"><span class='ocrx_word' id='word_1_143' title='bbox 117 817 197 846; x_wconf 87' lang='lat' dir='ltr'>tium</span> <span class='ocrx_word' id='word_1_144' title='bbox 209 834 218 848; x_wconf 94' lang='lat'>,</span> <span class='ocrx_word' id='word_1_145' title='bbox 238 810 426 844; x_wconf 84' lang='lat' dir='ltr'>disertiffimo</span> <span class='ocrx_word' id='word_1_146' title='bbox 444 811 625 842; x_wconf 88' lang='lat' dir='ltr'>adolescenti</span> <span class='ocrx_word' id='word_1_147' title='bbox 636 832 644 845; x_wconf 88' lang='lat'>‚</span> <span class='ocrx_word' id='word_1_148' title='bbox 667 812 777 842; x_wconf 84' lang='lat' dir='ltr'>sororis</span> <span class='ocrx_word' id='word_1_149' title='bbox 799 813 857 841; x_wconf 84' lang='lat' dir='ltr'>suae</span> <span class='ocrx_word' id='word_1_150' title='bbox 878 809 952 840; x_wconf 87' lang='lat' dir='ltr'>filio.</span> <span class='ocrx_word' id='word_1_151' title='bbox 992 812 1085 841; x_wconf 84' lang='lat' dir='ltr'>Dixit</span> 
     </span>
     <span class='ocr_line' id='line_1_17' title="bbox 121 853 1082 895; baseline -0.005 -8"><span class='ocrx_word' id='word_1_152' title='bbox 121 858 198 887; x_wconf 84' lang='lat' dir='ltr'>item</span> <span class='ocrx_word' id='word_1_153' title='bbox 207 855 323 886; x_wconf 89' lang='lat' dir='ltr'>causam</span> <span class='ocrx_word' id='word_1_154' title='bbox 334 854 417 885; x_wconf 87' lang='lat' dir='ltr'>illam</span> <span class='ocrx_word' id='word_1_155' title='bbox 426 853 557 894; x_wconf 86' lang='lat' dir='ltr'>quadam</span> <span class='ocrx_word' id='word_1_156' title='bbox 567 864 606 884; x_wconf 85' lang='lat' dir='ltr'>ex</span> <span class='ocrx_word' id='word_1_157' title='bbox 613 862 694 894; x_wconf 89' lang='lat' dir='ltr'>parte</span> <span class='ocrx_word' id='word_1_158' title='bbox 706 855 764 895; x_wconf 84' lang='lat' dir='ltr'>Q·</span> <span class='ocrx_word' id='word_1_159' title='bbox 776 854 908 885; x_wconf 82' lang='lat' dir='ltr'>Mucius,</span> <span class='ocrx_word' id='word_1_160' title='bbox 921 861 1006 882; x_wconf 88' lang='lat' dir='ltr'>more</span> <span class='ocrx_word' id='word_1_161' title='bbox 1018 853 1082 885; x_wconf 87' lang='lat' dir='ltr'>suo,</span> 
     </span>
     <span class='ocr_line' id='line_1_18' title="bbox 123 893 1082 937; baseline -0.004 -9"><span class='ocrx_word' id='word_1_162' title='bbox 123 898 212 929; x_wconf 90' lang='lat' dir='ltr'>nullo</span> <span class='ocrx_word' id='word_1_163' title='bbox 222 903 357 937; x_wconf 87' lang='lat' dir='ltr'>apparatu</span> <span class='ocrx_word' id='word_1_164' title='bbox 367 915 376 929; x_wconf 90' lang='lat'>‚</span> <span class='ocrx_word' id='word_1_165' title='bbox 395 894 471 934; x_wconf 76' lang='lat' dir='ltr'>pure</span> <span class='ocrx_word' id='word_1_166' title='bbox 482 894 515 924; x_wconf 91' lang='lat'>&amp;</span> <span class='ocrx_word' id='word_1_167' title='bbox 524 895 671 926; x_wconf 73' lang='lat' dir='ltr'>dilucide.</span> <span class='ocrx_word' id='word_1_168' title='bbox 696 894 778 936; x_wconf 86' lang='lat' dir='ltr'>Qid</span> <span class='ocrx_word' id='word_1_169' title='bbox 796 894 815 924; x_wconf 87' lang='lat' dir='ltr'>fi</span> <span class='ocrx_word' id='word_1_170' title='bbox 827 903 857 925; x_wconf 94' lang='lat' dir='ltr'>tu</span> <span class='ocrx_word' id='word_1_171' title='bbox 868 903 941 924; x_wconf 92' lang='lat' dir='ltr'>tunc</span> <span class='ocrx_word' id='word_1_172' title='bbox 952 914 960 927; x_wconf 85' lang='lat'>‚</span> <span class='ocrx_word' id='word_1_173' title='bbox 975 893 1082 928; x_wconf 86' lang='lat' dir='ltr'>Crasse,</span> 
     </span>
     <span class='ocr_line' id='line_1_19' title="bbox 123 935 1080 977; baseline -0.005 -7"><span class='ocrx_word' id='word_1_174' title='bbox 123 937 247 970; x_wconf 76' lang='lat' dir='ltr'>dixisses</span> <span class='ocrx_word' id='word_1_175' title='bbox 265 958 274 971; x_wconf 88' lang='lat'>‚</span> <span class='ocrx_word' id='word_1_176' title='bbox 295 939 346 977; x_wconf 87' lang='lat' dir='ltr'>qui</span> <span class='ocrx_word' id='word_1_177' title='bbox 365 935 532 966; x_wconf 79' lang='lat' dir='ltr'>subsidium</span> <span class='ocrx_word' id='word_1_178' title='bbox 554 940 664 968; x_wconf 87' lang='lat' dir='ltr'>oratori</span> <span class='ocrx_word' id='word_1_179' title='bbox 681 947 719 967; x_wconf 83' lang='lat' dir='ltr'>ex</span> <span class='ocrx_word' id='word_1_180' title='bbox 735 937 796 966; x_wconf 90' lang='lat' dir='ltr'>illis</span> <span class='ocrx_word' id='word_1_181' title='bbox 817 936 1080 975; x_wconf 75' lang='lat' dir='ltr'>disputationibus,</span> 
     </span>
     <span class='ocr_line' id='line_1_20' title="bbox 123 977 1080 1022; baseline -0.003 -12"><span class='ocrx_word' id='word_1_182' title='bbox 123 981 233 1022; x_wconf 84' lang='lat' dir='ltr'>quibus</span> <span class='ocrx_word' id='word_1_183' title='bbox 242 978 414 1019; x_wconf 84' lang='lat' dir='ltr'>philosophi</span> <span class='ocrx_word' id='word_1_184' title='bbox 428 986 556 1008; x_wconf 90' lang='lat' dir='ltr'>utuntur</span> <span class='ocrx_word' id='word_1_185' title='bbox 564 999 572 1013; x_wconf 90' lang='lat'>,</span> <span class='ocrx_word' id='word_1_186' title='bbox 586 979 621 1009; x_wconf 90' lang='lat' dir='ltr'>ad</span> <span class='ocrx_word' id='word_1_187' title='bbox 631 978 753 1009; x_wconf 86' lang='lat' dir='ltr'>dicendi</span> <span class='ocrx_word' id='word_1_188' title='bbox 763 979 881 1018; x_wconf 76' lang='lat' dir='ltr'>copiam</span> <span class='ocrx_word' id='word_1_189' title='bbox 893 997 901 1011; x_wconf 86' lang='lat'>‚</span> <span class='ocrx_word' id='word_1_190' title='bbox 914 977 1080 1017; x_wconf 87' lang='lat' dir='ltr'>petendum</span> 
     </span>
     <span class='ocr_line' id='line_1_21' title="bbox 122 1019 1083 1061; baseline -0.003 -10"><span class='ocrx_word' id='word_1_191' title='bbox 122 1021 180 1052; x_wconf 85' lang='lat' dir='ltr'>esse</span> <span class='ocrx_word' id='word_1_192' title='bbox 189 1020 290 1061; x_wconf 76' lang='lat' dir='ltr'>paullo</span> <span class='ocrx_word' id='word_1_193' title='bbox 300 1019 368 1050; x_wconf 70' lang='lat' dir='ltr'>ante</span> <span class='ocrx_word' id='word_1_194' title='bbox 380 1019 497 1049; x_wconf 84' lang='lat' dir='ltr'>dicebas</span> <span class='ocrx_word' id='word_1_195' title='bbox 507 1039 515 1053; x_wconf 88' lang='lat'>‚</span> <span class='ocrx_word' id='word_1_196' title='bbox 539 1020 572 1051; x_wconf 75' lang='grc' dir='ltr'>δε</span> <span class='ocrx_word' id='word_1_197' title='bbox 582 1040 591 1054; x_wconf 88' lang='grc'>,</span> <span class='ocrx_word' id='word_1_198' title='bbox 609 1020 629 1051; x_wconf 90' lang='lat' dir='ltr'>fi</span> <span class='ocrx_word' id='word_1_199' title='bbox 640 1021 695 1050; x_wconf 92' lang='lat' dir='ltr'>tibi</span> <span class='ocrx_word' id='word_1_200' title='bbox 706 1031 759 1061; x_wconf 88' lang='lat' dir='ltr'>pro</span> <span class='ocrx_word' id='word_1_201' title='bbox 772 1023 800 1051; x_wconf 81' lang='lat' dir='ltr'>P.</span> <span class='ocrx_word' id='word_1_202' title='bbox 813 1020 933 1050; x_wconf 88' lang='lat' dir='ltr'>Rutilio</span> <span class='ocrx_word' id='word_1_203' title='bbox 943 1029 1006 1049; x_wconf 91' lang='lat' dir='ltr'>non</span> <span class='ocrx_word' id='word_1_204' title='bbox 1015 1020 1083 1058; x_wconf 85' lang='lat' dir='ltr'>phi-</span> 
     </span>
     <span class='ocr_line' id='line_1_22' title="bbox 106 1061 1081 1102; baseline -0.004 -8"><span class='ocrx_word' id='word_1_205' title='bbox 106 1100 108 1102; x_wconf 26' lang='grc' dir='ltr'>Ι</span> <span class='ocrx_word' id='word_1_206' title='bbox 120 1063 318 1102; x_wconf 85' lang='lat' dir='ltr'>losophorum</span> <span class='ocrx_word' id='word_1_207' title='bbox 329 1070 413 1091; x_wconf 89' lang='lat' dir='ltr'>more</span> <span class='ocrx_word' id='word_1_208' title='bbox 424 1080 432 1093; x_wconf 71' lang='lat'>2</span> <span class='ocrx_word' id='word_1_209' title='bbox 446 1061 495 1091; x_wconf 86' lang='lat' dir='ltr'>sed</span> <span class='ocrx_word' id='word_1_210' title='bbox 505 1069 559 1092; x_wconf 91' lang='lat' dir='ltr'>tuo</span> <span class='ocrx_word' id='word_1_211' title='bbox 569 1061 699 1093; x_wconf 73' lang='lat' dir='ltr'>licuisset</span> <span class='ocrx_word' id='word_1_212' title='bbox 708 1062 805 1092; x_wconf 78' lang='lat' dir='ltr'>dicere</span> <span class='ocrx_word' id='word_1_213' title='bbox 816 1064 826 1090; x_wconf 88' lang='lat'>?</span> <span class='ocrx_word' id='word_1_214' title='bbox 844 1062 983 1102; x_wconf 75' lang='lat' dir='ltr'>quamvis</span> <span class='ocrx_word' id='word_1_215' title='bbox 994 1061 1081 1091; x_wconf 85' lang='lat' dir='ltr'>scele-</span> 
     </span>
     <span class='ocr_line' id='line_1_23' title="bbox 81 1101 1083 1145; baseline -0.004 -9"><span class='ocrx_word' id='word_1_216' title='bbox 81 1128 83 1130; x_wconf 84' lang='lat'><em>-</em></span> <span class='ocrx_word' id='word_1_217' title='bbox 118 1106 173 1136; x_wconf 87' lang='lat' dir='ltr'>rati</span> <span class='ocrx_word' id='word_1_218' title='bbox 192 1103 239 1133; x_wconf 86' lang='lat' dir='ltr'>illi</span> <span class='ocrx_word' id='word_1_219' title='bbox 256 1101 395 1137; x_wconf 78' lang='lat' dir='ltr'>fuissent,</span> <span class='ocrx_word' id='word_1_220' title='bbox 416 1101 498 1133; x_wconf 87' lang='lat' dir='ltr'>sicuti</span> <span class='ocrx_word' id='word_1_221' title='bbox 508 1102 644 1138; x_wconf 81' lang='lat' dir='ltr'>fuerunt,</span> <span class='ocrx_word' id='word_1_222' title='bbox 668 1102 800 1145; x_wconf 87' lang='lat' dir='ltr'>pestiferi</span> <span class='ocrx_word' id='word_1_223' title='bbox 811 1104 890 1133; x_wconf 85' lang='lat' dir='ltr'>cives</span> <span class='ocrx_word' id='word_1_224' title='bbox 900 1123 908 1136; x_wconf 89' lang='lat'>‚</span> <span class='ocrx_word' id='word_1_225' title='bbox 921 1103 1083 1142; x_wconf 89' lang='lat' dir='ltr'>supplicio—</span> 
     </span>
     <span class='ocr_line' id='line_1_24' title="bbox 121 1144 1081 1188; baseline -0.003 -12"><span class='ocrx_word' id='word_1_226' title='bbox 121 1155 179 1188; x_wconf 86' lang='lat' dir='ltr'>que</span> <span class='ocrx_word' id='word_1_227' title='bbox 189 1144 272 1186; x_wconf 88' lang='lat' dir='ltr'>digni</span> <span class='ocrx_word' id='word_1_228' title='bbox 282 1164 291 1178; x_wconf 87' lang='lat'>,</span> <span class='ocrx_word' id='word_1_229' title='bbox 311 1153 412 1174; x_wconf 85' lang='lat' dir='ltr'>tamen</span> <span class='ocrx_word' id='word_1_230' title='bbox 422 1154 549 1175; x_wconf 90' lang='lat' dir='ltr'>omnem</span> <span class='ocrx_word' id='word_1_231' title='bbox 561 1156 668 1176; x_wconf 84' lang='lat' dir='ltr'>eorum</span> <span class='ocrx_word' id='word_1_232' title='bbox 686 1147 947 1186; x_wconf 85' lang='lat' dir='ltr'>importunitatem</span> <span class='ocrx_word' id='word_1_233' title='bbox 959 1154 996 1173; x_wconf 84' lang='lat' dir='ltr'>ex</span> <span class='ocrx_word' id='word_1_234' title='bbox 1007 1145 1081 1174; x_wconf 87' lang='lat' dir='ltr'>inti-</span> 
     </span>
     <span class='ocr_line' id='line_1_25' title="bbox 123 1185 1084 1219; baseline -0.002 -1"><span class='ocrx_word' id='word_1_235' title='bbox 123 1189 183 1219; x_wconf 87' lang='lat' dir='ltr'>mis</span> <span class='ocrx_word' id='word_1_236' title='bbox 202 1185 358 1216; x_wconf 88' lang='lat' dir='ltr'>mentibus</span> <span class='ocrx_word' id='word_1_237' title='bbox 373 1185 521 1217; x_wconf 77' lang='lat' dir='ltr'>evellisset</span> <span class='ocrx_word' id='word_1_238' title='bbox 537 1189 578 1217; x_wconf 67' lang='lat' dir='ltr'>vis</span> <span class='ocrx_word' id='word_1_239' title='bbox 595 1189 723 1218; x_wconf 55' lang='lat' dir='ltr'>orationis</span> <span class='ocrx_word' id='word_1_240' title='bbox 741 1196 798 1217; x_wconf 79' lang='lat' dir='ltr'>tua:</span> <span class='ocrx_word' id='word_1_241' title='bbox 823 1197 828 1215; x_wconf 77' lang='lat' dir='ltr'>t</span> <span class='ocrx_word' id='word_1_242' title='bbox 848 1196 930 1216; x_wconf 93' lang='lat' dir='ltr'>nunc</span> <span class='ocrx_word' id='word_1_243' title='bbox 949 1185 1015 1216; x_wconf 85' lang='lat' dir='ltr'>talis</span> <span class='ocrx_word' id='word_1_244' title='bbox 1035 1188 1084 1217; x_wconf 90' lang='lat' dir='ltr'>vir</span> 
     </span>
     <span class='ocr_line' id='line_1_26' title="bbox 121 1227 1081 1262; baseline -0.001 -2"><span class='ocrx_word' id='word_1_245' title='bbox 121 1227 246 1260; x_wconf 81' lang='lat' dir='ltr'>amissus</span> <span class='ocrx_word' id='word_1_246' title='bbox 257 1227 308 1261; x_wconf 89' lang='lat' dir='ltr'>est,</span> <span class='ocrx_word' id='word_1_247' title='bbox 320 1227 396 1258; x_wconf 91' lang='lat' dir='ltr'>dum</span> <span class='ocrx_word' id='word_1_248' title='bbox 406 1229 488 1258; x_wconf 86' lang='lat' dir='ltr'>causa</span> <span class='ocrx_word' id='word_1_249' title='bbox 497 1231 537 1259; x_wconf 85' lang='lat' dir='ltr'>ita</span> <span class='ocrx_word' id='word_1_250' title='bbox 548 1229 658 1260; x_wconf 85' lang='lat' dir='ltr'>dicitur</span> <span class='ocrx_word' id='word_1_251' title='bbox 666 1250 676 1262; x_wconf 87' lang='lat'>,</span> <span class='ocrx_word' id='word_1_252' title='bbox 689 1238 722 1260; x_wconf 85' lang='lat' dir='ltr'>ut</span> <span class='ocrx_word' id='word_1_253' title='bbox 731 1227 752 1258; x_wconf 89' lang='lat' dir='ltr'><strong>fi</strong></span> <span class='ocrx_word' id='word_1_254' title='bbox 762 1231 795 1259; x_wconf 90' lang='lat' dir='ltr'>in</span> <span class='ocrx_word' id='word_1_255' title='bbox 806 1228 858 1258; x_wconf 88' lang='lat' dir='ltr'>illa</span> <span class='ocrx_word' id='word_1_256' title='bbox 868 1229 1081 1259; x_wconf 88' lang='lat' dir='ltr'>commentitia</span> 
     </span>
     <span class='ocr_line' id='line_1_27' title="bbox 121 1271 1081 1312; baseline -0.003 -10"><span class='ocrx_word' id='word_1_257' title='bbox 121 1272 252 1303; x_wconf 86' lang='lat' dir='ltr'>Platonis</span> <span class='ocrx_word' id='word_1_258' title='bbox 267 1271 386 1300; x_wconf 89' lang='lat' dir='ltr'>civitate</span> <span class='ocrx_word' id='word_1_259' title='bbox 404 1279 448 1299; x_wconf 90' lang='lat' dir='ltr'>res</span> <span class='ocrx_word' id='word_1_260' title='bbox 467 1279 606 1312; x_wconf 78' lang='lat' dir='ltr'>ageretur.</span> <span class='ocrx_word' id='word_1_261' title='bbox 627 1281 721 1301; x_wconf 88' lang='lat' dir='ltr'>nemo</span> <span class='ocrx_word' id='word_1_262' title='bbox 739 1271 905 1312; x_wconf 86' lang='lat' dir='ltr'>ingemuit,</span> <span class='ocrx_word' id='word_1_263' title='bbox 928 1279 1021 1300; x_wconf 89' lang='lat' dir='ltr'>nemo</span> <span class='ocrx_word' id='word_1_264' title='bbox 1032 1271 1081 1299; x_wconf 89' lang='lat' dir='ltr'>in-</span> 
     </span>
     <span class='ocr_line' id='line_1_28' title="bbox 119 1311 1081 1353; baseline -0.003 -9"><span class='ocrx_word' id='word_1_265' title='bbox 119 1313 261 1344; x_wconf 88' lang='lat' dir='ltr'>clamavit</span> <span class='ocrx_word' id='word_1_266' title='bbox 277 1320 470 1351; x_wconf 88' lang='lat' dir='ltr'>patronorum</span> <span class='ocrx_word' id='word_1_267' title='bbox 483 1333 491 1346; x_wconf 95' lang='lat'>,</span> <span class='ocrx_word' id='word_1_268' title='bbox 520 1313 599 1342; x_wconf 82' lang='lat' dir='ltr'>nihil</span> <span class='ocrx_word' id='word_1_269' title='bbox 619 1315 759 1353; x_wconf 86' lang='lat' dir='ltr'>cuiquam</span> <span class='ocrx_word' id='word_1_270' title='bbox 777 1312 878 1342; x_wconf 90' lang='lat' dir='ltr'>doluit</span> <span class='ocrx_word' id='word_1_271' title='bbox 896 1331 904 1345; x_wconf 85' lang='lat'>‚</span> <span class='ocrx_word' id='word_1_272' title='bbox 926 1321 1020 1341; x_wconf 87' lang='lat' dir='ltr'>nemo</span> <span class='ocrx_word' id='word_1_273' title='bbox 1038 1311 1081 1342; x_wconf 91' lang='lat' dir='ltr'>est</span> 
     </span>
     <span class='ocr_line' id='line_1_29' title="bbox 121 1353 1077 1396; baseline -0.001 -12"><span class='ocrx_word' id='word_1_274' title='bbox 121 1353 241 1396; x_wconf 85' lang='lat' dir='ltr'>questus</span> <span class='ocrx_word' id='word_1_275' title='bbox 252 1373 259 1387; x_wconf 88' lang='lat'>‚</span> <span class='ocrx_word' id='word_1_276' title='bbox 271 1363 364 1383; x_wconf 87' lang='lat' dir='ltr'>nemo</span> <span class='ocrx_word' id='word_1_277' title='bbox 373 1363 466 1393; x_wconf 87' lang='lat' dir='ltr'>remp.</span> <span class='ocrx_word' id='word_1_278' title='bbox 479 1355 655 1393; x_wconf 88' lang='lat' dir='ltr'>imploravit</span> <span class='ocrx_word' id='word_1_279' title='bbox 665 1375 673 1387; x_wconf 93' lang='lat'>,</span> <span class='ocrx_word' id='word_1_280' title='bbox 685 1364 779 1385; x_wconf 88' lang='lat' dir='ltr'>nemo</span> <span class='ocrx_word' id='word_1_281' title='bbox 789 1354 973 1393; x_wconf 84' lang='lat' dir='ltr'>supplicavit.</span> <span class='ocrx_word' id='word_1_282' title='bbox 995 1353 1077 1395; x_wconf 79' lang='lat' dir='ltr'>Qd</span> 
     </span>
     <span class='ocr_line' id='line_1_30' title="bbox 123 1393 1079 1435; baseline -0.002 -9"><span class='ocrx_word' id='word_1_283' title='bbox 123 1397 219 1426; x_wconf 87' lang='lat' dir='ltr'>multa</span> <span class='ocrx_word' id='word_1_284' title='bbox 237 1397 247 1424; x_wconf 92' lang='lat'>?</span> <span class='ocrx_word' id='word_1_285' title='bbox 266 1394 374 1435; x_wconf 87' lang='lat' dir='ltr'>pedem</span> <span class='ocrx_word' id='word_1_286' title='bbox 385 1404 477 1424; x_wconf 87' lang='lat' dir='ltr'>nemo</span> <span class='ocrx_word' id='word_1_287' title='bbox 496 1397 529 1425; x_wconf 91' lang='lat' dir='ltr'>in</span> <span class='ocrx_word' id='word_1_288' title='bbox 538 1396 594 1426; x_wconf 91' lang='lat' dir='ltr'>illo</span> <span class='ocrx_word' id='word_1_289' title='bbox 608 1396 720 1434; x_wconf 83' lang='lat' dir='ltr'>judicio</span> <span class='ocrx_word' id='word_1_290' title='bbox 732 1393 891 1435; x_wconf 88' lang='lat' dir='ltr'>supplofit‚</span> <span class='ocrx_word' id='word_1_291' title='bbox 908 1393 999 1425; x_wconf 91' lang='lat' dir='ltr'>credo</span> <span class='ocrx_word' id='word_1_292' title='bbox 1010 1415 1018 1428; x_wconf 92' lang='lat'>‚</span> <span class='ocrx_word' id='word_1_293' title='bbox 1040 1404 1079 1424; x_wconf 90' lang='lat' dir='ltr'>ne</span> 
     </span>
     <span class='ocr_line' id='line_1_31' title="bbox 56 1437 1079 1482; baseline -0.005 -14"><span class='ocrx_word' id='word_1_294' title='bbox 56 1448 106 1482; x_wconf 85' lang='lat'>54</span> <span class='ocrx_word' id='word_1_295' title='bbox 121 1439 226 1470; x_wconf 86' lang='lat' dir='ltr'>Stoicis</span> <span class='ocrx_word' id='word_1_296' title='bbox 246 1438 471 1466; x_wconf 83' lang='lat' dir='ltr'>renuntiaretur.</span> <span class='ocrx_word' id='word_1_297' title='bbox 510 1438 652 1477; x_wconf 60' lang='lat' dir='ltr'>imitatus</span> <span class='ocrx_word' id='word_1_298' title='bbox 672 1437 714 1468; x_wconf 78' lang='lat' dir='ltr'>est</span> <span class='ocrx_word' id='word_1_299' title='bbox 732 1437 828 1467; x_wconf 88' lang='lat' dir='ltr'>homo</span> <span class='ocrx_word' id='word_1_300' title='bbox 846 1439 1004 1467; x_wconf 84' lang='lat' dir='ltr'>Romanus</span> <span class='ocrx_word' id='word_1_301' title='bbox 1015 1456 1023 1470; x_wconf 88' lang='lat'>‚</span> <span class='ocrx_word' id='word_1_302' title='bbox 1047 1437 1079 1466; x_wconf 70' lang='grc' dir='ltr'>ὃς</span> 
     </span>
     <span class='ocr_line' id='line_1_32' title="bbox 120 1478 1077 1520; baseline -0.005 -8"><span class='ocrx_word' id='word_1_303' title='bbox 120 1479 282 1512; x_wconf 82' lang='lat' dir='ltr'>consularis</span> <span class='ocrx_word' id='word_1_304' title='bbox 290 1486 421 1508; x_wconf 84' lang='lat' dir='ltr'>veterem</span> <span class='ocrx_word' id='word_1_305' title='bbox 439 1478 528 1508; x_wconf 90' lang='lat' dir='ltr'>illum</span> <span class='ocrx_word' id='word_1_306' title='bbox 539 1482 687 1510; x_wconf 84' lang='lat' dir='ltr'>Socratem</span> <span class='ocrx_word' id='word_1_307' title='bbox 700 1500 709 1514; x_wconf 88' lang='lat'><em>‚</em></span> <span class='ocrx_word' id='word_1_308' title='bbox 727 1481 798 1520; x_wconf 87' lang='lat' dir='ltr'>qui,</span> <span class='ocrx_word' id='word_1_309' title='bbox 818 1488 913 1520; x_wconf 90' lang='lat' dir='ltr'>quum</span> <span class='ocrx_word' id='word_1_310' title='bbox 932 1480 1077 1508; x_wconf 88' lang='lat' dir='ltr'>omnium</span> 
     </span>
     <span class='ocr_line' id='line_1_33' title="bbox 120 1517 1076 1562; baseline -0.002 -11"><span class='ocrx_word' id='word_1_311' title='bbox 120 1517 348 1561; x_wconf 83' lang='lat' dir='ltr'>sapientissimus</span> <span class='ocrx_word' id='word_1_312' title='bbox 358 1518 445 1552; x_wconf 77' lang='lat' dir='ltr'>esset,</span> <span class='ocrx_word' id='word_1_313' title='bbox 465 1519 703 1562; x_wconf 62' lang='lat' dir='ltr'>sancitiffimeque</span> <span class='ocrx_word' id='word_1_314' title='bbox 713 1518 850 1554; x_wconf 84' lang='lat' dir='ltr'>vixisset,</span> <span class='ocrx_word' id='word_1_315' title='bbox 870 1522 911 1550; x_wconf 91' lang='lat' dir='ltr'>ita</span> <span class='ocrx_word' id='word_1_316' title='bbox 920 1522 952 1550; x_wconf 92' lang='lat' dir='ltr'>in</span> <span class='ocrx_word' id='word_1_317' title='bbox 958 1519 1076 1559; x_wconf 85' lang='lat' dir='ltr'>judicio</span> 
     </span>
     <span class='ocr_line' id='line_1_34' title="bbox 119 1561 1081 1604; baseline -0.004 -10"><span class='ocrx_word' id='word_1_318' title='bbox 119 1563 223 1603; x_wconf 85' lang='lat' dir='ltr'>capitis</span> <span class='ocrx_word' id='word_1_319' title='bbox 232 1571 286 1602; x_wconf 87' lang='lat' dir='ltr'>pro</span> <span class='ocrx_word' id='word_1_320' title='bbox 297 1561 396 1601; x_wconf 89' lang='lat' dir='ltr'>seipse</span> <span class='ocrx_word' id='word_1_321' title='bbox 406 1561 501 1594; x_wconf 83' lang='lat' dir='ltr'>dixit,</span> <span class='ocrx_word' id='word_1_322' title='bbox 513 1572 545 1592; x_wconf 91' lang='lat' dir='ltr'>ut</span> <span class='ocrx_word' id='word_1_323' title='bbox 555 1573 620 1593; x_wconf 89' lang='lat' dir='ltr'>non</span> <span class='ocrx_word' id='word_1_324' title='bbox 630 1564 755 1604; x_wconf 84' lang='lat' dir='ltr'>supplex</span> <span class='ocrx_word' id='word_1_325' title='bbox 765 1583 773 1596; x_wconf 89' lang='lat'>,</span> <span class='ocrx_word' id='word_1_326' title='bbox 788 1571 838 1592; x_wconf 90' lang='lat' dir='ltr'>aut</span> <span class='ocrx_word' id='word_1_327' title='bbox 847 1572 913 1592; x_wconf 89' lang='lat' dir='ltr'>reus</span> <span class='ocrx_word' id='word_1_328' title='bbox 923 1582 931 1595; x_wconf 91' lang='lat'>,</span> <span class='ocrx_word' id='word_1_329' title='bbox 953 1561 1001 1591; x_wconf 87' lang='lat' dir='ltr'>sed</span> <span class='ocrx_word' id='word_1_330' title='bbox 1012 1571 1081 1590; x_wconf 73' lang='lat' dir='ltr'>ma-</span> 
     </span>
     <span class='ocr_line' id='line_1_35' title="bbox 117 1602 1075 1646; baseline -0.001 -13"><span class='ocrx_word' id='word_1_331' title='bbox 117 1603 222 1646; x_wconf 81' lang='lat' dir='ltr'>gister,</span> <span class='ocrx_word' id='word_1_332' title='bbox 242 1611 291 1633; x_wconf 91' lang='lat' dir='ltr'>aut</span> <span class='ocrx_word' id='word_1_333' title='bbox 309 1602 453 1633; x_wconf 88' lang='lat' dir='ltr'>dominus</span> <span class='ocrx_word' id='word_1_334' title='bbox 470 1604 622 1635; x_wconf 88' lang='lat' dir='ltr'>videretur</span> <span class='ocrx_word' id='word_1_335' title='bbox 639 1604 697 1635; x_wconf 86' lang='lat' dir='ltr'>effe</span> <span class='ocrx_word' id='word_1_336' title='bbox 717 1605 863 1642; x_wconf 84' lang='lat' dir='ltr'>judicum.</span> <span class='ocrx_word' id='word_1_337' title='bbox 886 1605 1075 1645; x_wconf 86' lang='lat' dir='ltr'>Qinetiam,</span> 
     </span>
     <span class='ocr_line' id='line_1_36' title="bbox 123 1643 1081 1688; baseline -0.001 -12"><span class='ocrx_word' id='word_1_338' title='bbox 123 1656 219 1688; x_wconf 88' lang='lat' dir='ltr'>quum</span> <span class='ocrx_word' id='word_1_339' title='bbox 229 1646 257 1675; x_wconf 86' lang='lat' dir='ltr'>ei</span> <span class='ocrx_word' id='word_1_340' title='bbox 266 1644 403 1684; x_wconf 78' lang='lat' dir='ltr'>scriptam</span> <span class='ocrx_word' id='word_1_341' title='bbox 412 1647 580 1677; x_wconf 81' lang='lat' dir='ltr'>orationem</span> <span class='ocrx_word' id='word_1_342' title='bbox 600 1645 804 1677; x_wconf 68' lang='lat' dir='ltr'>disertissimus</span> <span class='ocrx_word' id='word_1_343' title='bbox 823 1654 921 1676; x_wconf 86' lang='lat' dir='ltr'>orator</span> <span class='ocrx_word' id='word_1_344' title='bbox 929 1643 1027 1684; x_wconf 83' lang='lat' dir='ltr'>Lysias</span> <span class='ocrx_word' id='word_1_345' title='bbox 1037 1654 1081 1675; x_wconf 88' lang='lat' dir='ltr'>at-</span> 
     </span>
     <span class='ocr_line' id='line_1_37' title="bbox 122 1684 1080 1727; baseline -0.003 -8"><span class='ocrx_word' id='word_1_346' title='bbox 122 1685 235 1719; x_wconf 83' lang='lat' dir='ltr'>tulisset</span> <span class='ocrx_word' id='word_1_347' title='bbox 244 1706 253 1720; x_wconf 85' lang='lat'>,</span> <span class='ocrx_word' id='word_1_348' title='bbox 264 1696 366 1727; x_wconf 86' lang='lat' dir='ltr'>quam,</span> <span class='ocrx_word' id='word_1_349' title='bbox 378 1684 399 1716; x_wconf 88' lang='lat' dir='ltr'>fi</span> <span class='ocrx_word' id='word_1_350' title='bbox 409 1688 437 1716; x_wconf 91' lang='lat' dir='ltr'>ei</span> <span class='ocrx_word' id='word_1_351' title='bbox 447 1686 598 1718; x_wconf 87' lang='lat' dir='ltr'>videretur</span> <span class='ocrx_word' id='word_1_352' title='bbox 610 1708 617 1722; x_wconf 84' lang='lat'>,</span> <span class='ocrx_word' id='word_1_353' title='bbox 630 1689 789 1721; x_wconf 82' lang='lat' dir='ltr'>edisceret,</span> <span class='ocrx_word' id='word_1_354' title='bbox 803 1695 835 1717; x_wconf 90' lang='lat' dir='ltr'>ut</span> <span class='ocrx_word' id='word_1_355' title='bbox 844 1697 875 1717; x_wconf 87' lang='lat' dir='ltr'>ea</span> <span class='ocrx_word' id='word_1_356' title='bbox 884 1697 940 1727; x_wconf 89' lang='lat' dir='ltr'>pro</span> <span class='ocrx_word' id='word_1_357' title='bbox 949 1688 978 1717; x_wconf 89' lang='lat' dir='ltr'>se</span> <span class='ocrx_word' id='word_1_358' title='bbox 989 1689 1021 1717; x_wconf 87' lang='lat' dir='ltr'>in</span> <span class='ocrx_word' id='word_1_359' title='bbox 1028 1688 1040 1726; x_wconf 93' lang='lat' dir='ltr'>j</span> <span class='ocrx_word' id='word_1_360' title='bbox 1045 1697 1080 1717; x_wconf 87' lang='lat' dir='ltr'>u-</span> 
     </span>
     <span class='ocr_line' id='line_1_38' title="bbox 121 1728 1074 1772; baseline -0.002 -12"><span class='ocrx_word' id='word_1_361' title='bbox 121 1730 203 1760; x_wconf 85' lang='lat' dir='ltr'>dicio</span> <span class='ocrx_word' id='word_1_362' title='bbox 223 1736 370 1762; x_wconf 86' lang='lat' dir='ltr'>uteretur,</span> <span class='ocrx_word' id='word_1_363' title='bbox 389 1737 454 1758; x_wconf 92' lang='lat' dir='ltr'>non</span> <span class='ocrx_word' id='word_1_364' title='bbox 471 1731 586 1760; x_wconf 88' lang='lat' dir='ltr'>invitus</span> <span class='ocrx_word' id='word_1_365' title='bbox 603 1730 691 1772; x_wconf 87' lang='lat' dir='ltr'>legit,</span> <span class='ocrx_word' id='word_1_366' title='bbox 715 1728 923 1760; x_wconf 73' lang='lat' dir='ltr'>&amp;commode</span> <span class='ocrx_word' id='word_1_367' title='bbox 935 1729 1074 1768; x_wconf 85' lang='lat' dir='ltr'>scriptam</span> 
     </span>
     <span class='ocr_line' id='line_1_39' title="bbox 122 1769 1077 1812; baseline -0.002 -10"><span class='ocrx_word' id='word_1_368' title='bbox 122 1770 179 1802; x_wconf 84' lang='lat' dir='ltr'>esse</span> <span class='ocrx_word' id='word_1_369' title='bbox 188 1770 281 1800; x_wconf 88' lang='lat' dir='ltr'>dixit:</span> <span class='ocrx_word' id='word_1_370' title='bbox 294 1769 343 1799; x_wconf 83' lang='lat' dir='ltr'>sed</span> <span class='ocrx_word' id='word_1_371' title='bbox 352 1790 363 1803; x_wconf 63' lang='lat'><em>0</em></span> <span class='ocrx_word' id='word_1_372' title='bbox 383 1771 484 1811; x_wconf 88' lang='lat' dir='ltr'>inquit</span> <span class='ocrx_word' id='word_1_373' title='bbox 493 1790 501 1804; x_wconf 89' lang='lat'>,</span> <span class='ocrx_word' id='word_1_374' title='bbox 521 1779 556 1800; x_wconf 83' lang='lat' dir='ltr'>ut</span> <span class='ocrx_word' id='word_1_375' title='bbox 564 1792 572 1805; x_wconf 90' lang='lat'>‚</span> <span class='ocrx_word' id='word_1_376' title='bbox 589 1771 618 1812; x_wconf 84' lang='lat' dir='ltr'><strong><em>fi</em></strong></span> <span class='ocrx_word' id='word_1_377' title='bbox 625 1772 697 1801; x_wconf 77' lang='lat' dir='ltr'>mihi</span> <span class='ocrx_word' id='word_1_378' title='bbox 705 1772 818 1802; x_wconf 89' lang='lat' dir='ltr'>calceos</span> <span class='ocrx_word' id='word_1_379' title='bbox 829 1772 988 1810; x_wconf 70' lang='lat' dir='ltr'>Sicyonios</span> <span class='ocrx_word' id='word_1_380' title='bbox 999 1778 1077 1800; x_wconf 84' lang='lat' dir='ltr'>attu-</span> 
     </span>
     <span class='ocr_line' id='line_1_40' title="bbox 121 1811 1079 1853; baseline -0.002 -10"><span class='ocrx_word' id='word_1_381' title='bbox 121 1811 220 1846; x_wconf 81' lang='lat' dir='ltr'>lisses,</span> <span class='ocrx_word' id='word_1_382' title='bbox 242 1821 306 1841; x_wconf 90' lang='lat' dir='ltr'>non</span> <span class='ocrx_word' id='word_1_383' title='bbox 315 1820 430 1845; x_wconf 89' lang='lat' dir='ltr'>uterer,</span> <span class='ocrx_word' id='word_1_384' title='bbox 449 1815 586 1853; x_wconf 85' lang='lat' dir='ltr'>quamvis</span> <span class='ocrx_word' id='word_1_385' title='bbox 605 1812 699 1844; x_wconf 78' lang='lat' dir='ltr'>essent</span> <span class='ocrx_word' id='word_1_386' title='bbox 717 1813 847 1845; x_wconf 86' lang='lat' dir='ltr'>habiles,</span> <span class='ocrx_word' id='word_1_387' title='bbox 869 1813 971 1852; x_wconf 86' lang='lat' dir='ltr'>&amp;apti</span> <span class='ocrx_word' id='word_1_388' title='bbox 981 1811 1016 1842; x_wconf 89' lang='lat' dir='ltr'>ad</span> <span class='ocrx_word' id='word_1_389' title='bbox 1025 1821 1079 1852; x_wconf 88' lang='lat' dir='ltr'>pe-</span> 
     </span>
     <span class='ocr_line' id='line_1_41' title="bbox 123 1852 1077 1894; baseline -0.002 -9"><span class='ocrx_word' id='word_1_390' title='bbox 123 1854 194 1885; x_wconf 85' lang='lat' dir='ltr'>dem</span> <span class='ocrx_word' id='word_1_391' title='bbox 202 1873 215 1887; x_wconf 90' lang='lat'>.,</span> <span class='ocrx_word' id='word_1_392' title='bbox 227 1855 368 1894; x_wconf 88' lang='lat' dir='ltr'>quianon</span> <span class='ocrx_word' id='word_1_393' title='bbox 378 1852 471 1883; x_wconf 80' lang='lat' dir='ltr'>essent</span> <span class='ocrx_word' id='word_1_394' title='bbox 481 1855 599 1885; x_wconf 89' lang='lat' dir='ltr'>viriles:</span> <span class='ocrx_word' id='word_1_395' title='bbox 613 1853 651 1885; x_wconf 81' lang='lat' dir='ltr'>sic</span> <span class='ocrx_word' id='word_1_396' title='bbox 662 1856 744 1890; x_wconf 74' lang='lat' dir='ltr'>illam</span> <span class='ocrx_word' id='word_1_397' title='bbox 755 1857 926 1885; x_wconf 90' lang='lat' dir='ltr'>orationem</span> <span class='ocrx_word' id='word_1_398' title='bbox 939 1854 1077 1884; x_wconf 76' lang='lat' dir='ltr'>disertam</span> 
     </span>
     <span class='ocr_line' id='line_1_42' title="bbox 121 1895 1078 1930; baseline -0.003 -4"><span class='ocrx_word' id='word_1_399' title='bbox 121 1895 196 1930; x_wconf 83' lang='lat' dir='ltr'>fibi,</span> <span class='ocrx_word' id='word_1_400' title='bbox 215 1895 247 1925; x_wconf 89' lang='lat'>&amp;</span> <span class='ocrx_word' id='word_1_401' title='bbox 258 1896 416 1925; x_wconf 76' lang='lat' dir='ltr'>oratoriam</span> <span class='ocrx_word' id='word_1_402' title='bbox 427 1895 521 1926; x_wconf 89' lang='lat' dir='ltr'>videri</span> <span class='ocrx_word' id='word_1_403' title='bbox 541 1907 547 1925; x_wconf 74' lang='grc' dir='ltr'>ε</span> <span class='ocrx_word' id='word_1_404' title='bbox 562 1895 674 1927; x_wconf 87' lang='lat' dir='ltr'>fortem</span> <span class='ocrx_word' id='word_1_405' title='bbox 684 1917 695 1930; x_wconf 66' lang='lat'>2</span> <span class='ocrx_word' id='word_1_406' title='bbox 714 1897 747 1927; x_wconf 90' lang='lat'>&amp;</span> <span class='ocrx_word' id='word_1_407' title='bbox 757 1897 877 1926; x_wconf 88' lang='lat' dir='ltr'>virilem</span> <span class='ocrx_word' id='word_1_408' title='bbox 889 1906 953 1925; x_wconf 91' lang='lat' dir='ltr'>non</span> <span class='ocrx_word' id='word_1_409' title='bbox 971 1895 1078 1925; x_wconf 85' lang='lat' dir='ltr'>videri.</span> 
     </span>
     <span class='ocr_line' id='line_1_43' title="bbox 123 1936 1079 1979; baseline -0.001 -14"><span class='ocrx_word' id='word_1_410' title='bbox 123 1940 203 1979; x_wconf 84' lang='lat' dir='ltr'>Ergo</span> <span class='ocrx_word' id='word_1_411' title='bbox 213 1936 263 1966; x_wconf 85' lang='lat' dir='ltr'>ille</span> <span class='ocrx_word' id='word_1_412' title='bbox 281 1946 401 1976; x_wconf 87' lang='lat' dir='ltr'>quoque</span> <span class='ocrx_word' id='word_1_413' title='bbox 412 1936 567 1967; x_wconf 88' lang='lat' dir='ltr'>damnatus</span> <span class='ocrx_word' id='word_1_414' title='bbox 580 1937 623 1968; x_wconf 89' lang='lat' dir='ltr'>est</span> <span class='ocrx_word' id='word_1_415' title='bbox 643 1949 649 1967; x_wconf 77' lang='lat'>2</span> <span class='ocrx_word' id='word_1_416' title='bbox 671 1948 769 1979; x_wconf 88' lang='lat' dir='ltr'>neque</span> <span class='ocrx_word' id='word_1_417' title='bbox 787 1936 889 1968; x_wconf 80' lang='lat' dir='ltr'>solum</span> <span class='ocrx_word' id='word_1_418' title='bbox 902 1938 1000 1978; x_wconf 67' lang='lat' dir='ltr'>primis</span> <span class='ocrx_word' id='word_1_419' title='bbox 1014 1937 1079 1976; x_wconf 82' lang='lat' dir='ltr'>sen-</span> 
     </span>
     <span class='ocr_line' id='line_1_44' title="bbox 125 1977 1078 2020; baseline -0.001 -12"><span class='ocrx_word' id='word_1_420' title='bbox 125 1978 218 2009; x_wconf 65' lang='lat' dir='ltr'>tentiis</span> <span class='ocrx_word' id='word_1_421' title='bbox 228 1997 236 2011; x_wconf 91' lang='lat'>‚</span> <span class='ocrx_word' id='word_1_422' title='bbox 246 1977 356 2017; x_wconf 92' lang='lat' dir='ltr'>quibus</span> <span class='ocrx_word' id='word_1_423' title='bbox 366 1977 483 2007; x_wconf 77' lang='lat' dir='ltr'>tantum</span> <span class='ocrx_word' id='word_1_424' title='bbox 495 1978 659 2009; x_wconf 66' lang='lat' dir='ltr'>statuebant</span> <span class='ocrx_word' id='word_1_425' title='bbox 671 1981 786 2020; x_wconf 89' lang='lat' dir='ltr'>judices</span> <span class='ocrx_word' id='word_1_426' title='bbox 796 2000 804 2012; x_wconf 93' lang='lat'>‚</span> <span class='ocrx_word' id='word_1_427' title='bbox 825 1979 1020 2011; x_wconf 84' lang='lat' dir='ltr'>damnarent,</span> <span class='ocrx_word' id='word_1_428' title='bbox 1040 1988 1078 2007; x_wconf 91' lang='lat' dir='ltr'>an</span> 
     </span>
     <span class='ocr_line' id='line_1_45' title="bbox 125 2018 1079 2061; baseline -0.002 -11"><span class='ocrx_word' id='word_1_429' title='bbox 125 2019 316 2050; x_wconf 85' lang='lat' dir='ltr'>absolverent</span> <span class='ocrx_word' id='word_1_430' title='bbox 324 2037 332 2051; x_wconf 89' lang='lat'>‚</span> <span class='ocrx_word' id='word_1_431' title='bbox 353 2018 401 2048; x_wconf 87' lang='lat' dir='ltr'>sed</span> <span class='ocrx_word' id='word_1_432' title='bbox 412 2020 503 2049; x_wconf 90' lang='lat' dir='ltr'>etiam</span> <span class='ocrx_word' id='word_1_433' title='bbox 515 2020 575 2049; x_wconf 90' lang='lat' dir='ltr'>illis</span> <span class='ocrx_word' id='word_1_434' title='bbox 584 2040 593 2054; x_wconf 89' lang='lat'>‚</span> <span class='ocrx_word' id='word_1_435' title='bbox 613 2031 685 2061; x_wconf 88' lang='lat' dir='ltr'>quas</span> <span class='ocrx_word' id='word_1_436' title='bbox 694 2023 804 2051; x_wconf 89' lang='lat' dir='ltr'>iterum</span> <span class='ocrx_word' id='word_1_437' title='bbox 815 2020 930 2061; x_wconf 85' lang='lat' dir='ltr'>legibus</span> <span class='ocrx_word' id='word_1_438' title='bbox 940 2018 1016 2049; x_wconf 87' lang='lat' dir='ltr'>ferre</span> <span class='ocrx_word' id='word_1_439' title='bbox 1027 2019 1079 2048; x_wconf 88' lang='lat' dir='ltr'>de—</span> 
     </span>
    </p>

    <p class='ocr_par' dir='ltr' id='par_1_3' title="bbox 119 2060 1079 2643">
     <span class='ocr_line' id='line_1_46' title="bbox 128 2060 1079 2100; baseline -0.002 -8"><span class='ocrx_word' id='word_1_440' title='bbox 128 2061 250 2092; x_wconf 87' lang='lat' dir='ltr'>bebant.</span> <span class='ocrx_word' id='word_1_441' title='bbox 274 2062 342 2089; x_wconf 87' lang='lat' dir='ltr'>Erat</span> <span class='ocrx_word' id='word_1_442' title='bbox 350 2061 435 2089; x_wconf 87' lang='lat' dir='ltr'>enim</span> <span class='ocrx_word' id='word_1_443' title='bbox 445 2061 572 2091; x_wconf 86' lang='lat' dir='ltr'>Athenis</span> <span class='ocrx_word' id='word_1_444' title='bbox 583 2082 591 2095; x_wconf 86' lang='lat'>,</span> <span class='ocrx_word' id='word_1_445' title='bbox 602 2072 654 2092; x_wconf 90' lang='lat' dir='ltr'>reo</span> <span class='ocrx_word' id='word_1_446' title='bbox 665 2062 807 2093; x_wconf 87' lang='lat' dir='ltr'>damnato</span> <span class='ocrx_word' id='word_1_447' title='bbox 817 2082 826 2094; x_wconf 95' lang='lat'>‚</span> <span class='ocrx_word' id='word_1_448' title='bbox 852 2060 873 2090; x_wconf 89' lang='lat' dir='ltr'>fi</span> <span class='ocrx_word' id='word_1_449' title='bbox 882 2060 960 2090; x_wconf 82' lang='lat' dir='ltr'>fiaus</span> <span class='ocrx_word' id='word_1_450' title='bbox 970 2062 1079 2100; x_wconf 84' lang='lat' dir='ltr'>capita-</span> 
     </span>
     <span class='ocr_line' id='line_1_47' title="bbox 124 2099 1077 2142; baseline -0.001 -10"><span class='ocrx_word' id='word_1_451' title='bbox 124 2103 162 2132; x_wconf 89' lang='lat' dir='ltr'>lis</span> <span class='ocrx_word' id='word_1_452' title='bbox 174 2112 238 2131; x_wconf 90' lang='lat' dir='ltr'>non</span> <span class='ocrx_word' id='word_1_453' title='bbox 246 2099 318 2130; x_wconf 87' lang='lat' dir='ltr'>esset</span> <span class='ocrx_word' id='word_1_454' title='bbox 327 2120 335 2134; x_wconf 87' lang='lat'>,</span> <span class='ocrx_word' id='word_1_455' title='bbox 355 2103 369 2119; x_wconf 83' lang='lat'>²</span> <span class='ocrx_word' id='word_1_456' title='bbox 380 2101 458 2142; x_wconf 78' lang='lat' dir='ltr'>quasi</span> <span class='ocrx_word' id='word_1_457' title='bbox 468 2112 564 2142; x_wconf 88' lang='lat' dir='ltr'>poenae</span> <span class='ocrx_word' id='word_1_458' title='bbox 574 2102 744 2134; x_wconf 87' lang='lat' dir='ltr'>aestimatio.</span> <span class='ocrx_word' id='word_1_459' title='bbox 767 2113 805 2133; x_wconf 85' lang='lat' dir='ltr'>ex</span> <span class='ocrx_word' id='word_1_460' title='bbox 822 2103 965 2133; x_wconf 89' lang='lat' dir='ltr'>sententia</span> <span class='ocrx_word' id='word_1_461' title='bbox 975 2122 983 2135; x_wconf 86' lang='lat'>,</span> <span class='ocrx_word' id='word_1_462' title='bbox 1006 2101 1077 2131; x_wconf 78' lang='lat' dir='ltr'>cum</span> 
     </span>
     <span class='ocr_line' id='line_1_48' title="bbox 121 2141 1077 2185; baseline -0.001 -11"><span class='ocrx_word' id='word_1_463' title='bbox 121 2143 273 2185; x_wconf 90' lang='lat' dir='ltr'>judicibus</span> <span class='ocrx_word' id='word_1_464' title='bbox 282 2141 399 2172; x_wconf 87' lang='lat' dir='ltr'>daretur</span> <span class='ocrx_word' id='word_1_465' title='bbox 408 2162 416 2176; x_wconf 86' lang='lat'>‚</span> <span class='ocrx_word' id='word_1_466' title='bbox 427 2144 659 2184; x_wconf 84' lang='lat' dir='ltr'>interrogabatur</span> <span class='ocrx_word' id='word_1_467' title='bbox 666 2155 730 2175; x_wconf 82' lang='lat' dir='ltr'>reus</span> <span class='ocrx_word' id='word_1_468' title='bbox 742 2166 750 2178; x_wconf 96' lang='lat'><em>‚</em></span> <span class='ocrx_word' id='word_1_469' title='bbox 762 2154 851 2185; x_wconf 89' lang='lat' dir='ltr'>quam</span> <span class='ocrx_word' id='word_1_470' title='bbox 862 2142 940 2184; x_wconf 83' lang='lat' dir='ltr'>quasi</span> <span class='ocrx_word' id='word_1_471' title='bbox 951 2142 1077 2173; x_wconf 84' lang='lat' dir='ltr'>aestima-</span> 
     </span>
     <span class='ocr_line' id='line_1_49' title="bbox 123 2183 1077 2225; baseline -0.003 -9"><span class='ocrx_word' id='word_1_472' title='bbox 123 2187 240 2216; x_wconf 84' lang='lat' dir='ltr'>tionem</span> <span class='ocrx_word' id='word_1_473' title='bbox 249 2183 460 2214; x_wconf 78' lang='lat' dir='ltr'>commeruisse</span> <span class='ocrx_word' id='word_1_474' title='bbox 482 2185 510 2214; x_wconf 91' lang='lat' dir='ltr'>se</span> <span class='ocrx_word' id='word_1_475' title='bbox 520 2186 656 2215; x_wconf 73' lang='lat' dir='ltr'>maxime</span> <span class='ocrx_word' id='word_1_476' title='bbox 675 2185 867 2217; x_wconf 85' lang='lat' dir='ltr'>confiteretur</span> <span class='ocrx_word' id='word_1_477' title='bbox 887 2195 892 2213; x_wconf 82' lang='lat' dir='ltr'><em>z</em></span> <span class='ocrx_word' id='word_1_478' title='bbox 912 2183 1077 2225; x_wconf 82' lang='lat' dir='ltr'>quodcum</span> 
     </span>
     <span class='ocr_line' id='line_1_50' title="bbox 123 2225 1075 2267; baseline -0.003 -10"><span class='ocrx_word' id='word_1_479' title='bbox 123 2229 318 2267; x_wconf 85' lang='lat' dir='ltr'>interrogatus</span> <span class='ocrx_word' id='word_1_480' title='bbox 327 2228 457 2256; x_wconf 89' lang='lat' dir='ltr'>Socrates</span> <span class='ocrx_word' id='word_1_481' title='bbox 466 2225 552 2260; x_wconf 86' lang='lat' dir='ltr'>esset,</span> <span class='ocrx_word' id='word_1_482' title='bbox 566 2228 720 2267; x_wconf 89' lang='lat' dir='ltr'>respondit</span> <span class='ocrx_word' id='word_1_483' title='bbox 729 2248 737 2261; x_wconf 87' lang='lat'>,</span> <span class='ocrx_word' id='word_1_484' title='bbox 745 2228 800 2267; x_wconf 59' lang='lat' dir='ltr'>ses&amp;</span> <span class='ocrx_word' id='word_1_485' title='bbox 810 2226 934 2263; x_wconf 60' lang='lat' dir='ltr'>meruisse}</span> <span class='ocrx_word' id='word_1_486' title='bbox 947 2247 954 2259; x_wconf 92' lang='lat'><em>‚</em></span> <span class='ocrx_word' id='word_1_487' title='bbox 968 2234 1000 2255; x_wconf 93' lang='lat' dir='ltr'>ut</span> <span class='ocrx_word' id='word_1_488' title='bbox 1009 2236 1075 2255; x_wconf 89' lang='lat' dir='ltr'>am-</span> 
     </span>
     <span class='ocr_line' id='line_1_51' title="bbox 122 2267 1076 2309; baseline -0.005 -8"><span class='ocrx_word' id='word_1_489' title='bbox 122 2267 260 2309; x_wconf 77' lang='lat' dir='ltr'>pliffimis</span> <span class='ocrx_word' id='word_1_490' title='bbox 278 2267 466 2301; x_wconf 76' lang='lat' dir='ltr'>honoribus,</span> <span class='ocrx_word' id='word_1_491' title='bbox 487 2268 661 2308; x_wconf 70' lang='lat' dir='ltr'>&amp;praemiis</span> <span class='ocrx_word' id='word_1_492' title='bbox 670 2269 875 2300; x_wconf 86' lang='lat' dir='ltr'>decoraretur,</span> <span class='ocrx_word' id='word_1_493' title='bbox 898 2268 930 2297; x_wconf 87' lang='lat'>&amp;</span> <span class='ocrx_word' id='word_1_494' title='bbox 941 2277 973 2298; x_wconf 95' lang='lat' dir='ltr'>ut</span> <span class='ocrx_word' id='word_1_495' title='bbox 991 2269 1076 2297; x_wconf 88' lang='lat' dir='ltr'>eivi-</span> 
     </span>
     <span class='ocr_line' id='line_1_52' title="bbox 124 2309 1074 2351; baseline -0.002 -11"><span class='ocrx_word' id='word_1_496' title='bbox 124 2310 189 2340; x_wconf 74' lang='lat' dir='ltr'>&amp;us</span> <span class='ocrx_word' id='word_1_497' title='bbox 199 2309 390 2351; x_wconf 82' lang='lat' dir='ltr'>quotidianus</span> <span class='ocrx_word' id='word_1_498' title='bbox 407 2310 438 2339; x_wconf 87' lang='lat' dir='ltr'>in</span> <span class='ocrx_word' id='word_1_499' title='bbox 449 2311 593 2351; x_wconf 85' lang='lat' dir='ltr'>Prytaneo</span> <span class='ocrx_word' id='word_1_500' title='bbox 602 2311 722 2351; x_wconf 72' lang='lat' dir='ltr'>publice</span> <span class='ocrx_word' id='word_1_501' title='bbox 733 2310 911 2351; x_wconf 84' lang='lat' dir='ltr'>praeberetur</span> <span class='ocrx_word' id='word_1_502' title='bbox 931 2320 936 2338; x_wconf 88' lang='grc'>;</span> <span class='ocrx_word' id='word_1_503' title='bbox 956 2311 1008 2350; x_wconf 90' lang='lat' dir='ltr'>qui</span> <span class='ocrx_word' id='word_1_504' title='bbox 1018 2310 1074 2338; x_wconf 89' lang='lat' dir='ltr'>ho—</span> 
     </span>
     <span class='ocr_line' id='line_1_53' title="bbox 124 2349 1075 2392; baseline -0.001 -10"><span class='ocrx_word' id='word_1_505' title='bbox 124 2362 180 2382; x_wconf 91' lang='lat' dir='ltr'>nos</span> <span class='ocrx_word' id='word_1_506' title='bbox 190 2351 267 2392; x_wconf 90' lang='lat' dir='ltr'>apud</span> <span class='ocrx_word' id='word_1_507' title='bbox 277 2353 396 2381; x_wconf 77' lang='lat' dir='ltr'>Graecos</span> <span class='ocrx_word' id='word_1_508' title='bbox 409 2353 563 2381; x_wconf 81' lang='lat' dir='ltr'>maximus</span> <span class='ocrx_word' id='word_1_509' title='bbox 579 2353 745 2383; x_wconf 83' lang='lat' dir='ltr'>haberetur.</span> <span class='ocrx_word' id='word_1_510' title='bbox 770 2353 860 2392; x_wconf 87' lang='lat' dir='ltr'>Cujus</span> <span class='ocrx_word' id='word_1_511' title='bbox 878 2351 1020 2391; x_wconf 84' lang='lat' dir='ltr'>responso</span> <span class='ocrx_word' id='word_1_512' title='bbox 1038 2349 1075 2381; x_wconf 85' lang='lat' dir='ltr'>sic</span> 
     </span>
     <span class='ocr_line' id='line_1_54' title="bbox 119 2390 1074 2434; baseline -0.003 -10"><span class='ocrx_word' id='word_1_513' title='bbox 119 2394 234 2434; x_wconf 86' lang='lat' dir='ltr'>judices</span> <span class='ocrx_word' id='word_1_514' title='bbox 244 2392 430 2425; x_wconf 83' lang='lat' dir='ltr'>exarserunt,</span> <span class='ocrx_word' id='word_1_515' title='bbox 445 2401 478 2423; x_wconf 93' lang='lat' dir='ltr'>ut</span> <span class='ocrx_word' id='word_1_516' title='bbox 494 2395 598 2433; x_wconf 89' lang='lat' dir='ltr'>capitis</span> <span class='ocrx_word' id='word_1_517' title='bbox 615 2395 777 2424; x_wconf 88' lang='lat' dir='ltr'>hominem</span> <span class='ocrx_word' id='word_1_518' title='bbox 793 2390 1074 2424; x_wconf 81' lang='lat' dir='ltr'>innocentissimum</span> 
     </span>
     <span class='ocr_line' id='line_1_55' title="bbox 120 2433 1074 2475; baseline -0.003 -9"><span class='ocrx_word' id='word_1_519' title='bbox 120 2435 424 2474; x_wconf 81' lang='lat' dir='ltr'>condemnarent,qui</span> <span class='ocrx_word' id='word_1_520' title='bbox 433 2435 557 2475; x_wconf 89' lang='lat' dir='ltr'>quidem</span> <span class='ocrx_word' id='word_1_521' title='bbox 567 2434 588 2464; x_wconf 88' lang='lat' dir='ltr'>fi</span> <span class='ocrx_word' id='word_1_522' title='bbox 598 2436 749 2467; x_wconf 89' lang='lat' dir='ltr'>absolutus</span> <span class='ocrx_word' id='word_1_523' title='bbox 758 2434 838 2469; x_wconf 83' lang='lat' dir='ltr'>esset,</span> <span class='ocrx_word' id='word_1_524' title='bbox 851 2433 945 2475; x_wconf 88' lang='lat' dir='ltr'>(quod</span> <span class='ocrx_word' id='word_1_525' title='bbox 957 2435 1074 2464; x_wconf 86' lang='lat' dir='ltr'>meher-</span> 
     </span>
     <span class='ocr_line' id='line_1_56' title="bbox 124 2474 1074 2517; baseline -0.003 -10"><span class='ocrx_word' id='word_1_526' title='bbox 124 2477 189 2507; x_wconf 87' lang='lat' dir='ltr'>cule</span> <span class='ocrx_word' id='word_1_527' title='bbox 199 2478 288 2506; x_wconf 89' lang='lat' dir='ltr'>etiam</span> <span class='ocrx_word' id='word_1_528' title='bbox 307 2474 327 2504; x_wconf 81' lang='lat' dir='ltr'>si</span> <span class='ocrx_word' id='word_1_529' title='bbox 338 2476 414 2505; x_wconf 90' lang='lat' dir='ltr'>nihil</span> <span class='ocrx_word' id='word_1_530' title='bbox 424 2476 459 2506; x_wconf 89' lang='lat' dir='ltr'>ad</span> <span class='ocrx_word' id='word_1_531' title='bbox 469 2486 526 2506; x_wconf 88' lang='lat' dir='ltr'>nos</span> <span class='ocrx_word' id='word_1_532' title='bbox 543 2478 673 2517; x_wconf 87' lang='lat' dir='ltr'>pertinet</span> <span class='ocrx_word' id='word_1_533' title='bbox 682 2497 690 2511; x_wconf 92' lang='lat'>‚</span> <span class='ocrx_word' id='word_1_534' title='bbox 713 2486 814 2508; x_wconf 85' lang='lat' dir='ltr'>tamen</span> <span class='ocrx_word' id='word_1_535' title='bbox 823 2485 944 2517; x_wconf 85' lang='lat' dir='ltr'>propter</span> <span class='ocrx_word' id='word_1_536' title='bbox 952 2477 1014 2516; x_wconf 90' lang='lat' dir='ltr'>ejus</span> <span class='ocrx_word' id='word_1_537' title='bbox 1026 2477 1074 2505; x_wconf 86' lang='lat' dir='ltr'>in-</span> 
     </span>
     <span class='ocr_line' id='line_1_57' title="bbox 124 2516 1072 2560; baseline -0.002 -11"><span class='ocrx_word' id='word_1_538' title='bbox 124 2519 204 2560; x_wconf 84' lang='lat' dir='ltr'>genii</span> <span class='ocrx_word' id='word_1_539' title='bbox 217 2516 457 2558; x_wconf 84' lang='lat' dir='ltr'>magnitudinem</span> <span class='ocrx_word' id='word_1_540' title='bbox 467 2518 590 2560; x_wconf 88' lang='lat' dir='ltr'>vellem)</span> <span class='ocrx_word' id='word_1_541' title='bbox 601 2529 735 2560; x_wconf 89' lang='lat' dir='ltr'>quonam</span> <span class='ocrx_word' id='word_1_542' title='bbox 747 2519 842 2550; x_wconf 89' lang='lat' dir='ltr'>modo</span> <span class='ocrx_word' id='word_1_543' title='bbox 854 2518 926 2548; x_wconf 89' lang='lat' dir='ltr'>istos</span> <span class='ocrx_word' id='word_1_544' title='bbox 935 2517 1072 2558; x_wconf 86' lang='lat' dir='ltr'>philoso-</span> 
     </span>
     <span class='ocr_line' id='line_1_58' title="bbox 122 2556 1075 2600; baseline -0.003 -10"><span class='ocrx_word' id='word_1_545' title='bbox 122 2561 196 2600; x_wconf 89' lang='lat' dir='ltr'>phos</span> <span class='ocrx_word' id='word_1_546' title='bbox 205 2559 280 2590; x_wconf 85' lang='lat' dir='ltr'>ferre</span> <span class='ocrx_word' id='word_1_547' title='bbox 288 2556 439 2599; x_wconf 77' lang='lat' dir='ltr'>possemus</span> <span class='ocrx_word' id='word_1_548' title='bbox 450 2579 458 2593; x_wconf 86' lang='lat'>‚</span> <span class='ocrx_word' id='word_1_549' title='bbox 470 2562 522 2600; x_wconf 89' lang='lat' dir='ltr'>qui</span> <span class='ocrx_word' id='word_1_550' title='bbox 531 2570 612 2590; x_wconf 88' lang='lat' dir='ltr'>nunc</span> <span class='ocrx_word' id='word_1_551' title='bbox 622 2581 631 2594; x_wconf 87' lang='lat'>‚</span> <span class='ocrx_word' id='word_1_552' title='bbox 642 2559 714 2591; x_wconf 80' lang='lat' dir='ltr'>cum</span> <span class='ocrx_word' id='word_1_553' title='bbox 724 2562 776 2591; x_wconf 91' lang='lat' dir='ltr'>ille</span> <span class='ocrx_word' id='word_1_554' title='bbox 787 2560 944 2591; x_wconf 88' lang='lat' dir='ltr'>damnatus</span> <span class='ocrx_word' id='word_1_555' title='bbox 953 2558 995 2589; x_wconf 89' lang='lat' dir='ltr'>est</span> <span class='ocrx_word' id='word_1_556' title='bbox 1004 2559 1075 2588; x_wconf 85' lang='lat' dir='ltr'>nul-</span> 
     </span>
     <span class='ocr_line' id='line_1_59' title="bbox 123 2599 1072 2643; baseline -0.002 -11"><span class='ocrx_word' id='word_1_557' title='bbox 123 2603 182 2632; x_wconf 76' lang='lat' dir='ltr'>lam</span> <span class='ocrx_word' id='word_1_558' title='bbox 197 2601 286 2632; x_wconf 86' lang='lat' dir='ltr'>aliam</span> <span class='ocrx_word' id='word_1_559' title='bbox 304 2599 337 2630; x_wconf 82' lang='lat' dir='ltr'>ob</span> <span class='ocrx_word' id='word_1_560' title='bbox 352 2600 466 2642; x_wconf 79' lang='lat' dir='ltr'>culpam</span> <span class='ocrx_word' id='word_1_561' title='bbox 485 2621 495 2636; x_wconf 81' lang='lat'>,</span> <span class='ocrx_word' id='word_1_562' title='bbox 517 2600 572 2632; x_wconf 88' lang='lat' dir='ltr'>nifi</span> <span class='ocrx_word' id='word_1_563' title='bbox 591 2610 712 2643; x_wconf 85' lang='lat' dir='ltr'>propter</span> <span class='ocrx_word' id='word_1_564' title='bbox 730 2602 852 2634; x_wconf 81' lang='lat' dir='ltr'>dicendi</span> <span class='ocrx_word' id='word_1_565' title='bbox 870 2601 1072 2635; x_wconf 84' lang='lat' dir='ltr'>inscientiam,</span> 
     </span>
    </p>
   </div>
   <div class='ocr_carea' id='block_1_3' title="bbox 807 149 1588 198">
    <p class='ocr_par' dir='ltr' id='par_1_4' title="bbox 807 149 1588 198">
     <span class='ocr_line' id='line_1_60' title="bbox 807 149 1588 198; baseline 0 -4"><span class='ocrx_word' id='word_1_566' title='bbox 807 151 1245 198; x_wconf 64' lang='lat' dir='ltr'>ORAro‘RE</span> <span class='ocrx_word' id='word_1_567' title='bbox 1325 151 1497 197; x_wconf 74' lang='lat' dir='ltr'>L1n.</span> <span class='ocrx_word' id='word_1_568' title='bbox 1554 149 1588 195; x_wconf 85' lang='lat'>1.</span> 
     </span>
    </p>
   </div>
   <div class='ocr_carea' id='block_1_4' title="bbox 1101 787 1107 1499">
    <p class='ocr_par' dir='ltr' id='par_1_5' title="bbox 1101 787 1107 1499">
     <span class='ocr_line' id='line_1_61' title="bbox 1101 787 1107 1499; baseline 0 0"><span class='ocrx_word' id='word_1_569' title='bbox 1101 787 1107 1499; x_wconf 95' lang='lat' dir='ltr'> </span> 
     </span>
    </p>
   </div>
   <div class='ocr_carea' id='block_1_5' title="bbox 2032 149 2085 213">
    <p class='ocr_par' dir='ltr' id='par_1_6' title="bbox 2032 149 2085 213">
     <span class='ocr_line' id='line_1_62' title="bbox 2032 149 2085 213; baseline 0 0"><span class='ocrx_word' id='word_1_570' title='bbox 2032 149 2085 213; x_wconf 76' lang='lat'>83</span> 
     </span>
    </p>
   </div>
   <div class='ocr_carea' id='block_1_6' title="bbox 1134 226 2092 354">
    <p class='ocr_par' dir='ltr' id='par_1_7' title="bbox 1134 226 2092 354">
     <span class='ocr_line' id='line_1_63' title="bbox 1137 226 2092 270; baseline -0.002 -11"><span class='ocrx_word' id='word_1_571' title='bbox 1137 236 1238 259; x_wconf 87' lang='lat' dir='ltr'>tamen</span> <span class='ocrx_word' id='word_1_572' title='bbox 1247 227 1263 260; x_wconf 74' lang='lat' dir='ltr'>a</span> <span class='ocrx_word' id='word_1_573' title='bbox 1273 229 1301 259; x_wconf 83' lang='lat' dir='ltr'>se</span> <span class='ocrx_word' id='word_1_574' title='bbox 1311 237 1449 270; x_wconf 85' lang='lat' dir='ltr'>oportere</span> <span class='ocrx_word' id='word_1_575' title='bbox 1458 229 1563 260; x_wconf 84' lang='lat' dir='ltr'>dicunt</span> <span class='ocrx_word' id='word_1_576' title='bbox 1570 227 1631 269; x_wconf 86' lang='lat' dir='ltr'>peti</span> <span class='ocrx_word' id='word_1_577' title='bbox 1640 231 1782 269; x_wconf 71' lang='lat' dir='ltr'>praecepta</span> <span class='ocrx_word' id='word_1_578' title='bbox 1792 226 1912 259; x_wconf 85' lang='lat' dir='ltr'>dicendi</span> <span class='ocrx_word' id='word_1_579' title='bbox 1923 229 1934 257; x_wconf 89' lang='lat'>?</span> <span class='ocrx_word' id='word_1_580' title='bbox 1953 226 2092 267; x_wconf 43' lang='lat' dir='ltr'>Quibus„</span> 
     </span>
     <span class='ocr_line' id='line_1_64' title="bbox 1134 269 2089 313; baseline 0.001 -14"><span class='ocrx_word' id='word_1_581' title='bbox 1134 280 1205 300; x_wconf 87' lang='lat' dir='ltr'>cum</span> <span class='ocrx_word' id='word_1_582' title='bbox 1216 281 1270 312; x_wconf 87' lang='lat' dir='ltr'>ego</span> <span class='ocrx_word' id='word_1_583' title='bbox 1279 281 1343 301; x_wconf 91' lang='lat' dir='ltr'>non</span> <span class='ocrx_word' id='word_1_584' title='bbox 1354 281 1458 313; x_wconf 88' lang='lat' dir='ltr'>pugno</span> <span class='ocrx_word' id='word_1_585' title='bbox 1468 292 1476 305; x_wconf 93' lang='lat'>,</span> <span class='ocrx_word' id='word_1_586' title='bbox 1488 279 1588 302; x_wconf 82' lang='lat' dir='ltr'>utrum</span> <span class='ocrx_word' id='word_1_587' title='bbox 1600 269 1633 301; x_wconf 89' lang='lat' dir='ltr'>sit</span> <span class='ocrx_word' id='word_1_588' title='bbox 1643 270 1752 301; x_wconf 88' lang='lat' dir='ltr'>melius</span> <span class='ocrx_word' id='word_1_589' title='bbox 1764 291 1772 304; x_wconf 85' lang='lat'>‚</span> <span class='ocrx_word' id='word_1_590' title='bbox 1784 279 1833 300; x_wconf 86' lang='lat' dir='ltr'>aut</span> <span class='ocrx_word' id='word_1_591' title='bbox 1842 271 1942 300; x_wconf 87' lang='lat' dir='ltr'>verius</span> <span class='ocrx_word' id='word_1_592' title='bbox 1955 278 2089 300; x_wconf 84' lang='lat' dir='ltr'>:tantum</span> 
     </span>
     <span class='ocr_line' id='line_1_65' title="bbox 1134 310 2089 354; baseline 0.001 -15"><span class='ocrx_word' id='word_1_593' title='bbox 1134 311 1202 341; x_wconf 84' lang='lat' dir='ltr'>dico</span> <span class='ocrx_word' id='word_1_594' title='bbox 1214 331 1223 346; x_wconf 84' lang='lat'>,</span> <span class='ocrx_word' id='word_1_595' title='bbox 1238 313 1271 342; x_wconf 87' lang='lat'>&amp;</span> <span class='ocrx_word' id='word_1_596' title='bbox 1281 313 1362 343; x_wconf 88' lang='lat' dir='ltr'>aliud</span> <span class='ocrx_word' id='word_1_597' title='bbox 1373 314 1449 343; x_wconf 90' lang='lat' dir='ltr'>illud</span> <span class='ocrx_word' id='word_1_598' title='bbox 1459 312 1518 344; x_wconf 84' lang='lat' dir='ltr'>esse</span> <span class='ocrx_word' id='word_1_599' title='bbox 1528 333 1537 347; x_wconf 90' lang='lat'>,</span> <span class='ocrx_word' id='word_1_600' title='bbox 1561 321 1646 354; x_wconf 86' lang='lat' dir='ltr'>atque</span> <span class='ocrx_word' id='word_1_601' title='bbox 1659 313 1717 342; x_wconf 83' lang='lat' dir='ltr'>hoc</span> <span class='ocrx_word' id='word_1_602' title='bbox 1727 333 1735 346; x_wconf 84' lang='lat'>,</span> <span class='ocrx_word' id='word_1_603' title='bbox 1757 312 1790 342; x_wconf 89' lang='lat'>&amp;</span> <span class='ocrx_word' id='word_1_604' title='bbox 1799 313 1858 342; x_wconf 88' lang='lat' dir='ltr'>hoc</span> <span class='ocrx_word' id='word_1_605' title='bbox 1867 310 1927 341; x_wconf 70' lang='lat' dir='ltr'>stne</span> <span class='ocrx_word' id='word_1_606' title='bbox 1939 311 1992 341; x_wconf 91' lang='lat' dir='ltr'>illo</span> <span class='ocrx_word' id='word_1_607' title='bbox 2003 312 2089 341; x_wconf 89' lang='lat' dir='ltr'>sum-</span> 
     </span>
    </p>
   </div>
   <div class='ocr_carea' id='block_1_7' title="bbox 1133 352 2149 395">
    <p class='ocr_par' dir='ltr' id='par_1_8' title="bbox 1133 352 2149 395">
     <span class='ocr_line' id='line_1_66' title="bbox 1133 352 2149 395; baseline 0.002 -15"><span class='ocrx_word' id='word_1_608' title='bbox 1133 361 1221 381; x_wconf 90' lang='lat' dir='ltr'>mum</span> <span class='ocrx_word' id='word_1_609' title='bbox 1233 352 1291 383; x_wconf 86' lang='lat' dir='ltr'>esse</span> <span class='ocrx_word' id='word_1_610' title='bbox 1300 353 1392 393; x_wconf 73' lang='lat' dir='ltr'>posse,</span> <span class='ocrx_word' id='word_1_611' title='bbox 1417 357 1498 386; x_wconf 88' lang='lat' dir='ltr'>Nam</span> <span class='ocrx_word' id='word_1_612' title='bbox 1507 354 1646 395; x_wconf 72' lang='lat' dir='ltr'>quodjus</span> <span class='ocrx_word' id='word_1_613' title='bbox 1662 355 1751 385; x_wconf 75' lang='lat' dir='ltr'>civile</span> <span class='ocrx_word' id='word_1_614' title='bbox 1761 373 1770 387; x_wconf 85' lang='lat'>,</span> <span class='ocrx_word' id='word_1_615' title='bbox 1792 352 1888 385; x_wconf 82' lang='lat' dir='ltr'>Crasse</span> <span class='ocrx_word' id='word_1_616' title='bbox 1898 374 1906 387; x_wconf 96' lang='lat'>,</span> <span class='ocrx_word' id='word_1_617' title='bbox 1926 361 1986 383; x_wconf 84' lang='lat' dir='ltr'>tam</span> <span class='ocrx_word' id='word_1_618' title='bbox 1999 354 2089 383; x_wconf 76' lang='lat' dir='ltr'>vehe-</span> <span class='ocrx_word' id='word_1_619' title='bbox 2103 360 2149 393; x_wconf 81' lang='lat'>55</span> 
     </span>
    </p>
   </div>
   <div class='ocr_carea' id='block_1_8' title="bbox 1122 394 2092 1475">
    <p class='ocr_par' dir='ltr' id='par_1_9' title="bbox 1122 394 2092 1475">
     <span class='ocr_line' id='line_1_67' title="bbox 1133 394 2089 438; baseline 0.004 -17"><span class='ocrx_word' id='word_1_620' title='bbox 1133 401 1250 423; x_wconf 86' lang='lat' dir='ltr'>menter</span> <span class='ocrx_word' id='word_1_621' title='bbox 1258 397 1414 434; x_wconf 81' lang='lat' dir='ltr'>amplexus</span> <span class='ocrx_word' id='word_1_622' title='bbox 1424 407 1454 426; x_wconf 84' lang='lat' dir='ltr'>es</span> <span class='ocrx_word' id='word_1_623' title='bbox 1465 416 1473 429; x_wconf 83' lang='lat'>‚</span> <span class='ocrx_word' id='word_1_624' title='bbox 1489 397 1580 426; x_wconf 87' lang='lat' dir='ltr'>video</span> <span class='ocrx_word' id='word_1_625' title='bbox 1589 396 1661 437; x_wconf 90' lang='lat' dir='ltr'>quid</span> <span class='ocrx_word' id='word_1_626' title='bbox 1671 397 1772 438; x_wconf 88' lang='lat' dir='ltr'>egeris.</span> <span class='ocrx_word' id='word_1_627' title='bbox 1797 403 1862 426; x_wconf 89' lang='lat' dir='ltr'>tum</span> <span class='ocrx_word' id='word_1_628' title='bbox 1873 415 1881 428; x_wconf 83' lang='lat'><em>‚</em></span> <span class='ocrx_word' id='word_1_629' title='bbox 1902 405 1998 435; x_wconf 91' lang='lat' dir='ltr'>quum</span> <span class='ocrx_word' id='word_1_630' title='bbox 2009 394 2089 425; x_wconf 80' lang='lat' dir='ltr'>dice-</span> 
     </span>
     <span class='ocr_line' id='line_1_68' title="bbox 1133 433 2089 477; baseline 0.003 -14"><span class='ocrx_word' id='word_1_631' title='bbox 1133 433 1183 463; x_wconf 85' lang='lat' dir='ltr'>bas</span> <span class='ocrx_word' id='word_1_632' title='bbox 1202 453 1211 467; x_wconf 88' lang='lat'>,</span> <span class='ocrx_word' id='word_1_633' title='bbox 1232 435 1383 467; x_wconf 79' lang='lat' dir='ltr'>videbam.</span> <span class='ocrx_word' id='word_1_634' title='bbox 1406 437 1544 468; x_wconf 79' lang='lat' dir='ltr'>Primum</span> <span class='ocrx_word' id='word_1_635' title='bbox 1563 438 1702 469; x_wconf 82' lang='lat' dir='ltr'>Scaevolae</span> <span class='ocrx_word' id='word_1_636' title='bbox 1718 446 1747 468; x_wconf 89' lang='lat' dir='ltr'>te</span> <span class='ocrx_word' id='word_1_637' title='bbox 1764 436 1904 471; x_wconf 84' lang='lat' dir='ltr'>dedidisti</span> <span class='ocrx_word' id='word_1_638' title='bbox 1916 457 1924 470; x_wconf 89' lang='lat'>,</span> <span class='ocrx_word' id='word_1_639' title='bbox 1943 446 2033 477; x_wconf 89' lang='lat' dir='ltr'>quem</span> <span class='ocrx_word' id='word_1_640' title='bbox 2054 447 2089 466; x_wconf 77' lang='lat' dir='ltr'>o-</span> 
     </span>
     <span class='ocr_line' id='line_1_69' title="bbox 1133 478 2087 520; baseline 0.004 -16"><span class='ocrx_word' id='word_1_641' title='bbox 1133 484 1220 506; x_wconf 86' lang='lat' dir='ltr'>mnes</span> <span class='ocrx_word' id='word_1_642' title='bbox 1236 485 1334 506; x_wconf 88' lang='lat' dir='ltr'>amare</span> <span class='ocrx_word' id='word_1_643' title='bbox 1353 478 1541 508; x_wconf 74' lang='lat' dir='ltr'>meritissimo</span> <span class='ocrx_word' id='word_1_644' title='bbox 1557 489 1611 519; x_wconf 85' lang='lat' dir='ltr'>pro</span> <span class='ocrx_word' id='word_1_645' title='bbox 1628 481 1692 520; x_wconf 86' lang='lat' dir='ltr'>ejus</span> <span class='ocrx_word' id='word_1_646' title='bbox 1710 481 1823 510; x_wconf 82' lang='lat' dir='ltr'>eximia</span> <span class='ocrx_word' id='word_1_647' title='bbox 1839 479 1978 509; x_wconf 86' lang='lat' dir='ltr'>suavitate</span> <span class='ocrx_word' id='word_1_648' title='bbox 1997 478 2087 508; x_wconf 86' lang='lat' dir='ltr'>debe-</span> 
     </span>
     <span class='ocr_line' id='line_1_70' title="bbox 1133 518 2092 561; baseline 0.005 -15"><span class='ocrx_word' id='word_1_649' title='bbox 1133 526 1202 547; x_wconf 90' lang='lat' dir='ltr'>mus</span> <span class='ocrx_word' id='word_1_650' title='bbox 1218 527 1224 546; x_wconf 88' lang='lat'>:</span> <span class='ocrx_word' id='word_1_651' title='bbox 1239 518 1325 557; x_wconf 88' lang='lat' dir='ltr'>cujus</span> <span class='ocrx_word' id='word_1_652' title='bbox 1334 527 1427 548; x_wconf 86' lang='lat' dir='ltr'>artem</span> <span class='ocrx_word' id='word_1_653' title='bbox 1452 523 1463 546; x_wconf 80' lang='lat'>3</span> <span class='ocrx_word' id='word_1_654' title='bbox 1476 520 1548 550; x_wconf 82' lang='lat' dir='ltr'>cum</span> <span class='ocrx_word' id='word_1_655' title='bbox 1558 521 1723 551; x_wconf 79' lang='lat' dir='ltr'>indotatam</span> <span class='ocrx_word' id='word_1_656' title='bbox 1735 519 1793 551; x_wconf 85' lang='lat' dir='ltr'>ess&#39;e</span> <span class='ocrx_word' id='word_1_657' title='bbox 1804 541 1812 554; x_wconf 94' lang='lat'>‚</span> <span class='ocrx_word' id='word_1_658' title='bbox 1832 529 1917 561; x_wconf 86' lang='lat' dir='ltr'>atque</span> <span class='ocrx_word' id='word_1_659' title='bbox 1928 523 2092 551; x_wconf 60' lang='lat' dir='ltr'>incomita»</span> 
     </span>
     <span class='ocr_line' id='line_1_71' title="bbox 1133 558 2086 602; baseline 0.003 -14"><span class='ocrx_word' id='word_1_660' title='bbox 1133 563 1193 588; x_wconf 86' lang='lat' dir='ltr'>tam</span> <span class='ocrx_word' id='word_1_661' title='bbox 1204 578 1213 592; x_wconf 87' lang='lat'>‚</span> <span class='ocrx_word' id='word_1_662' title='bbox 1227 558 1259 588; x_wconf 90' lang='lat'>&amp;</span> <span class='ocrx_word' id='word_1_663' title='bbox 1270 562 1437 589; x_wconf 82' lang='lat' dir='ltr'>incomtam</span> <span class='ocrx_word' id='word_1_664' title='bbox 1449 561 1563 591; x_wconf 79' lang='lat' dir='ltr'>videres</span> <span class='ocrx_word' id='word_1_665' title='bbox 1574 582 1581 594; x_wconf 61' lang='lat'>2</span> <span class='ocrx_word' id='word_1_666' title='bbox 1594 563 1757 593; x_wconf 85' lang='lat' dir='ltr'>verborum</span> <span class='ocrx_word' id='word_1_667' title='bbox 1769 572 1833 593; x_wconf 87' lang='lat' dir='ltr'>eam</span> <span class='ocrx_word' id='word_1_668' title='bbox 1845 562 1915 592; x_wconf 72' lang='lat' dir='ltr'>doce</span> <span class='ocrx_word' id='word_1_669' title='bbox 1924 562 2086 602; x_wconf 70' lang='lat' dir='ltr'>locupleta-</span> 
     </span>
     <span class='ocr_line' id='line_1_72' title="bbox 1132 599 2087 644; baseline 0.004 -15"><span class='ocrx_word' id='word_1_670' title='bbox 1132 599 1168 629; x_wconf 88' lang='lat' dir='ltr'>sti</span> <span class='ocrx_word' id='word_1_671' title='bbox 1178 620 1188 634; x_wconf 87' lang='lat'>‚</span> <span class='ocrx_word' id='word_1_672' title='bbox 1201 600 1361 631; x_wconf 86' lang='lat' dir='ltr'>&amp;ornasti.</span> <span class='ocrx_word' id='word_1_673' title='bbox 1385 601 1505 631; x_wconf 86' lang='lat' dir='ltr'>Deinde</span> <span class='ocrx_word' id='word_1_674' title='bbox 1515 602 1595 642; x_wconf 63' lang='lat' dir='ltr'>quod</span> <span class='ocrx_word' id='word_1_675' title='bbox 1608 606 1638 632; x_wconf 85' lang='lat' dir='ltr'>in</span> <span class='ocrx_word' id='word_1_676' title='bbox 1656 614 1686 634; x_wconf 82' lang='lat' dir='ltr'>ea</span> <span class='ocrx_word' id='word_1_677' title='bbox 1704 613 1733 635; x_wconf 90' lang='lat' dir='ltr'>ru</span> <span class='ocrx_word' id='word_1_678' title='bbox 1752 605 1818 644; x_wconf 71' lang='lat' dir='ltr'>plus</span> <span class='ocrx_word' id='word_1_679' title='bbox 1828 614 1923 644; x_wconf 80' lang='lat' dir='ltr'>operae</span> <span class='ocrx_word' id='word_1_680' title='bbox 1933 624 1942 638; x_wconf 92' lang='lat'>,</span> <span class='ocrx_word' id='word_1_681' title='bbox 1962 603 2087 633; x_wconf 86' lang='lat' dir='ltr'>laboris-</span> 
     </span>
     <span class='ocr_line' id='line_1_73' title="bbox 1130 642 2085 682; baseline 0.005 -11"><span class='ocrx_word' id='word_1_682' title='bbox 1130 652 1186 682; x_wconf 90' lang='lat' dir='ltr'>que</span> <span class='ocrx_word' id='word_1_683' title='bbox 1196 642 1400 673; x_wconf 82' lang='lat' dir='ltr'>consumseras</span> <span class='ocrx_word' id='word_1_684' title='bbox 1413 662 1421 676; x_wconf 88' lang='lat'>‚</span> <span class='ocrx_word' id='word_1_685' title='bbox 1441 642 1512 672; x_wconf 80' lang='lat' dir='ltr'>cum</span> <span class='ocrx_word' id='word_1_686' title='bbox 1523 645 1586 682; x_wconf 75' lang='lat' dir='ltr'>eju-5</span> <span class='ocrx_word' id='word_1_687' title='bbox 1606 644 1694 675; x_wconf 82' lang='lat' dir='ltr'>studii</span> <span class='ocrx_word' id='word_1_688' title='bbox 1707 647 1761 675; x_wconf 77' lang='lat' dir='ltr'>tibi</span> <span class='ocrx_word' id='word_1_689' title='bbox 1773 646 1805 675; x_wconf 70' lang='grc' dir='ltr'>δε</span> <span class='ocrx_word' id='word_1_690' title='bbox 1816 647 1948 676; x_wconf 82' lang='lat' dir='ltr'>hortator</span> <span class='ocrx_word' id='word_1_691' title='bbox 1957 665 1965 678; x_wconf 84' lang='lat'>‚</span> <span class='ocrx_word' id='word_1_692' title='bbox 1979 646 2011 675; x_wconf 90' lang='lat'>&amp;</span> <span class='ocrx_word' id='word_1_693' title='bbox 2021 655 2085 675; x_wconf 88' lang='lat' dir='ltr'>ma·-</span> 
     </span>
     <span class='ocr_line' id='line_1_74' title="bbox 1132 682 2088 724; baseline 0.003 -11"><span class='ocrx_word' id='word_1_694' title='bbox 1132 682 1221 724; x_wconf 89' lang='lat' dir='ltr'>gister</span> <span class='ocrx_word' id='word_1_695' title='bbox 1238 682 1309 713; x_wconf 86' lang='lat' dir='ltr'>esset</span> <span class='ocrx_word' id='word_1_696' title='bbox 1327 683 1432 718; x_wconf 83' lang='lat' dir='ltr'>domi,</span> <span class='ocrx_word' id='word_1_697' title='bbox 1454 687 1566 714; x_wconf 86' lang='lat' dir='ltr'>veritus</span> <span class='ocrx_word' id='word_1_698' title='bbox 1587 695 1616 714; x_wconf 81' lang='lat' dir='ltr'>es</span> <span class='ocrx_word' id='word_1_699' title='bbox 1636 706 1643 718; x_wconf 90' lang='lat'>‚</span> <span class='ocrx_word' id='word_1_700' title='bbox 1664 686 1718 716; x_wconf 83' lang='lat' dir='ltr'>nisi</span> <span class='ocrx_word' id='word_1_701' title='bbox 1738 687 1823 717; x_wconf 63' lang='lat' dir='ltr'>istam</span> <span class='ocrx_word' id='word_1_702' title='bbox 1841 696 1933 718; x_wconf 84' lang='lat' dir='ltr'>artem</span> <span class='ocrx_word' id='word_1_703' title='bbox 1951 688 2088 716; x_wconf 79' lang='lat' dir='ltr'>oratione</span> 
     </span>
     <span class='ocr_line' id='line_1_75' title="bbox 1129 723 2087 769; baseline 0.004 -15"><span class='ocrx_word' id='word_1_704' title='bbox 1129 723 1326 766; x_wconf 81' lang='lat' dir='ltr'>exaggerasses</span> <span class='ocrx_word' id='word_1_705' title='bbox 1338 745 1346 759; x_wconf 84' lang='lat'>‚</span> <span class='ocrx_word' id='word_1_706' title='bbox 1367 736 1404 755; x_wconf 90' lang='lat' dir='ltr'>ne</span> <span class='ocrx_word' id='word_1_707' title='bbox 1415 736 1535 766; x_wconf 88' lang='lat' dir='ltr'>operam</span> <span class='ocrx_word' id='word_1_708' title='bbox 1549 725 1727 765; x_wconf 70' lang='lat' dir='ltr'>perdidisses.</span> <span class='ocrx_word' id='word_1_709' title='bbox 1750 729 1804 758; x_wconf 80' lang='lat' dir='ltr'>Sed</span> <span class='ocrx_word' id='word_1_710' title='bbox 1825 739 1879 769; x_wconf 79' lang='lat' dir='ltr'>ego</span> <span class='ocrx_word' id='word_1_711' title='bbox 1897 739 1935 759; x_wconf 91' lang='lat' dir='ltr'>ne</span> <span class='ocrx_word' id='word_1_712' title='bbox 1953 727 2087 758; x_wconf 81' lang='lat' dir='ltr'>cumista</span> 
     </span>
     <span class='ocr_line' id='line_1_76' title="bbox 1129 766 2086 809; baseline 0.003 -13"><span class='ocrx_word' id='word_1_713' title='bbox 1129 767 1254 807; x_wconf 87' lang='lat' dir='ltr'>quidem</span> <span class='ocrx_word' id='word_1_714' title='bbox 1267 776 1326 797; x_wconf 88' lang='lat' dir='ltr'>arte</span> <span class='ocrx_word' id='word_1_715' title='bbox 1335 777 1446 808; x_wconf 84' lang='lat' dir='ltr'>pugno.</span> <span class='ocrx_word' id='word_1_716' title='bbox 1471 766 1503 797; x_wconf 87' lang='lat' dir='ltr'>fit</span> <span class='ocrx_word' id='word_1_717' title='bbox 1521 768 1586 798; x_wconf 69' lang='lat' dir='ltr'>sanc</span> <span class='ocrx_word' id='word_1_718' title='bbox 1606 777 1702 802; x_wconf 78' lang='lat' dir='ltr'>tanta,</span> <span class='ocrx_word' id='word_1_719' title='bbox 1723 780 1860 809; x_wconf 83' lang='lat' dir='ltr'>quantam</span> <span class='ocrx_word' id='word_1_720' title='bbox 1881 779 1914 800; x_wconf 92' lang='lat' dir='ltr'>tu</span> <span class='ocrx_word' id='word_1_721' title='bbox 1932 770 2018 800; x_wconf 60' lang='lat' dir='ltr'>illam</span> <span class='ocrx_word' id='word_1_722' title='bbox 2027 768 2086 799; x_wconf 69' lang='lat' dir='ltr'>ess‘e</span> 
     </span>
     <span class='ocr_line' id='line_1_77' title="bbox 1129 807 2084 851; baseline 0.005 -14"><span class='ocrx_word' id='word_1_723' title='bbox 1129 810 1185 838; x_wconf 88' lang='lat' dir='ltr'>vis.</span> <span class='ocrx_word' id='word_1_724' title='bbox 1209 811 1323 839; x_wconf 86' lang='lat' dir='ltr'>etenim</span> <span class='ocrx_word' id='word_1_725' title='bbox 1334 807 1394 839; x_wconf 87' lang='lat' dir='ltr'>fine</span> <span class='ocrx_word' id='word_1_726' title='bbox 1405 808 1604 839; x_wconf 75' lang='lat' dir='ltr'>controversia</span> <span class='ocrx_word' id='word_1_727' title='bbox 1614 810 1646 840; x_wconf 91' lang='lat'>&amp;</span> <span class='ocrx_word' id='word_1_728' title='bbox 1657 820 1762 850; x_wconf 81' lang='lat' dir='ltr'>magna</span> <span class='ocrx_word' id='word_1_729' title='bbox 1772 811 1823 845; x_wconf 78' lang='lat' dir='ltr'>est,</span> <span class='ocrx_word' id='word_1_730' title='bbox 1835 812 1867 841; x_wconf 70' lang='grc' dir='ltr'>ὃ(</span> <span class='ocrx_word' id='word_1_731' title='bbox 1876 812 1932 841; x_wconf 77' lang='lat' dir='ltr'>late</span> <span class='ocrx_word' id='word_1_732' title='bbox 1944 820 2020 851; x_wconf 83' lang='lat' dir='ltr'>patet</span> <span class='ocrx_word' id='word_1_733' title='bbox 2030 831 2038 845; x_wconf 82' lang='lat'><strong>&gt;</strong></span> <span class='ocrx_word' id='word_1_734' title='bbox 2051 812 2084 842; x_wconf 76' lang='grc' dir='ltr'>δε</span> 
     </span>
     <span class='ocr_line' id='line_1_78' title="bbox 1130 849 2085 892; baseline 0.002 -12"><span class='ocrx_word' id='word_1_735' title='bbox 1130 849 1166 880; x_wconf 92' lang='lat' dir='ltr'>ad</span> <span class='ocrx_word' id='word_1_736' title='bbox 1179 850 1295 880; x_wconf 90' lang='lat' dir='ltr'>multos</span> <span class='ocrx_word' id='word_1_737' title='bbox 1303 853 1450 891; x_wconf 86' lang='lat' dir='ltr'>pertinet,</span> <span class='ocrx_word' id='word_1_738' title='bbox 1472 851 1636 881; x_wconf 88' lang='lat' dir='ltr'>&amp;summo</span> <span class='ocrx_word' id='word_1_739' title='bbox 1655 854 1687 882; x_wconf 91' lang='lat' dir='ltr'>in</span> <span class='ocrx_word' id='word_1_740' title='bbox 1699 852 1814 881; x_wconf 78' lang='lat' dir='ltr'>honore</span> <span class='ocrx_word' id='word_1_741' title='bbox 1832 853 1946 892; x_wconf 88' lang='lat' dir='ltr'>semper</span> <span class='ocrx_word' id='word_1_742' title='bbox 1954 852 2028 886; x_wconf 81' lang='lat' dir='ltr'>fuit,</span> <span class='ocrx_word' id='word_1_743' title='bbox 2052 853 2085 884; x_wconf 68' lang='lat' dir='ltr'>&amp;c</span> 
     </span>
     <span class='ocr_line' id='line_1_79' title="bbox 1128 891 2084 933; baseline 0.003 -12"><span class='ocrx_word' id='word_1_744' title='bbox 1128 891 1279 922; x_wconf 80' lang='lat' dir='ltr'>clarissimi</span> <span class='ocrx_word' id='word_1_745' title='bbox 1297 894 1378 923; x_wconf 88' lang='lat' dir='ltr'>cives</span> <span class='ocrx_word' id='word_1_746' title='bbox 1397 896 1414 919; x_wconf 85' lang='lat'>4</span> <span class='ocrx_word' id='word_1_747' title='bbox 1432 895 1459 923; x_wconf 89' lang='lat' dir='ltr'>ei</span> <span class='ocrx_word' id='word_1_748' title='bbox 1470 892 1569 923; x_wconf 89' lang='lat' dir='ltr'>studio</span> <span class='ocrx_word' id='word_1_749' title='bbox 1580 895 1670 923; x_wconf 86' lang='lat' dir='ltr'>etiam</span> <span class='ocrx_word' id='word_1_750' title='bbox 1687 893 1777 923; x_wconf 85' lang='lat' dir='ltr'>hodie</span> <span class='ocrx_word' id='word_1_751' title='bbox 1786 894 1928 933; x_wconf 47' lang='lat' dir='ltr'>praesunt</span> <span class='ocrx_word' id='word_1_752' title='bbox 1945 894 1992 929; x_wconf 83' lang='lat' dir='ltr'>sed</span> <span class='ocrx_word' id='word_1_753' title='bbox 2002 893 2084 928; x_wconf 82' lang='lat' dir='ltr'>vide,</span> 
     </span>
     <span class='ocr_line' id='line_1_80' title="bbox 1130 932 2084 975; baseline 0.002 -12"><span class='ocrx_word' id='word_1_754' title='bbox 1130 932 1225 964; x_wconf 83' lang='lat' dir='ltr'>Crasse</span> <span class='ocrx_word' id='word_1_755' title='bbox 1236 954 1244 968; x_wconf 90' lang='lat'>‚</span> <span class='ocrx_word' id='word_1_756' title='bbox 1265 944 1304 964; x_wconf 90' lang='lat' dir='ltr'>ne</span> <span class='ocrx_word' id='word_1_757' title='bbox 1318 954 1327 968; x_wconf 82' lang='lat'>‚</span> <span class='ocrx_word' id='word_1_758' title='bbox 1348 934 1422 964; x_wconf 89' lang='lat' dir='ltr'>dum</span> <span class='ocrx_word' id='word_1_759' title='bbox 1433 945 1515 965; x_wconf 88' lang='lat' dir='ltr'>novo</span> <span class='ocrx_word' id='word_1_760' title='bbox 1529 955 1537 967; x_wconf 77' lang='lat'>‚</span> <span class='ocrx_word' id='word_1_761' title='bbox 1557 935 1590 965; x_wconf 67' lang='grc' dir='ltr'>ὃς</span> <span class='ocrx_word' id='word_1_762' title='bbox 1598 935 1687 964; x_wconf 74' lang='lat' dir='ltr'>alieno</span> <span class='ocrx_word' id='word_1_763' title='bbox 1695 942 1795 964; x_wconf 71' lang='lat' dir='ltr'>ornatu</span> <span class='ocrx_word' id='word_1_764' title='bbox 1806 935 1881 965; x_wconf 80' lang='lat' dir='ltr'>velis</span> <span class='ocrx_word' id='word_1_765' title='bbox 1893 945 1995 965; x_wconf 83' lang='lat' dir='ltr'>ornare</span> <span class='ocrx_word' id='word_1_766' title='bbox 2008 938 2084 975; x_wconf 81' lang='lat' dir='ltr'>juris</span> 
     </span>
     <span class='ocr_line' id='line_1_81' title="bbox 1127 975 2084 1017; baseline 0.001 -12"><span class='ocrx_word' id='word_1_767' title='bbox 1127 976 1226 1005; x_wconf 88' lang='lat' dir='ltr'>civilis</span> <span class='ocrx_word' id='word_1_768' title='bbox 1245 976 1400 1006; x_wconf 86' lang='lat' dir='ltr'>scientiam</span> <span class='ocrx_word' id='word_1_769' title='bbox 1413 997 1421 1011; x_wconf 92' lang='lat'>,</span> <span class='ocrx_word' id='word_1_770' title='bbox 1440 977 1494 1007; x_wconf 89' lang='lat' dir='ltr'>suo</span> <span class='ocrx_word' id='word_1_771' title='bbox 1513 986 1633 1017; x_wconf 88' lang='lat' dir='ltr'>quoque</span> <span class='ocrx_word' id='word_1_772' title='bbox 1654 987 1719 1007; x_wconf 82' lang='lat' dir='ltr'>eam</span> <span class='ocrx_word' id='word_1_773' title='bbox 1731 997 1739 1010; x_wconf 85' lang='grc'>,</span> <span class='ocrx_word' id='word_1_774' title='bbox 1759 975 1896 1007; x_wconf 84' lang='lat' dir='ltr'>concesso</span> <span class='ocrx_word' id='word_1_775' title='bbox 1908 997 1915 1010; x_wconf 91' lang='lat'>,</span> <span class='ocrx_word' id='word_1_776' title='bbox 1936 977 2084 1006; x_wconf 74' lang='lat' dir='ltr'>&amp;tradito</span> 
     </span>
     <span class='ocr_line' id='line_1_82' title="bbox 1128 1017 2085 1058; baseline 0.001 -12"><span class='ocrx_word' id='word_1_777' title='bbox 1128 1017 1238 1056; x_wconf 86' lang='lat' dir='ltr'>spolies</span> <span class='ocrx_word' id='word_1_778' title='bbox 1250 1037 1258 1051; x_wconf 87' lang='lat'>,</span> <span class='ocrx_word' id='word_1_779' title='bbox 1270 1026 1356 1058; x_wconf 87' lang='lat' dir='ltr'>atque</span> <span class='ocrx_word' id='word_1_780' title='bbox 1367 1018 1512 1048; x_wconf 88' lang='lat' dir='ltr'>denudes.</span> <span class='ocrx_word' id='word_1_781' title='bbox 1536 1021 1617 1048; x_wconf 86' lang='lat' dir='ltr'>Nam</span> <span class='ocrx_word' id='word_1_782' title='bbox 1629 1039 1636 1052; x_wconf 82' lang='grc'>,</span> <span class='ocrx_word' id='word_1_783' title='bbox 1649 1017 1670 1048; x_wconf 87' lang='lat' dir='ltr'>si</span> <span class='ocrx_word' id='word_1_784' title='bbox 1680 1020 1718 1049; x_wconf 86' lang='lat' dir='ltr'>ita</span> <span class='ocrx_word' id='word_1_785' title='bbox 1728 1018 1839 1048; x_wconf 85' lang='lat' dir='ltr'>diceres</span> <span class='ocrx_word' id='word_1_786' title='bbox 1850 1038 1858 1051; x_wconf 88' lang='lat'>‚</span> <span class='ocrx_word' id='word_1_787' title='bbox 1879 1020 1929 1058; x_wconf 88' lang='lat' dir='ltr'>qui</span> <span class='ocrx_word' id='word_1_788' title='bbox 1940 1018 2085 1054; x_wconf 66' lang='lat' dir='ltr'>juriscon-</span> 
     </span>
     <span class='ocr_line' id='line_1_83' title="bbox 1130 1057 2084 1101; baseline 0 -13"><span class='ocrx_word' id='word_1_789' title='bbox 1130 1059 1224 1088; x_wconf 89' lang='lat' dir='ltr'>sultus</span> <span class='ocrx_word' id='word_1_790' title='bbox 1234 1057 1306 1089; x_wconf 88' lang='lat' dir='ltr'>esset</span> <span class='ocrx_word' id='word_1_791' title='bbox 1315 1079 1323 1093; x_wconf 86' lang='lat'>‚</span> <span class='ocrx_word' id='word_1_792' title='bbox 1344 1058 1402 1089; x_wconf 86' lang='lat' dir='ltr'>esse</span> <span class='ocrx_word' id='word_1_793' title='bbox 1412 1070 1484 1090; x_wconf 87' lang='lat' dir='ltr'>eum</span> <span class='ocrx_word' id='word_1_794' title='bbox 1497 1069 1644 1090; x_wconf 84' lang='lat' dir='ltr'>oratorem</span> <span class='ocrx_word' id='word_1_795' title='bbox 1657 1080 1665 1093; x_wconf 84' lang='lat'>,</span> <span class='ocrx_word' id='word_1_796' title='bbox 1689 1062 1822 1101; x_wconf 82' lang='lat' dir='ltr'>itemque</span> <span class='ocrx_word' id='word_1_797' title='bbox 1831 1061 1884 1100; x_wconf 84' lang='lat' dir='ltr'>qui</span> <span class='ocrx_word' id='word_1_798' title='bbox 1896 1058 1965 1089; x_wconf 88' lang='lat' dir='ltr'>esset</span> <span class='ocrx_word' id='word_1_799' title='bbox 1976 1069 2084 1091; x_wconf 72' lang='lat' dir='ltr'>orator„</span> 
     </span>
     <span class='ocr_line' id='line_1_84' title="bbox 1124 1100 2085 1142; baseline 0.001 -13"><span class='ocrx_word' id='word_1_800' title='bbox 1124 1101 1202 1141; x_wconf 88' lang='lat' dir='ltr'>juris</span> <span class='ocrx_word' id='word_1_801' title='bbox 1213 1100 1358 1131; x_wconf 86' lang='lat' dir='ltr'>eumdem</span> <span class='ocrx_word' id='word_1_802' title='bbox 1367 1100 1425 1132; x_wconf 89' lang='lat' dir='ltr'>esse</span> <span class='ocrx_word' id='word_1_803' title='bbox 1434 1102 1606 1132; x_wconf 86' lang='lat' dir='ltr'>consultum</span> <span class='ocrx_word' id='word_1_804' title='bbox 1619 1122 1626 1135; x_wconf 83' lang='lat'>‚</span> <span class='ocrx_word' id='word_1_805' title='bbox 1638 1102 1787 1142; x_wconf 57' lang='lat' dir='ltr'>praeclaras</span> <span class='ocrx_word' id='word_1_806' title='bbox 1796 1102 1868 1132; x_wconf 82' lang='lat' dir='ltr'>duas</span> <span class='ocrx_word' id='word_1_807' title='bbox 1877 1103 1963 1131; x_wconf 62' lang='lat' dir='ltr'>aneis</span> <span class='ocrx_word' id='word_1_808' title='bbox 1973 1100 2085 1131; x_wconf 78' lang='lat' dir='ltr'>consti-</span> 
     </span>
     <span class='ocr_line' id='line_1_85' title="bbox 1129 1143 2085 1184; baseline 0 -13"><span class='ocrx_word' id='word_1_809' title='bbox 1129 1150 1225 1172; x_wconf 86' lang='lat' dir='ltr'>tueres</span> <span class='ocrx_word' id='word_1_810' title='bbox 1237 1162 1245 1176; x_wconf 92' lang='lat'>‚</span> <span class='ocrx_word' id='word_1_811' title='bbox 1268 1151 1355 1183; x_wconf 85' lang='lat' dir='ltr'>atque</span> <span class='ocrx_word' id='word_1_812' title='bbox 1365 1145 1442 1173; x_wconf 85' lang='lat' dir='ltr'>inter</span> <span class='ocrx_word' id='word_1_813' title='bbox 1453 1144 1480 1173; x_wconf 88' lang='lat' dir='ltr'>se</span> <span class='ocrx_word' id='word_1_814' title='bbox 1490 1145 1583 1183; x_wconf 83' lang='lat' dir='ltr'>pateis</span> <span class='ocrx_word' id='word_1_815' title='bbox 1594 1164 1602 1177; x_wconf 89' lang='lat'>,</span> <span class='ocrx_word' id='word_1_816' title='bbox 1624 1145 1656 1174; x_wconf 87' lang='lat'>&amp;</span> <span class='ocrx_word' id='word_1_817' title='bbox 1667 1143 1800 1184; x_wconf 88' lang='lat' dir='ltr'>ejusdem</span> <span class='ocrx_word' id='word_1_818' title='bbox 1822 1144 1914 1173; x_wconf 76' lang='lat' dir='ltr'>socias</span> <span class='ocrx_word' id='word_1_819' title='bbox 1924 1143 2085 1183; x_wconf 72' lang='lat' dir='ltr'>dignitatis.</span> 
     </span>
     <span class='ocr_line' id='line_1_86' title="bbox 1128 1183 2086 1226; baseline 0 -13"><span class='ocrx_word' id='word_1_820' title='bbox 1128 1193 1210 1215; x_wconf 89' lang='lat' dir='ltr'>nunc</span> <span class='ocrx_word' id='word_1_821' title='bbox 1219 1183 1291 1214; x_wconf 75' lang='lat' dir='ltr'>vero</span> <span class='ocrx_word' id='word_1_822' title='bbox 1299 1185 1549 1225; x_wconf 83' lang='lat' dir='ltr'>jurisconsultum</span> <span class='ocrx_word' id='word_1_823' title='bbox 1561 1184 1621 1216; x_wconf 82' lang='lat' dir='ltr'>fine</span> <span class='ocrx_word' id='word_1_824' title='bbox 1632 1187 1684 1216; x_wconf 86' lang='lat' dir='ltr'>hac</span> <span class='ocrx_word' id='word_1_825' title='bbox 1695 1186 1865 1226; x_wconf 82' lang='lat' dir='ltr'>eloquentia</span> <span class='ocrx_word' id='word_1_826' title='bbox 1874 1206 1882 1218; x_wconf 92' lang='lat'>‚</span> <span class='ocrx_word' id='word_1_827' title='bbox 1893 1185 1929 1214; x_wconf 91' lang='lat' dir='ltr'>de</span> <span class='ocrx_word' id='word_1_828' title='bbox 1939 1195 1995 1225; x_wconf 89' lang='lat' dir='ltr'>qua</span> <span class='ocrx_word' id='word_1_829' title='bbox 2003 1194 2086 1224; x_wconf 81' lang='lat' dir='ltr'>quae-</span> 
     </span>
     <span class='ocr_line' id='line_1_87' title="bbox 1126 1225 2084 1268; baseline 0 -13"><span class='ocrx_word' id='word_1_830' title='bbox 1126 1227 1242 1259; x_wconf 89' lang='lat' dir='ltr'>rimus,</span> <span class='ocrx_word' id='word_1_831' title='bbox 1262 1225 1362 1256; x_wconf 85' lang='lat' dir='ltr'>fateris</span> <span class='ocrx_word' id='word_1_832' title='bbox 1379 1225 1436 1256; x_wconf 84' lang='lat' dir='ltr'>esse</span> <span class='ocrx_word' id='word_1_833' title='bbox 1454 1226 1535 1267; x_wconf 84' lang='lat' dir='ltr'>posse</span> <span class='ocrx_word' id='word_1_834' title='bbox 1553 1247 1561 1260; x_wconf 85' lang='lat'>‚</span> <span class='ocrx_word' id='word_1_835' title='bbox 1579 1225 1726 1268; x_wconf 82' lang='lat' dir='ltr'>fuisseque</span> <span class='ocrx_word' id='word_1_836' title='bbox 1746 1227 1913 1267; x_wconf 87' lang='lat' dir='ltr'>plurimos:</span> <span class='ocrx_word' id='word_1_837' title='bbox 1933 1234 2084 1255; x_wconf 81' lang='lat' dir='ltr'>oratorem</span> 
     </span>
     <span class='ocr_line' id='line_1_88' title="bbox 1125 1266 2085 1308; baseline 0 -11"><span class='ocrx_word' id='word_1_838' title='bbox 1125 1277 1232 1308; x_wconf 86' lang='lat' dir='ltr'>negas,</span> <span class='ocrx_word' id='word_1_839' title='bbox 1252 1266 1307 1297; x_wconf 90' lang='lat' dir='ltr'>nifi</span> <span class='ocrx_word' id='word_1_840' title='bbox 1328 1268 1412 1298; x_wconf 84' lang='lat' dir='ltr'>illam</span> <span class='ocrx_word' id='word_1_841' title='bbox 1432 1268 1586 1299; x_wconf 85' lang='lat' dir='ltr'>scientiam</span> <span class='ocrx_word' id='word_1_842' title='bbox 1604 1267 1788 1301; x_wconf 79' lang='lat' dir='ltr'>assumserit,</span> <span class='ocrx_word' id='word_1_843' title='bbox 1811 1267 1868 1298; x_wconf 78' lang='lat' dir='ltr'>esse</span> <span class='ocrx_word' id='word_1_844' title='bbox 1886 1266 1977 1308; x_wconf 75' lang='lat' dir='ltr'>posse.</span> <span class='ocrx_word' id='word_1_845' title='bbox 1997 1269 2036 1297; x_wconf 85' lang='lat' dir='ltr'>ita</span> <span class='ocrx_word' id='word_1_846' title='bbox 2051 1267 2085 1297; x_wconf 70' lang='lat' dir='ltr'>Sc</span> 
     </span>
     <span class='ocr_line' id='line_1_89' title="bbox 1125 1307 2083 1351; baseline -0.001 -12"><span class='ocrx_word' id='word_1_847' title='bbox 1125 1309 1181 1339; x_wconf 88' lang='lat' dir='ltr'>tibi</span> <span class='ocrx_word' id='word_1_848' title='bbox 1194 1310 1424 1349; x_wconf 84' lang='lat' dir='ltr'>jurisconsultus</span> <span class='ocrx_word' id='word_1_849' title='bbox 1437 1312 1559 1350; x_wconf 71' lang='lat' dir='ltr'>ipseper</span> <span class='ocrx_word' id='word_1_850' title='bbox 1577 1311 1605 1340; x_wconf 89' lang='lat' dir='ltr'>se</span> <span class='ocrx_word' id='word_1_851' title='bbox 1616 1310 1710 1344; x_wconf 90' lang='lat' dir='ltr'>nihil,</span> <span class='ocrx_word' id='word_1_852' title='bbox 1730 1309 1787 1340; x_wconf 80' lang='lat' dir='ltr'>nisi</span> <span class='ocrx_word' id='word_1_853' title='bbox 1806 1310 1950 1351; x_wconf 83' lang='lat' dir='ltr'>legulejus</span> <span class='ocrx_word' id='word_1_854' title='bbox 1959 1307 2083 1350; x_wconf 75' lang='lat' dir='ltr'>quidam</span> 
     </span>
     <span class='ocr_line' id='line_1_90' title="bbox 1122 1350 2081 1392; baseline -0.003 -10"><span class='ocrx_word' id='word_1_855' title='bbox 1122 1359 1226 1380; x_wconf 79' lang='lat' dir='ltr'>cautus</span> <span class='ocrx_word' id='word_1_856' title='bbox 1237 1372 1245 1383; x_wconf 95' lang='lat'>‚</span> <span class='ocrx_word' id='word_1_857' title='bbox 1259 1351 1292 1381; x_wconf 72' lang='lat' dir='ltr'>Sc</span> <span class='ocrx_word' id='word_1_858' title='bbox 1305 1361 1407 1382; x_wconf 80' lang='lat' dir='ltr'>acutus</span> <span class='ocrx_word' id='word_1_859' title='bbox 1419 1372 1427 1386; x_wconf 81' lang='lat'>,</span> <span class='ocrx_word' id='word_1_860' title='bbox 1447 1362 1543 1392; x_wconf 70' lang='lat' dir='ltr'>praeco</span> <span class='ocrx_word' id='word_1_861' title='bbox 1554 1351 1711 1382; x_wconf 64' lang='lat' dir='ltr'>astionum</span> <span class='ocrx_word' id='word_1_862' title='bbox 1723 1372 1730 1385; x_wconf 93' lang='lat'>,</span> <span class='ocrx_word' id='word_1_863' title='bbox 1743 1356 1757 1378; x_wconf 66' lang='grc' dir='ltr'>θ’</span> <span class='ocrx_word' id='word_1_864' title='bbox 1768 1360 1862 1381; x_wconf 67' lang='lat' dir='ltr'>cantor</span> <span class='ocrx_word' id='word_1_865' title='bbox 1869 1350 2081 1384; x_wconf 70' lang='lat' dir='ltr'>formularum,</span> 
     </span>
     <span class='ocr_line' id='line_1_91' title="bbox 1123 1391 2083 1434; baseline 0.001 -14"><span class='ocrx_word' id='word_1_866' title='bbox 1123 1400 1222 1434; x_wconf 70' lang='lat' dir='ltr'>auceps</span> <span class='ocrx_word' id='word_1_867' title='bbox 1231 1393 1420 1432; x_wconf 76' lang='lat' dir='ltr'>syllabarum.</span> <span class='ocrx_word' id='word_1_868' title='bbox 1444 1393 1500 1424; x_wconf 84' lang='lat' dir='ltr'>Sed</span> <span class='ocrx_word' id='word_1_869' title='bbox 1517 1396 1585 1434; x_wconf 86' lang='lat' dir='ltr'>quia</span> <span class='ocrx_word' id='word_1_870' title='bbox 1596 1394 1669 1434; x_wconf 76' lang='lat' dir='ltr'>saepe</span> <span class='ocrx_word' id='word_1_871' title='bbox 1679 1395 1772 1424; x_wconf 87' lang='lat' dir='ltr'>utitur</span> <span class='ocrx_word' id='word_1_872' title='bbox 1788 1403 1886 1424; x_wconf 79' lang='lat' dir='ltr'>orator</span> <span class='ocrx_word' id='word_1_873' title='bbox 1895 1391 2024 1423; x_wconf 78' lang='lat' dir='ltr'>subsidio</span> <span class='ocrx_word' id='word_1_874' title='bbox 2033 1395 2083 1431; x_wconf 82' lang='lat' dir='ltr'>ju-</span> 
     </span>
     <span class='ocr_line' id='line_1_92' title="bbox 1123 1433 2081 1475; baseline 0 -12"><span class='ocrx_word' id='word_1_875' title='bbox 1123 1435 1163 1463; x_wconf 84' lang='lat' dir='ltr'>ris</span> <span class='ocrx_word' id='word_1_876' title='bbox 1174 1436 1207 1463; x_wconf 90' lang='lat' dir='ltr'>in</span> <span class='ocrx_word' id='word_1_877' title='bbox 1217 1433 1306 1463; x_wconf 82' lang='lat' dir='ltr'>causls</span> <span class='ocrx_word' id='word_1_878' title='bbox 1316 1454 1324 1468; x_wconf 86' lang='lat'>‚</span> <span class='ocrx_word' id='word_1_879' title='bbox 1346 1435 1457 1465; x_wconf 87' lang='lat' dir='ltr'>idcirco</span> <span class='ocrx_word' id='word_1_880' title='bbox 1468 1434 1554 1465; x_wconf 85' lang='lat' dir='ltr'>istam</span> <span class='ocrx_word' id='word_1_881' title='bbox 1568 1437 1644 1475; x_wconf 86' lang='lat' dir='ltr'>juris</span> <span class='ocrx_word' id='word_1_882' title='bbox 1657 1436 1810 1466; x_wconf 77' lang='lat' dir='ltr'>scientiam</span> <span class='ocrx_word' id='word_1_883' title='bbox 1827 1434 2008 1475; x_wconf 79' lang='lat' dir='ltr'>eloquentiae</span> <span class='ocrx_word' id='word_1_884' title='bbox 2017 1443 2081 1463; x_wconf 77' lang='lat' dir='ltr'>tan--</span> 
     </span>
    </p>
   </div>
   <div class='ocr_carea' id='block_1_9' title="bbox 1124 1473 2141 1518">
    <p class='ocr_par' dir='ltr' id='par_1_10' title="bbox 1124 1473 2141 1518">
     <span class='ocr_line' id='line_1_93' title="bbox 1124 1473 2141 1518; baseline 0.001 -13"><span class='ocrx_word' id='word_1_885' title='bbox 1124 1485 1215 1516; x_wconf 85' lang='lat' dir='ltr'>quam</span> <span class='ocrx_word' id='word_1_886' title='bbox 1227 1476 1399 1506; x_wconf 83' lang='lat' dir='ltr'>ancillulam</span> <span class='ocrx_word' id='word_1_887' title='bbox 1412 1497 1419 1510; x_wconf 81' lang='lat'>‚</span> <span class='ocrx_word' id='word_1_888' title='bbox 1432 1477 1682 1518; x_wconf 83' lang='lat' dir='ltr'>pedisequamque</span> <span class='ocrx_word' id='word_1_889' title='bbox 1693 1475 1866 1518; x_wconf 83' lang='lat' dir='ltr'>adjunxisti.</span> <span class='ocrx_word' id='word_1_890' title='bbox 1906 1475 1997 1515; x_wconf 76' lang='lat' dir='ltr'>Qod</span> <span class='ocrx_word' id='word_1_891' title='bbox 2008 1474 2079 1505; x_wconf 73' lang='lat' dir='ltr'>vero</span> <span class='ocrx_word' id='word_1_892' title='bbox 2098 1481 2115 1511; x_wconf 70' lang='grc' dir='ltr'><em>ς</em></span> <span class='ocrx_word' id='word_1_893' title='bbox 2126 1473 2141 1506; x_wconf 72' lang='grc'><em>3</em></span> 
     </span>
    </p>
   </div>
   <div class='ocr_carea' id='block_1_10' title="bbox 1121 1516 2080 2670">
    <p class='ocr_par' dir='ltr' id='par_1_11' title="bbox 1121 1516 2080 2640">
     <span class='ocr_line' id='line_1_94' title="bbox 1124 1516 2079 1559; baseline 0.002 -14"><span class='ocrx_word' id='word_1_894' title='bbox 1124 1517 1329 1558; x_wconf 74' lang='lat' dir='ltr'>impudentiam</span> <span class='ocrx_word' id='word_1_895' title='bbox 1336 1518 1497 1548; x_wconf 71' lang='lat' dir='ltr'>admiratus</span> <span class='ocrx_word' id='word_1_896' title='bbox 1508 1528 1538 1548; x_wconf 81' lang='lat' dir='ltr'>es</span> <span class='ocrx_word' id='word_1_897' title='bbox 1548 1529 1653 1548; x_wconf 87' lang='lat' dir='ltr'>eorum</span> <span class='ocrx_word' id='word_1_898' title='bbox 1663 1528 1870 1559; x_wconf 85' lang='lat' dir='ltr'>patronorum,</span> <span class='ocrx_word' id='word_1_899' title='bbox 1882 1520 1934 1559; x_wconf 89' lang='lat' dir='ltr'>qui</span> <span class='ocrx_word' id='word_1_900' title='bbox 1945 1516 2079 1551; x_wconf 55' lang='lat' dir='ltr'>auncurt).</span> 
     </span>
     <span class='ocr_line' id='line_1_95' title="bbox 1122 1559 2080 1600; baseline 0 -11"><span class='ocrx_word' id='word_1_901' title='bbox 1122 1569 1210 1599; x_wconf 75' lang='lat' dir='ltr'>parva</span> <span class='ocrx_word' id='word_1_902' title='bbox 1219 1560 1366 1591; x_wconf 86' lang='lat' dir='ltr'>nescirent</span> <span class='ocrx_word' id='word_1_903' title='bbox 1376 1580 1384 1593; x_wconf 86' lang='lat'>,</span> <span class='ocrx_word' id='word_1_904' title='bbox 1398 1570 1504 1600; x_wconf 79' lang='lat' dir='ltr'>magna</span> <span class='ocrx_word' id='word_1_905' title='bbox 1513 1559 1723 1600; x_wconf 85' lang='lat' dir='ltr'>profiterentur</span> <span class='ocrx_word' id='word_1_906' title='bbox 1734 1572 1741 1594; x_wconf 66' lang='grc' dir='ltr'><strong>ς</strong></span> <span class='ocrx_word' id='word_1_907' title='bbox 1752 1569 1801 1591; x_wconf 90' lang='lat' dir='ltr'>aut</span> <span class='ocrx_word' id='word_1_908' title='bbox 1810 1571 1842 1590; x_wconf 84' lang='lat' dir='ltr'>ea</span> <span class='ocrx_word' id='word_1_909' title='bbox 1851 1581 1859 1594; x_wconf 85' lang='lat'>,</span> <span class='ocrx_word' id='word_1_910' title='bbox 1872 1570 1936 1600; x_wconf 82' lang='lat' dir='ltr'>quae</span> <span class='ocrx_word' id='word_1_911' title='bbox 1945 1561 2080 1589; x_wconf 82' lang='lat' dir='ltr'>maxima</span> 
     </span>
     <span class='ocr_line' id='line_1_96' title="bbox 1126 1599 2080 1641; baseline 0 -11"><span class='ocrx_word' id='word_1_912' title='bbox 1126 1599 1219 1631; x_wconf 79' lang='lat' dir='ltr'>essent</span> <span class='ocrx_word' id='word_1_913' title='bbox 1227 1602 1333 1641; x_wconf 86' lang='lat' dir='ltr'>injure</span> <span class='ocrx_word' id='word_1_914' title='bbox 1342 1602 1443 1636; x_wconf 87' lang='lat' dir='ltr'>civili,</span> <span class='ocrx_word' id='word_1_915' title='bbox 1455 1601 1575 1632; x_wconf 55' lang='lat' dir='ltr'>tractare</span> <span class='ocrx_word' id='word_1_916' title='bbox 1584 1602 1726 1632; x_wconf 86' lang='lat' dir='ltr'>auderent</span> <span class='ocrx_word' id='word_1_917' title='bbox 1735 1604 1768 1632; x_wconf 88' lang='lat' dir='ltr'>in</span> <span class='ocrx_word' id='word_1_918' title='bbox 1776 1601 1866 1633; x_wconf 87' lang='lat' dir='ltr'>causis</span> <span class='ocrx_word' id='word_1_919' title='bbox 1877 1622 1885 1635; x_wconf 87' lang='grc'>,</span> <span class='ocrx_word' id='word_1_920' title='bbox 1897 1600 1968 1631; x_wconf 74' lang='lat' dir='ltr'>cum</span> <span class='ocrx_word' id='word_1_921' title='bbox 1981 1611 2013 1631; x_wconf 89' lang='lat' dir='ltr'>ea</span> <span class='ocrx_word' id='word_1_922' title='bbox 2025 1610 2080 1630; x_wconf 77' lang='lat' dir='ltr'>ne-</span> 
     </span>
     <span class='ocr_line' id='line_1_97' title="bbox 1125 1642 2078 1685; baseline 0 -12"><span class='ocrx_word' id='word_1_923' title='bbox 1125 1643 1233 1673; x_wconf 88' lang='lat' dir='ltr'>scirent</span> <span class='ocrx_word' id='word_1_924' title='bbox 1243 1662 1252 1676; x_wconf 86' lang='lat'>,</span> <span class='ocrx_word' id='word_1_925' title='bbox 1263 1652 1478 1684; x_wconf 89' lang='lat' dir='ltr'>nunquamque</span> <span class='ocrx_word' id='word_1_926' title='bbox 1487 1643 1660 1674; x_wconf 72' lang='lat' dir='ltr'>didicissent</span> <span class='ocrx_word' id='word_1_927' title='bbox 1680 1655 1685 1673; x_wconf 87' lang='lat'><strong>:</strong></span> <span class='ocrx_word' id='word_1_928' title='bbox 1705 1645 1856 1685; x_wconf 86' lang='lat' dir='ltr'>utriusque</span> <span class='ocrx_word' id='word_1_929' title='bbox 1867 1645 1908 1673; x_wconf 88' lang='lat' dir='ltr'>rei</span> <span class='ocrx_word' id='word_1_930' title='bbox 1918 1643 2012 1673; x_wconf 83' lang='lat' dir='ltr'>facilis</span> <span class='ocrx_word' id='word_1_931' title='bbox 2024 1642 2078 1676; x_wconf 82' lang='lat' dir='ltr'>est,</span> 
     </span>
     <span class='ocr_line' id='line_1_98' title="bbox 1126 1683 2076 1726; baseline -0.001 -12"><span class='ocrx_word' id='word_1_932' title='bbox 1126 1685 1159 1714; x_wconf 66' lang='grc' dir='ltr'>δι’</span> <span class='ocrx_word' id='word_1_933' title='bbox 1167 1692 1286 1724; x_wconf 86' lang='lat' dir='ltr'>promta</span> <span class='ocrx_word' id='word_1_934' title='bbox 1294 1683 1438 1715; x_wconf 74' lang='lat' dir='ltr'>defensio.</span> <span class='ocrx_word' id='word_1_935' title='bbox 1465 1688 1546 1716; x_wconf 90' lang='lat' dir='ltr'>Nam</span> <span class='ocrx_word' id='word_1_936' title='bbox 1557 1695 1653 1726; x_wconf 88' lang='lat' dir='ltr'>neque</span> <span class='ocrx_word' id='word_1_937' title='bbox 1664 1685 1740 1716; x_wconf 88' lang='lat' dir='ltr'>illud</span> <span class='ocrx_word' id='word_1_938' title='bbox 1750 1685 1793 1716; x_wconf 88' lang='lat' dir='ltr'>est</span> <span class='ocrx_word' id='word_1_939' title='bbox 1804 1685 1975 1716; x_wconf 80' lang='lat' dir='ltr'>mirandum</span> <span class='ocrx_word' id='word_1_940' title='bbox 1987 1704 1994 1717; x_wconf 91' lang='lat'>,</span> <span class='ocrx_word' id='word_1_941' title='bbox 2013 1686 2076 1726; x_wconf 68' lang='lat' dir='ltr'>qui,</span> 
     </span>
     <span class='ocr_line' id='line_1_99' title="bbox 1123 1726 2076 1767; baseline -0.001 -12"><span class='ocrx_word' id='word_1_942' title='bbox 1123 1726 1234 1767; x_wconf 88' lang='lat' dir='ltr'>quibus</span> <span class='ocrx_word' id='word_1_943' title='bbox 1243 1727 1343 1757; x_wconf 87' lang='lat' dir='ltr'>verbis</span> <span class='ocrx_word' id='word_1_944' title='bbox 1352 1728 1487 1758; x_wconf 77' lang='lat' dir='ltr'>co‘e&#39;mtio</span> <span class='ocrx_word' id='word_1_945' title='bbox 1498 1726 1548 1758; x_wconf 78' lang='lat' dir='ltr'>fiat</span> <span class='ocrx_word' id='word_1_946' title='bbox 1557 1747 1565 1761; x_wconf 93' lang='lat'>,</span> <span class='ocrx_word' id='word_1_947' title='bbox 1578 1727 1697 1760; x_wconf 88' lang='lat' dir='ltr'>nesciat,</span> <span class='ocrx_word' id='word_1_948' title='bbox 1709 1727 1842 1758; x_wconf 87' lang='lat' dir='ltr'>eundern</span> <span class='ocrx_word' id='word_1_949' title='bbox 1853 1728 1917 1767; x_wconf 87' lang='lat' dir='ltr'>ejus</span> <span class='ocrx_word' id='word_1_950' title='bbox 1929 1727 2076 1759; x_wconf 73' lang='lat' dir='ltr'>mulieris,</span> 
     </span>
     <span class='ocr_line' id='line_1_100' title="bbox 1123 1766 2079 1809; baseline 0.001 -12"><span class='ocrx_word' id='word_1_951' title='bbox 1123 1778 1189 1808; x_wconf 83' lang='lat' dir='ltr'>quae</span> <span class='ocrx_word' id='word_1_952' title='bbox 1208 1769 1416 1799; x_wconf 69' lang='lat' dir='ltr'>coemtionem</span> <span class='ocrx_word' id='word_1_953' title='bbox 1434 1767 1538 1798; x_wconf 86' lang='lat' dir='ltr'>fecerit</span> <span class='ocrx_word' id='word_1_954' title='bbox 1555 1789 1563 1803; x_wconf 87' lang='lat'>‚</span> <span class='ocrx_word' id='word_1_955' title='bbox 1580 1769 1695 1799; x_wconf 84' lang='lat' dir='ltr'>causam</span> <span class='ocrx_word' id='word_1_956' title='bbox 1710 1768 1793 1809; x_wconf 80' lang='lat' dir='ltr'>posse</span> <span class='ocrx_word' id='word_1_957' title='bbox 1810 1768 1979 1799; x_wconf 81' lang='lat' dir='ltr'>defendere.</span> <span class='ocrx_word' id='word_1_958' title='bbox 2012 1766 2079 1798; x_wconf 83' lang='lat' dir='ltr'>Nec</span> 
     </span>
     <span class='ocr_line' id='line_1_101' title="bbox 1124 1809 2080 1852; baseline -0.001 -13"><span class='ocrx_word' id='word_1_959' title='bbox 1124 1809 1145 1839; x_wconf 87' lang='lat' dir='ltr'>fi</span> <span class='ocrx_word' id='word_1_960' title='bbox 1155 1812 1237 1849; x_wconf 77' lang='lat' dir='ltr'>parvi</span> <span class='ocrx_word' id='word_1_961' title='bbox 1246 1812 1371 1851; x_wconf 88' lang='lat' dir='ltr'>navigii,</span> <span class='ocrx_word' id='word_1_962' title='bbox 1383 1811 1416 1841; x_wconf 87' lang='lat'>&amp;</span> <span class='ocrx_word' id='word_1_963' title='bbox 1426 1812 1527 1852; x_wconf 82' lang='lat' dir='ltr'>magni</span> <span class='ocrx_word' id='word_1_964' title='bbox 1537 1811 1641 1841; x_wconf 85' lang='lat' dir='ltr'>eadem</span> <span class='ocrx_word' id='word_1_965' title='bbox 1651 1809 1694 1841; x_wconf 89' lang='lat' dir='ltr'>est</span> <span class='ocrx_word' id='word_1_966' title='bbox 1703 1813 1735 1840; x_wconf 90' lang='lat' dir='ltr'>in</span> <span class='ocrx_word' id='word_1_967' title='bbox 1745 1810 1938 1851; x_wconf 84' lang='lat' dir='ltr'>gubernando</span> <span class='ocrx_word' id='word_1_968' title='bbox 1948 1811 2080 1843; x_wconf 77' lang='lat' dir='ltr'>scientia,</span> 
     </span>
     <span class='ocr_line' id='line_1_102' title="bbox 1123 1850 2079 1893; baseline 0 -13"><span class='ocrx_word' id='word_1_969' title='bbox 1123 1850 1236 1881; x_wconf 90' lang='lat' dir='ltr'>idcirco</span> <span class='ocrx_word' id='word_1_970' title='bbox 1246 1854 1298 1892; x_wconf 87' lang='lat' dir='ltr'>qui</span> <span class='ocrx_word' id='word_1_971' title='bbox 1309 1872 1317 1885; x_wconf 86' lang='lat'>‚</span> <span class='ocrx_word' id='word_1_972' title='bbox 1329 1852 1439 1893; x_wconf 89' lang='lat' dir='ltr'>quibus</span> <span class='ocrx_word' id='word_1_973' title='bbox 1450 1852 1548 1882; x_wconf 87' lang='lat' dir='ltr'>verbis</span> <span class='ocrx_word' id='word_1_974' title='bbox 1558 1850 1573 1873; x_wconf 80' lang='lat'><strong><em>⁶</em></strong></span> <span class='ocrx_word' id='word_1_975' title='bbox 1583 1852 1697 1882; x_wconf 63' lang='lat' dir='ltr'>eretum</span> <span class='ocrx_word' id='word_1_976' title='bbox 1707 1854 1779 1882; x_wconf 88' lang='lat' dir='ltr'>cieri</span> <span class='ocrx_word' id='word_1_977' title='bbox 1788 1861 1937 1892; x_wconf 83' lang='lat' dir='ltr'>oporteat,</span> <span class='ocrx_word' id='word_1_978' title='bbox 1958 1852 2079 1885; x_wconf 67' lang='lat' dir='ltr'>nesciat,</span> 
     </span>
     <span class='ocr_line' id='line_1_103' title="bbox 1124 1892 2077 1936; baseline 0.003 -14"><span class='ocrx_word' id='word_1_979' title='bbox 1124 1892 1207 1923; x_wconf 87' lang='lat' dir='ltr'>idern</span> <span class='ocrx_word' id='word_1_980' title='bbox 1217 1893 1417 1924; x_wconf 66' lang='lat' dir='ltr'>herciscundae</span> <span class='ocrx_word' id='word_1_981' title='bbox 1427 1892 1550 1924; x_wconf 83' lang='lat' dir='ltr'>familiae</span> <span class='ocrx_word' id='word_1_982' title='bbox 1564 1894 1680 1924; x_wconf 84' lang='lat' dir='ltr'>causam</span> <span class='ocrx_word' id='word_1_983' title='bbox 1690 1904 1772 1936; x_wconf 88' lang='lat' dir='ltr'>agere</span> <span class='ocrx_word' id='word_1_984' title='bbox 1782 1904 1846 1924; x_wconf 85' lang='lat' dir='ltr'>non</span> <span class='ocrx_word' id='word_1_985' title='bbox 1861 1892 1955 1933; x_wconf 84' lang='lat' dir='ltr'>poffit·</span> <span class='ocrx_word' id='word_1_986' title='bbox 1981 1896 2077 1925; x_wconf 68' lang='lat' dir='ltr'>Nam„</span> 
     </span>
     <span class='ocr_line' id='line_1_104' title="bbox 1125 1933 2079 1975; baseline 0 -12"><span class='ocrx_word' id='word_1_987' title='bbox 1125 1933 1208 1975; x_wconf 71' lang='lat' dir='ltr'>quod</span> <span class='ocrx_word' id='word_1_988' title='bbox 1218 1937 1367 1965; x_wconf 82' lang='lat' dir='ltr'>maximas</span> <span class='ocrx_word' id='word_1_989' title='bbox 1375 1936 1618 1966; x_wconf 87' lang='lat' dir='ltr'>centumviraleis</span> <span class='ocrx_word' id='word_1_990' title='bbox 1634 1935 1731 1965; x_wconf 88' lang='lat' dir='ltr'>causas</span> <span class='ocrx_word' id='word_1_991' title='bbox 1741 1937 1772 1965; x_wconf 90' lang='lat' dir='ltr'>in</span> <span class='ocrx_word' id='word_1_992' title='bbox 1785 1936 1851 1974; x_wconf 86' lang='lat' dir='ltr'>jure</span> <span class='ocrx_word' id='word_1_993' title='bbox 1860 1934 1964 1975; x_wconf 76' lang='lat' dir='ltr'>positas</span> <span class='ocrx_word' id='word_1_994' title='bbox 1972 1942 2079 1974; x_wconf 83' lang='lat' dir='ltr'>protu-</span> 
     </span>
     <span class='ocr_line' id='line_1_105' title="bbox 1125 1975 2079 2016; baseline -0.001 -11"><span class='ocrx_word' id='word_1_995' title='bbox 1125 1975 1185 2005; x_wconf 89' lang='lat' dir='ltr'>listi</span> <span class='ocrx_word' id='word_1_996' title='bbox 1207 1986 1213 2004; x_wconf 81' lang='grc' dir='ltr'><em>τ</em></span> <span class='ocrx_word' id='word_1_997' title='bbox 1232 1986 1297 2016; x_wconf 81' lang='lat' dir='ltr'>quae</span> <span class='ocrx_word' id='word_1_998' title='bbox 1309 1976 1431 2006; x_wconf 88' lang='lat' dir='ltr'>tandem</span> <span class='ocrx_word' id='word_1_999' title='bbox 1444 1986 1546 2006; x_wconf 86' lang='lat' dir='ltr'>earum</span> <span class='ocrx_word' id='word_1_1000' title='bbox 1560 1976 1642 2006; x_wconf 85' lang='lat' dir='ltr'>causa</span> <span class='ocrx_word' id='word_1_1001' title='bbox 1650 1976 1725 2010; x_wconf 84' lang='lat' dir='ltr'>fuit,</span> <span class='ocrx_word' id='word_1_1002' title='bbox 1752 1987 1812 2006; x_wconf 78' lang='lat' dir='ltr'>·uae</span> <span class='ocrx_word' id='word_1_1003' title='bbox 1822 1976 1858 2006; x_wconf 89' lang='lat' dir='ltr'>ab</span> <span class='ocrx_word' id='word_1_1004' title='bbox 1876 1978 2003 2005; x_wconf 90' lang='lat' dir='ltr'>homine</span> <span class='ocrx_word' id='word_1_1005' title='bbox 2013 1976 2079 2005; x_wconf 83' lang='lat' dir='ltr'>elo-</span> 
     </span>
     <span class='ocr_line' id='line_1_106' title="bbox 1126 1987 2080 2058; baseline -0.001 -11"><span class='ocrx_word' id='word_1_1006' title='bbox 1126 2018 1230 2058; x_wconf 89' lang='lat' dir='ltr'>quenti</span> <span class='ocrx_word' id='word_1_1007' title='bbox 1253 2037 1261 2050; x_wconf 91' lang='lat'>,</span> <span class='ocrx_word' id='word_1_1008' title='bbox 1279 2018 1355 2056; x_wconf 89' lang='lat' dir='ltr'>juris</span> <span class='ocrx_word' id='word_1_1009' title='bbox 1375 2019 1517 2057; x_wconf 88' lang='lat' dir='ltr'>imperito</span> <span class='ocrx_word' id='word_1_1010' title='bbox 1535 2038 1544 2050; x_wconf 84' lang='lat'>,</span> <span class='ocrx_word' id='word_1_1011' title='bbox 1565 2027 1628 2047; x_wconf 89' lang='lat' dir='ltr'>non</span> <span class='ocrx_word' id='word_1_1012' title='bbox 1646 1987 1829 2047; x_wconf 73' lang='lat' dir='ltr'>ornatisl’ime</span> <span class='ocrx_word' id='word_1_1013' title='bbox 1847 2018 1979 2057; x_wconf 83' lang='lat' dir='ltr'>potuerit</span> <span class='ocrx_word' id='word_1_1014' title='bbox 1996 2016 2054 2046; x_wconf 79' lang='lat' dir='ltr'>dici</span> <span class='ocrx_word' id='word_1_1015' title='bbox 2067 2019 2080 2045; x_wconf 83' lang='lat'>.&gt;</span> 
     </span>
     <span class='ocr_line' id='line_1_107' title="bbox 1125 2057 2078 2099; baseline 0 -12"><span class='ocrx_word' id='word_1_1016' title='bbox 1125 2058 1233 2099; x_wconf 86' lang='lat' dir='ltr'>quibus</span> <span class='ocrx_word' id='word_1_1017' title='bbox 1253 2058 1377 2098; x_wconf 88' lang='lat' dir='ltr'>quidem</span> <span class='ocrx_word' id='word_1_1018' title='bbox 1398 2061 1431 2088; x_wconf 88' lang='lat' dir='ltr'>in</span> <span class='ocrx_word' id='word_1_1019' title='bbox 1448 2057 1539 2089; x_wconf 82' lang='lat' dir='ltr'>causis</span> <span class='ocrx_word' id='word_1_1020' title='bbox 1558 2059 1703 2088; x_wconf 88' lang='lat' dir='ltr'>omnibus</span> <span class='ocrx_word' id='word_1_1021' title='bbox 1713 2079 1721 2092; x_wconf 87' lang='lat'>‚</span> <span class='ocrx_word' id='word_1_1022' title='bbox 1741 2057 1812 2089; x_wconf 82' lang='lat' dir='ltr'>sicut</span> <span class='ocrx_word' id='word_1_1023' title='bbox 1830 2060 1861 2088; x_wconf 90' lang='lat' dir='ltr'>in</span> <span class='ocrx_word' id='word_1_1024' title='bbox 1883 2059 1942 2099; x_wconf 86' lang='lat' dir='ltr'>ipsa</span> <span class='ocrx_word' id='word_1_1025' title='bbox 1959 2061 2001 2087; x_wconf 88' lang='lat' dir='ltr'>M.</span> <span class='ocrx_word' id='word_1_1026' title='bbox 2017 2061 2078 2087; x_wconf 89' lang='lat' dir='ltr'>Cu-</span> 
     </span>
     <span class='ocr_line' id='line_1_108' title="bbox 1124 2099 2078 2140; baseline -0.001 -11"><span class='ocrx_word' id='word_1_1027' title='bbox 1124 2102 1180 2133; x_wconf 86' lang='lat' dir='ltr'>rii,</span> <span class='ocrx_word' id='word_1_1028' title='bbox 1201 2109 1267 2140; x_wconf 82' lang='lat' dir='ltr'>quae</span> <span class='ocrx_word' id='word_1_1029' title='bbox 1275 2099 1324 2129; x_wconf 87' lang='lat' dir='ltr'>abs</span> <span class='ocrx_word' id='word_1_1030' title='bbox 1334 2109 1362 2130; x_wconf 87' lang='lat' dir='ltr'>te</span> <span class='ocrx_word' id='word_1_1031' title='bbox 1373 2110 1468 2140; x_wconf 87' lang='lat' dir='ltr'>nuper</span> <span class='ocrx_word' id='word_1_1032' title='bbox 1476 2100 1518 2130; x_wconf 87' lang='lat' dir='ltr'>est</span> <span class='ocrx_word' id='word_1_1033' title='bbox 1528 2100 1624 2134; x_wconf 54' lang='lat' dir='ltr'>dieta,</span> <span class='ocrx_word' id='word_1_1034' title='bbox 1648 2101 1680 2130; x_wconf 72' lang='grc' dir='ltr'>δε</span> <span class='ocrx_word' id='word_1_1035' title='bbox 1698 2102 1731 2130; x_wconf 94' lang='lat' dir='ltr'>in</span> <span class='ocrx_word' id='word_1_1036' title='bbox 1750 2103 1784 2130; x_wconf 93' lang='lat' dir='ltr'>C.</span> <span class='ocrx_word' id='word_1_1037' title='bbox 1798 2100 1922 2130; x_wconf 88' lang='lat' dir='ltr'>Hostilii</span> <span class='ocrx_word' id='word_1_1038' title='bbox 1941 2101 2078 2129; x_wconf 84' lang='lat' dir='ltr'>Mancini</span> 
     </span>
     <span class='ocr_line' id='line_1_109' title="bbox 1123 2140 2078 2182; baseline 0 -12"><span class='ocrx_word' id='word_1_1039' title='bbox 1123 2140 1320 2171; x_wconf 83' lang='lat' dir='ltr'>controversia</span> <span class='ocrx_word' id='word_1_1040' title='bbox 1329 2161 1338 2175; x_wconf 87' lang='lat'>‚</span> <span class='ocrx_word' id='word_1_1041' title='bbox 1359 2150 1444 2182; x_wconf 84' lang='lat' dir='ltr'>atque</span> <span class='ocrx_word' id='word_1_1042' title='bbox 1455 2143 1487 2171; x_wconf 90' lang='lat' dir='ltr'>in</span> <span class='ocrx_word' id='word_1_1043' title='bbox 1506 2151 1543 2171; x_wconf 88' lang='lat' dir='ltr'>eo</span> <span class='ocrx_word' id='word_1_1044' title='bbox 1563 2152 1655 2181; x_wconf 87' lang='lat' dir='ltr'>puero</span> <span class='ocrx_word' id='word_1_1045' title='bbox 1665 2162 1674 2174; x_wconf 85' lang='lat'>‚</span> <span class='ocrx_word' id='word_1_1046' title='bbox 1694 2143 1745 2182; x_wconf 87' lang='lat' dir='ltr'>qui</span> <span class='ocrx_word' id='word_1_1047' title='bbox 1756 2152 1793 2171; x_wconf 86' lang='lat' dir='ltr'>ex</span> <span class='ocrx_word' id='word_1_1048' title='bbox 1811 2143 1899 2172; x_wconf 84' lang='lat' dir='ltr'>altera</span> <span class='ocrx_word' id='word_1_1049' title='bbox 1916 2150 2000 2171; x_wconf 82' lang='lat' dir='ltr'>natus</span> <span class='ocrx_word' id='word_1_1050' title='bbox 2018 2150 2078 2171; x_wconf 81' lang='lat' dir='ltr'>erat</span> 
     </span>
     <span class='ocr_line' id='line_1_110' title="bbox 1123 2181 2075 2223; baseline -0.001 -11"><span class='ocrx_word' id='word_1_1051' title='bbox 1123 2192 1218 2212; x_wconf 83' lang='lat' dir='ltr'>uxore</span> <span class='ocrx_word' id='word_1_1052' title='bbox 1229 2202 1237 2216; x_wconf 87' lang='lat'>‚</span> <span class='ocrx_word' id='word_1_1053' title='bbox 1257 2192 1320 2212; x_wconf 91' lang='lat' dir='ltr'>non</span> <span class='ocrx_word' id='word_1_1054' title='bbox 1339 2182 1460 2213; x_wconf 85' lang='lat' dir='ltr'>remisso</span> <span class='ocrx_word' id='word_1_1055' title='bbox 1474 2185 1585 2213; x_wconf 89' lang='lat' dir='ltr'>nuntio</span> <span class='ocrx_word' id='word_1_1056' title='bbox 1597 2184 1762 2223; x_wconf 83' lang='lat' dir='ltr'>superiori,</span> <span class='ocrx_word' id='word_1_1057' title='bbox 1783 2186 1841 2213; x_wconf 73' lang='lat' dir='ltr'>suit</span> <span class='ocrx_word' id='word_1_1058' title='bbox 1851 2186 1928 2214; x_wconf 88' lang='lat' dir='ltr'>inter</span> <span class='ocrx_word' id='word_1_1059' title='bbox 1937 2181 2075 2223; x_wconf 82' lang='lat' dir='ltr'>peritissi-</span> 
     </span>
     <span class='ocr_line' id='line_1_111' title="bbox 1124 2223 2078 2267; baseline 0 -14"><span class='ocrx_word' id='word_1_1060' title='bbox 1124 2234 1192 2254; x_wconf 93' lang='lat' dir='ltr'>mos</span> <span class='ocrx_word' id='word_1_1061' title='bbox 1202 2224 1343 2254; x_wconf 87' lang='lat' dir='ltr'>homines</span> <span class='ocrx_word' id='word_1_1062' title='bbox 1353 2224 1472 2254; x_wconf 81' lang='lat' dir='ltr'>summa</span> <span class='ocrx_word' id='word_1_1063' title='bbox 1481 2224 1589 2264; x_wconf 82' lang='lat' dir='ltr'>dejure</span> <span class='ocrx_word' id='word_1_1064' title='bbox 1600 2223 1747 2255; x_wconf 81' lang='lat' dir='ltr'>dissensio.</span> <span class='ocrx_word' id='word_1_1065' title='bbox 1766 2228 1875 2264; x_wconf 83' lang='lat' dir='ltr'>Quaero</span> <span class='ocrx_word' id='word_1_1066' title='bbox 1887 2227 1993 2267; x_wconf 82' lang='lat' dir='ltr'>igitur,</span> <span class='ocrx_word' id='word_1_1067' title='bbox 2005 2223 2078 2265; x_wconf 78' lang='lat' dir='ltr'>quid</span> 
     </span>
     <span class='ocr_line' id='line_1_112' title="bbox 1123 2265 2078 2306; baseline -0.001 -10"><span class='ocrx_word' id='word_1_1068' title='bbox 1123 2265 1271 2304; x_wconf 83' lang='lat' dir='ltr'>adjuverit</span> <span class='ocrx_word' id='word_1_1069' title='bbox 1279 2274 1428 2296; x_wconf 84' lang='lat' dir='ltr'>oratorem</span> <span class='ocrx_word' id='word_1_1070' title='bbox 1438 2268 1472 2296; x_wconf 90' lang='lat' dir='ltr'>in</span> <span class='ocrx_word' id='word_1_1071' title='bbox 1488 2267 1534 2296; x_wconf 81' lang='lat' dir='ltr'>his</span> <span class='ocrx_word' id='word_1_1072' title='bbox 1544 2265 1633 2296; x_wconf 82' lang='lat' dir='ltr'>causis</span> <span class='ocrx_word' id='word_1_1073' title='bbox 1639 2267 1715 2306; x_wconf 86' lang='lat' dir='ltr'>juris</span> <span class='ocrx_word' id='word_1_1074' title='bbox 1733 2267 1853 2297; x_wconf 79' lang='lat' dir='ltr'>scientia</span> <span class='ocrx_word' id='word_1_1075' title='bbox 1862 2288 1870 2300; x_wconf 94' lang='lat'>,</span> <span class='ocrx_word' id='word_1_1076' title='bbox 1890 2266 1962 2296; x_wconf 81' lang='lat' dir='ltr'>cum</span> <span class='ocrx_word' id='word_1_1077' title='bbox 1973 2267 2021 2296; x_wconf 90' lang='lat' dir='ltr'>hic</span> <span class='ocrx_word' id='word_1_1078' title='bbox 2032 2268 2078 2301; x_wconf 69' lang='lat' dir='ltr'>iu-</span> 
     </span>
     <span class='ocr_line' id='line_1_113' title="bbox 1122 2306 2077 2349; baseline 0.001 -12"><span class='ocrx_word' id='word_1_1079' title='bbox 1122 2307 1315 2338; x_wconf 87' lang='lat' dir='ltr'>risconsultus</span> <span class='ocrx_word' id='word_1_1080' title='bbox 1334 2307 1466 2347; x_wconf 83' lang='lat' dir='ltr'>superior</span> <span class='ocrx_word' id='word_1_1081' title='bbox 1482 2307 1754 2338; x_wconf 83' lang='lat' dir='ltr'>fueritdiscessurus</span> <span class='ocrx_word' id='word_1_1082' title='bbox 1766 2329 1774 2342; x_wconf 91' lang='lat'>,</span> <span class='ocrx_word' id='word_1_1083' title='bbox 1791 2311 1843 2349; x_wconf 87' lang='lat' dir='ltr'>qui</span> <span class='ocrx_word' id='word_1_1084' title='bbox 1861 2306 1932 2338; x_wconf 79' lang='lat' dir='ltr'>esset</span> <span class='ocrx_word' id='word_1_1085' title='bbox 1949 2317 2012 2338; x_wconf 89' lang='lat' dir='ltr'>non</span> <span class='ocrx_word' id='word_1_1086' title='bbox 2026 2308 2077 2346; x_wconf 55' lang='grc' dir='ltr'>βω</span> 
     </span>
     <span class='ocr_line' id='line_1_114' title="bbox 1124 2348 2079 2389; baseline 0 -12"><span class='ocrx_word' id='word_1_1087' title='bbox 1124 2348 1245 2388; x_wconf 73' lang='lat' dir='ltr'>artificio</span> <span class='ocrx_word' id='word_1_1088' title='bbox 1257 2368 1265 2382; x_wconf 88' lang='lat'>‚</span> <span class='ocrx_word' id='word_1_1089' title='bbox 1288 2349 1336 2379; x_wconf 88' lang='lat' dir='ltr'>sed</span> <span class='ocrx_word' id='word_1_1090' title='bbox 1346 2350 1446 2379; x_wconf 86' lang='lat' dir='ltr'>alieno</span> <span class='ocrx_word' id='word_1_1091' title='bbox 1458 2370 1467 2383; x_wconf 92' lang='lat'>,</span> <span class='ocrx_word' id='word_1_1092' title='bbox 1488 2349 1598 2380; x_wconf 71' lang='lat' dir='ltr'>h0c¹cst</span> <span class='ocrx_word' id='word_1_1093' title='bbox 1609 2371 1616 2382; x_wconf 90' lang='lat'>‚</span> <span class='ocrx_word' id='word_1_1094' title='bbox 1630 2351 1776 2389; x_wconf 87' lang='lat' dir='ltr'>nonjuris</span> <span class='ocrx_word' id='word_1_1095' title='bbox 1792 2351 1912 2380; x_wconf 82' lang='lat' dir='ltr'>scientia</span> <span class='ocrx_word' id='word_1_1096' title='bbox 1924 2371 1931 2382; x_wconf 90' lang='lat'>‚</span> <span class='ocrx_word' id='word_1_1097' title='bbox 1954 2349 2001 2379; x_wconf 85' lang='lat' dir='ltr'>sed</span> <span class='ocrx_word' id='word_1_1098' title='bbox 2014 2350 2079 2377; x_wconf 79' lang='lat' dir='ltr'>elo-</span> 
     </span>
     <span class='ocr_line' id='line_1_115' title="bbox 1121 2389 2078 2432; baseline -0.001 -12"><span class='ocrx_word' id='word_1_1099' title='bbox 1121 2393 1244 2432; x_wconf 82' lang='lat' dir='ltr'>quentia</span> <span class='ocrx_word' id='word_1_1100' title='bbox 1254 2410 1262 2423; x_wconf 87' lang='lat'>,</span> <span class='ocrx_word' id='word_1_1101' title='bbox 1272 2389 1456 2422; x_wconf 86' lang='lat' dir='ltr'>sustentatus.</span> <span class='ocrx_word' id='word_1_1102' title='bbox 1474 2391 1622 2432; x_wconf 88' lang='lat' dir='ltr'>Equidem</span> <span class='ocrx_word' id='word_1_1103' title='bbox 1634 2392 1692 2422; x_wconf 90' lang='lat' dir='ltr'>hoc</span> <span class='ocrx_word' id='word_1_1104' title='bbox 1703 2392 1776 2432; x_wconf 80' lang='lat' dir='ltr'>saepe</span> <span class='ocrx_word' id='word_1_1105' title='bbox 1785 2392 1902 2422; x_wconf 77' lang='lat' dir='ltr'>audivi,</span> <span class='ocrx_word' id='word_1_1106' title='bbox 1922 2390 1993 2420; x_wconf 72' lang='lat' dir='ltr'>cum</span> <span class='ocrx_word' id='word_1_1107' title='bbox 2005 2390 2078 2419; x_wconf 66' lang='lat' dir='ltr'>aedi·-</span> 
     </span>
     <span class='ocr_line' id='line_1_116' title="bbox 1122 2430 2077 2474; baseline -0.002 -12"><span class='ocrx_word' id='word_1_1108' title='bbox 1122 2435 1238 2462; x_wconf 86' lang='lat' dir='ltr'>litatem</span> <span class='ocrx_word' id='word_1_1109' title='bbox 1249 2435 1280 2462; x_wconf 85' lang='lat' dir='ltr'>P.</span> <span class='ocrx_word' id='word_1_1110' title='bbox 1292 2430 1407 2463; x_wconf 78' lang='lat' dir='ltr'>Crassus</span> <span class='ocrx_word' id='word_1_1111' title='bbox 1416 2441 1544 2472; x_wconf 87' lang='lat' dir='ltr'>peteret,</span> <span class='ocrx_word' id='word_1_1112' title='bbox 1557 2443 1686 2474; x_wconf 86' lang='lat' dir='ltr'>eumque</span> <span class='ocrx_word' id='word_1_1113' title='bbox 1696 2435 1792 2471; x_wconf 86' lang='lat' dir='ltr'>major</span> <span class='ocrx_word' id='word_1_1114' title='bbox 1802 2442 1869 2462; x_wconf 79' lang='lat' dir='ltr'>natu</span> <span class='ocrx_word' id='word_1_1115' title='bbox 1881 2453 1888 2465; x_wconf 92' lang='lat'>‚</span> <span class='ocrx_word' id='word_1_1116' title='bbox 1900 2434 1989 2462; x_wconf 82' lang='lat' dir='ltr'>etiam</span> <span class='ocrx_word' id='word_1_1117' title='bbox 2000 2441 2077 2460; x_wconf 71' lang='lat' dir='ltr'>con-</span> 
     </span>
     <span class='ocr_line' id='line_1_117' title="bbox 1125 2471 2075 2514; baseline -0.003 -9"><span class='ocrx_word' id='word_1_1118' title='bbox 1125 2474 1225 2505; x_wconf 87' lang='lat' dir='ltr'>sularis</span> <span class='ocrx_word' id='word_1_1119' title='bbox 1239 2494 1247 2506; x_wconf 86' lang='lat'><strong><em>‚</em></strong></span> <span class='ocrx_word' id='word_1_1120' title='bbox 1271 2476 1330 2504; x_wconf 86' lang='lat' dir='ltr'>Ser.</span> <span class='ocrx_word' id='word_1_1121' title='bbox 1343 2474 1436 2504; x_wconf 77' lang='lat' dir='ltr'>Galba</span> <span class='ocrx_word' id='word_1_1122' title='bbox 1445 2473 1630 2505; x_wconf 50' lang='lat' dir='ltr'>assessaretur</span> <span class='ocrx_word' id='word_1_1123' title='bbox 1642 2495 1649 2508; x_wconf 89' lang='lat'>‚</span> <span class='ocrx_word' id='word_1_1124' title='bbox 1671 2474 1752 2514; x_wconf 77' lang='lat' dir='ltr'>quod</span> <span class='ocrx_word' id='word_1_1125' title='bbox 1763 2471 1850 2504; x_wconf 82' lang='lat' dir='ltr'>craffi</span> <span class='ocrx_word' id='word_1_1126' title='bbox 1860 2474 1953 2504; x_wconf 81' lang='lat' dir='ltr'>filiam</span> <span class='ocrx_word' id='word_1_1127' title='bbox 1964 2475 1995 2503; x_wconf 89' lang='lat' dir='ltr'>C.</span> <span class='ocrx_word' id='word_1_1128' title='bbox 2011 2473 2075 2502; x_wconf 75' lang='lat' dir='ltr'>tilio</span> 
     </span>
     <span class='ocr_line' id='line_1_118' title="bbox 1125 2514 2077 2555; baseline -0.001 -10"><span class='ocrx_word' id='word_1_1129' title='bbox 1125 2516 1177 2546; x_wconf 91' lang='lat' dir='ltr'>suo</span> <span class='ocrx_word' id='word_1_1130' title='bbox 1196 2514 1398 2555; x_wconf 87' lang='lat' dir='ltr'>despondisset</span> <span class='ocrx_word' id='word_1_1131' title='bbox 1409 2537 1417 2549; x_wconf 91' lang='lat'>,</span> <span class='ocrx_word' id='word_1_1132' title='bbox 1437 2515 1577 2546; x_wconf 73' lang='lat' dir='ltr'>acceffisse</span> <span class='ocrx_word' id='word_1_1133' title='bbox 1595 2516 1629 2546; x_wconf 83' lang='lat' dir='ltr'>ad</span> <span class='ocrx_word' id='word_1_1134' title='bbox 1649 2514 1779 2545; x_wconf 77' lang='lat' dir='ltr'>Crassum</span> <span class='ocrx_word' id='word_1_1135' title='bbox 1799 2515 1975 2545; x_wconf 88' lang='lat' dir='ltr'>consulendi</span> <span class='ocrx_word' id='word_1_1136' title='bbox 1993 2514 2077 2544; x_wconf 78' lang='lat' dir='ltr'>causa</span> 
     </span>
     <span class='ocr_line' id='line_1_119' title="bbox 1125 2555 2077 2599; baseline -0.002 -12"><span class='ocrx_word' id='word_1_1137' title='bbox 1125 2557 1275 2599; x_wconf 84' lang='lat' dir='ltr'>quendam</span> <span class='ocrx_word' id='word_1_1138' title='bbox 1287 2557 1469 2587; x_wconf 84' lang='lat' dir='ltr'>rusticanum</span> <span class='ocrx_word' id='word_1_1139' title='bbox 1491 2568 1495 2585; x_wconf 82' lang='lat' dir='ltr'>z</span> <span class='ocrx_word' id='word_1_1140' title='bbox 1511 2556 1642 2598; x_wconf 77' lang='lat' dir='ltr'>quicum</span> <span class='ocrx_word' id='word_1_1141' title='bbox 1654 2555 1784 2586; x_wconf 85' lang='lat' dir='ltr'>Crassum</span> <span class='ocrx_word' id='word_1_1142' title='bbox 1796 2555 1953 2587; x_wconf 79' lang='lat' dir='ltr'>seduxisset</span> <span class='ocrx_word' id='word_1_1143' title='bbox 1965 2577 1972 2590; x_wconf 81' lang='lat'>‚</span> <span class='ocrx_word' id='word_1_1144' title='bbox 1992 2565 2077 2596; x_wconf 74' lang='lat' dir='ltr'>atque</span> 
     </span>
     <span class='ocr_line' id='line_1_120' title="bbox 1124 2598 2076 2640; baseline -0.003 -10"><span class='ocrx_word' id='word_1_1145' title='bbox 1124 2600 1159 2630; x_wconf 80' lang='lat' dir='ltr'>ad</span> <span class='ocrx_word' id='word_1_1146' title='bbox 1170 2609 1241 2630; x_wconf 88' lang='lat' dir='ltr'>eum</span> <span class='ocrx_word' id='word_1_1147' title='bbox 1252 2598 1404 2633; x_wconf 84' lang='lat' dir='ltr'>retulisset,</span> <span class='ocrx_word' id='word_1_1148' title='bbox 1422 2599 1655 2639; x_wconf 84' lang='lat' dir='ltr'>responsumque</span> <span class='ocrx_word' id='word_1_1149' title='bbox 1665 2598 1699 2628; x_wconf 84' lang='lat' dir='ltr'>ab</span> <span class='ocrx_word' id='word_1_1150' title='bbox 1709 2608 1745 2628; x_wconf 87' lang='lat' dir='ltr'>eo</span> <span class='ocrx_word' id='word_1_1151' title='bbox 1756 2608 1854 2628; x_wconf 74' lang='lat' dir='ltr'>verum</span> <span class='ocrx_word' id='word_1_1152' title='bbox 1863 2600 1956 2640; x_wconf 82' lang='lat' dir='ltr'>magis</span> <span class='ocrx_word' id='word_1_1153' title='bbox 1965 2618 1972 2632; x_wconf 88' lang='lat'>,</span> <span class='ocrx_word' id='word_1_1154' title='bbox 1985 2600 2076 2638; x_wconf 70' lang='lat' dir='ltr'>quam</span> 
     </span>
    </p>

    <p class='ocr_par' dir='ltr' id='par_1_12' title="bbox 1945 2640 2074 2670">
     <span class='ocr_line' id='line_1_121' title="bbox 1945 2640 2074 2670; baseline -0.008 0"><span class='ocrx_word' id='word_1_1155' title='bbox 1945 2640 1980 2670; x_wconf 87' lang='lat' dir='ltr'>ad</span> <span class='ocrx_word' id='word_1_1156' title='bbox 1990 2641 2074 2670; x_wconf 87' lang='lat' dir='ltr'>suam</span> 
     </span>
    </p>
   </div>
   <div class='ocr_carea' id='block_1_11' title="bbox 266 2700 2077 2716">
    <p class='ocr_par' dir='ltr' id='par_1_13' title="bbox 266 2700 2077 2716">
     <span class='ocr_line' id='line_1_122' title="bbox 266 2700 2077 2716; baseline 0 0"><span class='ocrx_word' id='word_1_1157' title='bbox 266 2700 2077 2716; x_wconf 95' lang='lat' dir='ltr'> </span> 
     </span>
    </p>
   </div>
   <div class='ocr_carea' id='block_1_12' title="bbox 127 2735 1085 3201">
    <p class='ocr_par' dir='ltr' id='par_1_14' title="bbox 127 2735 1084 2842">
     <span class='ocr_line' id='line_1_123' title="bbox 145 2735 1084 2771; baseline 0.001 -11"><span class='ocrx_word' id='word_1_1158' title='bbox 145 2735 147 2737; x_wconf 76' lang='grc'><strong>’</strong></span> <span class='ocrx_word' id='word_1_1159' title='bbox 163 2743 187 2760; x_wconf 84' lang='lat'>1.</span> <span class='ocrx_word' id='word_1_1160' title='bbox 206 2735 283 2767; x_wconf 61' lang='lat' dir='ltr'>th</span> <span class='ocrx_word' id='word_1_1161' title='bbox 295 2737 396 2769; x_wconf 76' lang='lat' dir='ltr'>simplex</span> <span class='ocrx_word' id='word_1_1162' title='bbox 412 2739 486 2763; x_wconf 75' lang='lat' dir='ltr'>oratio</span> <span class='ocrx_word' id='word_1_1163' title='bbox 503 2737 616 2763; x_wconf 76' lang='lat' dir='ltr'>veritatis</span> <span class='ocrx_word' id='word_1_1164' title='bbox 628 2736 749 2771; x_wconf 66' lang='lat' dir='ltr'>ferebat]</span> <span class='ocrx_word' id='word_1_1165' title='bbox 771 2737 811 2762; x_wconf 80' lang='lat' dir='ltr'>Ita</span> <span class='ocrx_word' id='word_1_1166' title='bbox 822 2736 890 2763; x_wconf 79' lang='lat' dir='ltr'>Pall.</span> <span class='ocrx_word' id='word_1_1167' title='bbox 901 2745 992 2763; x_wconf 81' lang='lat' dir='ltr'>omnes</span> <span class='ocrx_word' id='word_1_1168' title='bbox 1007 2754 1015 2766; x_wconf 93' lang='lat'>,</span> <span class='ocrx_word' id='word_1_1169' title='bbox 1038 2735 1084 2761; x_wconf 86' lang='lat' dir='ltr'>nisi</span> 
     </span>
     <span class='ocr_line' id='line_1_124' title="bbox 127 2769 1084 2810; baseline 0.001 -14"><span class='ocrx_word' id='word_1_1170' title='bbox 127 2769 197 2810; x_wconf 75' lang='lat' dir='ltr'>quod</span> <span class='ocrx_word' id='word_1_1171' title='bbox 209 2772 288 2798; x_wconf 85' lang='lat' dir='ltr'>tertio</span> <span class='ocrx_word' id='word_1_1172' title='bbox 298 2771 394 2798; x_wconf 78' lang='lat' dir='ltr'>abesset</span> <span class='ocrx_word' id='word_1_1173' title='bbox 403 2773 525 2800; x_wconf 71' lang='lat' dir='ltr'>veritaris.</span> <span class='ocrx_word' id='word_1_1174' title='bbox 544 2780 617 2800; x_wconf 83' lang='lat' dir='ltr'>retro</span> <span class='ocrx_word' id='word_1_1175' title='bbox 630 2773 730 2808; x_wconf 79' lang='lat' dir='ltr'>vulgati</span> <span class='ocrx_word' id='word_1_1176' title='bbox 743 2792 751 2805; x_wconf 92' lang='lat'>,</span> <span class='ocrx_word' id='word_1_1177' title='bbox 764 2776 825 2798; x_wconf 79' lang='lat' dir='ltr'>ratio</span> <span class='ocrx_word' id='word_1_1178' title='bbox 836 2792 843 2805; x_wconf 87' lang='lat'>‚</span> <span class='ocrx_word' id='word_1_1179' title='bbox 859 2781 954 2809; x_wconf 72' lang='lat' dir='ltr'>praeter</span> <span class='ocrx_word' id='word_1_1180' title='bbox 965 2770 1026 2799; x_wconf 83' lang='lat' dir='ltr'>cdd.</span> <span class='ocrx_word' id='word_1_1181' title='bbox 1037 2781 1084 2797; x_wconf 84' lang='lat' dir='ltr'>an-</span> 
     </span>
     <span class='ocr_line' id='line_1_125' title="bbox 127 2813 250 2842; baseline 0.008 -10"><span class='ocrx_word' id='word_1_1182' title='bbox 127 2813 250 2842; x_wconf 78' lang='lat' dir='ltr'>tiquatas.</span> 
     </span>
    </p>

    <p class='ocr_par' dir='ltr' id='par_1_15' title="bbox 128 2843 1085 2986">
     <span class='ocr_line' id='line_1_126' title="bbox 163 2843 1083 2879; baseline 0 -10"><span class='ocrx_word' id='word_1_1183' title='bbox 163 2851 192 2869; x_wconf 81' lang='lat'>2.</span> <span class='ocrx_word' id='word_1_1184' title='bbox 210 2845 356 2877; x_wconf 63' lang='lat' dir='ltr'>g-Qcfipaenae</span> <span class='ocrx_word' id='word_1_1185' title='bbox 363 2845 654 2879; x_wconf 75' lang='lat' dir='ltr'>aestImati0.exfimentia‚</span> <span class='ocrx_word' id='word_1_1186' title='bbox 664 2845 851 2878; x_wconf 77' lang='lat' dir='ltr'>cumjudicibm,</span> <span class='ocrx_word' id='word_1_1187' title='bbox 859 2845 927 2878; x_wconf 45' lang='lat' dir='ltr'>dvm]</span> <span class='ocrx_word' id='word_1_1188' title='bbox 940 2843 1083 2870; x_wconf 76' lang='lat' dir='ltr'>Lambinus</span> 
     </span>
     <span class='ocr_line' id='line_1_127' title="bbox 128 2877 1083 2917; baseline 0.001 -13"><span class='ocrx_word' id='word_1_1189' title='bbox 128 2877 253 2913; x_wconf 79' lang='lat' dir='ltr'>reposuit,</span> <span class='ocrx_word' id='word_1_1190' title='bbox 264 2881 440 2913; x_wconf 67' lang='lat' dir='ltr'>lucsentcntia,</span> <span class='ocrx_word' id='word_1_1191' title='bbox 452 2880 494 2906; x_wconf 84' lang='lat' dir='ltr'>scd</span> <span class='ocrx_word' id='word_1_1192' title='bbox 504 2888 598 2917; x_wconf 74' lang='lat' dir='ltr'>praeter</span> <span class='ocrx_word' id='word_1_1193' title='bbox 609 2880 690 2907; x_wconf 86' lang='lat' dir='ltr'>libros</span> <span class='ocrx_word' id='word_1_1194' title='bbox 701 2880 821 2916; x_wconf 73' lang='lat' dir='ltr'>scriptOS,</span> <span class='ocrx_word' id='word_1_1195' title='bbox 836 2881 881 2916; x_wconf 86' lang='lat' dir='ltr'>qui</span> <span class='ocrx_word' id='word_1_1196' title='bbox 893 2880 958 2906; x_wconf 84' lang='lat' dir='ltr'>nihil</span> <span class='ocrx_word' id='word_1_1197' title='bbox 971 2881 1083 2910; x_wconf 79' lang='lat' dir='ltr'>variant,</span> 
     </span>
     <span class='ocr_line' id='line_1_128' title="bbox 129 2913 1085 2950; baseline 0.002 -11"><span class='ocrx_word' id='word_1_1198' title='bbox 129 2913 176 2940; x_wconf 78' lang='lat' dir='ltr'>nisi</span> <span class='ocrx_word' id='word_1_1199' title='bbox 187 2914 256 2950; x_wconf 83' lang='lat' dir='ltr'>quod</span> <span class='ocrx_word' id='word_1_1200' title='bbox 268 2934 276 2946; x_wconf 75' lang='lat'>⁷</span> <span class='ocrx_word' id='word_1_1201' title='bbox 283 2923 350 2948; x_wconf 77' lang='lat' dir='ltr'>paena</span> <span class='ocrx_word' id='word_1_1202' title='bbox 360 2925 388 2941; x_wconf 75' lang='lat' dir='ltr'>ca</span> <span class='ocrx_word' id='word_1_1203' title='bbox 396 2918 512 2948; x_wconf 57' lang='lat' dir='ltr'>estimatio</span> <span class='ocrx_word' id='word_1_1204' title='bbox 521 2917 682 2949; x_wconf 77' lang='lat' dir='ltr'>exsententia.</span> <span class='ocrx_word' id='word_1_1205' title='bbox 702 2925 768 2943; x_wconf 84' lang='lat' dir='ltr'>unus</span> <span class='ocrx_word' id='word_1_1206' title='bbox 781 2936 788 2948; x_wconf 92' lang='lat'>,</span> <span class='ocrx_word' id='word_1_1207' title='bbox 798 2924 868 2949; x_wconf 70' lang='lat' dir='ltr'>poenae</span> <span class='ocrx_word' id='word_1_1208' title='bbox 877 2915 1006 2949; x_wconf 68' lang='lat' dir='ltr'>destinatio.</span> <span class='ocrx_word' id='word_1_1209' title='bbox 1027 2915 1085 2942; x_wconf 80' lang='lat' dir='ltr'>cdi-</span> 
     </span>
     <span class='ocr_line' id='line_1_129' title="bbox 130 2949 996 2986; baseline 0.002 -10"><span class='ocrx_word' id='word_1_1210' title='bbox 130 2949 168 2976; x_wconf 80' lang='lat' dir='ltr'>tio</span> <span class='ocrx_word' id='word_1_1211' title='bbox 179 2959 221 2986; x_wconf 82' lang='lat' dir='ltr'>pr.</span> <span class='ocrx_word' id='word_1_1212' title='bbox 231 2950 320 2982; x_wconf 76' lang='lat' dir='ltr'>habet,</span> <span class='ocrx_word' id='word_1_1213' title='bbox 329 2953 480 2985; x_wconf 74' lang='lat' dir='ltr'>quafipoena‚</span> <span class='ocrx_word' id='word_1_1214' title='bbox 491 2961 518 2978; x_wconf 81' lang='lat' dir='ltr'>ea</span> <span class='ocrx_word' id='word_1_1215' title='bbox 528 2954 642 2986; x_wconf 66' lang='lat' dir='ltr'>,estimatio</span> <span class='ocrx_word' id='word_1_1216' title='bbox 651 2952 801 2985; x_wconf 72' lang='lat' dir='ltr'>&amp;senteni&#39;ia</span> <span class='ocrx_word' id='word_1_1217' title='bbox 812 2953 996 2985; x_wconf 71' lang='lat' dir='ltr'>cttnijttditibrts.</span> 
     </span>
    </p>

    <p class='ocr_par' dir='ltr' id='par_1_16' title="bbox 130 2986 1084 3126">
     <span class='ocr_line' id='line_1_130' title="bbox 165 2986 1084 3023; baseline 0.002 -12"><span class='ocrx_word' id='word_1_1218' title='bbox 165 2993 178 3020; x_wconf 80' lang='lat'>3</span> <span class='ocrx_word' id='word_1_1219' title='bbox 186 3006 192 3012; x_wconf 90' lang='lat'><em>.</em></span> <span class='ocrx_word' id='word_1_1220' title='bbox 211 2989 269 3012; x_wconf 81' lang='lat' dir='ltr'>Cum</span> <span class='ocrx_word' id='word_1_1221' title='bbox 277 2987 409 3013; x_wconf 78' lang='lat' dir='ltr'>indotatam</span> <span class='ocrx_word' id='word_1_1222' title='bbox 418 2989 457 3021; x_wconf 78' lang='lat' dir='ltr'>effe</span> <span class='ocrx_word' id='word_1_1223' title='bbox 467 2995 538 3022; x_wconf 75' lang='lat' dir='ltr'>atque</span> <span class='ocrx_word' id='word_1_1224' title='bbox 550 2991 711 3013; x_wconf 76' lang='lat' dir='ltr'>incomitalam</span> <span class='ocrx_word' id='word_1_1225' title='bbox 721 3007 729 3020; x_wconf 91' lang='lat'>‚</span> <span class='ocrx_word' id='word_1_1226' title='bbox 740 2989 806 3022; x_wconf 75' lang='lat' dir='ltr'>&amp;c.]</span> <span class='ocrx_word' id='word_1_1227' title='bbox 852 2987 940 3013; x_wconf 82' lang='lat' dir='ltr'>uidam</span> <span class='ocrx_word' id='word_1_1228' title='bbox 951 2986 1023 3013; x_wconf 63' lang='lat' dir='ltr'>doc‘fi</span> <span class='ocrx_word' id='word_1_1229' title='bbox 1035 2996 1084 3023; x_wconf 82' lang='lat' dir='ltr'>pu-</span> 
     </span>
     <span class='ocr_line' id='line_1_131' title="bbox 130 3021 1083 3059; baseline 0.002 -13"><span class='ocrx_word' id='word_1_1230' title='bbox 130 3026 187 3047; x_wconf 81' lang='lat' dir='ltr'>tant</span> <span class='ocrx_word' id='word_1_1231' title='bbox 197 3021 257 3048; x_wconf 88' lang='lat' dir='ltr'>hinc</span> <span class='ocrx_word' id='word_1_1232' title='bbox 266 3022 393 3054; x_wconf 82' lang='lat' dir='ltr'>alienum,</span> <span class='ocrx_word' id='word_1_1233' title='bbox 404 3027 474 3058; x_wconf 62' lang='lat' dir='ltr'>atque</span> <span class='ocrx_word' id='word_1_1234' title='bbox 482 3027 653 3055; x_wconf 67' lang='lat' dir='ltr'>immistum,</span> <span class='ocrx_word' id='word_1_1235' title='bbox 664 3023 705 3049; x_wconf 81' lang='lat' dir='ltr'>sed</span> <span class='ocrx_word' id='word_1_1236' title='bbox 717 3024 826 3050; x_wconf 76' lang='lat' dir='ltr'>minime</span> <span class='ocrx_word' id='word_1_1237' title='bbox 838 3027 860 3049; x_wconf 82' lang='lat' dir='ltr'>ei</span> <span class='ocrx_word' id='word_1_1238' title='bbox 879 3044 885 3049; x_wconf 93' lang='lat'>.</span> <span class='ocrx_word' id='word_1_1239' title='bbox 900 3023 1003 3059; x_wconf 82' lang='lat' dir='ltr'>respicit</span> <span class='ocrx_word' id='word_1_1240' title='bbox 1014 3024 1083 3049; x_wconf 83' lang='lat' dir='ltr'>enim</span> 
     </span>
     <span class='ocr_line' id='line_1_132' title="bbox 132 3055 1084 3097; baseline 0.003 -16"><span class='ocrx_word' id='word_1_1241' title='bbox 132 3055 309 3096; x_wconf 50' lang='lat' dir='ltr'>admulieres,</span> <span class='ocrx_word' id='word_1_1242' title='bbox 321 3058 414 3094; x_wconf 87' lang='lat' dir='ltr'>quibus</span> <span class='ocrx_word' id='word_1_1243' title='bbox 426 3060 536 3086; x_wconf 84' lang='lat' dir='ltr'>comites</span> <span class='ocrx_word' id='word_1_1244' title='bbox 547 3060 573 3086; x_wconf 75' lang='grc' dir='ltr'>ὃ(</span> <span class='ocrx_word' id='word_1_1245' title='bbox 585 3059 740 3097; x_wconf 79' lang='lat' dir='ltr'>pedissequoe</span> <span class='ocrx_word' id='word_1_1246' title='bbox 752 3069 761 3091; x_wconf 74' lang='lat'>5</span> <span class='ocrx_word' id='word_1_1247' title='bbox 773 3067 803 3087; x_wconf 89' lang='lat' dir='ltr'>ut</span> <span class='ocrx_word' id='word_1_1248' title='bbox 815 3059 855 3086; x_wconf 86' lang='lat' dir='ltr'>vel</span> <span class='ocrx_word' id='word_1_1249' title='bbox 866 3067 959 3086; x_wconf 85' lang='lat' dir='ltr'>notum</span> <span class='ocrx_word' id='word_1_1250' title='bbox 970 3067 1002 3085; x_wconf 85' lang='lat' dir='ltr'>ex</span> <span class='ocrx_word' id='word_1_1251' title='bbox 1015 3059 1084 3085; x_wconf 80' lang='lat' dir='ltr'>Am-</span> 
     </span>
     <span class='ocr_line' id='line_1_133' title="bbox 132 3091 379 3126; baseline 0.016 -10"><span class='ocrx_word' id='word_1_1252' title='bbox 132 3091 271 3126; x_wconf 78' lang='lat' dir='ltr'>phitruone</span> <span class='ocrx_word' id='word_1_1253' title='bbox 282 3093 379 3120; x_wconf 85' lang='lat' dir='ltr'>Plauti.</span> 
     </span>
    </p>

    <p class='ocr_par' dir='ltr' id='par_1_17' title="bbox 131 3127 1085 3201">
     <span class='ocr_line' id='line_1_134' title="bbox 167 3127 1084 3166; baseline 0.003 -14"><span class='ocrx_word' id='word_1_1254' title='bbox 167 3134 194 3158; x_wconf 83' lang='lat'>4.</span> <span class='ocrx_word' id='word_1_1255' title='bbox 214 3130 324 3160; x_wconf 75' lang='lat' dir='ltr'>Eistudio</span> <span class='ocrx_word' id='word_1_1256' title='bbox 333 3133 402 3155; x_wconf 77' lang='lat' dir='ltr'>etiam</span> <span class='ocrx_word' id='word_1_1257' title='bbox 411 3131 607 3166; x_wconf 66' lang='lat' dir='ltr'>hodiepraefimt]</span> <span class='ocrx_word' id='word_1_1258' title='bbox 627 3131 737 3165; x_wconf 76' lang='lat' dir='ltr'>Retulit</span> <span class='ocrx_word' id='word_1_1259' title='bbox 746 3131 890 3157; x_wconf 82' lang='lat' dir='ltr'>Lambinus</span> <span class='ocrx_word' id='word_1_1260' title='bbox 902 3129 1015 3156; x_wconf 78' lang='lat' dir='ltr'>habuisse</span> <span class='ocrx_word' id='word_1_1261' title='bbox 1027 3127 1084 3155; x_wconf 79' lang='lat' dir='ltr'>mss.</span> 
     </span>
     <span class='ocr_line' id='line_1_135' title="bbox 131 3160 1085 3201; baseline 0.003 -13"><span class='ocrx_word' id='word_1_1262' title='bbox 131 3160 196 3189; x_wconf 83' lang='lat' dir='ltr'>duos</span> <span class='ocrx_word' id='word_1_1263' title='bbox 214 3164 324 3199; x_wconf 81' lang='lat' dir='ltr'>amplius</span> <span class='ocrx_word' id='word_1_1264' title='bbox 337 3184 345 3197; x_wconf 91' lang='lat'>‚</span> <span class='ocrx_word' id='word_1_1265' title='bbox 364 3168 384 3191; x_wconf 83' lang='lat' dir='ltr'>ei</span> <span class='ocrx_word' id='word_1_1266' title='bbox 394 3167 471 3199; x_wconf 78' lang='lat' dir='ltr'>studio</span> <span class='ocrx_word' id='word_1_1267' title='bbox 488 3168 516 3198; x_wconf 64' lang='lat' dir='ltr'>(ly</span> <span class='ocrx_word' id='word_1_1268' title='bbox 527 3168 617 3201; x_wconf 68' lang='lat' dir='ltr'>fimper</span> <span class='ocrx_word' id='word_1_1269' title='bbox 630 3168 779 3201; x_wconf 69' lang='lat' dir='ltr'>praefuerunt&#39;</span> <span class='ocrx_word' id='word_1_1270' title='bbox 787 3187 794 3199; x_wconf 86' lang='lat'>‚</span> <span class='ocrx_word' id='word_1_1271' title='bbox 813 3168 842 3198; x_wconf 56' lang='grc' dir='ltr'>(γ</span> <span class='ocrx_word' id='word_1_1272' title='bbox 859 3169 929 3192; x_wconf 62' lang='lat' dir='ltr'>eriam</span> <span class='ocrx_word' id='word_1_1273' title='bbox 947 3166 1009 3192; x_wconf 66' lang='lat' dir='ltr'>hodlc</span> <span class='ocrx_word' id='word_1_1274' title='bbox 1022 3172 1085 3198; x_wconf 62' lang='grc' dir='ltr'><em>Γνι-</em></span> 
     </span>
    </p>
   </div>
   <div class='ocr_carea' id='block_1_13' title="bbox 1112 2728 2096 3191">
    <p class='ocr_par' dir='ltr' id='par_1_18' title="bbox 1112 2728 2079 2868">
     <span class='ocr_line' id='line_1_136' title="bbox 1112 2728 2079 2767; baseline -0.004 -8"><span class='ocrx_word' id='word_1_1275' title='bbox 1112 2735 1181 2767; x_wconf 67' lang='lat' dir='ltr'>finnt.</span> <span class='ocrx_word' id='word_1_1276' title='bbox 1202 2734 1229 2759; x_wconf 75' lang='grc' dir='ltr'>ὃ(</span> <span class='ocrx_word' id='word_1_1277' title='bbox 1242 2733 1280 2759; x_wconf 81' lang='lat' dir='ltr'>ita</span> <span class='ocrx_word' id='word_1_1278' title='bbox 1291 2731 1396 2767; x_wconf 81' lang='lat' dir='ltr'>quidem</span> <span class='ocrx_word' id='word_1_1279' title='bbox 1407 2729 1472 2756; x_wconf 78' lang='lat' dir='ltr'>editi</span> <span class='ocrx_word' id='word_1_1280' title='bbox 1493 2731 1507 2756; x_wconf 72' lang='grc' dir='ltr'>ἐν.</span> <span class='ocrx_word' id='word_1_1281' title='bbox 1520 2730 1549 2755; x_wconf 83' lang='lat' dir='ltr'>P.</span> <span class='ocrx_word' id='word_1_1282' title='bbox 1560 2728 1682 2756; x_wconf 64' lang='lat' dir='ltr'>Vifiorio</span> <span class='ocrx_word' id='word_1_1283' title='bbox 1696 2750 1704 2762; x_wconf 90' lang='lat'>,</span> <span class='ocrx_word' id='word_1_1284' title='bbox 1723 2739 1808 2766; x_wconf 80' lang='lat' dir='ltr'>neque</span> <span class='ocrx_word' id='word_1_1285' title='bbox 1819 2729 1903 2755; x_wconf 86' lang='lat' dir='ltr'>multo</span> <span class='ocrx_word' id='word_1_1286' title='bbox 1913 2728 1982 2754; x_wconf 74' lang='lat' dir='ltr'>stcns</span> <span class='ocrx_word' id='word_1_1287' title='bbox 1992 2729 2079 2765; x_wconf 61' lang='lat' dir='ltr'>prima</span> 
     </span>
     <span class='ocr_line' id='line_1_137' title="bbox 1120 2765 2076 2805; baseline -0.006 -9"><span class='ocrx_word' id='word_1_1288' title='bbox 1120 2769 1269 2805; x_wconf 78' lang='lat' dir='ltr'>impressio:</span> <span class='ocrx_word' id='word_1_1289' title='bbox 1283 2767 1324 2793; x_wconf 82' lang='lat' dir='ltr'>sed</span> <span class='ocrx_word' id='word_1_1290' title='bbox 1337 2767 1402 2793; x_wconf 84' lang='lat' dir='ltr'>nibil</span> <span class='ocrx_word' id='word_1_1291' title='bbox 1413 2776 1502 2792; x_wconf 78' lang='lat' dir='ltr'>cornui</span> <span class='ocrx_word' id='word_1_1292' title='bbox 1514 2766 1659 2801; x_wconf 75' lang='lat' dir='ltr'>prrcsetunt</span> <span class='ocrx_word' id='word_1_1293' title='bbox 1669 2767 1830 2802; x_wconf 79' lang='lat' dir='ltr'>exemplaria</span> <span class='ocrx_word' id='word_1_1294' title='bbox 1843 2766 1958 2791; x_wconf 77' lang='lat' dir='ltr'>Palatina</span> <span class='ocrx_word' id='word_1_1295' title='bbox 1968 2765 2076 2801; x_wconf 66' lang='lat' dir='ltr'>septeni.</span> 
     </span>
     <span class='ocr_line' id='line_1_138' title="bbox 1121 2801 2075 2842; baseline -0.005 -11"><span class='ocrx_word' id='word_1_1296' title='bbox 1121 2807 1220 2842; x_wconf 77' lang='lat' dir='ltr'>primus</span> <span class='ocrx_word' id='word_1_1297' title='bbox 1241 2805 1311 2831; x_wconf 86' lang='lat' dir='ltr'>enim</span> <span class='ocrx_word' id='word_1_1298' title='bbox 1331 2803 1398 2829; x_wconf 84' lang='lat' dir='ltr'>liber</span> <span class='ocrx_word' id='word_1_1299' title='bbox 1416 2812 1444 2829; x_wconf 80' lang='lat' dir='ltr'>ac</span> <span class='ocrx_word' id='word_1_1300' title='bbox 1461 2802 1586 2829; x_wconf 72' lang='lat' dir='ltr'>secundus</span> <span class='ocrx_word' id='word_1_1301' title='bbox 1606 2802 1663 2828; x_wconf 85' lang='lat' dir='ltr'>heic</span> <span class='ocrx_word' id='word_1_1302' title='bbox 1680 2811 1773 2838; x_wconf 74' lang='lat' dir='ltr'>aeque,</span> <span class='ocrx_word' id='word_1_1303' title='bbox 1794 2810 1823 2829; x_wconf 88' lang='lat' dir='ltr'>ut</span> <span class='ocrx_word' id='word_1_1304' title='bbox 1841 2801 1993 2833; x_wconf 75' lang='lat' dir='ltr'>Gallicani,</span> <span class='ocrx_word' id='word_1_1305' title='bbox 2016 2810 2075 2827; x_wconf 86' lang='lat' dir='ltr'>mu-</span> 
     </span>
     <span class='ocr_line' id='line_1_139' title="bbox 1121 2842 1246 2868; baseline -0.016 0"><span class='ocrx_word' id='word_1_1306' title='bbox 1121 2842 1246 2868; x_wconf 72' lang='lat' dir='ltr'>til-intur.</span> 
     </span>
    </p>

    <p class='ocr_par' dir='ltr' id='par_1_19' title="bbox 1116 2872 2096 3090">
     <span class='ocr_line' id='line_1_140' title="bbox 1162 2872 2077 2911; baseline -0.005 -8"><span class='ocrx_word' id='word_1_1307' title='bbox 1162 2887 1187 2911; x_wconf 85' lang='lat'>5.</span> <span class='ocrx_word' id='word_1_1308' title='bbox 1210 2881 1298 2903; x_wconf 77' lang='lat' dir='ltr'>Cantor</span> <span class='ocrx_word' id='word_1_1309' title='bbox 1304 2877 1460 2908; x_wconf 64' lang='lat' dir='ltr'>sbrmularum</span> <span class='ocrx_word' id='word_1_1310' title='bbox 1472 2894 1479 2906; x_wconf 89' lang='lat'>,</span> <span class='ocrx_word' id='word_1_1311' title='bbox 1489 2875 1555 2908; x_wconf 67' lang='lat'><strong><em>³:5⁶]</em></strong></span> <span class='ocrx_word' id='word_1_1312' title='bbox 1576 2873 1667 2900; x_wconf 76' lang='lat' dir='ltr'>Editio</span> <span class='ocrx_word' id='word_1_1313' title='bbox 1678 2872 1846 2900; x_wconf 73' lang='lat' dir='ltr'>vetustissima</span> <span class='ocrx_word' id='word_1_1314' title='bbox 1857 2881 1938 2899; x_wconf 66' lang='lat' dir='ltr'>carator</span> <span class='ocrx_word' id='word_1_1315' title='bbox 1949 2893 1955 2901; x_wconf 80' lang='lat'>,</span> <span class='ocrx_word' id='word_1_1316' title='bbox 1967 2872 2037 2908; x_wconf 81' lang='lat' dir='ltr'>quod</span> <span class='ocrx_word' id='word_1_1317' title='bbox 2048 2872 2077 2898; x_wconf 60' lang='grc' dir='ltr'>ἅτ</span> 
     </span>
     <span class='ocr_line' id='line_1_141' title="bbox 1123 2908 2096 2948; baseline -0.005 -9"><span class='ocrx_word' id='word_1_1318' title='bbox 1123 2914 1149 2939; x_wconf 84' lang='lat' dir='ltr'>in</span> <span class='ocrx_word' id='word_1_1319' title='bbox 1162 2913 1217 2939; x_wconf 75' lang='lat' dir='ltr'>Pal.</span> <span class='ocrx_word' id='word_1_1320' title='bbox 1229 2913 1323 2948; x_wconf 82' lang='lat' dir='ltr'>quinto</span> <span class='ocrx_word' id='word_1_1321' title='bbox 1336 2932 1342 2943; x_wconf 87' lang='lat'>‚</span> <span class='ocrx_word' id='word_1_1322' title='bbox 1355 2911 1429 2937; x_wconf 71' lang='lat' dir='ltr'>sexto</span> <span class='ocrx_word' id='word_1_1323' title='bbox 1440 2930 1447 2941; x_wconf 81' lang='lat'>,</span> <span class='ocrx_word' id='word_1_1324' title='bbox 1460 2912 1515 2936; x_wconf 66' lang='lat' dir='ltr'>ott.</span> <span class='ocrx_word' id='word_1_1325' title='bbox 1527 2920 1596 2936; x_wconf 83' lang='lat' dir='ltr'>nono</span> <span class='ocrx_word' id='word_1_1326' title='bbox 1609 2930 1616 2942; x_wconf 92' lang='lat'>,</span> <span class='ocrx_word' id='word_1_1327' title='bbox 1628 2911 1691 2936; x_wconf 66' lang='lat' dir='ltr'>itt-m</span> <span class='ocrx_word' id='word_1_1328' title='bbox 1703 2919 1755 2936; x_wconf 91' lang='lat' dir='ltr'>uno</span> <span class='ocrx_word' id='word_1_1329' title='bbox 1767 2908 1993 2941; x_wconf 61' lang='lat' dir='ltr'>Me1mniato‚sed</span> <span class='ocrx_word' id='word_1_1330' title='bbox 2006 2910 2077 2944; x_wconf 78' lang='lat' dir='ltr'>prius</span> <span class='ocrx_word' id='word_1_1331' title='bbox 2093 2941 2096 2945; x_wconf 26' lang='lat'>⁸</span> 
     </span>
     <span class='ocr_line' id='line_1_142' title="bbox 1124 2945 2077 2982; baseline -0.005 -7"><span class='ocrx_word' id='word_1_1332' title='bbox 1124 2950 1203 2975; x_wconf 74' lang='lat' dir='ltr'>haeret</span> <span class='ocrx_word' id='word_1_1333' title='bbox 1215 2950 1241 2975; x_wconf 87' lang='lat' dir='ltr'>in</span> <span class='ocrx_word' id='word_1_1334' title='bbox 1252 2949 1344 2974; x_wconf 78' lang='lat' dir='ltr'>ceteris</span> <span class='ocrx_word' id='word_1_1335' title='bbox 1358 2947 1424 2972; x_wconf 64' lang='lat' dir='ltr'>Pali.</span> <span class='ocrx_word' id='word_1_1336' title='bbox 1436 2954 1499 2972; x_wconf 73' lang='lat' dir='ltr'>tert.</span> <span class='ocrx_word' id='word_1_1337' title='bbox 1511 2953 1597 2981; x_wconf 71' lang='lat' dir='ltr'>quart.</span> <span class='ocrx_word' id='word_1_1338' title='bbox 1609 2945 1673 2982; x_wconf 71' lang='lat' dir='ltr'>sept.</span> <span class='ocrx_word' id='word_1_1339' title='bbox 1687 2956 1694 2969; x_wconf 58' lang='grc' dir='ltr'>ι</span> <span class='ocrx_word' id='word_1_1340' title='bbox 1703 2945 1842 2980; x_wconf 78' lang='lat' dir='ltr'>ideturque</span> <span class='ocrx_word' id='word_1_1341' title='bbox 1851 2946 1947 2981; x_wconf 71' lang='lat' dir='ltr'>aptius.</span> <span class='ocrx_word' id='word_1_1342' title='bbox 1964 2946 2077 2970; x_wconf 77' lang='lat' dir='ltr'>Bernar-</span> 
     </span>
     <span class='ocr_line' id='line_1_143' title="bbox 1123 2980 2077 3016; baseline -0.007 -5"><span class='ocrx_word' id='word_1_1343' title='bbox 1123 2985 1172 3011; x_wconf 82' lang='lat' dir='ltr'>dus</span> <span class='ocrx_word' id='word_1_1344' title='bbox 1185 2985 1324 3011; x_wconf 74' lang='lat' dir='ltr'>Martinius</span> <span class='ocrx_word' id='word_1_1345' title='bbox 1343 2982 1498 3009; x_wconf 68' lang='lat' dir='ltr'>emendabat</span> <span class='ocrx_word' id='word_1_1346' title='bbox 1509 2986 1522 3008; x_wconf 73' lang='lat' dir='ltr'>‘e</span> <span class='ocrx_word' id='word_1_1347' title='bbox 1535 2980 1581 3007; x_wconf 83' lang='lat' dir='ltr'>ms.</span> <span class='ocrx_word' id='word_1_1348' title='bbox 1592 2990 1656 3007; x_wconf 66' lang='grc' dir='ltr'>ωπον</span> <span class='ocrx_word' id='word_1_1349' title='bbox 1667 2983 1842 3013; x_wconf 61' lang='lat' dir='ltr'>scmmilas11m5</span> <span class='ocrx_word' id='word_1_1350' title='bbox 1865 2982 1910 3016; x_wconf 81' lang='lat' dir='ltr'>qui</span> <span class='ocrx_word' id='word_1_1351' title='bbox 1928 2980 2077 3007; x_wconf 60' lang='lat' dir='ltr'>consistat-„ir</span> 
     </span>
     <span class='ocr_line' id='line_1_144' title="bbox 1123 3017 2079 3054; baseline -0.008 -7"><span class='ocrx_word' id='word_1_1352' title='bbox 1123 3021 1191 3047; x_wconf 73' lang='lat' dir='ltr'>libro</span> <span class='ocrx_word' id='word_1_1353' title='bbox 1204 3030 1230 3046; x_wconf 80' lang='lat' dir='ltr'>iv</span> <span class='ocrx_word' id='word_1_1354' title='bbox 1240 3041 1244 3045; x_wconf 95' lang='lat'>.</span> <span class='ocrx_word' id='word_1_1355' title='bbox 1256 3022 1317 3045; x_wconf 67' lang='lat' dir='ltr'>Vas.</span> <span class='ocrx_word' id='word_1_1356' title='bbox 1329 3028 1384 3054; x_wconf 71' lang='lat' dir='ltr'>cap.</span> <span class='ocrx_word' id='word_1_1357' title='bbox 1396 3027 1421 3054; x_wconf 83' lang='lat'>3.</span> <span class='ocrx_word' id='word_1_1358' title='bbox 1437 3017 1597 3045; x_wconf 61' lang='lat' dir='ltr'>tauliclmius</span> <span class='ocrx_word' id='word_1_1359' title='bbox 1609 3018 1741 3044; x_wconf 74' lang='lat' dir='ltr'>maluisset</span> <span class='ocrx_word' id='word_1_1360' title='bbox 1754 3018 1841 3050; x_wconf 58' lang='lat' dir='ltr'>,pastio</span> <span class='ocrx_word' id='word_1_1361' title='bbox 1852 3020 1968 3042; x_wconf 70' lang='lat' dir='ltr'>ac&#39;ljonum</span> <span class='ocrx_word' id='word_1_1362' title='bbox 1980 3036 1987 3048; x_wconf 74' lang='lat'>‚</span> <span class='ocrx_word' id='word_1_1363' title='bbox 2000 3024 2079 3048; x_wconf 56' lang='lat' dir='ltr'>captor</span> 
     </span>
     <span class='ocr_line' id='line_1_145' title="bbox 1116 3056 1354 3090; baseline -0.008 -8"><span class='ocrx_word' id='word_1_1364' title='bbox 1116 3058 1273 3090; x_wconf 72' lang='lat' dir='ltr'>fhrmularnm</span> <span class='ocrx_word' id='word_1_1365' title='bbox 1286 3074 1293 3086; x_wconf 80' lang='lat'>‚</span> <span class='ocrx_word' id='word_1_1366' title='bbox 1304 3056 1354 3085; x_wconf 53' lang='lat' dir='ltr'>&amp;a</span> 
     </span>
    </p>

    <p class='ocr_par' dir='ltr' id='par_1_20' title="bbox 1123 3086 2077 3191">
     <span class='ocr_line' id='line_1_146' title="bbox 1159 3086 2077 3124; baseline -0.007 -7"><span class='ocrx_word' id='word_1_1367' title='bbox 1159 3092 1185 3117; x_wconf 90' lang='lat'>6.</span> <span class='ocrx_word' id='word_1_1368' title='bbox 1208 3093 1305 3116; x_wconf 65' lang='lat' dir='ltr'>Ev-Hnm</span> <span class='ocrx_word' id='word_1_1369' title='bbox 1323 3090 1403 3123; x_wconf 53' lang='lat' dir='ltr'>cit-ml]</span> <span class='ocrx_word' id='word_1_1370' title='bbox 1425 3089 1570 3124; x_wconf 66' lang='lat' dir='ltr'>(fastigatio</span> <span class='ocrx_word' id='word_1_1371' title='bbox 1589 3089 1852 3116; x_wconf 65' lang='lat' dir='ltr'>debital&#39;.v·18t01-io</span> <span class='ocrx_word' id='word_1_1372' title='bbox 1866 3107 1874 3119; x_wconf 83' lang='lat'>‚</span> <span class='ocrx_word' id='word_1_1373' title='bbox 1893 3088 1936 3123; x_wconf 85' lang='lat' dir='ltr'>qui</span> <span class='ocrx_word' id='word_1_1374' title='bbox 1959 3086 2077 3112; x_wconf 73' lang='lat' dir='ltr'>xideutur</span> 
     </span>
     <span class='ocr_line' id='line_1_147' title="bbox 1124 3122 2077 3161; baseline -0.007 -8"><span class='ocrx_word' id='word_1_1375' title='bbox 1124 3127 1192 3153; x_wconf 82' lang='lat' dir='ltr'>libro</span> <span class='ocrx_word' id='word_1_1376' title='bbox 1205 3135 1294 3152; x_wconf 67' lang='lat' dir='ltr'>xxxv.</span> <span class='ocrx_word' id='word_1_1377' title='bbox 1313 3127 1377 3154; x_wconf 72' lang='lat' dir='ltr'>Vur.</span> <span class='ocrx_word' id='word_1_1378' title='bbox 1387 3125 1498 3153; x_wconf 61' lang='lat' dir='ltr'>lediion.</span> <span class='ocrx_word' id='word_1_1379' title='bbox 1509 3126 1591 3161; x_wconf 77' lang='lat' dir='ltr'>capite</span> <span class='ocrx_word' id='word_1_1380' title='bbox 1606 3135 1629 3152; x_wconf 80' lang='lat' dir='ltr'>i.</span> <span class='ocrx_word' id='word_1_1381' title='bbox 1649 3124 1823 3160; x_wconf 65' lang='lat' dir='ltr'>alltuluutquc</span> <span class='ocrx_word' id='word_1_1382' title='bbox 1835 3123 1926 3151; x_wconf 77' lang='lat' dir='ltr'>codem</span> <span class='ocrx_word' id='word_1_1383' title='bbox 1945 3122 2077 3148; x_wconf 72' lang='lat' dir='ltr'>membra-</span> 
     </span>
     <span class='ocr_line' id='line_1_148' title="bbox 1123 3162 1239 3191; baseline -0.026 0"><span class='ocrx_word' id='word_1_1384' title='bbox 1123 3173 1161 3191; x_wconf 79' lang='lat' dir='ltr'>na:</span> <span class='ocrx_word' id='word_1_1385' title='bbox 1172 3162 1239 3189; x_wconf 66' lang='lat' dir='ltr'>l&#39;ull.</span> 
     </span>
    </p>
   </div>
   <div class='ocr_carea' id='block_1_14' title="bbox 1571 3192 2081 3225">
    <p class='ocr_par' dir='ltr' id='par_1_21' title="bbox 1571 3192 2081 3225">
     <span class='ocr_line' id='line_1_149' title="bbox 1571 3192 2081 3225; baseline -0.014 -2"><span class='ocrx_word' id='word_1_1386' title='bbox 1571 3197 1594 3223; x_wconf 90' lang='lat' dir='ltr'>L</span> <span class='ocrx_word' id='word_1_1387' title='bbox 1615 3205 1630 3221; x_wconf 68' lang='grc' dir='ltr'>ι</span> <span class='ocrx_word' id='word_1_1388' title='bbox 1970 3201 1992 3218; x_wconf 85' lang='lat'>1.</span> <span class='ocrx_word' id='word_1_1389' title='bbox 2012 3192 2081 3225; x_wconf 72' lang='lat' dir='ltr'>Jnrie</span> 
     </span>
    </p>
   </div>
  </div>
 </body>
</html>
