2337 3400
198 122 295 175 994
570 97 1119 148 ·M.Tur.r..11

198 190 315 219 vici-ezir
326 186 336 224 )
347 185 497 216 idirioncr,
511 179 654 211 utere'nro
665 178 771 208 faciam
785 177 974 207 mentionem
986 175 1040 206 sui.
1066 179 1075 196 ¹
1088 177 1151 205 vos

201 239 268 266 erg-2
292 228 378 261 'ninus
397 222 637 264 magnitudinem
657 216 734 258 quasi
754 217 935 258 decempeda
954 219 1045 255 (hinc
1066 217 1151 248 enim

205 280 253 299 inc
272 266 347 305 qnasi
362 261 620 295 maiis.n·<nne5tis
631 260 776 291 mensura:
787 259 887 290 vestiae
904 269 980 302 nego
993 260 1069 299 hoc)
1089 268 1152 299 pei·-

204 308 295 340 menz'i
309 313 429 338 reterns.
454 314 523 344 ergo
534 303 650 334 credere
661 302 789 332 dubium
798 301 841 332 est
851 322 861 335 ,
883 310 946 331 uter
955 299 1094 331 nostrum
1106 298 1138 330 sit
1147 319 1154 332 i

204 353 305 381 leviti-f
319 358 349 378 vr
362 348 459 377 dicam
473 367 480 379 ,
493 344 690 375 verecundior
700 344 710 370 ?
722 353 817 384 neque
828 352 929 374 tamen
939 342 1006 373 istas
1016 341 1155 383 quaestio-

206 401 256 421 nes
275 389 482 430 physicorum,
510 384 753 418 exrerminandas
772 394 854 424 puto.
878 383 921 414 est
941 387 1025 415 enim
1047 389 1175 414 animo-¹

202 444 264 462 tam
275 452 282 463 ‚
295 442 320 459 i..
329 431 521 470 fanorumque
530 428 659 458 naturale
666 426 806 468 quoddam
816 426 898 468 quast
905 425 1041 468 pabulum
1052 447 1060 460 ,
1071 425 1156 467 confi—

201 476 305 504 dmatio
320 470 332 506 ,⁷
348 472 729 513 cmiii-›npiiti'oqucnatum-·
749 471 915 510 erigimur,
932 472 946 489 ²
958 469 1077 499 latiores
1090 468 1154 497 neri

200 516 359 547 videri-ium
382 512 720 551 liunianadeipicimtis:
741 510 962 552 cogitantesque
973 511 1092 550 supera,
1113 519 1156 539 at-

201 567 258 597 quc
269 555 393 586 caelestizi
406 576 414 587 ,
435 556 495 585 haec
505 553 618 586 nostia,
640 554 786 593 utexigua
797 573 806 586 ,
834 552 866 583 δε
879 554 1011 583 minima
1021 571 1030 586 ,
1052 561 1156 583 conte-

201 600 348 628 mnimus.
380 597 530 634 indagatio
549 595 606 635 ipsa
624 604 723 625 rerum
743 605 808 625 tum
831 596 1033 625 maximarum
1053 614 1062 628 ,
1091 603 1154 624 tum

200 642 289 670 etiam
309 635 573 670 occultn‘siinzirizm
588 658 595 671 ‚
613 637 700 668 habet
718 635 967 668 oblectationem.
991 635 1092 667 sivero
1102 637 1154 666 ali-

200 682 273 722 quid
290 691 425 711 occurret
448 701 454 712 ‚
492 680 574 720 quod
599 677 759 709 verisimile
784 678 942 713 videatur,
961 677 1158 717 humamffima

203 724 370 763 completur
391 724 509 752 animus
529 728 681 763 voiuptcite.
706 722 825 761 Qiaeret
844 722 934 759 igitur
944 721 1005 750 haec
1019 719 1155 750 &vester

203 766 313 805 sapiens
334 765 368 795 δέ
383 765 430 794 hic
451 762 551 794 noster
569 774 574 792 ;
596 762 644 793 scd
664 761 774 795 vest-er,
796 760 1025 795 uzass'entiatui·‚
1046 761 1153 794 credat,

201 806 337 836 affirmet.
365 805 464 836 noster
475 826 482 839 ‚
500 814 531 835 ut
542 813 676 835 vereatur
687 803 800 834 temere
811 806 936 843 opinari.
960 809 1155 844 praeclareque

201 851 244 889 :igi
265 848 364 878 secum
376 857 475 888 putet,
498 846 519 877 si
534 849 565 877 iri
576 846 725 883 ejusmodi
736 845 822 875 rebus
837 864 846 878 ‚
866 845 1018 886 verisimiie
1026 845 1154 886 quodsst‚

200 893 360 920 invenerit.
392 892 556 920 Veniamus
579 898 660 918 nunc
677 887 713 918 ad
734 887 885 917 bonorum
906 907 915 920 ‚
947 888 1158 927 maloi-umque

199 934 371 962 notionem.
396 931 444 962 sed
468 931 635 970 paullulum
659 928 731 960 ante
752 928 915 959 dicendum
926 929 977 960 est.
999 939 1063 958 non
1079 931 1156 959 milii

200 974 342 1004 videntur
359 971 540 1003 considerare
559 992 567 1006 ‚
600 976 611 999 ³
624 981 693 1002 cum
705 968 821 1011 physica
840 970 892 1001 ista
903 971 986 1001 valde
996 969 1156 1004 affirmant,

199 1025 304 1046 earum
324 1016 414 1046 etiam
434 1023 534 1045 rerum
553 1013 761 1044 auctoritatem
778 1032 786 1046 ,
804 1010 825 1042 si
841 1023 907 1053 quae
924 1012 1101 1044 illustriores
1111 1015 1157 1043 vi-

199 1057 344 1090 deantur,
365 1058 511 1086 amittere.
533 1065 597 1086 non
616 1057 700 1085 enim
722 1053 1039 1096 magisassentiuiitur,
1058 1064 1155 1095 neque

199 1099 363 1140 approbant
374 1098 471 1128 lucere
481 1107 562 1128 nunc
575 1117 584 1131 ‚
608 1101 699 1138 quam
708 1116 716 1130 ‚
735 1096 805 1126 cum
818 1098 913 1126 cornix
923 1098 1050 1126 cecinerit
1061 1116 1069 1130 ,
1091 1105 1156 1126 tum

199 1140 313 1181 aliquid
325 1150 390 1171 eam
402 1149 451 1170 aut
464 1139 580 1179 jubere,
589 1148 639 1169 aut
653 1147 750 1169 vetare
762 1149 767 1166 z
780 1148 836 1168 nec
846 1140 939 1179 magis
951 1137 1156 1171 affirmabunt,

202 1180 317 1222 signum
331 1181 405 1212 illud
416 1202 424 1215 ‚
439 1180 459 1212 si
469 1190 555 1212 erunt
566 1179 660 1211 mensi
670 1200 678 1213 ‚
690 1180 738 1210 sex
748 1179 859 1219 pedum
868 1179 938 1213 effe,
947 1180 1038 1220 quam
1051 1180 1156 1213 solem,

201 1234 292 1265 quem
305 1225 405 1254 metiri
415 1233 480 1254 non
489 1221 620 1263 possunt,
630 1223 696 1262 plus
707 1224 796 1263 quam
809 1221 1017 1263 duodeviginti
1029 1221 1160 1260 partibus

202 1266 350 1305 majorem
363 1264 421 1296 effe
433 1285 441 1299 ,
461 1266 552 1306 quam
565 1273 681 1296 terram.
708 1267 754 1295 Ex
767 1273 829 1304 quo
841 1264 890 1294 illa
899 1262 1054 1293 conclusio
1065 1262 1159 1295 nasci-

200 1316 263 1338 tur:
278 1317 309 1337 si
324 1327 332 1341 ‚
345 1317 401 1337 sor,
413 1308 569 1346 osu-'Ausus
581 1305 613 1336 sit
626 1326 633 1339 ,
652 1307 766 1346 percipi
778 1315 840 1335 non
851 1314 922 1344 pote
931 1304 955 1335 st
966 1325 975 1338 ,
989 1306 1042 1345 qui
1051 1314 1161 1336 ceteras

201 1359 246 1379 res
255 1349 363 1380 eodem
377 1350 472 1380 modo
485 1369 494 1382 ,
512 1358 573 1389 quo
584 1347 827 1389 magnitudinem
841 1347 912 1377 solis
924 1367 932 1380 ,
954 1347 1095 1387 approbat
1106 1365 1115 1380 ,
1135 1348 1161 1376 is

201 1401 248 1421 eas
267 1401 311 1421 res
334 1401 398 1422 non
421 1392 554 1431 percipit.
579 1389 757 1431 magnitudo
775 1397 874 1419 autem
887 1389 957 1418 solis
968 1390 1079 1428 percipi
1095 1397 1160 1418 non

199 1432 306 1473 potest.
339 1435 391 1474 qui
410 1434 497 1474 igitur
515 1432 658 1472 approbat
674 1428 753 1472 quasi
769 1432 912 1470 percipiat
931 1449 940 1464 ,
960 1430 1076 1461 nullam
1096 1439 1159 1459 rem

200 1476 334 1515 percipit.
351 1474 575 1514 Responderint
587 1493 595 1506 .
607 1471 687 1513 posse
698 1473 822 1512 percipi,
834 1481 962 1513 quantus
972 1472 1016 1502 sol
1030 1470 1073 1502 fit.
1095 1481 1160 1502 non

200 1516 370 1557 repugnabo
381 1535 389 1550 ‚
413 1514 586 1546 dummodo
602 1514 711 1546 eodem
729 1514 817 1554 pasto
830 1523 927 1545 cetera
936 1515 1059 1553 percipi,
1070 1522 1158 1544 com-

199 1557 404 1597 prehendique
424 1557 536 1588 dicant.
559 1567 613 1587 nec
633 1558 717 1586 enirn
737 1555 857 1596 possunt
869 1555 967 1587 dicere
980 1574 988 1589 ,
1008 1554 1089 1585 aliud
1100 1556 1163 1585 alio

204 1608 316 1639 magis,
340 1599 478 1629 minusve
489 1598 724 1638 comprehendi:
744 1599 888 1636 quoniam
903 1605 1046 1627 omnium
1061 1605 1161 1626 rerum

205 1651 264 1671 una
281 1640 325 1671 est
344 1639 484 1671 definitio
502 1639 792 1680 comprehendendi.
815 1638 871 1669 Sed
886 1658 894 1672 ‚
911 1638 993 1679 quod
1002 1647 1160 1678 coeperam:

203 1682 283 1723 Qid
299 1681 443 1712 habemus
456 1684 486 1712 iri
497 1682 582 1712 rebus
592 1682 682 1712 bonis
693 1701 701 1715 ‚
722 1681 754 1711 &
765 1681 852 1711 malis
862 1682 1033 1720 expiorati?
1053 1689 1162 1720 nempe
1180 1677 1182 1692 '¹

206 1723 281 1754 fines
299 1723 501 1755 constituendi
512 1724 577 1754 sunt
588 1743 596 1757 ‚
621 1723 656 1754 ad
666 1732 742 1764 quos
760 1723 792 1754 &
803 1722 955 1753 bonorum
969 1722 1001 1752 ὃς
1013 1723 1162 1753 malorum

203 1767 323 1797 summa
342 1764 492 1796 referatur-

204 1809 301 1848 major
314 1805 474 1837 dissentio?
492 1806 524 1837 Sc
536 1807 646 1836 omitto
656 1807 707 1836 illa
718 1825 727 1839 ,
751 1815 817 1845 quae
826 1803 998 1844 relietajam
1010 1805 1162 1838 videntur,

204 1850 238 1879 δ(
262 1849 414 1879 Herillum
428 1869 436 1882 ‚
455 1851 507 1889 qui
523 1851 555 1878 in
566 1848 719 1888 cognitione
731 1867 740 1880 ‚
764 1846 1096 1885 &fiiem‘iasummum
1109 1847 1163 1876 bo-

204 1901 278 1921 num
290 1892 385 1930 ponit.
409 1889 543 1930 quicum
553 1891 688 1920 Zenonis
697 1889 816 1919 auditor
825 1886 906 1921 esset,
919 1888 1003 1918 vides
1014 1896 1164 1929 quantum

203 1932 239 1963 ab
252 1943 288 1963 eo
298 1931 474 1966 dissenserit,
487 1932 519 1962 ὃς
529 1934 620 1972 quam
633 1941 695 1961 tion
707 1929 841 1962 multum
851 1930 867 1962 a
876 1931 1001 1961 Platone
1011 1931 1164 1971 Megarici:

203 1984 332 2015 quorum
352 1973 411 2004 fuit
421 1975 534 2004 nobilis
547 1974 723 2013 disciplina,
741 1973 846 2010 cujus,
868 1971 1165 2012 utscriptumaideo,

201 2019 338 2057 princeps
357 2017 666 2056 Xenophanes,quem
679 2013 774 2046 modo
784 2015 959 2046 nominavi:
975 2013 1084 2045 deinde
1093 2023 1165 2045 eum

202 2059 318 2091 secuti,
341 2058 534 2088 Parmenides
547 2077 555 2091 ,
584 2058 616 2088 &
641 2057 747 2087 Zeno:
767 2058 867 2097 itaque
886 2055 925 2086 ab
943 2056 989 2085 his
1006 2060 1023 2083 4
1042 2056 1166 2088 Eleatici

201 2100 374 2140 philosophi
384 2100 628 2130 nominabantur.
653 2097 720 2138 post
731 2098 887 2132 Euclides,
896 2099 1024 2128 Socratis
1034 2097 1166 2137 discipu-

203 2144 269 2175 lus,
294 2144 464 2181 Megareus:
485 2142 502 2172 a
520 2151 582 2182 quo
602 2140 698 2171 iidem
718 2140 763 2170 illi
785 2141 930 2179 Megarici
951 2138 1044 2170 diffi:
1064 2139 1164 2180 quiid

204 2184 321 2213 bonum
346 2182 446 2213 solum
466 2182 523 2214 effe
533 2183 689 2215 dicebant,
710 2181 792 2223 quod
806 2178 878 2212 ess‘et
889 2192 978 2213 unum
989 2201 997 2215 ,
1020 2181 1165 2222 (jo-simile,

205 2225 240 2258 ά-
256 2226 329 2254 idem
342 2225 456 2266 semper.
479 2226 643 2266 hiquoque
658 2224 916 2254 multaaPlatone.
941 2224 1164 2255 AMenedemo

202 2276 304 2298 autem
319 2286 328 2300 ‚
349 2266 432 2307 quod
443 2269 468 2296 is
480 2268 605 2297 Ererrias
615 2265 674 2296 fuit
685 2285 693 2299 ,
707 2267 848 2296 Eretriaci
858 2266 1013 2305 appellati:
1031 2275 1164 2307 quorum

206 2319 300 2339 omne
311 2308 427 2339 bonum
439 2309 468 2337 in
476 2316 565 2338 mente
574 2306 702 2348 positum
716 2328 724 2340 ,
736 2307 768 2338 &
781 2309 893 2338 mentis
903 2310 976 2340 acie,
989 2317 1047 2347 qua
1057 2317 1164 2338 verum

204 2360 381 2381 cerneretur.
407 2350 471 2380 Illis
482 2349 589 2381 similia
599 2370 609 2383 ,
619 2349 668 2380 sed
683 2369 692 2383 ‚
703 2351 814 2390 opinor
826 2369 834 2383 ,
845 2349 990 2389 explicata
1000 2348 1122 2380 uberius
1132 2349 1165 2380 δε

206 2391 348 2423 ornatius.
373 2394 439 2422 Hos
450 2390 470 2422 si
481 2393 710 2423 contemnimus
722 2411 730 2424 ‚
754 2391 858 2429 &jam
870 2390 1002 2430 abjectos
1013 2400 1165 2431 putamus,

208 2435 278 2464 illos
299 2433 377 2465 certe
396 2433 500 2465 minus
523 2434 672 2474 despicere
693 2432 841 2463 debemus
860 2453 868 2466 ,
890 2432 1084 2467 Aristonem,
1100 2435 1166 2473 qui,

206 2475 279 2506 eum
299 2476 435 2516 Zenonis
451 2475 554 2507 fuifl'et
577 2475 714 2508 auditor,
740 2484 770 2505 re
790 2475 927 2514 probavit
956 2485 988 2505 ea
1001 2495 1009 2507 ,
1028 2484 1095 2515 quae
1114 2475 1167 2504 ille

207 2518 305 2548 verbis
322 2517 466 2556 :nihileffi’
476 2517 579 2548 bonum
594 2538 602 2552 ,
617 2516 671 2558 nist
681 2517 825 2546 virtutem
835 2527 845 2543 .·
856 2526 951 2557 neque
963 2517 1077 2547 malum
1091 2536 1100 2550 ,
1113 2514 1168 2546 nisi

208 2559 289 2600 quod
301 2562 405 2592 virtuti
415 2558 485 2591 effei
496 2562 683 2592 conti-arium
696 2570 702 2588 ι
716 2560 751 2590 in
763 2558 870 2591 mediis
883 2569 916 2590 ea
927 2567 1092 2594 momenta,
1102 2568 1168 2599 quae

247 2679 269 2696 r.
289 2675 331 2698 Vos
341 2681 390 2705 ergo
398 2673 467 2705 huju:
477 2671 659 2705 magnitudinem
671 2690 679 2702 ‚
698 2671 765 2705 quqfi
783 2671 915 2703 decempeda
931 2670 1030 2705 (hInr.]
1055 2668 1165 2696 Lambi-

208 2715 254 2732 nus
271 2709 382 2743 arripuit
391 2707 507 2734 debilem
526 2707 705 2741 conjecturam
725 2708 755 2733 1’.
767 2707 903 2738 Manuti'i5
925 2715 1003 2742 quam
1022 2705 1167 2733 admirabi-

210 2742 261 2767 iem
273 2743 398 2779 indigitat
418 2746 525 2770 Brutus.
545 2742 588 2769 sed
608 2744 678 2770 malo
698 2742 912 2770 sauelefitioncm
933 2746 997 2769 hanc
1019 2742 1165 2777 vulgatam,

210 2778 528 2816 nostrainterpunctione.
550 2780 654 2807 Mutav'i
665 2779 832 2806 solummodo
850 2779 942 2806 veroin
954 2789 1003 2812 ergo
1016 2778 1166 2806 volentibus

211 2813 277 2839 Pali.
289 2816 320 2854 Sc
335 2815 450 2842 editione
460 2815 624 2844 Victoriana.
644 2815 717 2852 quod
735 2815 753 2842 fi
772 2815 878 2843 tollitur
890 2817 941 2848 lior,
954 2813 1063 2842 resultat
1082 2813 1166 2843 seusus

212 2857 271 2877 meo
282 2859 369 2877 :inimo
380 2852 467 2887 egregi
474 2862 514 2878 us.

248 2893 275 2910 ι.
295 2888 463 2921 Latiaresficri
472 2888 608 2923 φίλων]
630 2887 727 2914 Lectio
738 2887 886 2915 communis
898 2889 1006 2915 elatiores
1018 2896 1027 2918 ς
1048 2886 1088 2913 (ed
1099 2886 1168 2914 :tlte-

211 2927 268 2947 rum
281 2922 315 2947 est
327 2923 351 2947 in
365 2923 430 2948 I’all.
449 2925 475 2949 &
488 2924 565 2952 editis
577 2927 592 2951 ii
607 2923 728 2950 Vifitorio
741 2943 749 2957 ,
770 2924 850 2960 longe
869 2924 955 2960 aptius
967 2925 1047 2960 quani
1059 2924 1168 2956 altiores,
1189 2944 1191 2950 ,

212 2956 283 2990 quod
293 2966 326 2983 ex
339 2967 390 2983 uno
401 2958 467 2985 libro
478 2969 582 2987 eruerat
595 2960 751 2987 Lambinus.

229 3015 231 3017 ,
251 3001 276 3026 3.
296 2995 355 3018 Cum
364 2995 475 3028 Plffn]
497 2996 539 3021 sic
550 2996 630 3022 nostri
649 2996 707 3023 mss.
727 3004 782 3024 tres
800 2996 828 3023 ὃ(
840 2995 907 3024 editi
927 2997 943 3024 fii
953 2995 1075 3023 victorio
1086 3014 1094 3028 ,
1115 3005 1167 3023 noii

211 3029 318 3062 Plysica,
330 3028 399 3064 quod
412 3029 507 3056 nabent
520 3032 630 3067 vulgati.

228 3090 237 3105 Ἃ
247 3072 275 3098 4.
297 3066 562 3105 EleaiIci·FhiloJopiii.]
585 3068 709 3101 Haecjam
719 3069 755 3096 cst
766 3069 835 3104 quasi
848 3076 952 3106 recepta
963 3068 1057 3101 let‘stio,
1070 3067 1114 3095 sed
1125 3068 1166 3095 cni

213 3107 295 3131 vitam
305 3100 380 3127 dedit
393 3101 559 3127 1‘.victoi·ius
573 3101 640 3128 libro
652 3113 678 3129 x.
690 3105 752 3131 Var.
765 3105 829 3131 leet.
840 3115 896 3142 cap.
911 3114 952 3140 17.
963 3113 1041 3134 autea
1049 3103 1167 3133 excude-

214 3134 290 3165 batur
299 3139 433 3172 Eretriaci,
446 3146 530 3174 iic-luc
541 3137 617 3167 :iliter
630 3139 699 3175 triga
709 3140 767 3169 mss.
779 3143 940 3171 nostrorum.

516 1767 582 1806 Qa
601 1764 637 1794 de
655 1775 686 1795 rc
697 1763 739 1795 est
751 1764 926 1806 igiturinter
935 1764 1071 1794 summos
1080 1765 1162 1794 viros
1181 1763 1183 1792 ἴ

1189 97 1722 149 thznours

1199 177 1289 206 Xeno
1308 176 1406 207 voluit
1421 195 1429 211 2
1457 177 1539 209 nulla
1548 177 1604 210 ess'e
1614 181 1736 212 censuit
1751 170 1841 213 ‘Huic
1856 180 2008 213 summum
2025 180 2154 219 bonum,

1196 216 1258 250 est,
1271 219 1301 247 in
1313 218 1358 247 his
1368 218 1455 248 rebus
1466 227 1595 249 neutram
1605 222 1752 264 inparrem
1765 225 1870 254 moveri
1880 235 1891 252 .·
1900 233 1965 264 qua:
1976 224 2100 259 ὰδικτορΐκ
2109 224 2151 254 αἱ),

1196 258 1261 299 ipso
1268 259 1386 309 dicitur.
1412 262 1523 300 Pyrrho
1533 270 1633 293 autem
1646 282 1654 296 ‚
1675 274 1705 293 ea
1716 275 1746 294 ne
1751 265 1853 305 sentire
1863 265 1976 308 quidem
1981 266 2148 307 sapientem:

1177 337 1178 341 Ἰ
1197 311 1256 343 que.
1265 304 1344 331 mma}
1356 305 1563 333 nominantur.
1588 305 1650 334 Has
1663 305 1750 346 igitur
1760 315 1803 337 tot
1813 307 1970 338 sententias
1981 317 2011 337 ut
2025 308 2150 337 omitta-

1201 352 1271 372 mus
1282 354 1290 377 3
1309 344 1370 373 liaec
1381 353 1461 374 nunc
1470 344 1625 381 videamus
1636 365 1644 378 ‚
1668 356 1733 386 quae
1741 347 1795 378 diu
1805 368 1814 381 ,
1826 350 2018 390 multumque
2027 347 2151 379 defensa

1201 385 1281 416 sunt.
1313 385 1374 414 Alii
1399 386 1576 425 voluptatem
1597 407 1605 420 ‚
1631 386 1724 418 finem
1743 387 1801 418 effe
1822 391 1982 421 voluerunt
1994 402 2000 420 2
2018 399 2151 432 quorum

1200 428 1337 466 princeps
1348 426 1525 468 Aristippus,
1537 430 1589 469 qui
1598 431 1745 459 Socratem
1758 430 1896 461 audierat.
1919 432 1998 463 unde
2009 434 2152 472 Cyrenai-

1200 471 1226 498 ci
1240 479 1244 496 :
1259 467 1326 507 post
1335 470 1479 508 Epicuriis
1491 481 1496 499 :
1506 480 1592 510 cujus
1605 469 1647 501 est
1656 471 1814 511 disciplina
1825 482 1904 502 nunc
1914 476 2029 503 notior:
2051 483 2150 514 neque

1200 519 1301 541 tamen
1319 520 1389 540 cum
1408 513 1580 551 Cyrenaicis
1599 512 1635 543 dc
1647 513 1705 552 ipsa
1716 513 1867 552 voluptate
1878 515 2076 545 consentiens.
2101 526 2154 544 vo-

1199 552 1449 592 t'upratemautem
1461 573 1469 586 ,
1492 553 1524 584 &
1538 552 1702 590 honestatem
1712 553 1804 585 finem
1818 553 1873 584 effe
1885 555 2021 595 Callipho
2029 557 2152 587 censuit:

1200 604 1299 623 vacare
1309 595 1383 623 omni
1393 593 1525 631 molestia,
1540 598 1750 636 Hieronymus
1761 607 1766 625 z
1778 597 1835 626 hoc
1846 596 1927 627 idem
1938 607 2002 626 cum
2010 596 2154 633 honestate.

1201 636 1369 666 Diodorus.
1403 638 1495 668 ambo
1523 639 1553 667 hi
1570 640 1767 678 Peripatetici.
1798 637 1911 674 Honeste
1927 647 2026 668 autem
2046 640 2076 668 vi
2083 649 2156 674 vere„

1198 677 1348 708 fruentem
1360 678 1504 713 robustis,
1514 689 1585 720 quas
1593 681 1704 720 primas
1718 681 1838 710 homini
1849 689 1950 710 natura
1961 680 2152 714 concilim&

1173 751 1175 757 .
1198 728 1283 750 vetus
1297 720 1459 751 Academia
1475 722 1592 752 censuit
1604 742 1612 755 ‚
1635 730 1667 752 ut
1687 721 1821 752 indicant
1840 722 1945 762 scripta
1961 722 2153 756 Polemonis,

1196 770 1287 802 quem
1300 759 1468 793 Antiochus
1481 763 1585 803 probat
1596 765 1730 794 maximi:
1742 784 1752 797 ‚
1773 764 1805 794 &
1824 763 1998 794 Aristoteles
2011 774 2016 793 :
2037 764 2158 804 ejustlue

1197 805 1288 833 amici
1311 814 1392 836 nunc
1410 806 1552 845 proxime
1568 805 1710 835 videntur
1721 805 1867 836 accedere.
1891 804 2101 836 introducebat
2112 813 2158 835 et—

1198 846 1258 874 iam
1270 846 1432 877 Carneades
1445 866 1452 880 ‚
1475 857 1538 878 non
1549 846 1611 888 quo
1621 847 1761 887 probaret
1772 867 1780 881 ‚
1801 847 1849 877 sed
1861 856 1893 877 ut
1903 856 2067 887 opponeret
2077 848 2156 878 Stoi-

1198 888 1240 917 cis
1249 907 1258 920 ,
1280 887 1435 919 summum
1449 888 1564 919 bonum
1575 887 1648 922 esse,
1664 889 1725 920 frui
1737 892 1773 919 iis
1785 889 1871 919 rebus
1882 909 1890 922 ,
1901 899 1972 930 quas
1983 890 2093 929 primas
2105 897 2157 918 na-

1201 938 1264 959 tura
1273 929 1502 961 conciliavisset.
1527 929 1676 966 Honestum
1686 940 1784 961 autem
1795 951 1804 964 ,
1825 931 1906 972 quod
1919 931 2043 961 ducatur
2054 930 2070 960 a
2081 939 2158 960 con-

1197 970 1351 1002 ciliatione
1366 977 1497 1006 naturae,
1518 973 1603 1003 Zeno
1618 971 1716 1003 statuit
1730 972 1825 1003 finem
1840 971 1896 1002 effe
1912 973 2062 1002 bonorum
2077 982 2083 1001 :
2102 971 2157 1012 qui

1200 1014 1360 1047 inventor,
1380 1014 1413 1044 ὃς
1429 1016 1567 1054 princeps
1581 1016 1750 1044 Stoicorum
1766 1014 1832 1044 fuit.
1874 1015 1942 1056 Jam
1956 1014 2032 1044 illud
2047 1014 2158 1053 perspi-

1199 1064 1290 1084 cuum
1303 1054 1346 1085 est
1357 1075 1365 1088 ,
1387 1056 1532 1085 omnibus
1551 1058 1588 1085 iis
1610 1055 1723 1085 finibus
1739 1056 1891 1086 bonorum
1903 1075 1912 1090 ‚
1931 1066 2006 1096 quos
2019 1055 2157 1095 exposui,

1201 1095 1351 1127 malorum
1364 1095 1451 1126 fineis
1461 1095 1517 1127 esse
1529 1099 1706 1127 commi-ios.
1727 1097 1774 1127 Ad
1783 1107 1836 1127 vos
1847 1108 1928 1128 nunc
1939 1097 2035 1127 refero
2047 1117 2055 1130 ,
2066 1106 2158 1137 quem

1201 1138 1322 1177 sequar?
1344 1137 1437 1167 modo
1452 1148 1490 1168 ne
1508 1141 1574 1177 quis
1589 1138 1664 1167 illud
1681 1147 1739 1168 tam
1756 1138 1940 1169 ineruditum
1954 1159 1962 1172 ,
1982 1139 2161 1169 absurdum-

1199 1189 1258 1219 que
1278 1179 1470 1219 respondeat:
1494 1178 1680 1220 Qemliher,
1698 1179 1776 1208 modo
1792 1179 1928 1220 aliquem.
1953 1181 2040 1210 Nihil
2059 1178 2158 1219 potest

1200 1222 1262 1252 dici
1272 1219 1529 1252 inconsideratius.
1555 1224 1653 1261 Cupio
1666 1222 1745 1261 sequi
1756 1225 1881 1251 Stoicos.
1906 1223 2035 1252 licetne?
2047 1223 2161 1251 omitto

1201 1274 1252 1304 per
1264 1263 1362 1303 ipsum
1374 1262 1568 1294 Aristotelem
1580 1283 1588 1295 ,
1604 1273 1675 1292 ineo
1691 1263 1808 1302 judicio
1822 1265 1854 1293 iii
1868 1263 2058 1304 philosophia
2066 1261 2159 1302 prope

1202 1304 1380 1347 singularem
1392 1316 1401 1339 3
1416 1314 1466 1345 pei·
1479 1305 1575 1345 ipsum
1589 1306 1775 1334 Antiochum
1787 1325 1795 1338 ,
1816 1315 1867 1345 qui
1876 1305 2075 1345 appellabatur
2087 1307 2162 1334 Aca-

1203 1348 1340 1378 demicus
1354 1357 1358 1375 :
1373 1356 1433 1377 erat
1443 1348 1581 1387 quidem,
1594 1345 1613 1376 si
1624 1356 1765 1386 perpauca
1777 1346 1957 1380 mutavisset,
1971 1349 1985 1374 5
2014 1345 2164 1376 ermanis-

1203 1388 1294 1420 simus
1303 1390 1421 1419 Stoicis.
1445 1391 1501 1418 erit
1512 1398 1602 1430 igitur
1611 1390 1729 1428 rcsjani
1745 1399 1776 1418 in
1788 1389 1973 1419 discrimine.
2023 1398 2091 1418 mm
2112 1395 2163 1418 aut

1203 1434 1320 1462 Stoicus
1329 1429 1526 1461 constituatur
1535 1431 1659 1469 sapiens,
1671 1438 1720 1460 aut
1731 1432 1837 1460 veteris
1848 1431 2028 1460 Academiae.
2041 1439 2162 1460 utrum-

1203 1483 1262 1514 que
1276 1482 1337 1502 non
1352 1471 1459 1511 potest,
1473 1472 1514 1502 cst
1528 1474 1609 1501 enim
1625 1474 1703 1502 inter
1716 1481 1766 1501 eos
1782 1481 1844 1501 non
1859 1472 1896 1502 de
1910 1473 2032 1501 terminis
2044 1491 2052 1505 ,
2066 1471 2112 1501 sed
2127 1470 2164 1501 de

1203 1523 1264 1545 tota
1274 1512 1596 1555 poffiffionecontentio.
1621 1523 1689 1544 nam
1703 1515 1806 1543 omnis
1819 1517 1892 1543 ratio
1903 1516 1971 1543 vitae
1981 1512 2165 1543 definitione

1204 1556 1316 1586 summi
1329 1556 1401 1585 boni
1412 1556 1584 1585 continetur
1598 1566 1602 1583 :
1625 1554 1661 1585 de
1670 1565 1726 1595 qua
1738 1565 1788 1595 qui
1800 1554 1956 1589 diffident,
1971 1555 2007 1585 de
2018 1565 2106 1584 omni
2117 1564 2165 1584 ra-

1204 1598 1289 1628 tione
1299 1599 1367 1629 vitae
1378 1595 1527 1627 diffident.
1551 1607 1614 1626 non
1624 1596 1721 1637 potest
1733 1599 1825 1637 igitur
1836 1605 1957 1638 uterque
1966 1594 2023 1627 effe
2035 1597 2164 1636 sapiens,

1204 1640 1349 1680 quoniam
1369 1648 1519 1678 tantopere
1537 1637 1714 1669 dissentiunt
1727 1658 1736 1673 ,
1759 1639 1808 1669 sed
1822 1639 1901 1669 alter.
1928 1638 1946 1668 si
1960 1639 2167 1668 Polemoneus

1204 1690 1303 1722 peccat
1315 1683 1431 1710 Stoicus
1442 1700 1450 1713 ‚
1467 1683 1510 1710 rei
1520 1679 1599 1710 falsae
1609 1679 1783 1714 affentiens;
1798 1690 1854 1710 vos
1863 1680 1987 1721 quidem
2000 1680 2079 1710 nihil
2089 1679 2167 1710 dici-

1205 1726 1241 1755 tis
1252 1726 1267 1752 a
1278 1723 1406 1761 sapiente
1419 1731 1477 1751 tam
1487 1722 1621 1751 alienum
1635 1720 1690 1751 esse
1704 1734 1708 1750 ;
1730 1720 1771 1752 sin
1784 1732 1850 1752 vera
1859 1723 1927 1752 sunt
1939 1722 2076 1752 Zenonis
2087 1741 2096 1755 2
2116 1731 2167 1751 ea-

1204 1764 1274 1794 dem
1286 1766 1318 1792 in
1328 1772 1441 1793 veteres
1452 1762 1647 1793 Academicos
1658 1783 1667 1795 ,
1681 1763 1946 1804 Peripateticosque
1957 1763 2081 1793 dicenda
2106 1764 2166 1793 Hic

1206 1806 1295 1846 igitur
1305 1806 1403 1834 neutri
1421 1810 1435 1834 7
1445 1802 1604 1835 assentiens
1616 1802 1634 1833 si
1646 1814 1811 1845 numquam
1825 1825 1833 1838 ‚
1850 1814 1914 1834 uter
1924 1802 1966 1834 est
1975 1804 2148 1844 prudentior
2157 1806 2170 1833 ?

1206 1845 1288 1888 Qiid
1300 1867 1308 1879 ,
1323 1846 1395 1877 cum
1408 1846 1468 1886 ipse
1479 1847 1646 1877 Antiochus
1658 1844 1791 1876 diss'entit
1800 1846 1977 1886 quibusdam
1989 1848 2021 1875 in
2032 1845 2119 1875 rebus
2129 1845 2166 1875 ab

1206 1890 1262 1922 ἦε,
1272 1898 1349 1928 quos
1360 1897 1458 1921 amat,
1469 1889 1578 1919 Stoicis
1591 1891 1600 1917 ?
1613 1897 1717 1918 nonne
1727 1887 1838 1918 indicat
1849 1884 1863 1908 ⁸
1873 1898 1937 1918 non
1948 1886 2027 1927 poss'c
2039 1888 2091 1917 illa
2099 1896 2170 1928 proe

1207 1928 1370 1963 bandaeffe
1382 1930 1527 1970 sapienti?
1550 1929 1649 1960 Placet
1658 1933 1765 1960 Stoicis
1779 1931 1874 1959 omnia
1887 1937 2002 1972 peccata
2017 1928 2065 1966 effe
2074 1929 2168 1969 paria.

1205 1981 1233 2003 at
1254 1974 1311 2004 hoc
1322 1973 1475 2003 Antiocho
1487 1970 1756 2002 vehementissime.
1769 1971 1914 2012 displicet.
1938 1972 2025 2001 liceat
2045 1969 2169 2001 tandem

1207 2015 1286 2045 mihi
1294 2012 1487 2047 considerare,
1498 2023 1595 2045 utram
1609 2013 1786 2044 sententiani
1798 2014 1912 2054 sequar.
1934 2017 1950 2041 9
1958 2015 2020 2043 Prie
2026 2011 2090 2042 cide
2101 2031 2110 2045 ,
2121 2015 2171 2042 inv

1207 2058 1289 2097 quit:
1303 2054 1395 2089 statue
1405 2055 1567 2096 aliquando
1575 2055 1734 2096 quidlibet.
1758 2055 1853 2096 quid?
1872 2065 1937 2096 quae
1949 2055 2090 2085 dicuntur
2099 2054 2170 2094 qui-

1211 2100 1281 2129 dem
1296 2097 1329 2128 &
1338 2106 1419 2129 acuta
1429 2098 1508 2128 mihi
1519 2097 1661 2128 videntur
1673 2099 1706 2127 in
1719 2105 1873 2138 utramque
1883 2106 1994 2137 partem
2009 2116 2017 2129 ‚
2038 2095 2072 2126 δε
2082 2097 2172 2135 paria.

1184 2149 1186 2181 l
1210 2149 1314 2170 nonne
1327 2149 1447 2170 caveam
1459 2158 1468 2173 ‚
1484 2149 1521 2169 ne
1531 2140 1627 2170 scelus
1637 2138 1764 2170 faciam?
1777 2140 1870 2170 scelus
1881 2149 1964 2169 enim
1974 2137 2091 2168 dicebas
2102 2134 2171 2170 effe,

1210 2182 1338 2214 Luculle
1348 2201 1357 2216 ,
1372 2181 1483 2222 dogma
1492 2181 1629 2222 prodere,
1639 2183 1782 2212 contineo
1794 2182 1883 2222 igitui-
1893 2191 1954 2214 me,
1966 2179 2173 2219 neincognito

1185 2247 1187 2262 ,
1211 2222 1370 2254 assentiar:
1391 2223 1471 2264 quod
1490 2224 1569 2253 mihi
1590 2231 1689 2253 tecum
1709 2221 1752 2253 est
1770 2222 1879 2264 dogma
1897 2225 2072 2253 commune.
2096 2223 2174 2250 Ecce

1209 2266 1311 2297 multo
1326 2266 1422 2304 major
1434 2267 1524 2296 etiam
1540 2263 1688 2296 diss'ensio.
1713 2265 1799 2296 Zeno
1813 2266 1843 2294 in
1854 2274 1912 2294 una
1925 2264 2037 2292 virture
2053 2261 2173 2303 positam

1186 2334 1187 2337 ,
1209 2306 1321 2337 beatam
1339 2307 1436 2336 vitam
1453 2316 1543 2348 putat.
1577 2306 1659 2348 Qid
1680 2308 1849 2337 Antiochus
1869 2309 1880 2337 ἓ
1907 2306 2008 2336 Etiam
2022 2324 2030 2338 ‚
2053 2306 2173 2344 inquit:

1186 2366 1187 2384 ι
1209 2348 1322 2380 beatam
1333 2369 1342 2383 ,
1364 2350 1414 2380 sed
1425 2359 1488 2381 non
1500 2348 1693 2389 beartffimam.
1718 2351 1801 2378 Deus
1812 2348 1863 2377 ille
1876 2367 1884 2380 ‚
1906 2349 1957 2387 qui
1969 2347 2047 2377 nihil
2057 2345 2174 2383 censuit

1210 2389 1306 2422 deesse
1317 2393 1442 2421 virtuti:
1466 2393 1635 2421 homuncio
1645 2392 1694 2420 hic
1705 2409 1713 2424 ,
1734 2392 1786 2431 qui
1796 2390 1892 2419 multa
1902 2398 1982 2429 putat
1992 2397 2099 2429 praeter
2110 2388 2174 2418 vir-

1210 2441 1306 2463 tutem
1320 2433 1440 2462 homini
1451 2434 1559 2472 partim
1569 2442 1632 2463 cara
1642 2431 1710 2465 effe,
1720 2433 1829 2471 partim
1840 2433 1929 2461 eiiam
1942 2428 2107 2460 neceffaria-
2116 2427 2174 2460 Sed

1211 2474 1264 2504 ille
1281 2483 1387 2504 vereor
1404 2484 1443 2504 ne
1464 2476 1567 2504 virtuti
1586 2474 1652 2514 plus
1671 2474 1780 2503 tribuit
1791 2493 1799 2506 ,
1820 2474 1910 2514 quam
1923 2481 2024 2502 natura
2033 2473 2170 2512 patiatur,

1187 2521 1188 2552 ζ
1235 2515 1375 2546 raesertim
1386 2515 1595 2556 Theophrasto
1606 2515 1700 2546 multa
1710 2515 1819 2545 diserte
1832 2535 1840 2547 ‚
1852 2514 2032 2555 copioseque
2043 2513 2173 2543 dicente.

1207 2526 1246 2589 {c
1258 2559 1307 2589 hic
1320 2566 1426 2589 metuo
1437 2578 1446 2593 ‚
1458 2568 1497 2589 ne
1509 2558 1562 2589 vix
1574 2556 1626 2588 fibi
1636 2556 1754 2588 constet
1765 2569 1770 2586 ;
1782 2558 1841 2598 «qui
1853 2556 1926 2587 curn
1937 2556 2014 2587 dicat
2024 2553 2082 2585 esse
2091 2562 2175 2625 q‘pae-

2125 2604 2175 2625 arn

1189 2670 1191 2702 Ι,
1254 2680 1280 2704 5.
1301 2673 1491 2706 Germaniffimus
1499 2669 1605 2703 Stoicis]
1627 2668 1735 2705 Vulgari
1745 2670 1844 2695 Stoicw.
1864 2666 1906 2694 sed
1916 2666 2029 2694 alterum
2040 2665 2074 2692 est
2086 2665 2114 2692 in
2126 2674 2176 2692 no-

1190 2718 1191 2730 i
1217 2707 1276 2734 stris
1288 2706 1385 2738 tribus,
1397 2708 1423 2733 8<
1435 2707 1554 2734 editione
1565 2705 1691 2732 Victorii.

1249 2744 1278 2769 6.
1298 2747 1362 2770 Nam
1371 2750 1415 2769 aut
1424 2745 1513 2769 Stoicus
1523 2741 1807 2775 constitiiaiurfiipiens.]
1830 2741 1857 2766 S.
1868 2737 1985 2766 Vidloris
1995 2739 2094 2763 stoicum
2104 2737 2176 2771 confi-

1213 2779 1372 2813 deraturfiip.
1393 2779 1420 2805 Sc
1433 2779 1495 2806 vert)
1509 2788 1563 2805 vox
1576 2778 1731 2811 consideratur
1740 2777 1797 2803 heic
1808 2775 1917 2802 minime
1930 2775 2029 2812 ἰιιερῑιιἲ

1253 2823 1280 2849 7.
1300 2815 1446 2849 Mffintiens
1458 2817 1484 2850 fi
1490 2823 1613 2849 nunquam
1622 2820 1674 2838 utei-
1684 2816 1717 2839 efi'
1723 2813 1862 2846 prudentior
1872 2814 1882 2836 ?
1892 2811 1906 2844 ]
1927 2809 2005 2835 Nihil
2020 2815 2116 2843 juvant
2125 2818 2176 2836 no-

1189 2831 1191 2870 Ι
1214 2851 1258 2879 stri
1272 2871 1280 2884 ,
1292 2851 1336 2878 nisi
1348 2859 1477 2887 quatenus
1488 2850 1537 2878 sec.
1548 2851 1714 2884 affi7irionte13
1735 2849 1763 2874 &
1773 2854 1836 2878 uter,
1851 2845 1977 2885 scriptum
1990 2852 2016 2869 ut
2028 2864 2035 2876 ‚
2047 2854 2107 2872 cuin
2120 2846 2177 2871 vir-

1213 2887 1276 2923 gula
1298 2886 1486 2923 superjacente.
1507 2888 1538 2913 P.
1559 2885 1696 2912 Manutius
1715 2883 1824 2917 conjicit
1835 2901 1844 2913 ,
1863 2881 1999 2920 affintims.
2014 2882 2052 2915 fin
2070 2883 2176 2916 utrique,

1213 2969 1268 2995 ces,
1279 2958 1390 2996 prorsus*
1397 2958 1544 2987 miseranda
1554 2957 1598 2984 cst.
1657 2979 1659 2981 .
1836 2989 1841 2993 ι
1980 2990 1985 2995 .
2103 2989 2108 2995 ¹

1250 2995 1278 3022 8.
1301 2999 1353 3022 Nom
1359 2996 1418 3029 poffi:
1429 2993 1599 3028 illaprvbanda
1608 2991 1675 3025 msa]
1695 2991 1726 3017 Ρ.
1739 2990 1874 3017 Manutius
1886 2988 2001 3026 reposuit
2010 2998 2044 3017 ex
2055 2997 2177 3027 antiquo,

1213 3032 1303 3069 iuquit
1315 3031 1488 3065 libi-oprobabi
1498 3033 1532 3055 ia.
1556 3027 1598 3054 sed
1611 3026 1690 3054 nostri
1701 3026 1768 3053 stant
1778 3036 1827 3062 pro
1841 3026 1959 3061 vulgato.
2168 3038 2170 3040 v

1249 3076 1278 3104 9.
1298 3067 1417 3097 Praecide,
1436 3065 1542 3100 inquin]
1564 3063 1621 3090 Pal.
1652 3072 1673 3089 r.
1682 3065 1734 3095 proi
1744 3063 1770 3088 de
1780 3065 1869 3097 inquit.
1882 3064 1931 3088 icc,
1947 3062 2045 3095 praeci'de
2055 3062 2177 3097 quidlibet.

1215 3105 1294 3167 «ἕως
1312 3103 1484 3165 qualdicunmr
1495 3119 1504 3135 ‚
1522 3101 1572 3134 ᾡτ-
1596 3072 1653 3129 Ρλΐ.
1664 3098 1715 3127 sec.
1724 3100 1838 3135 quidlibet
1852 3098 2086 3143 :lffuaequedicnmur
2095 3115 2104 3130 ‚
2125 3097 2177 3128 &e-

1230 3149 1260 3169 σι’
1273 3148 1306 3168 m
1320 3146 1362 3166 me
1374 3146 1427 3167 lus·

2086 3171 2176 3203 mee

1214 2930 1277 2956 uter,
1290 2923 1341 2955 (lya.
1362 2932 1421 2951 nani
1433 2922 1557 2951 Lambini
1568 2920 1719 2952 hariolatio,
1729 2919 1924 2954 interponentis
1936 2925 1988 2944 tres
2003 2925 2117 2952 quatuor
2129 2926 2179 2951 vo-¹

2174 1025 2217 1057 43
