<?xml version="1.0" encoding="UTF-8"?>
<!DOCTYPE html PUBLIC "-//W3C//DTD XHTML 1.0 Transitional//EN"
    "http://www.w3.org/TR/xhtml1/DTD/xhtml1-transitional.dtd">
<html xmlns="http://www.w3.org/1999/xhtml" xml:lang="en" lang="en">
 <head>
  <title>
</title>
<meta http-equiv="Content-Type" content="text/html;charset=utf-8" />
  <meta name='ocr-system' content='tesseract 3.04.00' />
  <meta name='ocr-capabilities' content='ocr_page ocr_carea ocr_par ocr_line ocrx_word'/>
</head>
<body>
  <div class='ocr_page' id='page_1' title='image "./mtuliiciceroniso00cice/mtuliiciceroniso00cice_0664.png"; bbox 0 0 2337 3400; ppageno 0'>
   <div class='ocr_carea' id='block_1_1' title="bbox 127 622 170 645">
    <p class='ocr_par' dir='ltr' id='par_1_1' title="bbox 127 622 170 645">
     <span class='ocr_line' id='line_1_1' title="bbox 127 622 144 645; textangle 90"><span class='ocrx_word' id='word_1_1' title='bbox 127 622 144 645; x_wconf 72' lang='grc' dir='ltr'>Ν</span> 
     </span>
     <span class='ocr_line' id='line_1_2' title="bbox 151 623 170 645; textangle 90"><span class='ocrx_word' id='word_1_2' title='bbox 151 623 170 645; x_wconf 76' lang='lat'>¹)</span> 
     </span>
    </p>
   </div>
   <div class='ocr_carea' id='block_1_2' title="bbox 131 1494 170 1517">
    <p class='ocr_par' dir='ltr' id='par_1_2' title="bbox 131 1494 170 1517">
     <span class='ocr_line' id='line_1_3' title="bbox 131 1494 170 1517; baseline 0.026 -1"><span class='ocrx_word' id='word_1_3' title='bbox 131 1494 170 1517; x_wconf 80' lang='lat'>21</span> 
     </span>
    </p>
   </div>
   <div class='ocr_carea' id='block_1_3' title="bbox 183 162 1100 232">
    <p class='ocr_par' dir='ltr' id='par_1_3' title="bbox 183 162 1100 232">
     <span class='ocr_line' id='line_1_4' title="bbox 183 162 1100 232; baseline -0.017 -14"><span class='ocrx_word' id='word_1_4' title='bbox 183 171 280 232; x_wconf 72' lang='lat'>584</span> <span class='ocrx_word' id='word_1_5' title='bbox 590 162 1100 212; x_wconf 58' lang='lat' dir='ltr'>MTULLH</span> 
     </span>
    </p>
   </div>
   <div class='ocr_carea' id='block_1_4' title="bbox 183 230 1158 2323">
    <p class='ocr_par' dir='ltr' id='par_1_4' title="bbox 183 230 1158 2323">
     <span class='ocr_line' id='line_1_5' title="bbox 183 230 1138 282; baseline -0.014 -8"><span class='ocrx_word' id='word_1_6' title='bbox 183 245 269 275; x_wconf 62' lang='lat' dir='ltr'>dorni</span> <span class='ocrx_word' id='word_1_7' title='bbox 288 241 428 282; x_wconf 60' lang='lat' dir='ltr'>quid-lam</span> <span class='ocrx_word' id='word_1_8' title='bbox 446 239 507 278; x_wconf 75' lang='lat' dir='ltr'>jam</span> <span class='ocrx_word' id='word_1_9' title='bbox 528 246 592 268; x_wconf 80' lang='lat' dir='ltr'>tum</span> <span class='ocrx_word' id='word_1_10' title='bbox 612 236 738 268; x_wconf 86' lang='lat' dir='ltr'>molitus</span> <span class='ocrx_word' id='word_1_11' title='bbox 757 234 809 266; x_wconf 84' lang='lat' dir='ltr'>est.</span> <span class='ocrx_word' id='word_1_12' title='bbox 841 234 913 276; x_wconf 82' lang='lat' dir='ltr'>quid</span> <span class='ocrx_word' id='word_1_13' title='bbox 933 233 1029 264; x_wconf 87' lang='lat' dir='ltr'>dicam</span> <span class='ocrx_word' id='word_1_14' title='bbox 1045 252 1054 266; x_wconf 91' lang='lat'>,</span> <span class='ocrx_word' id='word_1_15' title='bbox 1078 230 1138 272; x_wconf 88' lang='lat' dir='ltr'>ipse</span> 
     </span>
     <span class='ocr_line' id='line_1_6' title="bbox 185 274 1139 325; baseline -0.012 -11"><span class='ocrx_word' id='word_1_16' title='bbox 185 288 302 325; x_wconf 77' lang='lat' dir='ltr'>optimc</span> <span class='ocrx_word' id='word_1_17' title='bbox 318 283 466 321; x_wconf 69' lang='lat' dir='ltr'>intelligit.</span> <span class='ocrx_word' id='word_1_18' title='bbox 492 285 500 299; x_wconf 84' lang='lat'><em>¹</em></span> <span class='ocrx_word' id='word_1_19' title='bbox 513 280 586 310; x_wconf 80' lang='lat' dir='ltr'>Inde</span> <span class='ocrx_word' id='word_1_20' title='bbox 599 281 676 308; x_wconf 86' lang='lat' dir='ltr'>itum</span> <span class='ocrx_word' id='word_1_21' title='bbox 689 276 900 308; x_wconf 78' lang='lat' dir='ltr'>Alexandriam</span> <span class='ocrx_word' id='word_1_22' title='bbox 911 285 1014 306; x_wconf 86' lang='lat' dir='ltr'>contra</span> <span class='ocrx_word' id='word_1_23' title='bbox 1025 274 1139 303; x_wconf 84' lang='lat' dir='ltr'>senatus</span> 
     </span>
     <span class='ocr_line' id='line_1_7' title="bbox 186 315 1140 361; baseline -0.013 -5"><span class='ocrx_word' id='word_1_24' title='bbox 186 326 394 356; x_wconf 51' lang='lat' dir='ltr'>austeritatem</span> <span class='ocrx_word' id='word_1_25' title='bbox 406 343 413 356; x_wconf 91' lang='lat'>‚</span> <span class='ocrx_word' id='word_1_26' title='bbox 429 330 532 353; x_wconf 86' lang='lat' dir='ltr'>contra</span> <span class='ocrx_word' id='word_1_27' title='bbox 541 321 709 361; x_wconf 57' lang='lat' dir='ltr'>relig-ionem.</span> <span class='ocrx_word' id='word_1_28' title='bbox 735 319 782 349; x_wconf 88' lang='lat' dir='ltr'>sed</span> <span class='ocrx_word' id='word_1_29' title='bbox 794 319 917 349; x_wconf 85' lang='lat' dir='ltr'>habebat</span> <span class='ocrx_word' id='word_1_30' title='bbox 926 317 1035 347; x_wconf 89' lang='lat' dir='ltr'>ducem</span> <span class='ocrx_word' id='word_1_31' title='bbox 1048 315 1140 345; x_wconf 82' lang='lat' dir='ltr'>Gabi—</span> 
     </span>
     <span class='ocr_line' id='line_1_8' title="bbox 186 356 1140 406; baseline -0.012 -10"><span class='ocrx_word' id='word_1_32' title='bbox 186 377 273 397; x_wconf 72' lang='lat' dir='ltr'>nium</span> <span class='ocrx_word' id='word_1_33' title='bbox 285 387 292 399; x_wconf 86' lang='lat'>‚</span> <span class='ocrx_word' id='word_1_34' title='bbox 310 367 434 406; x_wconf 75' lang='lat' dir='ltr'>quicum</span> <span class='ocrx_word' id='word_1_35' title='bbox 450 363 522 405; x_wconf 89' lang='lat' dir='ltr'>quid</span> <span class='ocrx_word' id='word_1_36' title='bbox 539 363 660 404; x_wconf 83' lang='lat' dir='ltr'>quidvis</span> <span class='ocrx_word' id='word_1_37' title='bbox 677 359 839 392; x_wconf 65' lang='grc' dir='ltr'>τεξὶὶὶἷὶῐηὲ</span> <span class='ocrx_word' id='word_1_38' title='bbox 852 359 944 390; x_wconf 65' lang='lat' dir='ltr'>facere</span> <span class='ocrx_word' id='word_1_39' title='bbox 954 356 1057 398; x_wconf 78' lang='lat' dir='ltr'>posset.</span> <span class='ocrx_word' id='word_1_40' title='bbox 1079 357 1140 396; x_wconf 76' lang='lat' dir='ltr'>Q</span> 
     </span>
     <span class='ocr_line' id='line_1_9' title="bbox 187 399 1141 445; baseline -0.009 -8"><span class='ocrx_word' id='word_1_41' title='bbox 187 418 250 439; x_wconf 83' lang='lat' dir='ltr'>tum</span> <span class='ocrx_word' id='word_1_42' title='bbox 265 408 335 437; x_wconf 82' lang='lat' dir='ltr'>inde</span> <span class='ocrx_word' id='word_1_43' title='bbox 347 406 460 437; x_wconf 76' lang='lat' dir='ltr'>reditus</span> <span class='ocrx_word' id='word_1_44' title='bbox 473 425 480 438; x_wconf 90' lang='lat'>‚</span> <span class='ocrx_word' id='word_1_45' title='bbox 490 415 537 435; x_wconf 88' lang='lat' dir='ltr'>aut</span> <span class='ocrx_word' id='word_1_46' title='bbox 547 405 662 445; x_wconf 80' lang='lat' dir='ltr'>qualis?</span> <span class='ocrx_word' id='word_1_47' title='bbox 679 405 759 444; x_wconf 86' lang='lat' dir='ltr'>prius</span> <span class='ocrx_word' id='word_1_48' title='bbox 770 405 802 432; x_wconf 90' lang='lat' dir='ltr'>in</span> <span class='ocrx_word' id='word_1_49' title='bbox 812 402 951 431; x_wconf 88' lang='lat' dir='ltr'>ultimam</span> <span class='ocrx_word' id='word_1_50' title='bbox 963 399 1093 429; x_wconf 79' lang='lat' dir='ltr'>Galliam</span> <span class='ocrx_word' id='word_1_51' title='bbox 1103 407 1141 428; x_wconf 86' lang='lat' dir='ltr'>ex</span> 
     </span>
     <span class='ocr_line' id='line_1_10' title="bbox 188 441 1141 490; baseline -0.01 -11"><span class='ocrx_word' id='word_1_52' title='bbox 188 452 316 490; x_wconf 71' lang='lat' dir='ltr'>AEgypto</span> <span class='ocrx_word' id='word_1_53' title='bbox 329 469 336 481; x_wconf 85' lang='lat'><strong><em>‚</em></strong></span> <span class='ocrx_word' id='word_1_54' title='bbox 357 449 448 488; x_wconf 59' lang='lat' dir='ltr'>quim</span> <span class='ocrx_word' id='word_1_55' title='bbox 460 447 601 477; x_wconf 86' lang='lat' dir='ltr'>domum.</span> <span class='ocrx_word' id='word_1_56' title='bbox 624 448 699 487; x_wconf 79' lang='lat' dir='ltr'>Qa’.</span> <span class='ocrx_word' id='word_1_57' title='bbox 713 453 814 475; x_wconf 85' lang='lat' dir='ltr'>autem</span> <span class='ocrx_word' id='word_1_58' title='bbox 831 451 890 473; x_wconf 90' lang='lat' dir='ltr'>erat</span> <span class='ocrx_word' id='word_1_59' title='bbox 905 442 1038 472; x_wconf 85' lang='lat' dir='ltr'>domus?</span> <span class='ocrx_word' id='word_1_60' title='bbox 1058 441 1141 470; x_wconf 85' lang='lat' dir='ltr'>suam</span> 
     </span>
     <span class='ocr_line' id='line_1_11' title="bbox 186 482 1142 531; baseline -0.009 -11"><span class='ocrx_word' id='word_1_61' title='bbox 186 501 269 521; x_wconf 84' lang='lat' dir='ltr'>enim</span> <span class='ocrx_word' id='word_1_62' title='bbox 281 491 404 531; x_wconf 84' lang='lat' dir='ltr'>quisque</span> <span class='ocrx_word' id='word_1_63' title='bbox 415 489 545 519; x_wconf 86' lang='lat' dir='ltr'>domum</span> <span class='ocrx_word' id='word_1_64' title='bbox 556 498 620 518; x_wconf 84' lang='lat' dir='ltr'>turn</span> <span class='ocrx_word' id='word_1_65' title='bbox 633 486 808 520; x_wconf 81' lang='lat' dir='ltr'>obtinebat,</span> <span class='ocrx_word' id='word_1_66' title='bbox 827 495 923 525; x_wconf 82' lang='lat' dir='ltr'>neque</span> <span class='ocrx_word' id='word_1_67' title='bbox 940 493 998 514; x_wconf 89' lang='lat' dir='ltr'>erat</span> <span class='ocrx_word' id='word_1_68' title='bbox 1016 482 1142 523; x_wconf 83' lang='lat' dir='ltr'>usquam</span> 
     </span>
     <span class='ocr_line' id='line_1_12' title="bbox 186 523 1144 571; baseline -0.01 -9"><span class='ocrx_word' id='word_1_69' title='bbox 186 542 244 562; x_wconf 90' lang='lat' dir='ltr'>tua.</span> <span class='ocrx_word' id='word_1_70' title='bbox 269 532 398 562; x_wconf 84' lang='lat' dir='ltr'>domum</span> <span class='ocrx_word' id='word_1_71' title='bbox 409 530 498 561; x_wconf 88' lang='lat' dir='ltr'>dico?</span> <span class='ocrx_word' id='word_1_72' title='bbox 515 529 589 571; x_wconf 87' lang='lat' dir='ltr'>quid</span> <span class='ocrx_word' id='word_1_73' title='bbox 607 539 666 559; x_wconf 86' lang='lat' dir='ltr'>erat</span> <span class='ocrx_word' id='word_1_74' title='bbox 684 531 716 559; x_wconf 90' lang='lat' dir='ltr'>in</span> <span class='ocrx_word' id='word_1_75' title='bbox 738 529 820 558; x_wconf 86' lang='lat' dir='ltr'>terris</span> <span class='ocrx_word' id='word_1_76' title='bbox 832 547 840 561; x_wconf 87' lang='lat'>‚</span> <span class='ocrx_word' id='word_1_77' title='bbox 860 527 913 556; x_wconf 90' lang='lat' dir='ltr'>ubi</span> <span class='ocrx_word' id='word_1_78' title='bbox 933 528 966 556; x_wconf 90' lang='lat' dir='ltr'>in</span> <span class='ocrx_word' id='word_1_79' title='bbox 985 534 1036 555; x_wconf 88' lang='lat' dir='ltr'>tuo</span> <span class='ocrx_word' id='word_1_80' title='bbox 1051 523 1144 565; x_wconf 77' lang='lat' dir='ltr'>pedem</span> 
     </span>
     <span class='ocr_line' id='line_1_13' title="bbox 187 567 1144 614; baseline -0.01 -10"><span class='ocrx_word' id='word_1_81' title='bbox 187 584 312 614; x_wconf 64' lang='lat' dir='ltr'>poneres</span> <span class='ocrx_word' id='word_1_82' title='bbox 323 595 330 607; x_wconf 87' lang='lat'><em>,</em></span> <span class='ocrx_word' id='word_1_83' title='bbox 350 581 560 613; x_wconf 81' lang='lat' dir='ltr'>praeterunum</span> <span class='ocrx_word' id='word_1_84' title='bbox 574 571 726 601; x_wconf 79' lang='lat' dir='ltr'>Misenum</span> <span class='ocrx_word' id='word_1_85' title='bbox 739 590 747 604; x_wconf 90' lang='lat'>,</span> <span class='ocrx_word' id='word_1_86' title='bbox 767 568 850 610; x_wconf 90' lang='lat' dir='ltr'>quod</span> <span class='ocrx_word' id='word_1_87' title='bbox 866 578 936 598; x_wconf 88' lang='lat' dir='ltr'>cum</span> <span class='ocrx_word' id='word_1_88' title='bbox 953 567 1057 600; x_wconf 87' lang='lat' dir='ltr'>sociis,</span> <span class='ocrx_word' id='word_1_89' title='bbox 1079 574 1144 595; x_wconf 83' lang='lat' dir='ltr'>tan-</span> 
     </span>
     <span class='ocr_line' id='line_1_14' title="bbox 188 607 1146 657; baseline -0.01 -11"><span class='ocrx_word' id='word_1_90' title='bbox 188 625 278 657; x_wconf 79' lang='lat' dir='ltr'>quam</span> <span class='ocrx_word' id='word_1_91' title='bbox 290 616 465 656; x_wconf 70' lang='lat' dir='ltr'>Sisaponem</span> <span class='ocrx_word' id='word_1_92' title='bbox 478 613 618 644; x_wconf 56' lang='lat' dir='ltr'>tenebas?</span> <span class='ocrx_word' id='word_1_93' title='bbox 640 611 758 642; x_wconf 82' lang='lat' dir='ltr'>Venisti</span> <span class='ocrx_word' id='word_1_94' title='bbox 774 612 791 642; x_wconf 81' lang='grc' dir='ltr'>ὲ</span> <span class='ocrx_word' id='word_1_95' title='bbox 803 611 899 641; x_wconf 84' lang='lat' dir='ltr'>Gallia</span> <span class='ocrx_word' id='word_1_96' title='bbox 914 609 949 640; x_wconf 85' lang='lat' dir='ltr'>ad</span> <span class='ocrx_word' id='word_1_97' title='bbox 966 607 1146 652; x_wconf 69' lang='lat' dir='ltr'>quaesturatn</span> 
     </span>
     <span class='ocr_line' id='line_1_15' title="bbox 188 647 1145 697; baseline -0.009 -10"><span class='ocrx_word' id='word_1_98' title='bbox 188 658 358 697; x_wconf 72' lang='lat' dir='ltr'>petendam.</span> <span class='ocrx_word' id='word_1_99' title='bbox 381 656 456 687; x_wconf 85' lang='lat' dir='ltr'>aude</span> <span class='ocrx_word' id='word_1_100' title='bbox 465 655 563 686; x_wconf 77' lang='lat' dir='ltr'>dicere</span> <span class='ocrx_word' id='word_1_101' title='bbox 572 675 580 689; x_wconf 85' lang='lat'><em>,</em></span> <span class='ocrx_word' id='word_1_102' title='bbox 601 658 615 674; x_wconf 76' lang='lat'><em>²</em></span> <span class='ocrx_word' id='word_1_103' title='bbox 627 664 655 685; x_wconf 91' lang='lat' dir='ltr'>te</span> <span class='ocrx_word' id='word_1_104' title='bbox 663 653 746 694; x_wconf 75' lang='lat' dir='ltr'>prius</span> <span class='ocrx_word' id='word_1_105' title='bbox 756 653 791 684; x_wconf 90' lang='lat' dir='ltr'>ad</span> <span class='ocrx_word' id='word_1_106' title='bbox 801 662 913 693; x_wconf 85' lang='lat' dir='ltr'>patrem</span> <span class='ocrx_word' id='word_1_107' title='bbox 924 661 1010 682; x_wconf 86' lang='lat' dir='ltr'>tuum</span> <span class='ocrx_word' id='word_1_108' title='bbox 1021 647 1145 682; x_wconf 88' lang='lat' dir='ltr'>venisse,</span> 
     </span>
     <span class='ocr_line' id='line_1_16' title="bbox 189 693 1147 740; baseline -0.009 -11"><span class='ocrx_word' id='word_1_109' title='bbox 189 699 279 740; x_wconf 53' lang='lat' dir='ltr'>quim</span> <span class='ocrx_word' id='word_1_110' title='bbox 291 699 325 728; x_wconf 79' lang='lat' dir='ltr'>ad</span> <span class='ocrx_word' id='word_1_111' title='bbox 338 708 397 728; x_wconf 72' lang='lat' dir='ltr'>mc.</span> <span class='ocrx_word' id='word_1_112' title='bbox 422 707 591 737; x_wconf 71' lang='lat' dir='ltr'>acceperam</span> <span class='ocrx_word' id='word_1_113' title='bbox 600 698 683 726; x_wconf 87' lang='lat' dir='ltr'>enim</span> <span class='ocrx_word' id='word_1_114' title='bbox 692 698 756 736; x_wconf 82' lang='lat' dir='ltr'>jam</span> <span class='ocrx_word' id='word_1_115' title='bbox 766 695 834 726; x_wconf 66' lang='lat' dir='ltr'>ante</span> <span class='ocrx_word' id='word_1_116' title='bbox 846 694 965 724; x_wconf 82' lang='lat' dir='ltr'>Caesaris</span> <span class='ocrx_word' id='word_1_117' title='bbox 977 693 1085 722; x_wconf 80' lang='lat' dir='ltr'>litteras</span> <span class='ocrx_word' id='word_1_118' title='bbox 1095 711 1102 724; x_wconf 85' lang='grc'>,</span> <span class='ocrx_word' id='word_1_119' title='bbox 1115 699 1147 720; x_wconf 89' lang='lat' dir='ltr'>ut</span> 
     </span>
     <span class='ocr_line' id='line_1_17' title="bbox 191 734 1147 780; baseline -0.009 -10"><span class='ocrx_word' id='word_1_120' title='bbox 191 743 269 771; x_wconf 77' lang='lat' dir='ltr'>milii</span> <span class='ocrx_word' id='word_1_121' title='bbox 281 739 411 770; x_wconf 69' lang='lat' dir='ltr'>satisfieri</span> <span class='ocrx_word' id='word_1_122' title='bbox 422 739 607 780; x_wconf 67' lang='lat' dir='ltr'>patere-rate.</span> <span class='ocrx_word' id='word_1_123' title='bbox 632 740 729 779; x_wconf 83' lang='lat' dir='ltr'>itaque</span> <span class='ocrx_word' id='word_1_124' title='bbox 746 747 784 767; x_wconf 90' lang='lat' dir='ltr'>nc</span> <span class='ocrx_word' id='word_1_125' title='bbox 801 736 878 777; x_wconf 75' lang='lat' dir='ltr'>loqui</span> <span class='ocrx_word' id='word_1_126' title='bbox 895 734 1019 776; x_wconf 86' lang='lat' dir='ltr'>quidem</span> <span class='ocrx_word' id='word_1_127' title='bbox 1036 734 1102 763; x_wconf 86' lang='lat' dir='ltr'>sum</span> <span class='ocrx_word' id='word_1_128' title='bbox 1120 741 1147 762; x_wconf 91' lang='lat' dir='ltr'>te</span> 
     </span>
     <span class='ocr_line' id='line_1_18' title="bbox 189 774 1148 824; baseline -0.009 -12"><span class='ocrx_word' id='word_1_129' title='bbox 189 781 285 823; x_wconf 59' lang='lat' dir='ltr'>pilius</span> <span class='ocrx_word' id='word_1_130' title='bbox 297 783 332 811; x_wconf 75' lang='lat' dir='ltr'>dc</span> <span class='ocrx_word' id='word_1_131' title='bbox 342 783 440 824; x_wconf 75' lang='lat' dir='ltr'>gratia.</span> <span class='ocrx_word' id='word_1_132' title='bbox 468 779 590 811; x_wconf 73' lang='lat' dir='ltr'>31³ostca</span> <span class='ocrx_word' id='word_1_133' title='bbox 599 779 765 810; x_wconf 86' lang='lat' dir='ltr'>custoditus</span> <span class='ocrx_word' id='word_1_134' title='bbox 779 779 845 809; x_wconf 88' lang='lat' dir='ltr'>sum</span> <span class='ocrx_word' id='word_1_135' title='bbox 859 780 875 807; x_wconf 70' lang='lat' dir='ltr'>a</span> <span class='ocrx_word' id='word_1_136' title='bbox 890 786 916 806; x_wconf 83' lang='lat' dir='ltr'>te</span> <span class='ocrx_word' id='word_1_137' title='bbox 928 797 936 810; x_wconf 92' lang='lat'>‚</span> <span class='ocrx_word' id='word_1_138' title='bbox 957 785 987 805; x_wconf 86' lang='lat' dir='ltr'>tu</span> <span class='ocrx_word' id='word_1_139' title='bbox 1000 775 1016 805; x_wconf 74' lang='lat' dir='ltr'>a</span> <span class='ocrx_word' id='word_1_140' title='bbox 1031 784 1080 804; x_wconf 90' lang='lat' dir='ltr'>me</span> <span class='ocrx_word' id='word_1_141' title='bbox 1093 774 1148 804; x_wconf 79' lang='lat' dir='ltr'>ob-</span> 
     </span>
     <span class='ocr_line' id='line_1_19' title="bbox 191 815 1151 864; baseline -0.01 -10"><span class='ocrx_word' id='word_1_142' title='bbox 191 825 319 854; x_wconf 58' lang='lat' dir='ltr'>servatus</span> <span class='ocrx_word' id='word_1_143' title='bbox 329 826 360 853; x_wconf 86' lang='lat' dir='ltr'>in</span> <span class='ocrx_word' id='word_1_144' title='bbox 371 824 518 864; x_wconf 82' lang='lat' dir='ltr'>petitione</span> <span class='ocrx_word' id='word_1_145' title='bbox 528 821 756 863; x_wconf 69' lang='lat' dir='ltr'>quaesturaequo</span> <span class='ocrx_word' id='word_1_146' title='bbox 764 819 887 864; x_wconf 80' lang='lat' dir='ltr'>quidem</span> <span class='ocrx_word' id='word_1_147' title='bbox 899 826 1034 857; x_wconf 81' lang='lat' dir='ltr'>tempore</span> <span class='ocrx_word' id='word_1_148' title='bbox 1043 815 1151 863; x_wconf 61' lang='lat' dir='ltr'>P.Clo-</span> 
     </span>
     <span class='ocr_line' id='line_1_20' title="bbox 189 857 1149 906; baseline -0.011 -10"><span class='ocrx_word' id='word_1_149' title='bbox 189 866 276 896; x_wconf 75' lang='lat' dir='ltr'>dium</span> <span class='ocrx_word' id='word_1_150' title='bbox 289 886 297 898; x_wconf 89' lang='lat'><em>,</em></span> <span class='ocrx_word' id='word_1_151' title='bbox 317 865 496 906; x_wconf 74' lang='lat' dir='ltr'>approbante</span> <span class='ocrx_word' id='word_1_152' title='bbox 506 864 619 904; x_wconf 84' lang='lat' dir='ltr'>populo</span> <span class='ocrx_word' id='word_1_153' title='bbox 631 865 724 893; x_wconf 90' lang='lat' dir='ltr'>Rom.</span> <span class='ocrx_word' id='word_1_154' title='bbox 735 864 767 892; x_wconf 85' lang='lat' dir='ltr'>in</span> <span class='ocrx_word' id='word_1_155' title='bbox 777 864 844 891; x_wconf 76' lang='lat' dir='ltr'>roro</span> <span class='ocrx_word' id='word_1_156' title='bbox 856 870 886 890; x_wconf 90' lang='lat' dir='ltr'>es</span> <span class='ocrx_word' id='word_1_157' title='bbox 897 868 1021 890; x_wconf 81' lang='lat' dir='ltr'>conatus</span> <span class='ocrx_word' id='word_1_158' title='bbox 1032 857 1149 887; x_wconf 84' lang='lat' dir='ltr'>occide-</span> 
     </span>
     <span class='ocr_line' id='line_1_21' title="bbox 190 898 1150 948; baseline -0.01 -11"><span class='ocrx_word' id='word_1_159' title='bbox 190 918 238 937; x_wconf 75' lang='lat' dir='ltr'>re.</span> <span class='ocrx_word' id='word_1_160' title='bbox 259 917 389 948; x_wconf 76' lang='lat' dir='ltr'>cumque</span> <span class='ocrx_word' id='word_1_161' title='bbox 406 916 472 936; x_wconf 79' lang='lat' dir='ltr'>eam</span> <span class='ocrx_word' id='word_1_162' title='bbox 490 915 554 935; x_wconf 84' lang='lat' dir='ltr'>rem</span> <span class='ocrx_word' id='word_1_163' title='bbox 573 915 621 935; x_wconf 83' lang='lat' dir='ltr'>tua</span> <span class='ocrx_word' id='word_1_164' title='bbox 638 905 745 945; x_wconf 85' lang='lat' dir='ltr'>sponte</span> <span class='ocrx_word' id='word_1_165' title='bbox 761 912 901 933; x_wconf 85' lang='lat' dir='ltr'>conarere</span> <span class='ocrx_word' id='word_1_166' title='bbox 913 922 920 934; x_wconf 90' lang='lat'><em>,</em></span> <span class='ocrx_word' id='word_1_167' title='bbox 941 910 1005 931; x_wconf 89' lang='lat' dir='ltr'>non</span> <span class='ocrx_word' id='word_1_168' title='bbox 1016 898 1150 939; x_wconf 87' lang='lat' dir='ltr'>impulsu</span> 
     </span>
     <span class='ocr_line' id='line_1_22' title="bbox 193 940 1150 988; baseline -0.01 -9"><span class='ocrx_word' id='word_1_169' title='bbox 193 958 283 979; x_wconf 81' lang='lat' dir='ltr'>meo:</span> <span class='ocrx_word' id='word_1_170' title='bbox 304 958 405 979; x_wconf 82' lang='lat' dir='ltr'>tamen</span> <span class='ocrx_word' id='word_1_171' title='bbox 418 950 455 978; x_wconf 88' lang='lat' dir='ltr'>ita</span> <span class='ocrx_word' id='word_1_172' title='bbox 465 947 642 988; x_wconf 81' lang='lat' dir='ltr'>praedicabas</span> <span class='ocrx_word' id='word_1_173' title='bbox 652 966 660 979; x_wconf 95' lang='lat'><em>‚</em></span> <span class='ocrx_word' id='word_1_174' title='bbox 679 956 704 976; x_wconf 87' lang='lat' dir='ltr'>te</span> <span class='ocrx_word' id='word_1_175' title='bbox 717 955 781 975; x_wconf 91' lang='lat' dir='ltr'>non</span> <span class='ocrx_word' id='word_1_176' title='bbox 792 943 964 974; x_wconf 82' lang='lat' dir='ltr'>existimare</span> <span class='ocrx_word' id='word_1_177' title='bbox 975 963 982 976; x_wconf 91' lang='lat'>,</span> <span class='ocrx_word' id='word_1_178' title='bbox 996 940 1051 972; x_wconf 82' lang='lat' dir='ltr'>nisi</span> <span class='ocrx_word' id='word_1_179' title='bbox 1061 941 1150 970; x_wconf 86' lang='lat' dir='ltr'>illum</span> 
     </span>
     <span class='ocr_line' id='line_1_23' title="bbox 193 980 1150 1030; baseline -0.01 -9"><span class='ocrx_word' id='word_1_180' title='bbox 193 989 386 1021; x_wconf 72' lang='lat' dir='ltr'>interfecisses</span> <span class='ocrx_word' id='word_1_181' title='bbox 396 1011 403 1024; x_wconf 92' lang='lat'>,</span> <span class='ocrx_word' id='word_1_182' title='bbox 414 999 557 1030; x_wconf 79' lang='lat' dir='ltr'>umquam</span> <span class='ocrx_word' id='word_1_183' title='bbox 571 989 646 1018; x_wconf 87' lang='lat' dir='ltr'>mihi</span> <span class='ocrx_word' id='word_1_184' title='bbox 655 997 709 1028; x_wconf 87' lang='lat' dir='ltr'>pro</span> <span class='ocrx_word' id='word_1_185' title='bbox 720 989 779 1017; x_wconf 84' lang='lat' dir='ltr'>tuis</span> <span class='ocrx_word' id='word_1_186' title='bbox 792 988 825 1016; x_wconf 88' lang='lat' dir='ltr'>in</span> <span class='ocrx_word' id='word_1_187' title='bbox 836 995 885 1015; x_wconf 88' lang='lat' dir='ltr'>me</span> <span class='ocrx_word' id='word_1_188' title='bbox 896 985 1005 1024; x_wconf 59' lang='lat' dir='ltr'>injuriis</span> <span class='ocrx_word' id='word_1_189' title='bbox 1015 983 1083 1013; x_wconf 81' lang='lat' dir='ltr'>satis</span> <span class='ocrx_word' id='word_1_190' title='bbox 1093 980 1150 1011; x_wconf 83' lang='lat' dir='ltr'>effe</span> 
     </span>
     <span class='ocr_line' id='line_1_24' title="bbox 192 1025 1151 1072; baseline -0.009 -10"><span class='ocrx_word' id='word_1_191' title='bbox 192 1032 354 1062; x_wconf 57' lang='lat' dir='ltr'>faciurum.</span> <span class='ocrx_word' id='word_1_192' title='bbox 378 1035 414 1062; x_wconf 84' lang='lat' dir='ltr'>In</span> <span class='ocrx_word' id='word_1_193' title='bbox 432 1041 493 1072; x_wconf 84' lang='lat' dir='ltr'>quo</span> <span class='ocrx_word' id='word_1_194' title='bbox 513 1030 667 1064; x_wconf 85' lang='lat' dir='ltr'>demiror,</span> <span class='ocrx_word' id='word_1_195' title='bbox 686 1034 738 1059; x_wconf 80' lang='lat' dir='ltr'>c&#39;ur</span> <span class='ocrx_word' id='word_1_196' title='bbox 755 1028 909 1058; x_wconf 86' lang='lat' dir='ltr'>Milonem</span> <span class='ocrx_word' id='word_1_197' title='bbox 930 1025 1062 1067; x_wconf 85' lang='lat' dir='ltr'>impulsu</span> <span class='ocrx_word' id='word_1_198' title='bbox 1081 1033 1151 1054; x_wconf 84' lang='lat' dir='ltr'>meo</span> 
     </span>
     <span class='ocr_line' id='line_1_25' title="bbox 191 1064 1153 1115; baseline -0.01 -10"><span class='ocrx_word' id='word_1_199' title='bbox 191 1085 255 1105; x_wconf 82' lang='lat' dir='ltr'>rem</span> <span class='ocrx_word' id='word_1_200' title='bbox 267 1075 350 1105; x_wconf 80' lang='lat' dir='ltr'>illam</span> <span class='ocrx_word' id='word_1_201' title='bbox 363 1072 452 1115; x_wconf 68' lang='lat' dir='ltr'>egill&#39;e</span> <span class='ocrx_word' id='word_1_202' title='bbox 462 1072 540 1103; x_wconf 75' lang='lat' dir='ltr'>dicas</span> <span class='ocrx_word' id='word_1_203' title='bbox 551 1092 559 1105; x_wconf 92' lang='lat'>,</span> <span class='ocrx_word' id='word_1_204' title='bbox 581 1070 652 1102; x_wconf 75' lang='lat' dir='ltr'>curn</span> <span class='ocrx_word' id='word_1_205' title='bbox 667 1078 694 1101; x_wconf 90' lang='lat' dir='ltr'>te</span> <span class='ocrx_word' id='word_1_206' title='bbox 708 1069 787 1100; x_wconf 79' lang='lat' dir='ltr'>ultro</span> <span class='ocrx_word' id='word_1_207' title='bbox 801 1071 878 1110; x_wconf 68' lang='lat' dir='ltr'>milii</span> <span class='ocrx_word' id='word_1_208' title='bbox 889 1068 971 1099; x_wconf 89' lang='lat' dir='ltr'>idern</span> <span class='ocrx_word' id='word_1_209' title='bbox 984 1066 1059 1097; x_wconf 84' lang='lat' dir='ltr'>illud</span> <span class='ocrx_word' id='word_1_210' title='bbox 1071 1064 1153 1096; x_wconf 88' lang='lat' dir='ltr'>defe-</span> 
     </span>
     <span class='ocr_line' id='line_1_26' title="bbox 191 1108 1153 1155; baseline -0.01 -9"><span class='ocrx_word' id='word_1_211' title='bbox 191 1126 308 1146; x_wconf 66' lang='lat' dir='ltr'>rentem</span> <span class='ocrx_word' id='word_1_212' title='bbox 320 1124 487 1155; x_wconf 76' lang='lat' dir='ltr'><strong>numquam</strong></span> <span class='ocrx_word' id='word_1_213' title='bbox 500 1112 552 1143; x_wconf 84' lang='lat' dir='ltr'>sim</span> <span class='ocrx_word' id='word_1_214' title='bbox 564 1113 746 1144; x_wconf 87' lang='lat' dir='ltr'>adhortatus.</span> <span class='ocrx_word' id='word_1_215' title='bbox 761 1120 955 1153; x_wconf 85' lang='lat' dir='ltr'>quamquam,</span> <span class='ocrx_word' id='word_1_216' title='bbox 968 1108 988 1138; x_wconf 86' lang='lat' dir='ltr'>si</span> <span class='ocrx_word' id='word_1_217' title='bbox 999 1110 1031 1138; x_wconf 90' lang='lat' dir='ltr'>in</span> <span class='ocrx_word' id='word_1_218' title='bbox 1041 1118 1077 1138; x_wconf 91' lang='lat' dir='ltr'>eo</span> <span class='ocrx_word' id='word_1_219' title='bbox 1087 1117 1153 1147; x_wconf 86' lang='lat' dir='ltr'>per-</span> 
     </span>
     <span class='ocr_line' id='line_1_27' title="bbox 193 1150 1151 1196; baseline -0.008 -8"><span class='ocrx_word' id='word_1_220' title='bbox 193 1159 336 1188; x_wconf 66' lang='lat' dir='ltr'>!i’i‘erarcs</span> <span class='ocrx_word' id='word_1_221' title='bbox 351 1177 359 1190; x_wconf 93' lang='lat'>‚</span> <span class='ocrx_word' id='word_1_222' title='bbox 380 1157 415 1187; x_wconf 86' lang='lat' dir='ltr'>ad</span> <span class='ocrx_word' id='word_1_223' title='bbox 433 1165 515 1186; x_wconf 88' lang='lat' dir='ltr'>tuam</span> <span class='ocrx_word' id='word_1_224' title='bbox 534 1156 663 1196; x_wconf 80' lang='lat' dir='ltr'>gloriam</span> <span class='ocrx_word' id='word_1_225' title='bbox 683 1164 748 1184; x_wconf 89' lang='lat' dir='ltr'>rem</span> <span class='ocrx_word' id='word_1_226' title='bbox 766 1154 851 1183; x_wconf 87' lang='lat' dir='ltr'>illam</span> <span class='ocrx_word' id='word_1_227' title='bbox 868 1152 970 1182; x_wconf 80' lang='lat' dir='ltr'>referri</span> <span class='ocrx_word' id='word_1_228' title='bbox 992 1150 1151 1180; x_wconf 77' lang='lat' dir='ltr'>malebam,</span> 
     </span>
     <span class='ocr_line' id='line_1_28' title="bbox 194 1191 1153 1239; baseline -0.011 -10"><span class='ocrx_word' id='word_1_229' title='bbox 194 1200 285 1239; x_wconf 61' lang='lat' dir='ltr'>quam</span> <span class='ocrx_word' id='word_1_230' title='bbox 297 1199 331 1228; x_wconf 87' lang='lat' dir='ltr'>ad</span> <span class='ocrx_word' id='word_1_231' title='bbox 342 1208 443 1231; x_wconf 84' lang='lat' dir='ltr'>meam</span> <span class='ocrx_word' id='word_1_232' title='bbox 454 1199 590 1239; x_wconf 83' lang='lat' dir='ltr'>gratiam.</span> <span class='ocrx_word' id='word_1_233' title='bbox 614 1195 751 1237; x_wconf 84' lang='lat' dir='ltr'>Qaestor</span> <span class='ocrx_word' id='word_1_234' title='bbox 765 1205 794 1225; x_wconf 88' lang='lat' dir='ltr'>es</span> <span class='ocrx_word' id='word_1_235' title='bbox 807 1193 912 1225; x_wconf 72' lang='lat' dir='ltr'>fa6tus.</span> <span class='ocrx_word' id='word_1_236' title='bbox 935 1192 1044 1223; x_wconf 83' lang='lat' dir='ltr'>deinde</span> <span class='ocrx_word' id='word_1_237' title='bbox 1053 1191 1153 1220; x_wconf 77' lang='lat' dir='ltr'>conti-</span> 
     </span>
     <span class='ocr_line' id='line_1_29' title="bbox 194 1233 1152 1276; baseline -0.01 -6"><span class='ocrx_word' id='word_1_238' title='bbox 194 1241 257 1270; x_wconf 72' lang='lat' dir='ltr'>nuo</span> <span class='ocrx_word' id='word_1_239' title='bbox 268 1239 328 1270; x_wconf 83' lang='lat' dir='ltr'>fine</span> <span class='ocrx_word' id='word_1_240' title='bbox 340 1239 591 1270; x_wconf 73' lang='lat' dir='ltr'>senatusconsulto</span> <span class='ocrx_word' id='word_1_241' title='bbox 602 1258 610 1272; x_wconf 83' lang='lat'><em>,</em></span> <span class='ocrx_word' id='word_1_242' title='bbox 632 1237 693 1268; x_wconf 86' lang='lat' dir='ltr'>fine</span> <span class='ocrx_word' id='word_1_243' title='bbox 704 1238 779 1267; x_wconf 88' lang='lat' dir='ltr'>sorte</span> <span class='ocrx_word' id='word_1_244' title='bbox 790 1257 797 1271; x_wconf 89' lang='lat'>‚</span> <span class='ocrx_word' id='word_1_245' title='bbox 815 1235 876 1265; x_wconf 85' lang='lat' dir='ltr'>fine</span> <span class='ocrx_word' id='word_1_246' title='bbox 886 1236 950 1276; x_wconf 84' lang='lat' dir='ltr'>lege</span> <span class='ocrx_word' id='word_1_247' title='bbox 960 1233 995 1264; x_wconf 90' lang='lat' dir='ltr'>ad</span> <span class='ocrx_word' id='word_1_248' title='bbox 1010 1233 1152 1262; x_wconf 79' lang='lat' dir='ltr'>Caesarem</span> 
     </span>
     <span class='ocr_line' id='line_1_30' title="bbox 192 1274 1149 1318; baseline -0.01 -6"><span class='ocrx_word' id='word_1_249' title='bbox 192 1281 359 1313; x_wconf 86' lang='lat' dir='ltr'>cucurristi.</span> <span class='ocrx_word' id='word_1_250' title='bbox 384 1281 414 1311; x_wconf 90' lang='lat' dir='ltr'>id</span> <span class='ocrx_word' id='word_1_251' title='bbox 425 1282 508 1311; x_wconf 88' lang='lat' dir='ltr'>enirn</span> <span class='ocrx_word' id='word_1_252' title='bbox 520 1290 615 1310; x_wconf 89' lang='lat' dir='ltr'>unum</span> <span class='ocrx_word' id='word_1_253' title='bbox 627 1282 662 1310; x_wconf 92' lang='lat' dir='ltr'>in</span> <span class='ocrx_word' id='word_1_254' title='bbox 673 1280 776 1312; x_wconf 66' lang='lat' dir='ltr'>term,</span> <span class='ocrx_word' id='word_1_255' title='bbox 797 1276 950 1318; x_wconf 82' lang='lat' dir='ltr'>egestatis,</span> <span class='ocrx_word' id='word_1_256' title='bbox 971 1275 1038 1305; x_wconf 82' lang='lat' dir='ltr'>aeris</span> <span class='ocrx_word' id='word_1_257' title='bbox 1047 1274 1149 1305; x_wconf 88' lang='lat' dir='ltr'>alieni,</span> 
     </span>
     <span class='ocr_line' id='line_1_31' title="bbox 193 1315 1149 1365; baseline -0.01 -11"><span class='ocrx_word' id='word_1_258' title='bbox 193 1326 336 1365; x_wconf 83' lang='lat' dir='ltr'>nequitiae</span> <span class='ocrx_word' id='word_1_259' title='bbox 348 1344 356 1357; x_wconf 86' lang='lat'>,</span> <span class='ocrx_word' id='word_1_260' title='bbox 377 1323 500 1364; x_wconf 83' lang='lat' dir='ltr'>perditis</span> <span class='ocrx_word' id='word_1_261' title='bbox 510 1325 578 1353; x_wconf 80' lang='lat' dir='ltr'>vitae</span> <span class='ocrx_word' id='word_1_262' title='bbox 589 1321 756 1352; x_wconf 86' lang='lat' dir='ltr'>rationibus</span> <span class='ocrx_word' id='word_1_263' title='bbox 764 1319 926 1361; x_wconf 79' lang='lat' dir='ltr'><em>perfugium</em></span> <span class='ocrx_word' id='word_1_264' title='bbox 939 1315 998 1347; x_wconf 83' lang='lat' dir='ltr'>esl&#39;e</span> <span class='ocrx_word' id='word_1_265' title='bbox 1012 1315 1149 1346; x_wconf 86' lang='lat' dir='ltr'>ducebas.</span> 
     </span>
     <span class='ocr_line' id='line_1_32' title="bbox 193 1355 1152 1406; baseline -0.011 -10"><span class='ocrx_word' id='word_1_266' title='bbox 193 1366 242 1395; x_wconf 88' lang='lat' dir='ltr'>Ibi</span> <span class='ocrx_word' id='word_1_267' title='bbox 253 1375 280 1396; x_wconf 85' lang='lat' dir='ltr'>te</span> <span class='ocrx_word' id='word_1_268' title='bbox 291 1365 362 1395; x_wconf 76' lang='lat' dir='ltr'>cum</span> <span class='ocrx_word' id='word_1_269' title='bbox 373 1366 405 1395; x_wconf 90' lang='lat'>&amp;</span> <span class='ocrx_word' id='word_1_270' title='bbox 415 1365 498 1395; x_wconf 86' lang='lat' dir='ltr'>illius</span> <span class='ocrx_word' id='word_1_271' title='bbox 507 1363 716 1406; x_wconf 73' lang='lat' dir='ltr'>largitionibus</span> <span class='ocrx_word' id='word_1_272' title='bbox 726 1383 734 1396; x_wconf 82' lang='lat'>‚</span> <span class='ocrx_word' id='word_1_273' title='bbox 745 1362 845 1392; x_wconf 86' lang='lat' dir='ltr'>&amp;tuis</span> <span class='ocrx_word' id='word_1_274' title='bbox 856 1362 966 1400; x_wconf 87' lang='lat' dir='ltr'>rapinis</span> <span class='ocrx_word' id='word_1_275' title='bbox 975 1355 1152 1398; x_wconf 83' lang='lat' dir='ltr'>expleviffes</span> 
     </span>
     <span class='ocr_line' id='line_1_33' title="bbox 193 1397 1152 1447; baseline -0.01 -9"><span class='ocrx_word' id='word_1_276' title='bbox 193 1406 228 1447; x_wconf 86' lang='lat' dir='ltr'>(si</span> <span class='ocrx_word' id='word_1_277' title='bbox 242 1408 299 1438; x_wconf 87' lang='lat' dir='ltr'>hoc</span> <span class='ocrx_word' id='word_1_278' title='bbox 309 1406 351 1438; x_wconf 84' lang='lat' dir='ltr'>est</span> <span class='ocrx_word' id='word_1_279' title='bbox 360 1407 480 1447; x_wconf 82' lang='lat' dir='ltr'>explere</span> <span class='ocrx_word' id='word_1_280' title='bbox 491 1427 499 1440; x_wconf 93' lang='lat'>,</span> <span class='ocrx_word' id='word_1_281' title='bbox 520 1405 601 1447; x_wconf 87' lang='lat' dir='ltr'>quod</span> <span class='ocrx_word' id='word_1_282' title='bbox 612 1405 710 1436; x_wconf 87' lang='lat' dir='ltr'>statim</span> <span class='ocrx_word' id='word_1_283' title='bbox 722 1403 869 1442; x_wconf 85' lang='lat' dir='ltr'>effundas)</span> <span class='ocrx_word' id='word_1_284' title='bbox 886 1401 1006 1432; x_wconf 84' lang='lat' dir='ltr'>advolas</span> <span class='ocrx_word' id='word_1_285' title='bbox 1016 1409 1105 1440; x_wconf 84' lang='lat' dir='ltr'>egens</span> <span class='ocrx_word' id='word_1_286' title='bbox 1115 1397 1152 1428; x_wconf 78' lang='lat' dir='ltr'>ad</span> 
     </span>
     <span class='ocr_line' id='line_1_34' title="bbox 195 1440 1153 1488; baseline -0.01 -9"><span class='ocrx_word' id='word_1_287' title='bbox 195 1449 380 1479; x_wconf 79' lang='lat' dir='ltr'>tribunatum</span> <span class='ocrx_word' id='word_1_288' title='bbox 393 1470 402 1483; x_wconf 81' lang='lat'><em>,</em></span> <span class='ocrx_word' id='word_1_289' title='bbox 417 1458 450 1479; x_wconf 89' lang='lat' dir='ltr'>ut</span> <span class='ocrx_word' id='word_1_290' title='bbox 460 1450 490 1478; x_wconf 81' lang='lat' dir='ltr'>in</span> <span class='ocrx_word' id='word_1_291' title='bbox 503 1458 539 1478; x_wconf 91' lang='lat' dir='ltr'>eo</span> <span class='ocrx_word' id='word_1_292' title='bbox 551 1447 721 1488; x_wconf 81' lang='lat' dir='ltr'>magistratu</span> <span class='ocrx_word' id='word_1_293' title='bbox 732 1466 740 1480; x_wconf 87' lang='lat'>‚</span> <span class='ocrx_word' id='word_1_294' title='bbox 756 1444 776 1475; x_wconf 83' lang='lat' dir='ltr'>sl</span> <span class='ocrx_word' id='word_1_295' title='bbox 788 1443 885 1485; x_wconf 83' lang='lat' dir='ltr'>poffes</span> <span class='ocrx_word' id='word_1_296' title='bbox 895 1464 903 1478; x_wconf 92' lang='lat'>‚</span> <span class='ocrx_word' id='word_1_297' title='bbox 923 1445 981 1473; x_wconf 93' lang='lat' dir='ltr'>viri</span> <span class='ocrx_word' id='word_1_298' title='bbox 994 1445 1036 1473; x_wconf 90' lang='lat' dir='ltr'>tui</span> <span class='ocrx_word' id='word_1_299' title='bbox 1047 1440 1153 1471; x_wconf 83' lang='lat' dir='ltr'>fimilis</span> 
     </span>
     <span class='ocr_line' id='line_1_35' title="bbox 198 1485 1152 1531; baseline -0.009 -10"><span class='ocrx_word' id='word_1_300' title='bbox 198 1490 280 1521; x_wconf 80' lang='lat' dir='ltr'>effes.</span> <span class='ocrx_word' id='word_1_301' title='bbox 304 1493 436 1531; x_wconf 80' lang='lat' dir='ltr'>Accipite</span> <span class='ocrx_word' id='word_1_302' title='bbox 447 1500 540 1523; x_wconf 91' lang='lat' dir='ltr'>nunc,</span> <span class='ocrx_word' id='word_1_303' title='bbox 552 1490 664 1530; x_wconf 83' lang='lat' dir='ltr'>quaeso,</span> <span class='ocrx_word' id='word_1_304' title='bbox 677 1499 741 1519; x_wconf 90' lang='lat' dir='ltr'>non</span> <span class='ocrx_word' id='word_1_305' title='bbox 750 1498 782 1518; x_wconf 87' lang='lat' dir='ltr'>ea</span> <span class='ocrx_word' id='word_1_306' title='bbox 794 1508 801 1520; x_wconf 90' lang='lat'>‚</span> <span class='ocrx_word' id='word_1_307' title='bbox 816 1496 881 1528; x_wconf 83' lang='lat' dir='ltr'>quae</span> <span class='ocrx_word' id='word_1_308' title='bbox 893 1486 953 1525; x_wconf 90' lang='lat' dir='ltr'>ipse</span> <span class='ocrx_word' id='word_1_309' title='bbox 963 1487 996 1514; x_wconf 91' lang='lat' dir='ltr'>in</span> <span class='ocrx_word' id='word_1_310' title='bbox 1008 1485 1035 1514; x_wconf 88' lang='lat' dir='ltr'>se</span> <span class='ocrx_word' id='word_1_311' title='bbox 1045 1503 1053 1517; x_wconf 89' lang='lat'>‚</span> <span class='ocrx_word' id='word_1_312' title='bbox 1065 1492 1152 1524; x_wconf 85' lang='lat' dir='ltr'>atque</span> 
     </span>
     <span class='ocr_line' id='line_1_36' title="bbox 192 1523 1154 1571; baseline -0.01 -8"><span class='ocrx_word' id='word_1_313' title='bbox 192 1535 226 1563; x_wconf 88' lang='lat' dir='ltr'>in</span> <span class='ocrx_word' id='word_1_314' title='bbox 238 1532 440 1563; x_wconf 86' lang='lat' dir='ltr'>domesticum</span> <span class='ocrx_word' id='word_1_315' title='bbox 452 1532 578 1562; x_wconf 80' lang='lat' dir='ltr'><strong>dedecus</strong></span> <span class='ocrx_word' id='word_1_316' title='bbox 594 1531 711 1571; x_wconf 71' lang='lat' dir='ltr'>impure</span> <span class='ocrx_word' id='word_1_317' title='bbox 733 1539 819 1570; x_wconf 87' lang='lat' dir='ltr'>atque</span> <span class='ocrx_word' id='word_1_318' title='bbox 832 1531 1082 1566; x_wconf 81' lang='lat' dir='ltr'>intemperanter,</span> <span class='ocrx_word' id='word_1_319' title='bbox 1105 1523 1154 1554; x_wconf 80' lang='lat' dir='ltr'>sed</span> 
     </span>
     <span class='ocr_line' id='line_1_37' title="bbox 194 1568 1152 1615; baseline -0.01 -10"><span class='ocrx_word' id='word_1_320' title='bbox 194 1585 259 1615; x_wconf 76' lang='lat' dir='ltr'>quae</span> <span class='ocrx_word' id='word_1_321' title='bbox 270 1575 303 1604; x_wconf 92' lang='lat' dir='ltr'>in</span> <span class='ocrx_word' id='word_1_322' title='bbox 312 1584 378 1607; x_wconf 91' lang='lat' dir='ltr'>nos,</span> <span class='ocrx_word' id='word_1_323' title='bbox 389 1574 580 1613; x_wconf 79' lang='lat' dir='ltr'>fortunasque</span> <span class='ocrx_word' id='word_1_324' title='bbox 591 1572 714 1606; x_wconf 85' lang='lat' dir='ltr'>nostras,</span> <span class='ocrx_word' id='word_1_325' title='bbox 726 1571 756 1601; x_wconf 91' lang='lat' dir='ltr'>id</span> <span class='ocrx_word' id='word_1_326' title='bbox 767 1569 818 1604; x_wconf 89' lang='lat' dir='ltr'>est,</span> <span class='ocrx_word' id='word_1_327' title='bbox 831 1572 864 1599; x_wconf 87' lang='lat' dir='ltr'>in</span> <span class='ocrx_word' id='word_1_328' title='bbox 875 1568 1044 1599; x_wconf 86' lang='lat' dir='ltr'>universam</span> <span class='ocrx_word' id='word_1_329' title='bbox 1054 1575 1152 1613; x_wconf 82' lang='lat' dir='ltr'>remp.</span> 
     </span>
     <span class='ocr_line' id='line_1_38' title="bbox 196 1611 1152 1656; baseline -0.012 -9"><span class='ocrx_word' id='word_1_330' title='bbox 196 1615 292 1656; x_wconf 73' lang='lat' dir='ltr'>impie</span> <span class='ocrx_word' id='word_1_331' title='bbox 306 1636 314 1650; x_wconf 92' lang='lat'>‚</span> <span class='ocrx_word' id='word_1_332' title='bbox 333 1626 365 1645; x_wconf 89' lang='lat' dir='ltr'>ac</span> <span class='ocrx_word' id='word_1_333' title='bbox 385 1615 498 1645; x_wconf 72' lang='lat' dir='ltr'>nefarie</span> <span class='ocrx_word' id='word_1_334' title='bbox 514 1614 627 1644; x_wconf 88' lang='lat' dir='ltr'>fecerit.</span> <span class='ocrx_word' id='word_1_335' title='bbox 650 1613 686 1644; x_wconf 91' lang='lat' dir='ltr'>ab</span> <span class='ocrx_word' id='word_1_336' title='bbox 696 1613 785 1652; x_wconf 87' lang='lat' dir='ltr'>hujus</span> <span class='ocrx_word' id='word_1_337' title='bbox 795 1613 880 1641; x_wconf 86' lang='lat' dir='ltr'>enim</span> <span class='ocrx_word' id='word_1_338' title='bbox 891 1611 997 1640; x_wconf 87' lang='lat' dir='ltr'>scelere</span> <span class='ocrx_word' id='word_1_339' title='bbox 1008 1617 1152 1639; x_wconf 88' lang='lat' dir='ltr'>omnium</span> 
     </span>
     <span class='ocr_line' id='line_1_39' title="bbox 196 1652 1154 1698; baseline -0.01 -10"><span class='ocrx_word' id='word_1_340' title='bbox 196 1658 347 1688; x_wconf 86' lang='lat' dir='ltr'>malorum</span> <span class='ocrx_word' id='word_1_341' title='bbox 356 1657 526 1698; x_wconf 75' lang='lat' dir='ltr'>principium</span> <span class='ocrx_word' id='word_1_342' title='bbox 538 1666 641 1686; x_wconf 86' lang='lat' dir='ltr'>natum</span> <span class='ocrx_word' id='word_1_343' title='bbox 652 1655 814 1695; x_wconf 86' lang='lat' dir='ltr'>reperietis.</span> <span class='ocrx_word' id='word_1_344' title='bbox 838 1655 919 1683; x_wconf 87' lang='lat' dir='ltr'>Nam</span> <span class='ocrx_word' id='word_1_345' title='bbox 933 1672 941 1686; x_wconf 88' lang='lat'>‚</span> <span class='ocrx_word' id='word_1_346' title='bbox 951 1662 1022 1682; x_wconf 90' lang='lat' dir='ltr'>cum</span> <span class='ocrx_word' id='word_1_347' title='bbox 1033 1652 1154 1680; x_wconf 81' lang='lat' dir='ltr'>L.Len-</span> 
     </span>
     <span class='ocr_line' id='line_1_40' title="bbox 195 1693 1152 1736; baseline -0.009 -7"><span class='ocrx_word' id='word_1_348' title='bbox 195 1700 262 1729; x_wconf 90' lang='lat' dir='ltr'>tulo</span> <span class='ocrx_word' id='word_1_349' title='bbox 275 1719 283 1733; x_wconf 88' lang='lat'>‚</span> <span class='ocrx_word' id='word_1_350' title='bbox 295 1702 329 1729; x_wconf 92' lang='lat' dir='ltr'>C.</span> <span class='ocrx_word' id='word_1_351' title='bbox 341 1699 499 1731; x_wconf 80' lang='lat' dir='ltr'>Marcello,</span> <span class='ocrx_word' id='word_1_352' title='bbox 516 1697 706 1730; x_wconf 84' lang='lat' dir='ltr'>consulibus,</span> <span class='ocrx_word' id='word_1_353' title='bbox 722 1695 977 1736; x_wconf 66' lang='lat' dir='ltr'>c‘alendisJanuar.</span> <span class='ocrx_word' id='word_1_354' title='bbox 988 1693 1152 1724; x_wconf 83' lang='lat' dir='ltr'>labentem,</span> 
     </span>
     <span class='ocr_line' id='line_1_41' title="bbox 199 1734 1153 1781; baseline -0.009 -10"><span class='ocrx_word' id='word_1_355' title='bbox 199 1741 232 1771; x_wconf 75' lang='grc' dir='ltr'>δε</span> <span class='ocrx_word' id='word_1_356' title='bbox 243 1740 335 1781; x_wconf 72' lang='lat' dir='ltr'>prope</span> <span class='ocrx_word' id='word_1_357' title='bbox 346 1740 502 1771; x_wconf 72' lang='lat' dir='ltr'>cadentem</span> <span class='ocrx_word' id='word_1_358' title='bbox 515 1749 609 1779; x_wconf 82' lang='lat' dir='ltr'>remp.</span> <span class='ocrx_word' id='word_1_359' title='bbox 620 1738 726 1768; x_wconf 84' lang='lat' dir='ltr'>fulcire</span> <span class='ocrx_word' id='word_1_360' title='bbox 737 1740 882 1777; x_wconf 87' lang='lat' dir='ltr'>cuperetis</span> <span class='ocrx_word' id='word_1_361' title='bbox 894 1756 902 1770; x_wconf 90' lang='lat'>‚</span> <span class='ocrx_word' id='word_1_362' title='bbox 925 1734 1034 1776; x_wconf 77' lang='lat' dir='ltr'>ipsique</span> <span class='ocrx_word' id='word_1_363' title='bbox 1045 1737 1076 1764; x_wconf 72' lang='lat' dir='ltr'>C.</span> <span class='ocrx_word' id='word_1_364' title='bbox 1088 1736 1153 1763; x_wconf 81' lang='lat' dir='ltr'>Cae-</span> 
     </span>
     <span class='ocr_line' id='line_1_42' title="bbox 197 1776 1153 1817; baseline -0.008 -4"><span class='ocrx_word' id='word_1_365' title='bbox 197 1783 251 1814; x_wconf 61' lang='lat' dir='ltr'>sari</span> <span class='ocrx_word' id='word_1_366' title='bbox 263 1804 270 1817; x_wconf 89' lang='lat'>‚</span> <span class='ocrx_word' id='word_1_367' title='bbox 287 1782 306 1812; x_wconf 88' lang='lat' dir='ltr'>fi</span> <span class='ocrx_word' id='word_1_368' title='bbox 317 1783 381 1812; x_wconf 84' lang='lat' dir='ltr'>sana</span> <span class='ocrx_word' id='word_1_369' title='bbox 392 1790 493 1811; x_wconf 83' lang='lat' dir='ltr'>mente</span> <span class='ocrx_word' id='word_1_370' title='bbox 504 1779 574 1811; x_wconf 72' lang='lat' dir='ltr'>ess&#39;et</span> <span class='ocrx_word' id='word_1_371' title='bbox 584 1801 592 1814; x_wconf 81' lang='lat'><em>‚</em></span> <span class='ocrx_word' id='word_1_372' title='bbox 612 1780 767 1810; x_wconf 79' lang='lat' dir='ltr'>consulere</span> <span class='ocrx_word' id='word_1_373' title='bbox 782 1779 918 1808; x_wconf 89' lang='lat' dir='ltr'>velletis:</span> <span class='ocrx_word' id='word_1_374' title='bbox 938 1787 1005 1807; x_wconf 91' lang='lat' dir='ltr'>tum</span> <span class='ocrx_word' id='word_1_375' title='bbox 1015 1776 1069 1806; x_wconf 87' lang='lat' dir='ltr'>iste</span> <span class='ocrx_word' id='word_1_376' title='bbox 1079 1785 1153 1806; x_wconf 86' lang='lat' dir='ltr'>ven-</span> 
     </span>
     <span class='ocr_line' id='line_1_43' title="bbox 195 1816 1156 1862; baseline -0.009 -8"><span class='ocrx_word' id='word_1_377' title='bbox 195 1825 295 1854; x_wconf 80' lang='lat' dir='ltr'>ditum</span> <span class='ocrx_word' id='word_1_378' title='bbox 309 1844 315 1857; x_wconf 86' lang='lat'>‚</span> <span class='ocrx_word' id='word_1_379' title='bbox 336 1833 420 1859; x_wconf 76' lang='lat' dir='ltr'>atque</span> <span class='ocrx_word' id='word_1_380' title='bbox 441 1825 663 1862; x_wconf 76' lang='lat' dir='ltr'>emancipatum</span> <span class='ocrx_word' id='word_1_381' title='bbox 684 1821 868 1852; x_wconf 86' lang='lat' dir='ltr'>tribunatum</span> <span class='ocrx_word' id='word_1_382' title='bbox 880 1839 888 1853; x_wconf 83' lang='lat'><em>‚</em></span> <span class='ocrx_word' id='word_1_383' title='bbox 909 1817 1041 1849; x_wconf 76' lang='lat' dir='ltr'>consiliis</span> <span class='ocrx_word' id='word_1_384' title='bbox 1051 1816 1156 1847; x_wconf 86' lang='lat' dir='ltr'>vestris</span> 
     </span>
     <span class='ocr_line' id='line_1_44' title="bbox 197 1859 1155 1906; baseline -0.009 -10"><span class='ocrx_word' id='word_1_385' title='bbox 197 1867 354 1906; x_wconf 70' lang='lat' dir='ltr'>opposuit,</span> <span class='ocrx_word' id='word_1_386' title='bbox 372 1861 563 1905; x_wconf 74' lang='lat' dir='ltr'>cervicesque</span> <span class='ocrx_word' id='word_1_387' title='bbox 581 1864 644 1894; x_wconf 77' lang='lat' dir='ltr'>suas</span> <span class='ocrx_word' id='word_1_388' title='bbox 661 1865 689 1893; x_wconf 88' lang='lat' dir='ltr'>ei</span> <span class='ocrx_word' id='word_1_389' title='bbox 708 1862 832 1902; x_wconf 80' lang='lat' dir='ltr'>subjecit</span> <span class='ocrx_word' id='word_1_390' title='bbox 850 1861 942 1891; x_wconf 83' lang='lat' dir='ltr'>securi</span> <span class='ocrx_word' id='word_1_391' title='bbox 958 1881 966 1894; x_wconf 88' lang='lat'><em>,</em></span> <span class='ocrx_word' id='word_1_392' title='bbox 990 1870 1047 1900; x_wconf 87' lang='lat' dir='ltr'>qua</span> <span class='ocrx_word' id='word_1_393' title='bbox 1065 1859 1155 1888; x_wconf 91' lang='lat' dir='ltr'>multi</span> 
     </span>
     <span class='ocr_line' id='line_1_45' title="bbox 198 1901 1154 1948; baseline -0.007 -13"><span class='ocrx_word' id='word_1_394' title='bbox 198 1906 352 1937; x_wconf 58' lang='lat' dir='ltr'>memoria-150·</span> <span class='ocrx_word' id='word_1_395' title='bbox 366 1909 396 1937; x_wconf 86' lang='lat' dir='ltr'>in</span> <span class='ocrx_word' id='word_1_396' title='bbox 407 1910 532 1948; x_wconf 80' lang='lat' dir='ltr'>peccatis</span> <span class='ocrx_word' id='word_1_397' title='bbox 543 1905 725 1936; x_wconf 85' lang='lat' dir='ltr'>occiderunt.</span> <span class='ocrx_word' id='word_1_398' title='bbox 750 1906 825 1934; x_wconf 89' lang='lat' dir='ltr'>Inte</span> <span class='ocrx_word' id='word_1_399' title='bbox 834 1911 934 1933; x_wconf 87' lang='lat' dir='ltr'>autem</span> <span class='ocrx_word' id='word_1_400' title='bbox 946 1922 954 1935; x_wconf 89' lang='lat'>,</span> <span class='ocrx_word' id='word_1_401' title='bbox 973 1904 1017 1931; x_wconf 88' lang='lat' dir='ltr'>M.</span> <span class='ocrx_word' id='word_1_402' title='bbox 1026 1901 1154 1933; x_wconf 89' lang='lat' dir='ltr'>Antoni,</span> 
     </span>
     <span class='ocr_line' id='line_1_46' title="bbox 196 1942 1157 1988; baseline -0.008 -9"><span class='ocrx_word' id='word_1_403' title='bbox 196 1949 227 1979; x_wconf 83' lang='lat' dir='ltr'>id</span> <span class='ocrx_word' id='word_1_404' title='bbox 239 1949 370 1980; x_wconf 80' lang='lat' dir='ltr'>decrevit</span> <span class='ocrx_word' id='word_1_405' title='bbox 379 1950 494 1980; x_wconf 83' lang='lat' dir='ltr'>senatus</span> <span class='ocrx_word' id='word_1_406' title='bbox 506 1968 514 1982; x_wconf 93' lang='lat'><strong><em>,</em></strong></span> <span class='ocrx_word' id='word_1_407' title='bbox 527 1948 559 1978; x_wconf 74' lang='lat' dir='ltr'>Sc</span> <span class='ocrx_word' id='word_1_408' title='bbox 568 1947 691 1988; x_wconf 83' lang='lat' dir='ltr'>quidem</span> <span class='ocrx_word' id='word_1_409' title='bbox 704 1947 868 1976; x_wconf 88' lang='lat' dir='ltr'>incolumis</span> <span class='ocrx_word' id='word_1_410' title='bbox 880 1964 888 1978; x_wconf 90' lang='lat'>‚</span> <span class='ocrx_word' id='word_1_411' title='bbox 905 1944 1044 1974; x_wconf 87' lang='lat' dir='ltr'>nondum</span> <span class='ocrx_word' id='word_1_412' title='bbox 1056 1951 1100 1972; x_wconf 88' lang='lat' dir='ltr'>tot</span> <span class='ocrx_word' id='word_1_413' title='bbox 1109 1942 1157 1971; x_wconf 83' lang='lat' dir='ltr'>lu·-</span> 
     </span>
     <span class='ocr_line' id='line_1_47' title="bbox 198 1982 1158 2030; baseline -0.008 -9"><span class='ocrx_word' id='word_1_414' title='bbox 198 1991 336 2021; x_wconf 84' lang='lat' dir='ltr'>minibus</span> <span class='ocrx_word' id='word_1_415' title='bbox 346 1989 503 2021; x_wconf 66' lang='lat' dir='ltr'>exstinEkis</span> <span class='ocrx_word' id='word_1_416' title='bbox 515 2010 522 2023; x_wconf 84' lang='lat'>‚</span> <span class='ocrx_word' id='word_1_417' title='bbox 543 1989 649 2030; x_wconf 84' lang='lat' dir='ltr'>4quod</span> <span class='ocrx_word' id='word_1_418' title='bbox 667 1990 700 2018; x_wconf 88' lang='lat' dir='ltr'>in</span> <span class='ocrx_word' id='word_1_419' title='bbox 717 1986 815 2024; x_wconf 71' lang='lat' dir='ltr'>hostem</span> <span class='ocrx_word' id='word_1_420' title='bbox 830 1993 960 2027; x_wconf 80' lang='lat' dir='ltr'>rogatum</span> <span class='ocrx_word' id='word_1_421' title='bbox 978 1985 1098 2016; x_wconf 87' lang='lat' dir='ltr'>decerni</span> <span class='ocrx_word' id='word_1_422' title='bbox 1115 1982 1158 2013; x_wconf 86' lang='lat' dir='ltr'>est</span> 
     </span>
     <span class='ocr_line' id='line_1_48' title="bbox 196 2028 1158 2072; baseline -0.007 -9"><span class='ocrx_word' id='word_1_423' title='bbox 196 2032 321 2063; x_wconf 83' lang='lat' dir='ltr'>solitum</span> <span class='ocrx_word' id='word_1_424' title='bbox 334 2042 417 2062; x_wconf 83' lang='lat' dir='ltr'>inore</span> <span class='ocrx_word' id='word_1_425' title='bbox 428 2033 589 2072; x_wconf 81' lang='lat' dir='ltr'>majorum.</span> <span class='ocrx_word' id='word_1_426' title='bbox 608 2034 646 2061; x_wconf 79' lang='lat' dir='ltr'>Et</span> <span class='ocrx_word' id='word_1_427' title='bbox 656 2039 686 2061; x_wconf 91' lang='lat' dir='ltr'>tu</span> <span class='ocrx_word' id='word_1_428' title='bbox 696 2030 772 2070; x_wconf 83' lang='lat' dir='ltr'>apud</span> <span class='ocrx_word' id='word_1_429' title='bbox 783 2038 875 2070; x_wconf 80' lang='lat' dir='ltr'>patres</span> <span class='ocrx_word' id='word_1_430' title='bbox 886 2028 1072 2067; x_wconf 88' lang='lat' dir='ltr'>conscriptos</span> <span class='ocrx_word' id='word_1_431' title='bbox 1083 2035 1158 2056; x_wconf 86' lang='lat' dir='ltr'>con-</span> 
     </span>
     <span class='ocr_line' id='line_1_49' title="bbox 200 2069 1157 2112; baseline -0.008 -7"><span class='ocrx_word' id='word_1_432' title='bbox 200 2083 242 2105; x_wconf 85' lang='lat' dir='ltr'>tra</span> <span class='ocrx_word' id='word_1_433' title='bbox 253 2085 301 2104; x_wconf 88' lang='lat' dir='ltr'>me</span> <span class='ocrx_word' id='word_1_434' title='bbox 311 2075 408 2105; x_wconf 80' lang='lat' dir='ltr'>dicere</span> <span class='ocrx_word' id='word_1_435' title='bbox 419 2074 505 2105; x_wconf 85' lang='lat' dir='ltr'>ausus</span> <span class='ocrx_word' id='word_1_436' title='bbox 516 2083 547 2104; x_wconf 84' lang='lat' dir='ltr'>es</span> <span class='ocrx_word' id='word_1_437' title='bbox 557 2094 565 2108; x_wconf 84' lang='lat'>‚</span> <span class='ocrx_word' id='word_1_438' title='bbox 585 2072 656 2103; x_wconf 75' lang='lat' dir='ltr'>esim</span> <span class='ocrx_word' id='word_1_439' title='bbox 666 2072 702 2103; x_wconf 87' lang='lat' dir='ltr'>ab</span> <span class='ocrx_word' id='word_1_440' title='bbox 716 2073 774 2102; x_wconf 85' lang='lat' dir='ltr'>hoc</span> <span class='ocrx_word' id='word_1_441' title='bbox 785 2071 892 2101; x_wconf 85' lang='lat' dir='ltr'>ordine</span> <span class='ocrx_word' id='word_1_442' title='bbox 903 2079 958 2112; x_wconf 87' lang='lat' dir='ltr'>ego</span> <span class='ocrx_word' id='word_1_443' title='bbox 967 2069 1157 2099; x_wconf 85' lang='lat' dir='ltr'>conservator</span> 
     </span>
     <span class='ocr_line' id='line_1_50' title="bbox 199 2111 1156 2156; baseline -0.008 -9"><span class='ocrx_word' id='word_1_444' title='bbox 199 2115 290 2146; x_wconf 73' lang='lat' dir='ltr'>essem</span> <span class='ocrx_word' id='word_1_445' title='bbox 304 2136 312 2150; x_wconf 94' lang='lat'>,</span> <span class='ocrx_word' id='word_1_446' title='bbox 327 2125 358 2147; x_wconf 92' lang='lat' dir='ltr'>tu</span> <span class='ocrx_word' id='word_1_447' title='bbox 370 2116 544 2156; x_wconf 72' lang='lat' dir='ltr'>host&#39;isieip.</span> <span class='ocrx_word' id='word_1_448' title='bbox 554 2115 702 2154; x_wconf 82' lang='lat' dir='ltr'>judicatus</span> <span class='ocrx_word' id='word_1_449' title='bbox 715 2120 726 2143; x_wconf 73' lang='lat'>‚2</span> <span class='ocrx_word' id='word_1_450' title='bbox 748 2114 1010 2144; x_wconf 81' lang='lat' dir='ltr'>Commemoratio</span> <span class='ocrx_word' id='word_1_451' title='bbox 1020 2111 1101 2141; x_wconf 87' lang='lat' dir='ltr'>illius</span> <span class='ocrx_word' id='word_1_452' title='bbox 1112 2111 1156 2140; x_wconf 91' lang='lat' dir='ltr'>tui</span> 
     </span>
     <span class='ocr_line' id='line_1_51' title="bbox 199 2153 1158 2194; baseline -0.007 -6"><span class='ocrx_word' id='word_1_453' title='bbox 199 2158 317 2189; x_wconf 86' lang='lat' dir='ltr'>sceleris</span> <span class='ocrx_word' id='word_1_454' title='bbox 336 2156 502 2188; x_wconf 73' lang='lat' dir='ltr'>intermifl&#39;a</span> <span class='ocrx_word' id='word_1_455' title='bbox 520 2156 578 2191; x_wconf 84' lang='lat' dir='ltr'>est,</span> <span class='ocrx_word' id='word_1_456' title='bbox 600 2166 665 2187; x_wconf 82' lang='lat' dir='ltr'>non</span> <span class='ocrx_word' id='word_1_457' title='bbox 683 2157 831 2186; x_wconf 84' lang='lat' dir='ltr'>memoria</span> <span class='ocrx_word' id='word_1_458' title='bbox 849 2155 954 2185; x_wconf 76' lang='lat' dir='ltr'>deleta.</span> <span class='ocrx_word' id='word_1_459' title='bbox 977 2153 1051 2184; x_wconf 86' lang='lat' dir='ltr'>dum</span> <span class='ocrx_word' id='word_1_460' title='bbox 1063 2161 1158 2194; x_wconf 85' lang='lat' dir='ltr'>genus</span> 
     </span>
     <span class='ocr_line' id='line_1_52' title="bbox 203 2195 1156 2240; baseline -0.005 -11"><span class='ocrx_word' id='word_1_461' title='bbox 203 2200 368 2230; x_wconf 88' lang='lat' dir='ltr'>hominurn</span> <span class='ocrx_word' id='word_1_462' title='bbox 379 2220 388 2233; x_wconf 87' lang='lat'>‚</span> <span class='ocrx_word' id='word_1_463' title='bbox 408 2200 481 2230; x_wconf 89' lang='lat' dir='ltr'>dum</span> <span class='ocrx_word' id='word_1_464' title='bbox 491 2200 594 2240; x_wconf 88' lang='lat' dir='ltr'>populi</span> <span class='ocrx_word' id='word_1_465' title='bbox 605 2201 701 2229; x_wconf 90' lang='lat' dir='ltr'>Rom.</span> <span class='ocrx_word' id='word_1_466' title='bbox 713 2207 828 2227; x_wconf 86' lang='lat' dir='ltr'>nomen</span> <span class='ocrx_word' id='word_1_467' title='bbox 839 2196 964 2227; x_wconf 87' lang='lat' dir='ltr'>exstabit</span> <span class='ocrx_word' id='word_1_468' title='bbox 981 2195 1075 2236; x_wconf 87' lang='lat' dir='ltr'>(quod</span> <span class='ocrx_word' id='word_1_469' title='bbox 1088 2196 1156 2236; x_wconf 86' lang='lat' dir='ltr'>qui-</span> 
     </span>
     <span class='ocr_line' id='line_1_53' title="bbox 200 2235 1158 2282; baseline -0.005 -11"><span class='ocrx_word' id='word_1_470' title='bbox 200 2241 272 2272; x_wconf 87' lang='lat' dir='ltr'>dem</span> <span class='ocrx_word' id='word_1_471' title='bbox 281 2242 338 2271; x_wconf 83' lang='lat' dir='ltr'>crit</span> <span class='ocrx_word' id='word_1_472' title='bbox 348 2263 356 2275; x_wconf 91' lang='lat'>,</span> <span class='ocrx_word' id='word_1_473' title='bbox 377 2240 397 2270; x_wconf 88' lang='lat' dir='ltr'>fi</span> <span class='ocrx_word' id='word_1_474' title='bbox 408 2252 458 2282; x_wconf 88' lang='lat' dir='ltr'>per</span> <span class='ocrx_word' id='word_1_475' title='bbox 467 2251 494 2271; x_wconf 88' lang='lat' dir='ltr'>te</span> <span class='ocrx_word' id='word_1_476' title='bbox 505 2241 623 2271; x_wconf 87' lang='lat' dir='ltr'>licuerit</span> <span class='ocrx_word' id='word_1_477' title='bbox 632 2261 640 2273; x_wconf 91' lang='lat'>‚</span> <span class='ocrx_word' id='word_1_478' title='bbox 662 2239 891 2279; x_wconf 86' lang='lat' dir='ltr'>sempiternum)</span> <span class='ocrx_word' id='word_1_479' title='bbox 902 2246 950 2269; x_wconf 88' lang='lat' dir='ltr'>tua</span> <span class='ocrx_word' id='word_1_480' title='bbox 961 2238 1010 2267; x_wconf 82' lang='lat' dir='ltr'>illa</span> <span class='ocrx_word' id='word_1_481' title='bbox 1020 2235 1158 2277; x_wconf 79' lang='lat' dir='ltr'>pestirera</span> 
     </span>
     <span class='ocr_line' id='line_1_54' title="bbox 202 2280 1158 2323; baseline -0.005 -11"><span class='ocrx_word' id='word_1_482' title='bbox 202 2283 350 2322; x_wconf 75' lang='lat' dir='ltr'>interceffio</span> <span class='ocrx_word' id='word_1_483' title='bbox 360 2282 578 2313; x_wconf 79' lang='lat' dir='ltr'>nominabitur.</span> <span class='ocrx_word' id='word_1_484' title='bbox 602 2280 683 2323; x_wconf 85' lang='lat' dir='ltr'>Qid</span> <span class='ocrx_word' id='word_1_485' title='bbox 693 2280 802 2320; x_wconf 74' lang='lat' dir='ltr'>cupide</span> <span class='ocrx_word' id='word_1_486' title='bbox 813 2280 828 2310; x_wconf 74' lang='lat' dir='ltr'>a</span> <span class='ocrx_word' id='word_1_487' title='bbox 839 2281 951 2312; x_wconf 86' lang='lat' dir='ltr'>senatu,</span> <span class='ocrx_word' id='word_1_488' title='bbox 962 2280 1035 2320; x_wconf 88' lang='lat' dir='ltr'>quid</span> <span class='ocrx_word' id='word_1_489' title='bbox 1045 2287 1158 2309; x_wconf 88' lang='lat' dir='ltr'>temere</span> 
     </span>
    </p>
   </div>
   <div class='ocr_carea' id='block_1_5' title="bbox 202 2319 1174 2358">
    <p class='ocr_par' dir='ltr' id='par_1_5' title="bbox 202 2319 1174 2358">
     <span class='ocr_line' id='line_1_55' title="bbox 202 2319 1174 2358; baseline -0.006 -3"><span class='ocrx_word' id='word_1_490' title='bbox 202 2323 291 2355; x_wconf 74' lang='lat' dir='ltr'>fiebat</span> <span class='ocrx_word' id='word_1_491' title='bbox 302 2345 309 2358; x_wconf 88' lang='lat'>‚</span> <span class='ocrx_word' id='word_1_492' title='bbox 324 2335 394 2355; x_wconf 89' lang='lat' dir='ltr'>cum</span> <span class='ocrx_word' id='word_1_493' title='bbox 406 2335 436 2355; x_wconf 89' lang='lat' dir='ltr'>tu</span> <span class='ocrx_word' id='word_1_494' title='bbox 448 2344 456 2358; x_wconf 86' lang='lat'>‚</span> <span class='ocrx_word' id='word_1_495' title='bbox 472 2334 551 2354; x_wconf 87' lang='lat' dir='ltr'>unus</span> <span class='ocrx_word' id='word_1_496' title='bbox 564 2323 733 2354; x_wconf 76' lang='lat' dir='ltr'>adolescens</span> <span class='ocrx_word' id='word_1_497' title='bbox 745 2342 753 2356; x_wconf 83' lang='lat'>‚</span> <span class='ocrx_word' id='word_1_498' title='bbox 768 2321 943 2351; x_wconf 86' lang='lat' dir='ltr'>universum</span> <span class='ocrx_word' id='word_1_499' title='bbox 954 2321 1095 2350; x_wconf 85' lang='lat' dir='ltr'>ordinem</span> <span class='ocrx_word' id='word_1_500' title='bbox 1106 2319 1158 2349; x_wconf 80' lang='lat' dir='ltr'>de·</span> <span class='ocrx_word' id='word_1_501' title='bbox 1171 2322 1174 2328; x_wconf 82' lang='grc'>’</span> 
     </span>
    </p>
   </div>
   <div class='ocr_carea' id='block_1_6' title="bbox 202 2360 1158 2574">
    <p class='ocr_par' dir='ltr' id='par_1_6' title="bbox 202 2360 1158 2574">
     <span class='ocr_line' id='line_1_56' title="bbox 202 2360 1157 2406; baseline -0.007 -9"><span class='ocrx_word' id='word_1_502' title='bbox 202 2376 323 2397; x_wconf 80' lang='lat' dir='ltr'>cernere</span> <span class='ocrx_word' id='word_1_503' title='bbox 333 2366 369 2396; x_wconf 91' lang='lat' dir='ltr'>de</span> <span class='ocrx_word' id='word_1_504' title='bbox 380 2367 469 2397; x_wconf 76' lang='lat' dir='ltr'>salute</span> <span class='ocrx_word' id='word_1_505' title='bbox 481 2367 551 2405; x_wconf 79' lang='lat' dir='ltr'>reip.</span> <span class='ocrx_word' id='word_1_506' title='bbox 562 2362 743 2406; x_wconf 87' lang='lat' dir='ltr'>prohibuisti</span> <span class='ocrx_word' id='word_1_507' title='bbox 754 2367 764 2388; x_wconf 66' lang='grc' dir='ltr'><strong><em>ἔ</em></strong></span> <span class='ocrx_word' id='word_1_508' title='bbox 774 2373 869 2402; x_wconf 91' lang='lat' dir='ltr'>neque</span> <span class='ocrx_word' id='word_1_509' title='bbox 880 2363 909 2392; x_wconf 90' lang='lat' dir='ltr'>id</span> <span class='ocrx_word' id='word_1_510' title='bbox 921 2362 1013 2392; x_wconf 89' lang='lat' dir='ltr'>semel</span> <span class='ocrx_word' id='word_1_511' title='bbox 1025 2382 1033 2394; x_wconf 85' lang='lat'>‚</span> <span class='ocrx_word' id='word_1_512' title='bbox 1045 2360 1094 2391; x_wconf 87' lang='lat' dir='ltr'>sed</span> <span class='ocrx_word' id='word_1_513' title='bbox 1106 2361 1157 2390; x_wconf 85' lang='lat' dir='ltr'>sae-</span> 
     </span>
     <span class='ocr_line' id='line_1_57' title="bbox 203 2401 1156 2450; baseline -0.008 -11"><span class='ocrx_word' id='word_1_514' title='bbox 203 2411 293 2450; x_wconf 85' lang='lat' dir='ltr'>pius?</span> <span class='ocrx_word' id='word_1_515' title='bbox 314 2418 410 2450; x_wconf 88' lang='lat' dir='ltr'>neque</span> <span class='ocrx_word' id='word_1_516' title='bbox 426 2417 457 2438; x_wconf 90' lang='lat' dir='ltr'>tu</span> <span class='ocrx_word' id='word_1_517' title='bbox 474 2417 572 2438; x_wconf 88' lang='lat' dir='ltr'>tecum</span> <span class='ocrx_word' id='word_1_518' title='bbox 588 2406 624 2436; x_wconf 80' lang='lat' dir='ltr'>de</span> <span class='ocrx_word' id='word_1_519' title='bbox 641 2407 755 2436; x_wconf 80' lang='lat' dir='ltr'>senatus</span> <span class='ocrx_word' id='word_1_520' title='bbox 767 2404 942 2435; x_wconf 62' lang='lat' dir='ltr'>auctoritate</span> <span class='ocrx_word' id='word_1_521' title='bbox 951 2405 995 2444; x_wconf 80' lang='lat' dir='ltr'>agi</span> <span class='ocrx_word' id='word_1_522' title='bbox 1005 2401 1102 2442; x_wconf 72' lang='lat' dir='ltr'>passus</span> <span class='ocrx_word' id='word_1_523' title='bbox 1110 2405 1156 2431; x_wconf 80' lang='lat' dir='ltr'>es?</span> 
     </span>
     <span class='ocr_line' id='line_1_58' title="bbox 202 2442 1158 2491; baseline -0.009 -10"><span class='ocrx_word' id='word_1_524' title='bbox 202 2451 275 2491; x_wconf 76' lang='lat' dir='ltr'>quid</span> <span class='ocrx_word' id='word_1_525' title='bbox 286 2459 386 2480; x_wconf 89' lang='lat' dir='ltr'>autem</span> <span class='ocrx_word' id='word_1_526' title='bbox 397 2450 532 2491; x_wconf 82' lang='lat' dir='ltr'>agebatur</span> <span class='ocrx_word' id='word_1_527' title='bbox 543 2470 550 2482; x_wconf 93' lang='lat'>,</span> <span class='ocrx_word' id='word_1_528' title='bbox 563 2447 618 2478; x_wconf 80' lang='lat' dir='ltr'>nisi</span> <span class='ocrx_word' id='word_1_529' title='bbox 628 2457 666 2477; x_wconf 91' lang='lat' dir='ltr'>ne</span> <span class='ocrx_word' id='word_1_530' title='bbox 676 2447 784 2480; x_wconf 80' lang='lat' dir='ltr'>delere,</span> <span class='ocrx_word' id='word_1_531' title='bbox 796 2446 828 2476; x_wconf 69' lang='grc' dir='ltr'>ὃς</span> <span class='ocrx_word' id='word_1_532' title='bbox 840 2454 969 2476; x_wconf 87' lang='lat' dir='ltr'>evertere</span> <span class='ocrx_word' id='word_1_533' title='bbox 980 2453 1076 2484; x_wconf 84' lang='lat' dir='ltr'>remp.</span> <span class='ocrx_word' id='word_1_534' title='bbox 1087 2442 1158 2472; x_wconf 91' lang='lat' dir='ltr'>fun—</span> 
     </span>
     <span class='ocr_line' id='line_1_59' title="bbox 204 2485 1157 2531; baseline -0.008 -9"><span class='ocrx_word' id='word_1_535' title='bbox 204 2493 285 2522; x_wconf 85' lang='lat' dir='ltr'>ditus</span> <span class='ocrx_word' id='word_1_536' title='bbox 295 2492 387 2522; x_wconf 89' lang='lat' dir='ltr'>velles</span> <span class='ocrx_word' id='word_1_537' title='bbox 399 2512 407 2526; x_wconf 90' lang='lat'>,</span> <span class='ocrx_word' id='word_1_538' title='bbox 418 2491 490 2522; x_wconf 79' lang='lat' dir='ltr'>cum</span> <span class='ocrx_word' id='word_1_539' title='bbox 501 2501 528 2521; x_wconf 89' lang='lat' dir='ltr'>te</span> <span class='ocrx_word' id='word_1_540' title='bbox 540 2500 636 2531; x_wconf 81' lang='lat' dir='ltr'>neque</span> <span class='ocrx_word' id='word_1_541' title='bbox 644 2490 792 2529; x_wconf 84' lang='lat' dir='ltr'>principes</span> <span class='ocrx_word' id='word_1_542' title='bbox 802 2489 930 2518; x_wconf 86' lang='lat' dir='ltr'>civitatis</span> <span class='ocrx_word' id='word_1_543' title='bbox 940 2485 1072 2528; x_wconf 79' lang='lat' dir='ltr'>rogando</span> <span class='ocrx_word' id='word_1_544' title='bbox 1083 2505 1091 2519; x_wconf 85' lang='lat'>‚</span> <span class='ocrx_word' id='word_1_545' title='bbox 1105 2494 1157 2514; x_wconf 91' lang='lat' dir='ltr'>ne-</span> 
     </span>
     <span class='ocr_line' id='line_1_60' title="bbox 203 2528 1158 2574; baseline -0.007 -10"><span class='ocrx_word' id='word_1_546' title='bbox 203 2543 262 2574; x_wconf 73' lang='lat' dir='ltr'>que</span> <span class='ocrx_word' id='word_1_547' title='bbox 285 2535 412 2574; x_wconf 74' lang='lat' dir='ltr'>majores</span> <span class='ocrx_word' id='word_1_548' title='bbox 432 2543 504 2564; x_wconf 74' lang='lat' dir='ltr'>natu</span> <span class='ocrx_word' id='word_1_549' title='bbox 526 2532 684 2563; x_wconf 84' lang='lat' dir='ltr'>monendo</span> <span class='ocrx_word' id='word_1_550' title='bbox 703 2550 712 2565; x_wconf 87' lang='lat'>‚</span> <span class='ocrx_word' id='word_1_551' title='bbox 741 2534 753 2558; x_wconf 85' lang='lat'>5</span> <span class='ocrx_word' id='word_1_552' title='bbox 762 2539 857 2572; x_wconf 85' lang='lat' dir='ltr'>neque</span> <span class='ocrx_word' id='word_1_553' title='bbox 879 2529 1020 2571; x_wconf 77' lang='lat' dir='ltr'>frequens</span> <span class='ocrx_word' id='word_1_554' title='bbox 1042 2528 1158 2558; x_wconf 87' lang='lat' dir='ltr'>senatus</span> 
     </span>
    </p>
   </div>
   <div class='ocr_carea' id='block_1_7' title="bbox 192 2395 201 2407">
    <p class='ocr_par' dir='ltr' id='par_1_7' title="bbox 192 2395 201 2407">
     <span class='ocr_line' id='line_1_61' title="bbox 192 2395 201 2407; baseline 0 0"><span class='ocrx_word' id='word_1_555' title='bbox 192 2395 201 2407; x_wconf 67' lang='grc' dir='ltr'>ἱ</span> 
     </span>
    </p>
   </div>
   <div class='ocr_carea' id='block_1_8' title="bbox 216 2620 1733 2664">
    <p class='ocr_par' dir='ltr' id='par_1_8' title="bbox 216 2620 1733 2664">
     <span class='ocr_line' id='line_1_62' title="bbox 216 2620 1733 2664; baseline -0.005 -8"><span class='ocrx_word' id='word_1_556' title='bbox 216 2656 219 2661; x_wconf 68' lang='lat'>.</span> <span class='ocrx_word' id='word_1_557' title='bbox 246 2640 268 2656; x_wconf 83' lang='lat' dir='ltr'>i.</span> <span class='ocrx_word' id='word_1_558' title='bbox 279 2632 331 2656; x_wconf 55' lang='lat' dir='ltr'>Iade</span> <span class='ocrx_word' id='word_1_559' title='bbox 340 2639 398 2657; x_wconf 75' lang='lat' dir='ltr'>num</span> <span class='ocrx_word' id='word_1_560' title='bbox 407 2631 606 2661; x_wconf 51' lang='lat' dir='ltr'>(Alexandrum,</span> <span class='ocrx_word' id='word_1_561' title='bbox 616 2631 684 2664; x_wconf 54' lang='lat' dir='ltr'>dnn]</span> <span class='ocrx_word' id='word_1_562' title='bbox 698 2630 763 2656; x_wconf 72' lang='lat' dir='ltr'>l’all.</span> <span class='ocrx_word' id='word_1_563' title='bbox 777 2631 804 2655; x_wconf 65' lang='grc' dir='ltr'>ὃ(</span> <span class='ocrx_word' id='word_1_564' title='bbox 816 2630 904 2655; x_wconf 83' lang='lat' dir='ltr'>Maur.</span> <span class='ocrx_word' id='word_1_565' title='bbox 914 2630 1003 2659; x_wconf 80' lang='lat' dir='ltr'>itcr‚ut</span> <span class='ocrx_word' id='word_1_566' title='bbox 1013 2627 1092 2653; x_wconf 80' lang='lat' dir='ltr'>etiam</span> <span class='ocrx_word' id='word_1_567' title='bbox 1103 2625 1160 2652; x_wconf 85' lang='lat' dir='ltr'>cdi·</span> <span class='ocrx_word' id='word_1_568' title='bbox 1200 2626 1290 2652; x_wconf 77' lang='lat' dir='ltr'>Maur.</span> <span class='ocrx_word' id='word_1_569' title='bbox 1301 2620 1525 2661; x_wconf 73' lang='lat' dir='ltr'>quemadmodum</span> <span class='ocrx_word' id='word_1_570' title='bbox 1536 2625 1564 2650; x_wconf 80' lang='lat'>&amp;</span> <span class='ocrx_word' id='word_1_571' title='bbox 1575 2623 1733 2651; x_wconf 78' lang='lat' dir='ltr'>Ferrariani.</span> 
     </span>
    </p>
   </div>
   <div class='ocr_carea' id='block_1_9' title="bbox 205 2662 1166 3240">
    <p class='ocr_par' dir='ltr' id='par_1_9' title="bbox 205 2662 795 2702">
     <span class='ocr_line' id='line_1_63' title="bbox 205 2662 795 2702; baseline 0.003 -12"><span class='ocrx_word' id='word_1_572' title='bbox 205 2662 245 2692; x_wconf 62' lang='lat' dir='ltr'>dia</span> <span class='ocrx_word' id='word_1_573' title='bbox 258 2667 412 2699; x_wconf 67' lang='lat' dir='ltr'>Lambinus,</span> <span class='ocrx_word' id='word_1_574' title='bbox 425 2676 508 2702; x_wconf 71' lang='lat' dir='ltr'>neque</span> <span class='ocrx_word' id='word_1_575' title='bbox 520 2666 599 2693; x_wconf 49' lang='lat' dir='ltr'>alnei*</span> <span class='ocrx_word' id='word_1_576' title='bbox 609 2666 692 2692; x_wconf 74' lang='lat' dir='ltr'>editio</span> <span class='ocrx_word' id='word_1_577' title='bbox 703 2666 795 2701; x_wconf 77' lang='lat' dir='ltr'>prima.</span> 
     </span>
    </p>

    <p class='ocr_par' dir='ltr' id='par_1_10' title="bbox 207 2697 1162 2809">
     <span class='ocr_line' id='line_1_64' title="bbox 243 2697 1160 2736; baseline -0.004 -8"><span class='ocrx_word' id='word_1_578' title='bbox 243 2711 270 2728; x_wconf 86' lang='lat'>2.</span> <span class='ocrx_word' id='word_1_579' title='bbox 290 2706 392 2735; x_wconf 57' lang='lat' dir='ltr'>*st-prius</span> <span class='ocrx_word' id='word_1_580' title='bbox 401 2703 658 2736; x_wconf 56' lang='lat' dir='ltr'>adparentemrumn.)</span> <span class='ocrx_word' id='word_1_581' title='bbox 681 2702 723 2728; x_wconf 73' lang='lat' dir='ltr'>Est</span> <span class='ocrx_word' id='word_1_582' title='bbox 735 2703 748 2727; x_wconf 81' lang='lat' dir='ltr'>a</span> <span class='ocrx_word' id='word_1_583' title='bbox 761 2699 910 2727; x_wconf 76' lang='lat' dir='ltr'>Euchaiiani</span> <span class='ocrx_word' id='word_1_584' title='bbox 921 2697 1082 2734; x_wconf 53' lang='lat' dir='ltr'>conjeciura.</span> <span class='ocrx_word' id='word_1_585' title='bbox 1100 2706 1160 2725; x_wconf 82' lang='lat' dir='ltr'>nam</span> 
     </span>
     <span class='ocr_line' id='line_1_65' title="bbox 207 2735 1162 2772; baseline -0.002 -10"><span class='ocrx_word' id='word_1_586' title='bbox 207 2737 264 2764; x_wconf 71' lang='lat' dir='ltr'>rul&#39;.</span> <span class='ocrx_word' id='word_1_587' title='bbox 285 2739 405 2764; x_wconf 72' lang='lat' dir='ltr'>meliores</span> <span class='ocrx_word' id='word_1_588' title='bbox 421 2746 544 2772; x_wconf 68' lang='lat' dir='ltr'>parentem</span> <span class='ocrx_word' id='word_1_589' title='bbox 562 2746 638 2764; x_wconf 72' lang='lat' dir='ltr'>munz.</span> <span class='ocrx_word' id='word_1_590' title='bbox 665 2737 767 2772; x_wconf 76' lang='lat' dir='ltr'>vulgati</span> <span class='ocrx_word' id='word_1_591' title='bbox 790 2756 799 2769; x_wconf 86' lang='lat'>,</span> <span class='ocrx_word' id='word_1_592' title='bbox 822 2744 916 2769; x_wconf 74' lang='lat' dir='ltr'>patrem</span> <span class='ocrx_word' id='word_1_593' title='bbox 934 2743 1010 2761; x_wconf 82' lang='lat' dir='ltr'>mum.</span> <span class='ocrx_word' id='word_1_594' title='bbox 1039 2735 1162 2762; x_wconf 85' lang='lat' dir='ltr'>Muretus</span> 
     </span>
     <span class='ocr_line' id='line_1_66' title="bbox 208 2774 936 2809; baseline -0.005 -9"><span class='ocrx_word' id='word_1_595' title='bbox 208 2774 255 2800; x_wconf 79' lang='lat' dir='ltr'>lib.</span> <span class='ocrx_word' id='word_1_596' title='bbox 268 2782 344 2800; x_wconf 60' lang='lat' dir='ltr'>xiix.</span> <span class='ocrx_word' id='word_1_597' title='bbox 356 2776 416 2800; x_wconf 78' lang='lat' dir='ltr'>Var.</span> <span class='ocrx_word' id='word_1_598' title='bbox 429 2774 492 2800; x_wconf 57' lang='lat' dir='ltr'>leci.</span> <span class='ocrx_word' id='word_1_599' title='bbox 503 2783 559 2809; x_wconf 77' lang='lat' dir='ltr'>cap.</span> <span class='ocrx_word' id='word_1_600' title='bbox 569 2775 596 2799; x_wconf 88' lang='lat'>6.</span> <span class='ocrx_word' id='word_1_601' title='bbox 607 2774 715 2805; x_wconf 65' lang='lat' dir='ltr'>coniicit</span> <span class='ocrx_word' id='word_1_602' title='bbox 724 2780 851 2799; x_wconf 75' lang='lat' dir='ltr'>amatorem</span> <span class='ocrx_word' id='word_1_603' title='bbox 860 2780 936 2797; x_wconf 77' lang='lat' dir='ltr'>tuum.</span> 
     </span>
    </p>

    <p class='ocr_par' dir='ltr' id='par_1_11' title="bbox 208 2805 1166 3019">
     <span class='ocr_line' id='line_1_67' title="bbox 249 2805 1163 2844; baseline -0.003 -10"><span class='ocrx_word' id='word_1_604' title='bbox 249 2818 261 2844; x_wconf 87' lang='lat'><em>3</em></span> <span class='ocrx_word' id='word_1_605' title='bbox 271 2830 275 2834; x_wconf 92' lang='lat'>.</span> <span class='ocrx_word' id='word_1_606' title='bbox 296 2812 375 2841; x_wconf 64' lang='lat' dir='ltr'>Prflea</span> <span class='ocrx_word' id='word_1_607' title='bbox 384 2811 564 2843; x_wconf 65' lang='lat' dir='ltr'>custodirmjizm</span> <span class='ocrx_word' id='word_1_608' title='bbox 575 2809 589 2835; x_wconf 69' lang='lat' dir='ltr'>fi</span> <span class='ocrx_word' id='word_1_609' title='bbox 601 2820 646 2841; x_wconf 66' lang='lat' dir='ltr'>me,</span> <span class='ocrx_word' id='word_1_610' title='bbox 655 2805 683 2834; x_wconf 55' lang='lat' dir='ltr'>&#39;m</span> <span class='ocrx_word' id='word_1_611' title='bbox 692 2812 706 2835; x_wconf 60' lang='grc' dir='ltr'>,ἃ</span> <span class='ocrx_word' id='word_1_612' title='bbox 718 2819 751 2834; x_wconf 83' lang='lat' dir='ltr'>mc</span> <span class='ocrx_word' id='word_1_613' title='bbox 760 2808 923 2843; x_wconf 46' lang='lat' dir='ltr'>observatum]</span> <span class='ocrx_word' id='word_1_614' title='bbox 936 2808 976 2833; x_wconf 81' lang='lat' dir='ltr'>lta</span> <span class='ocrx_word' id='word_1_615' title='bbox 986 2805 1094 2843; x_wconf 82' lang='lat' dir='ltr'>quidem</span> <span class='ocrx_word' id='word_1_616' title='bbox 1106 2805 1163 2832; x_wconf 82' lang='lat' dir='ltr'>Pal.</span> 
     </span>
     <span class='ocr_line' id='line_1_68' title="bbox 210 2841 1164 2881; baseline -0.004 -10"><span class='ocrx_word' id='word_1_617' title='bbox 210 2852 252 2881; x_wconf 39' lang='lat' dir='ltr'>pff.</span> <span class='ocrx_word' id='word_1_618' title='bbox 264 2844 305 2871; x_wconf 63' lang='lat' dir='ltr'>l‘etl</span> <span class='ocrx_word' id='word_1_619' title='bbox 317 2846 448 2879; x_wconf 58' lang='lat' dir='ltr'>s.·c,s0st;a</span> <span class='ocrx_word' id='word_1_620' title='bbox 460 2845 561 2871; x_wconf 51' lang='lat' dir='ltr'>cultus&amp;</span> <span class='ocrx_word' id='word_1_621' title='bbox 572 2854 601 2872; x_wconf 82' lang='lat' dir='ltr'>te.</span> <span class='ocrx_word' id='word_1_622' title='bbox 625 2845 694 2881; x_wconf 86' lang='lat' dir='ltr'>quod</span> <span class='ocrx_word' id='word_1_623' title='bbox 707 2846 733 2871; x_wconf 66' lang='grc' dir='ltr'>ξε</span> <span class='ocrx_word' id='word_1_624' title='bbox 747 2845 773 2871; x_wconf 87' lang='lat' dir='ltr'>iii</span> <span class='ocrx_word' id='word_1_625' title='bbox 787 2854 838 2871; x_wconf 87' lang='lat' dir='ltr'>uno</span> <span class='ocrx_word' id='word_1_626' title='bbox 850 2843 963 2871; x_wconf 79' lang='lat' dir='ltr'>Ferrarii</span> <span class='ocrx_word' id='word_1_627' title='bbox 976 2862 984 2875; x_wconf 87' lang='lat'>‚</span> <span class='ocrx_word' id='word_1_628' title='bbox 1004 2851 1088 2878; x_wconf 83' lang='lat' dir='ltr'>neque</span> <span class='ocrx_word' id='word_1_629' title='bbox 1099 2841 1164 2868; x_wconf 82' lang='lat' dir='ltr'>milii</span> 
     </span>
     <span class='ocr_line' id='line_1_69' title="bbox 208 2878 1164 2918; baseline -0.005 -10"><span class='ocrx_word' id='word_1_630' title='bbox 208 2881 350 2908; x_wconf 51' lang='lat' dir='ltr'>aimonium</span> <span class='ocrx_word' id='word_1_631' title='bbox 362 2881 480 2917; x_wconf 69' lang='lat' dir='ltr'>duplicet</span> <span class='ocrx_word' id='word_1_632' title='bbox 496 2892 501 2908; x_wconf 89' lang='lat'>:</span> <span class='ocrx_word' id='word_1_633' title='bbox 520 2882 641 2917; x_wconf 72' lang='lat' dir='ltr'>quamvis</span> <span class='ocrx_word' id='word_1_634' title='bbox 651 2892 699 2918; x_wconf 81' lang='lat' dir='ltr'>pro</span> <span class='ocrx_word' id='word_1_635' title='bbox 720 2881 826 2916; x_wconf 71' lang='lat' dir='ltr'>vulgato</span> <span class='ocrx_word' id='word_1_636' title='bbox 846 2887 946 2917; x_wconf 85' lang='lat' dir='ltr'>pugnet</span> <span class='ocrx_word' id='word_1_637' title='bbox 955 2878 1117 2905; x_wconf 80' lang='lat' dir='ltr'>Gulielmius</span> <span class='ocrx_word' id='word_1_638' title='bbox 1137 2878 1164 2904; x_wconf 89' lang='lat' dir='ltr'>iu</span> 
     </span>
     <span class='ocr_line' id='line_1_70' title="bbox 210 2914 1165 2952; baseline -0.005 -8"><span class='ocrx_word' id='word_1_639' title='bbox 210 2916 356 2944; x_wconf 61' lang='lat' dir='ltr'>Asinariam</span> <span class='ocrx_word' id='word_1_640' title='bbox 371 2919 515 2944; x_wconf 66' lang='lat' dir='ltr'>Plautinum</span> <span class='ocrx_word' id='word_1_641' title='bbox 528 2927 584 2952; x_wconf 67' lang='lat' dir='ltr'>cap.</span> <span class='ocrx_word' id='word_1_642' title='bbox 598 2927 622 2950; x_wconf 85' lang='lat'>5.</span> <span class='ocrx_word' id='word_1_643' title='bbox 641 2919 762 2944; x_wconf 76' lang='lat' dir='ltr'>Muretus</span> <span class='ocrx_word' id='word_1_644' title='bbox 775 2917 821 2943; x_wconf 82' lang='lat' dir='ltr'>lib.</span> <span class='ocrx_word' id='word_1_645' title='bbox 834 2914 1127 2950; x_wconf 64' lang='lat' dir='ltr'>X11x.Var.leCi.cap.</span> <span class='ocrx_word' id='word_1_646' title='bbox 1138 2922 1165 2945; x_wconf 94' lang='lat'>7.</span> 
     </span>
     <span class='ocr_line' id='line_1_71' title="bbox 218 2949 1166 2986; baseline -0.003 -7"><span class='ocrx_word' id='word_1_647' title='bbox 218 2952 282 2979; x_wconf 61' lang='lat' dir='ltr'>’uod</span> <span class='ocrx_word' id='word_1_648' title='bbox 303 2953 439 2979; x_wconf 56' lang='lat' dir='ltr'>iuvenuit-t</span> <span class='ocrx_word' id='word_1_649' title='bbox 457 2954 483 2980; x_wconf 85' lang='lat' dir='ltr'>in</span> <span class='ocrx_word' id='word_1_650' title='bbox 495 2963 547 2980; x_wconf 84' lang='lat' dir='ltr'>uno</span> <span class='ocrx_word' id='word_1_651' title='bbox 558 2952 604 2979; x_wconf 85' lang='lat' dir='ltr'>nis.</span> <span class='ocrx_word' id='word_1_652' title='bbox 615 2956 698 2980; x_wconf 74' lang='lat' dir='ltr'>beatus</span> <span class='ocrx_word' id='word_1_653' title='bbox 709 2973 717 2986; x_wconf 87' lang='lat'><em>‚</em></span> <span class='ocrx_word' id='word_1_654' title='bbox 736 2953 762 2980; x_wconf 86' lang='lat' dir='ltr'>iii</span> <span class='ocrx_word' id='word_1_655' title='bbox 775 2953 859 2979; x_wconf 79' lang='lat' dir='ltr'>altero</span> <span class='ocrx_word' id='word_1_656' title='bbox 876 2958 963 2978; x_wconf 60' lang='lat' dir='ltr'>ovatus</span> <span class='ocrx_word' id='word_1_657' title='bbox 975 2969 984 2984; x_wconf 86' lang='lat'>‚</span> <span class='ocrx_word' id='word_1_658' title='bbox 997 2949 1166 2985; x_wconf 75' lang='lat' dir='ltr'>conjiciebat,</span> 
     </span>
     <span class='ocr_line' id='line_1_72' title="bbox 208 2963 695 3019; baseline -0.006 -5"><span class='ocrx_word' id='word_1_659' title='bbox 208 2963 354 3018; x_wconf 40' lang='lat' dir='ltr'>abluatur.</span> <span class='ocrx_word' id='word_1_660' title='bbox 690 3013 695 3019; x_wconf 46' lang='grc'><strong>,</strong></span> 
     </span>
    </p>

    <p class='ocr_par' dir='ltr' id='par_1_12' title="bbox 213 3022 1165 3096">
     <span class='ocr_line' id='line_1_73' title="bbox 247 3022 1165 3061; baseline 0 -12"><span class='ocrx_word' id='word_1_661' title='bbox 247 3033 275 3058; x_wconf 84' lang='lat'>4.</span> <span class='ocrx_word' id='word_1_662' title='bbox 295 3025 362 3057; x_wconf 58' lang='lat' dir='ltr'>Qvi!</span> <span class='ocrx_word' id='word_1_663' title='bbox 368 3027 393 3049; x_wconf 83' lang='lat' dir='ltr'>in</span> <span class='ocrx_word' id='word_1_664' title='bbox 403 3026 482 3056; x_wconf 76' lang='lat' dir='ltr'>hostem</span> <span class='ocrx_word' id='word_1_665' title='bbox 492 3031 591 3058; x_wconf 75' lang='lat' dir='ltr'>rogatum</span> <span class='ocrx_word' id='word_1_666' title='bbox 601 3026 693 3052; x_wconf 69' lang='lat' dir='ltr'>decerni</span> <span class='ocrx_word' id='word_1_667' title='bbox 703 3024 825 3059; x_wconf 59' lang='lat' dir='ltr'>fhlimms]</span> <span class='ocrx_word' id='word_1_668' title='bbox 847 3023 971 3061; x_wconf 71' lang='lat' dir='ltr'>Explicat</span> <span class='ocrx_word' id='word_1_669' title='bbox 981 3022 1104 3050; x_wconf 73' lang='lat' dir='ltr'>schottus</span> <span class='ocrx_word' id='word_1_670' title='bbox 1117 3032 1165 3050; x_wconf 88' lang='lat' dir='ltr'>uo-</span> 
     </span>
     <span class='ocr_line' id='line_1_74' title="bbox 213 3059 425 3096; baseline -0.005 -9"><span class='ocrx_word' id='word_1_671' title='bbox 213 3060 264 3087; x_wconf 81' lang='lat' dir='ltr'>stcr</span> <span class='ocrx_word' id='word_1_672' title='bbox 275 3059 302 3086; x_wconf 85' lang='lat' dir='ltr'>d.</span> <span class='ocrx_word' id='word_1_673' title='bbox 314 3070 368 3096; x_wconf 73' lang='lat' dir='ltr'>cap.</span> <span class='ocrx_word' id='word_1_674' title='bbox 384 3069 425 3086; x_wconf 75' lang='grc' dir='ltr'>ιι.</span> 
     </span>
    </p>

    <p class='ocr_par' dir='ltr' id='par_1_13' title="bbox 209 3093 1165 3203">
     <span class='ocr_line' id='line_1_75' title="bbox 251 3093 1165 3130; baseline -0.002 -8"><span class='ocrx_word' id='word_1_675' title='bbox 251 3106 274 3130; x_wconf 86' lang='lat'>5.</span> <span class='ocrx_word' id='word_1_676' title='bbox 297 3100 375 3130; x_wconf 43' lang='lat' dir='ltr'>Neque</span> <span class='ocrx_word' id='word_1_677' title='bbox 386 3097 498 3130; x_wconf 67' lang='lat' dir='ltr'>frequens</span> <span class='ocrx_word' id='word_1_678' title='bbox 506 3100 620 3127; x_wconf 66' lang='lat' dir='ltr'>Senarus,</span> <span class='ocrx_word' id='word_1_679' title='bbox 630 3097 697 3130; x_wconf 54' lang='lat' dir='ltr'>dnn]</span> <span class='ocrx_word' id='word_1_680' title='bbox 710 3096 787 3123; x_wconf 82' lang='lat' dir='ltr'>Nihil</span> <span class='ocrx_word' id='word_1_681' title='bbox 800 3102 875 3122; x_wconf 82' lang='lat' dir='ltr'>muto</span> <span class='ocrx_word' id='word_1_682' title='bbox 887 3106 892 3122; x_wconf 92' lang='lat'>:</span> <span class='ocrx_word' id='word_1_683' title='bbox 906 3094 947 3122; x_wconf 81' lang='lat' dir='ltr'>sed</span> <span class='ocrx_word' id='word_1_684' title='bbox 959 3103 1047 3122; x_wconf 82' lang='lat' dir='ltr'>tamen</span> <span class='ocrx_word' id='word_1_685' title='bbox 1059 3095 1085 3121; x_wconf 83' lang='lat' dir='ltr'>iii</span> <span class='ocrx_word' id='word_1_686' title='bbox 1096 3093 1165 3120; x_wconf 86' lang='lat' dir='ltr'>duo-</span> 
     </span>
     <span class='ocr_line' id='line_1_76' title="bbox 212 3130 1165 3167; baseline -0.002 -9"><span class='ocrx_word' id='word_1_687' title='bbox 212 3132 258 3158; x_wconf 82' lang='lat' dir='ltr'>bus</span> <span class='ocrx_word' id='word_1_688' title='bbox 278 3132 350 3158; x_wconf 78' lang='lat' dir='ltr'>libris</span> <span class='ocrx_word' id='word_1_689' title='bbox 363 3141 420 3167; x_wconf 72' lang='lat' dir='ltr'>repe</span> <span class='ocrx_word' id='word_1_690' title='bbox 426 3132 458 3163; x_wconf 86' lang='lat' dir='ltr'>ri,</span> <span class='ocrx_word' id='word_1_691' title='bbox 467 3142 539 3166; x_wconf 68' lang='lat' dir='ltr'>neque</span> <span class='ocrx_word' id='word_1_692' title='bbox 547 3135 612 3157; x_wconf 56' lang='lat' dir='ltr'>Rom.</span> <span class='ocrx_word' id='word_1_693' title='bbox 623 3141 689 3165; x_wconf 74' lang='lat' dir='ltr'>eques</span> <span class='ocrx_word' id='word_1_694' title='bbox 699 3140 741 3157; x_wconf 75' lang='lat' dir='ltr'>aut</span> <span class='ocrx_word' id='word_1_695' title='bbox 752 3134 871 3165; x_wconf 62' lang='lat' dir='ltr'>sinatus-‚-</span> <span class='ocrx_word' id='word_1_696' title='bbox 893 3131 981 3167; x_wconf 84' lang='lat' dir='ltr'>inquit</span> <span class='ocrx_word' id='word_1_697' title='bbox 991 3130 1165 3158; x_wconf 75' lang='lat' dir='ltr'>Gulielmius.</span> 
     </span>
     <span class='ocr_line' id='line_1_77' title="bbox 209 3167 945 3203; baseline -0.003 -7"><span class='ocrx_word' id='word_1_698' title='bbox 209 3178 243 3196; x_wconf 76' lang='lat' dir='ltr'>ne</span> <span class='ocrx_word' id='word_1_699' title='bbox 264 3177 295 3194; x_wconf 82' lang='lat' dir='ltr'>ue</span> <span class='ocrx_word' id='word_1_700' title='bbox 305 3169 383 3194; x_wconf 75' lang='lat' dir='ltr'>aliter</span> <span class='ocrx_word' id='word_1_701' title='bbox 393 3167 453 3194; x_wconf 75' lang='lat' dir='ltr'>Pal.</span> <span class='ocrx_word' id='word_1_702' title='bbox 466 3177 506 3203; x_wconf 79' lang='lat' dir='ltr'>pr.</span> <span class='ocrx_word' id='word_1_703' title='bbox 517 3175 562 3194; x_wconf 86' lang='lat' dir='ltr'>aut</span> <span class='ocrx_word' id='word_1_704' title='bbox 573 3168 590 3192; x_wconf 83' lang='lat' dir='ltr'>ii</span> <span class='ocrx_word' id='word_1_705' title='bbox 602 3177 666 3203; x_wconf 76' lang='lat' dir='ltr'>quos</span> <span class='ocrx_word' id='word_1_706' title='bbox 677 3168 786 3194; x_wconf 79' lang='lat' dir='ltr'>excuilit</span> <span class='ocrx_word' id='word_1_707' title='bbox 797 3168 945 3194; x_wconf 79' lang='lat' dir='ltr'>Ferrarius.</span> 
     </span>
    </p>

    <p class='ocr_par' dir='ltr' id='par_1_14' title="bbox 247 3178 1164 3240">
     <span class='ocr_line' id='line_1_78' title="bbox 247 3178 1164 3240; baseline -0.003 -9"><span class='ocrx_word' id='word_1_708' title='bbox 247 3178 275 3231; x_wconf 59' lang='grc' dir='ltr'>ἓ.</span> <span class='ocrx_word' id='word_1_709' title='bbox 295 3204 491 3238; x_wconf 61' lang='lat' dir='ltr'>Circumfiriptm</span> <span class='ocrx_word' id='word_1_710' title='bbox 509 3202 524 3230; x_wconf 70' lang='grc' dir='ltr'><em>ἆ</em></span> <span class='ocrx_word' id='word_1_711' title='bbox 541 3208 630 3230; x_wconf 59' lang='lat' dir='ltr'>senatu</span> <span class='ocrx_word' id='word_1_712' title='bbox 649 3205 699 3238; x_wconf 76' lang='lat' dir='ltr'>tffit</span> <span class='ocrx_word' id='word_1_713' title='bbox 716 3204 861 3240; x_wconf 66' lang='lat' dir='ltr'>Antonius]</span> <span class='ocrx_word' id='word_1_714' title='bbox 883 3204 925 3232; x_wconf 87' lang='lat' dir='ltr'>Sic</span> <span class='ocrx_word' id='word_1_715' title='bbox 943 3203 971 3230; x_wconf 74' lang='lat'>8&lt;</span> <span class='ocrx_word' id='word_1_716' title='bbox 989 3202 1048 3232; x_wconf 84' lang='lat' dir='ltr'>Pal.</span> <span class='ocrx_word' id='word_1_717' title='bbox 1067 3202 1117 3230; x_wconf 76' lang='lat' dir='ltr'>sec.</span> <span class='ocrx_word' id='word_1_718' title='bbox 1134 3201 1164 3228; x_wconf 72' lang='grc' dir='ltr'>’δε</span> 
     </span>
    </p>
   </div>
   <div class='ocr_carea' id='block_1_10' title="bbox 349 2611 1587 2624">
    <p class='ocr_par' dir='ltr' id='par_1_15' title="bbox 349 2611 1587 2624">
     <span class='ocr_line' id='line_1_79' title="bbox 349 2611 1587 2624; baseline 0 776"><span class='ocrx_word' id='word_1_719' title='bbox 349 2611 1587 2624; x_wconf 95' lang='lat' dir='ltr'> </span> 
     </span>
    </p>
   </div>
   <div class='ocr_carea' id='block_1_11' title="bbox 1178 3229 1182 3236">
    <p class='ocr_par' dir='ltr' id='par_1_16' title="bbox 1178 3229 1182 3236">
     <span class='ocr_line' id='line_1_80' title="bbox 1178 3229 1182 3236; baseline 0 0"><span class='ocrx_word' id='word_1_720' title='bbox 1178 3229 1182 3236; x_wconf 61' lang='grc' dir='ltr'>ι</span> 
     </span>
    </p>
   </div>
   <div class='ocr_carea' id='block_1_12' title="bbox 1179 158 1722 210">
    <p class='ocr_par' dir='ltr' id='par_1_17' title="bbox 1179 158 1722 210">
     <span class='ocr_line' id='line_1_81' title="bbox 1179 158 1722 210; baseline 0.009 -7"><span class='ocrx_word' id='word_1_721' title='bbox 1179 158 1722 210; x_wconf 73' lang='lat' dir='ltr'>C1cERours</span> 
     </span>
    </p>
   </div>
   <div class='ocr_carea' id='block_1_13' title="bbox 1180 229 2142 446">
    <p class='ocr_par' dir='ltr' id='par_1_18' title="bbox 1180 229 2142 446">
     <span class='ocr_line' id='line_1_82' title="bbox 1180 229 2135 279; baseline 0.006 -17"><span class='ocrx_word' id='word_1_722' title='bbox 1180 230 1313 279; x_wconf 79' lang='lat' dir='ltr'>agendo,</span> <span class='ocrx_word' id='word_1_723' title='bbox 1326 229 1362 261; x_wconf 84' lang='lat' dir='ltr'>de</span> <span class='ocrx_word' id='word_1_724' title='bbox 1373 231 1493 279; x_wconf 78' lang='lat' dir='ltr'>vendita</span> <span class='ocrx_word' id='word_1_725' title='bbox 1505 253 1513 267; x_wconf 86' lang='lat'>‚</span> <span class='ocrx_word' id='word_1_726' title='bbox 1523 243 1609 275; x_wconf 88' lang='lat' dir='ltr'>atque</span> <span class='ocrx_word' id='word_1_727' title='bbox 1619 234 1878 278; x_wconf 60' lang='lat' dir='ltr'>addietafenrenria</span> <span class='ocrx_word' id='word_1_728' title='bbox 1889 244 2011 268; x_wconf 84' lang='lat' dir='ltr'>movere</span> <span class='ocrx_word' id='word_1_729' title='bbox 2020 236 2135 276; x_wconf 81' lang='lat' dir='ltr'>potuit?</span> 
     </span>
     <span class='ocr_line' id='line_1_83' title="bbox 1184 272 2140 321; baseline 0.005 -17"><span class='ocrx_word' id='word_1_730' title='bbox 1184 278 1268 321; x_wconf 78' lang='lat' dir='ltr'>Tum</span> <span class='ocrx_word' id='word_1_731' title='bbox 1278 272 1354 320; x_wconf 77' lang='lat' dir='ltr'>illud</span> <span class='ocrx_word' id='word_1_732' title='bbox 1364 293 1372 307; x_wconf 90' lang='lat'>,</span> <span class='ocrx_word' id='word_1_733' title='bbox 1387 273 1492 304; x_wconf 84' lang='lat' dir='ltr'>multis</span> <span class='ocrx_word' id='word_1_734' title='bbox 1503 275 1589 306; x_wconf 80' lang='lat' dir='ltr'>rebus</span> <span class='ocrx_word' id='word_1_735' title='bbox 1599 278 1666 309; x_wconf 74' lang='lat' dir='ltr'>ante</span> <span class='ocrx_word' id='word_1_736' title='bbox 1679 281 1796 310; x_wconf 84' lang='lat' dir='ltr'>tentatis</span> <span class='ocrx_word' id='word_1_737' title='bbox 1807 300 1815 314; x_wconf 83' lang='lat'><em>‚</em></span> <span class='ocrx_word' id='word_1_738' title='bbox 1831 277 1991 310; x_wconf 76' lang='lat' dir='ltr'>necefl&#39;arib</span> <span class='ocrx_word' id='word_1_739' title='bbox 2005 279 2059 309; x_wconf 90' lang='lat' dir='ltr'>tibi</span> <span class='ocrx_word' id='word_1_740' title='bbox 2069 279 2140 309; x_wconf 88' lang='lat' dir='ltr'>vul-</span> 
     </span>
     <span class='ocr_line' id='line_1_84' title="bbox 1184 314 2140 364; baseline 0.006 -20"><span class='ocrx_word' id='word_1_741' title='bbox 1184 325 1242 364; x_wconf 83' lang='lat' dir='ltr'>nus</span> <span class='ocrx_word' id='word_1_742' title='bbox 1262 314 1416 346; x_wconf 78' lang='lat' dir='ltr'>infliCtum</span> <span class='ocrx_word' id='word_1_743' title='bbox 1429 335 1437 348; x_wconf 78' lang='lat'><em>,</em></span> <span class='ocrx_word' id='word_1_744' title='bbox 1457 315 1538 356; x_wconf 92' lang='lat' dir='ltr'>quod</span> <span class='ocrx_word' id='word_1_745' title='bbox 1556 321 1655 357; x_wconf 83' lang='lat' dir='ltr'>paucis</span> <span class='ocrx_word' id='word_1_746' title='bbox 1673 330 1740 352; x_wconf 89' lang='lat' dir='ltr'>ante</span> <span class='ocrx_word' id='word_1_747' title='bbox 1758 330 1785 352; x_wconf 89' lang='lat' dir='ltr'>te</span> <span class='ocrx_word' id='word_1_748' title='bbox 1795 341 1803 355; x_wconf 88' lang='lat'>‚</span> <span class='ocrx_word' id='word_1_749' title='bbox 1824 331 1955 362; x_wconf 86' lang='lat' dir='ltr'>quorum</span> <span class='ocrx_word' id='word_1_750' title='bbox 1972 321 2140 351; x_wconf 79' lang='lat' dir='ltr'>incolumis</span> 
     </span>
     <span class='ocr_line' id='line_1_85' title="bbox 1185 356 2141 404; baseline 0.005 -17"><span class='ocrx_word' id='word_1_751' title='bbox 1185 356 1243 404; x_wconf 82' lang='lat' dir='ltr'>fuit</span> <span class='ocrx_word' id='word_1_752' title='bbox 1261 366 1362 404; x_wconf 82' lang='lat' dir='ltr'>nemo.</span> <span class='ocrx_word' id='word_1_753' title='bbox 1378 359 1470 404; x_wconf 31' lang='lat' dir='ltr'>’Tum</span> <span class='ocrx_word' id='word_1_754' title='bbox 1480 367 1581 388; x_wconf 83' lang='lat' dir='ltr'>contra</span> <span class='ocrx_word' id='word_1_755' title='bbox 1590 369 1617 390; x_wconf 86' lang='lat' dir='ltr'>te</span> <span class='ocrx_word' id='word_1_756' title='bbox 1628 360 1710 392; x_wconf 88' lang='lat' dir='ltr'>dedit</span> <span class='ocrx_word' id='word_1_757' title='bbox 1718 373 1799 393; x_wconf 85' lang='lat' dir='ltr'>arma</span> <span class='ocrx_word' id='word_1_758' title='bbox 1808 365 1855 393; x_wconf 87' lang='lat' dir='ltr'>hic</span> <span class='ocrx_word' id='word_1_759' title='bbox 1866 363 1939 393; x_wconf 87' lang='lat' dir='ltr'>ordo</span> <span class='ocrx_word' id='word_1_760' title='bbox 1952 362 2141 395; x_wconf 75' lang='lat' dir='ltr'>consulibus,</span> 
     </span>
     <span class='ocr_line' id='line_1_86' title="bbox 1185 399 2142 446; baseline 0.003 -17"><span class='ocrx_word' id='word_1_761' title='bbox 1185 399 1365 439; x_wconf 76' lang='lat' dir='ltr'>rchquisque</span> <span class='ocrx_word' id='word_1_762' title='bbox 1376 399 1513 438; x_wconf 73' lang='lat' dir='ltr'>imperiis</span> <span class='ocrx_word' id='word_1_763' title='bbox 1524 419 1533 433; x_wconf 79' lang='lat'>‚</span> <span class='ocrx_word' id='word_1_764' title='bbox 1553 400 1786 441; x_wconf 85' lang='lat' dir='ltr'>&amp;potestatibus</span> <span class='ocrx_word' id='word_1_765' title='bbox 1796 415 1802 434; x_wconf 91' lang='lat'>:</span> <span class='ocrx_word' id='word_1_766' title='bbox 1822 414 1888 446; x_wconf 83' lang='lat' dir='ltr'>quae</span> <span class='ocrx_word' id='word_1_767' title='bbox 1899 415 1965 435; x_wconf 89' lang='lat' dir='ltr'>non</span> <span class='ocrx_word' id='word_1_768' title='bbox 1975 401 2142 445; x_wconf 82' lang='lat' dir='ltr'>effugiffes:</span> 
     </span>
    </p>
   </div>
   <div class='ocr_carea' id='block_1_14' title="bbox 1187 483 2158 1941">
    <p class='ocr_par' dir='ltr' id='par_1_19' title="bbox 1187 483 2158 1941">
     <span class='ocr_line' id='line_1_87' title="bbox 1187 483 2142 528; baseline 0.004 -16"><span class='ocrx_word' id='word_1_769' title='bbox 1187 483 1322 516; x_wconf 85' lang='lat' dir='ltr'>Antoni,</span> <span class='ocrx_word' id='word_1_770' title='bbox 1345 483 1480 527; x_wconf 85' lang='lat' dir='ltr'>princeps</span> <span class='ocrx_word' id='word_1_771' title='bbox 1494 484 1638 515; x_wconf 81' lang='lat' dir='ltr'>C-Caesari</span> <span class='ocrx_word' id='word_1_772' title='bbox 1653 505 1662 520; x_wconf 86' lang='lat'>‚</span> <span class='ocrx_word' id='word_1_773' title='bbox 1685 488 1791 518; x_wconf 89' lang='lat' dir='ltr'>omnia</span> <span class='ocrx_word' id='word_1_774' title='bbox 1809 488 1975 528; x_wconf 87' lang='lat' dir='ltr'>perturbare</span> <span class='ocrx_word' id='word_1_775' title='bbox 1994 487 2142 527; x_wconf 84' lang='lat' dir='ltr'>cupienti,</span> 
     </span>
     <span class='ocr_line' id='line_1_88' title="bbox 1189 521 2144 572; baseline 0.005 -19"><span class='ocrx_word' id='word_1_776' title='bbox 1189 524 1303 571; x_wconf 53' lang='lat' dir='ltr'>caufimff</span> <span class='ocrx_word' id='word_1_777' title='bbox 1320 521 1384 570; x_wconf 51' lang='lat' dir='ltr'>bell(</span> <span class='ocrx_word' id='word_1_778' title='bbox 1398 533 1501 555; x_wconf 81' lang='lat' dir='ltr'>contra</span> <span class='ocrx_word' id='word_1_779' title='bbox 1517 527 1641 564; x_wconf 82' lang='lat' dir='ltr'>patriam</span> <span class='ocrx_word' id='word_1_780' title='bbox 1659 527 1809 559; x_wconf 85' lang='lat' dir='ltr'>inferendi</span> <span class='ocrx_word' id='word_1_781' title='bbox 1826 528 1943 560; x_wconf 86' lang='lat' dir='ltr'>dedisti.</span> <span class='ocrx_word' id='word_1_782' title='bbox 1966 529 2049 572; x_wconf 85' lang='lat' dir='ltr'>Qid</span> <span class='ocrx_word' id='word_1_783' title='bbox 2059 530 2144 558; x_wconf 88' lang='lat' dir='ltr'>enim</span> 
     </span>
     <span class='ocr_line' id='line_1_89' title="bbox 1188 565 2145 606; baseline 0.008 -11"><span class='ocrx_word' id='word_1_784' title='bbox 1188 565 1269 596; x_wconf 89' lang='lat' dir='ltr'>aliud</span> <span class='ocrx_word' id='word_1_785' title='bbox 1287 565 1339 595; x_wconf 87' lang='lat' dir='ltr'>ille</span> <span class='ocrx_word' id='word_1_786' title='bbox 1356 565 1492 596; x_wconf 75' lang='lat' dir='ltr'>dicebat?</span> <span class='ocrx_word' id='word_1_787' title='bbox 1510 576 1600 606; x_wconf 88' lang='lat' dir='ltr'>quam</span> <span class='ocrx_word' id='word_1_788' title='bbox 1609 569 1725 599; x_wconf 86' lang='lat' dir='ltr'>causam</span> <span class='ocrx_word' id='word_1_789' title='bbox 1735 568 2145 603; x_wconf 72' lang='lat' dir='ltr'>dementiffimisuiconsilii.</span> 
     </span>
     <span class='ocr_line' id='line_1_90' title="bbox 1191 605 2148 653; baseline 0.004 -15"><span class='ocrx_word' id='word_1_790' title='bbox 1191 608 1224 638; x_wconf 84' lang='lat'>&amp;</span> <span class='ocrx_word' id='word_1_791' title='bbox 1232 606 1303 638; x_wconf 62' lang='lat' dir='ltr'>facti</span> <span class='ocrx_word' id='word_1_792' title='bbox 1312 605 1450 638; x_wconf 83' lang='lat' dir='ltr'>afferebat</span> <span class='ocrx_word' id='word_1_793' title='bbox 1461 627 1469 640; x_wconf 91' lang='lat'>,</span> <span class='ocrx_word' id='word_1_794' title='bbox 1482 607 1536 637; x_wconf 84' lang='lat' dir='ltr'>nisi</span> <span class='ocrx_word' id='word_1_795' title='bbox 1546 609 1626 649; x_wconf 88' lang='lat' dir='ltr'>quod</span> <span class='ocrx_word' id='word_1_796' title='bbox 1637 611 1803 642; x_wconf 82' lang='lat' dir='ltr'>interceffio</span> <span class='ocrx_word' id='word_1_797' title='bbox 1814 611 1949 653; x_wconf 57' lang='lat' dir='ltr'>neglessia</span> <span class='ocrx_word' id='word_1_798' title='bbox 1960 632 1968 646; x_wconf 91' lang='lat'>‚</span> <span class='ocrx_word' id='word_1_799' title='bbox 1985 613 2035 651; x_wconf 87' lang='lat' dir='ltr'>jus</span> <span class='ocrx_word' id='word_1_800' title='bbox 2049 612 2148 642; x_wconf 85' lang='lat' dir='ltr'>tribu-</span> 
     </span>
     <span class='ocr_line' id='line_1_91' title="bbox 1189 647 2147 692; baseline 0.006 -14"><span class='ocrx_word' id='word_1_801' title='bbox 1189 651 1301 679; x_wconf 86' lang='lat' dir='ltr'>nitium</span> <span class='ocrx_word' id='word_1_802' title='bbox 1313 649 1461 679; x_wconf 83' lang='lat' dir='ltr'>sublatum</span> <span class='ocrx_word' id='word_1_803' title='bbox 1471 669 1479 683; x_wconf 88' lang='lat'>,</span> <span class='ocrx_word' id='word_1_804' title='bbox 1492 647 1508 669; x_wconf 76' lang='lat'><strong><em>⁶</em></strong></span> <span class='ocrx_word' id='word_1_805' title='bbox 1516 651 1753 692; x_wconf 87' lang='lat' dir='ltr'>circumscriptus</span> <span class='ocrx_word' id='word_1_806' title='bbox 1763 652 1778 683; x_wconf 76' lang='grc' dir='ltr'>ὲ</span> <span class='ocrx_word' id='word_1_807' title='bbox 1788 653 1888 683; x_wconf 84' lang='lat' dir='ltr'>senatu</span> <span class='ocrx_word' id='word_1_808' title='bbox 1898 651 1969 684; x_wconf 86' lang='lat' dir='ltr'>esset</span> <span class='ocrx_word' id='word_1_809' title='bbox 1978 655 2147 684; x_wconf 76' lang='lat' dir='ltr'>Antonius?</span> 
     </span>
     <span class='ocr_line' id='line_1_92' title="bbox 1191 690 2150 736; baseline 0.003 -14"><span class='ocrx_word' id='word_1_810' title='bbox 1191 692 1311 724; x_wconf 85' lang='lat' dir='ltr'>omitto,</span> <span class='ocrx_word' id='word_1_811' title='bbox 1322 690 1486 736; x_wconf 31' lang='lat' dir='ltr'>quamqhaec</span> <span class='ocrx_word' id='word_1_812' title='bbox 1494 691 1574 726; x_wconf 80' lang='lat' dir='ltr'>falsa,</span> <span class='ocrx_word' id='word_1_813' title='bbox 1586 693 1676 733; x_wconf 71' lang='lat' dir='ltr'>quam</span> <span class='ocrx_word' id='word_1_814' title='bbox 1687 694 1778 724; x_wconf 87' lang='lat' dir='ltr'>levia:</span> <span class='ocrx_word' id='word_1_815' title='bbox 1790 695 1952 734; x_wconf 81' lang='lat' dir='ltr'>praesertim</span> <span class='ocrx_word' id='word_1_816' title='bbox 1963 705 2033 725; x_wconf 88' lang='lat' dir='ltr'>cum</span> <span class='ocrx_word' id='word_1_817' title='bbox 2044 696 2150 725; x_wconf 88' lang='lat' dir='ltr'>omni-</span> 
     </span>
     <span class='ocr_line' id='line_1_93' title="bbox 1191 731 2152 776; baseline 0.004 -13"><span class='ocrx_word' id='word_1_818' title='bbox 1191 743 1232 763; x_wconf 91' lang='lat' dir='ltr'>no</span> <span class='ocrx_word' id='word_1_819' title='bbox 1244 733 1326 763; x_wconf 88' lang='lat' dir='ltr'>nulla</span> <span class='ocrx_word' id='word_1_820' title='bbox 1337 731 1431 763; x_wconf 80' lang='lat' dir='ltr'>causta</span> <span class='ocrx_word' id='word_1_821' title='bbox 1440 732 1517 772; x_wconf 83' lang='lat' dir='ltr'>justa</span> <span class='ocrx_word' id='word_1_822' title='bbox 1528 736 1667 775; x_wconf 86' lang='lat' dir='ltr'>cuiquam</span> <span class='ocrx_word' id='word_1_823' title='bbox 1682 734 1738 766; x_wconf 79' lang='lat' dir='ltr'>elle</span> <span class='ocrx_word' id='word_1_824' title='bbox 1753 734 1839 776; x_wconf 80' lang='lat' dir='ltr'>poffit</span> <span class='ocrx_word' id='word_1_825' title='bbox 1856 743 1950 765; x_wconf 80' lang='lat' dir='ltr'>contra</span> <span class='ocrx_word' id='word_1_826' title='bbox 1964 736 2090 775; x_wconf 80' lang='lat' dir='ltr'>patriam</span> <span class='ocrx_word' id='word_1_827' title='bbox 2101 746 2152 767; x_wconf 84' lang='lat' dir='ltr'>ar·-</span> 
     </span>
     <span class='ocr_line' id='line_1_94' title="bbox 1193 774 2150 815; baseline 0.003 -11"><span class='ocrx_word' id='word_1_828' title='bbox 1193 784 1242 805; x_wconf 87' lang='lat' dir='ltr'>ma</span> <span class='ocrx_word' id='word_1_829' title='bbox 1257 774 1404 815; x_wconf 85' lang='lat' dir='ltr'>capiendi.</span> <span class='ocrx_word' id='word_1_830' title='bbox 1436 775 1516 805; x_wconf 88' lang='lat' dir='ltr'>7Sed</span> <span class='ocrx_word' id='word_1_831' title='bbox 1535 777 1612 805; x_wconf 86' lang='lat' dir='ltr'>nihil</span> <span class='ocrx_word' id='word_1_832' title='bbox 1625 777 1746 807; x_wconf 75' lang='lat' dir='ltr'>Caesari:</span> <span class='ocrx_word' id='word_1_833' title='bbox 1767 778 1823 808; x_wconf 84' lang='lat' dir='ltr'>tibi</span> <span class='ocrx_word' id='word_1_834' title='bbox 1842 777 1922 808; x_wconf 67' lang='lat' dir='ltr'>certe</span> <span class='ocrx_word' id='word_1_835' title='bbox 1939 776 2150 807; x_wconf 75' lang='lat' dir='ltr'>confitendum</span> 
     </span>
     <span class='ocr_line' id='line_1_95' title="bbox 1191 816 2151 859; baseline 0.002 -13"><span class='ocrx_word' id='word_1_836' title='bbox 1191 816 1235 846; x_wconf 85' lang='lat' dir='ltr'>est</span> <span class='ocrx_word' id='word_1_837' title='bbox 1246 836 1254 850; x_wconf 90' lang='lat'><em>‚</em></span> <span class='ocrx_word' id='word_1_838' title='bbox 1273 816 1389 847; x_wconf 86' lang='lat' dir='ltr'>causam</span> <span class='ocrx_word' id='word_1_839' title='bbox 1404 816 1643 856; x_wconf 78' lang='lat' dir='ltr'>perniciosissimi</span> <span class='ocrx_word' id='word_1_840' title='bbox 1656 819 1729 849; x_wconf 87' lang='lat' dir='ltr'>belli</span> <span class='ocrx_word' id='word_1_841' title='bbox 1745 821 1777 849; x_wconf 89' lang='lat' dir='ltr'>in</span> <span class='ocrx_word' id='word_1_842' title='bbox 1786 820 1909 859; x_wconf 88' lang='lat' dir='ltr'>persona</span> <span class='ocrx_word' id='word_1_843' title='bbox 1918 828 1966 849; x_wconf 70' lang='lat' dir='ltr'>tua</span> <span class='ocrx_word' id='word_1_844' title='bbox 1975 816 2151 849; x_wconf 73' lang='lat' dir='ltr'>constitisse.</span> 
     </span>
     <span class='ocr_line' id='line_1_96' title="bbox 1194 856 2151 901; baseline 0.001 -13"><span class='ocrx_word' id='word_1_845' title='bbox 1194 860 1220 888; x_wconf 94' lang='lat' dir='ltr'>O</span> <span class='ocrx_word' id='word_1_846' title='bbox 1231 858 1372 888; x_wconf 86' lang='lat' dir='ltr'>miserum</span> <span class='ocrx_word' id='word_1_847' title='bbox 1383 867 1411 887; x_wconf 90' lang='lat' dir='ltr'>te</span> <span class='ocrx_word' id='word_1_848' title='bbox 1421 878 1429 890; x_wconf 87' lang='lat'><em>,</em></span> <span class='ocrx_word' id='word_1_849' title='bbox 1446 856 1466 887; x_wconf 88' lang='lat' dir='ltr'>si</span> <span class='ocrx_word' id='word_1_850' title='bbox 1477 859 1620 900; x_wconf 83' lang='lat' dir='ltr'>intelligis</span> <span class='ocrx_word' id='word_1_851' title='bbox 1632 870 1637 888; x_wconf 73' lang='grc' dir='ltr'>ι</span> <span class='ocrx_word' id='word_1_852' title='bbox 1658 861 1845 891; x_wconf 81' lang='lat' dir='ltr'>miseriorem</span> <span class='ocrx_word' id='word_1_853' title='bbox 1858 881 1866 894; x_wconf 91' lang='lat'>‚</span> <span class='ocrx_word' id='word_1_854' title='bbox 1887 859 1907 890; x_wconf 86' lang='lat' dir='ltr'>sl</span> <span class='ocrx_word' id='word_1_855' title='bbox 1919 870 1982 890; x_wconf 90' lang='lat' dir='ltr'>non</span> <span class='ocrx_word' id='word_1_856' title='bbox 1994 860 2151 901; x_wconf 85' lang='lat' dir='ltr'>intelligis,</span> 
     </span>
     <span class='ocr_line' id='line_1_97' title="bbox 1195 899 2153 942; baseline 0.002 -13"><span class='ocrx_word' id='word_1_857' title='bbox 1195 900 1253 930; x_wconf 89' lang='lat' dir='ltr'>hoc</span> <span class='ocrx_word' id='word_1_858' title='bbox 1263 900 1367 930; x_wconf 88' lang='lat' dir='ltr'>litteris</span> <span class='ocrx_word' id='word_1_859' title='bbox 1378 899 1510 930; x_wconf 85' lang='lat' dir='ltr'>mandari</span> <span class='ocrx_word' id='word_1_860' title='bbox 1523 920 1531 933; x_wconf 89' lang='lat'><em>,</em></span> <span class='ocrx_word' id='word_1_861' title='bbox 1544 901 1601 932; x_wconf 90' lang='lat' dir='ltr'>hoc</span> <span class='ocrx_word' id='word_1_862' title='bbox 1611 905 1768 933; x_wconf 81' lang='lat' dir='ltr'>memoriae</span> <span class='ocrx_word' id='word_1_863' title='bbox 1777 902 1884 942; x_wconf 84' lang='lat' dir='ltr'>prodi,</span> <span class='ocrx_word' id='word_1_864' title='bbox 1896 903 1983 942; x_wconf 83' lang='lat' dir='ltr'>hujus</span> <span class='ocrx_word' id='word_1_865' title='bbox 1994 903 2038 932; x_wconf 83' lang='lat' dir='ltr'>rei</span> <span class='ocrx_word' id='word_1_866' title='bbox 2049 912 2086 931; x_wconf 87' lang='lat' dir='ltr'>ne</span> <span class='ocrx_word' id='word_1_867' title='bbox 2095 911 2153 941; x_wconf 93' lang='lat' dir='ltr'>po-</span> 
     </span>
     <span class='ocr_line' id='line_1_98' title="bbox 1194 940 2153 984; baseline 0.003 -14"><span class='ocrx_word' id='word_1_868' title='bbox 1194 940 1355 971; x_wconf 85' lang='lat' dir='ltr'>steritatem</span> <span class='ocrx_word' id='word_1_869' title='bbox 1373 941 1498 982; x_wconf 90' lang='lat' dir='ltr'>quidem</span> <span class='ocrx_word' id='word_1_870' title='bbox 1517 945 1660 973; x_wconf 89' lang='lat' dir='ltr'>omnium</span> <span class='ocrx_word' id='word_1_871' title='bbox 1680 944 1858 975; x_wconf 77' lang='lat' dir='ltr'>saeculorum</span> <span class='ocrx_word' id='word_1_872' title='bbox 1877 954 2022 984; x_wconf 84' lang='lat' dir='ltr'>umquam</span> <span class='ocrx_word' id='word_1_873' title='bbox 2042 945 2153 973; x_wconf 83' lang='lat' dir='ltr'>imme-</span> 
     </span>
     <span class='ocr_line' id='line_1_99' title="bbox 1195 978 2154 1026; baseline 0.002 -14"><span class='ocrx_word' id='word_1_874' title='bbox 1195 993 1313 1013; x_wconf 88' lang='lat' dir='ltr'>morem</span> <span class='ocrx_word' id='word_1_875' title='bbox 1331 982 1410 1016; x_wconf 83' lang='lat' dir='ltr'>fore,</span> <span class='ocrx_word' id='word_1_876' title='bbox 1435 978 1449 1001; x_wconf 84' lang='lat'>8</span> <span class='ocrx_word' id='word_1_877' title='bbox 1462 984 1600 1014; x_wconf 89' lang='lat' dir='ltr'>consules</span> <span class='ocrx_word' id='word_1_878' title='bbox 1619 995 1656 1015; x_wconf 83' lang='lat' dir='ltr'>ex</span> <span class='ocrx_word' id='word_1_879' title='bbox 1675 987 1758 1016; x_wconf 85' lang='lat' dir='ltr'>Italia</span> <span class='ocrx_word' id='word_1_880' title='bbox 1777 986 1934 1026; x_wconf 75' lang='lat' dir='ltr'>expulsos,</span> <span class='ocrx_word' id='word_1_881' title='bbox 1954 995 2084 1026; x_wconf 84' lang='lat' dir='ltr'>cumque</span> <span class='ocrx_word' id='word_1_882' title='bbox 2103 985 2154 1015; x_wconf 77' lang='lat' dir='ltr'>his</span> 
     </span>
     <span class='ocr_line' id='line_1_100' title="bbox 1196 1025 2152 1066; baseline 0.002 -12"><span class='ocrx_word' id='word_1_883' title='bbox 1196 1027 1440 1064; x_wconf 82' lang='lat' dir='ltr'>Cn.PornpeJum</span> <span class='ocrx_word' id='word_1_884' title='bbox 1454 1045 1462 1058; x_wconf 87' lang='lat'>‚</span> <span class='ocrx_word' id='word_1_885' title='bbox 1481 1027 1534 1066; x_wconf 82' lang='lat' dir='ltr'>qui</span> <span class='ocrx_word' id='word_1_886' title='bbox 1550 1027 1670 1066; x_wconf 86' lang='lat' dir='ltr'>imperii</span> <span class='ocrx_word' id='word_1_887' title='bbox 1685 1030 1717 1058; x_wconf 86' lang='grc' dir='ltr'>Ρ.</span> <span class='ocrx_word' id='word_1_888' title='bbox 1730 1031 1767 1058; x_wconf 89' lang='lat' dir='ltr'>R.</span> <span class='ocrx_word' id='word_1_889' title='bbox 1782 1029 1890 1061; x_wconf 79' lang='lat' dir='ltr'>decus,</span> <span class='ocrx_word' id='word_1_890' title='bbox 1908 1037 1940 1057; x_wconf 82' lang='lat' dir='ltr'>ac</span> <span class='ocrx_word' id='word_1_891' title='bbox 1954 1028 2059 1057; x_wconf 90' lang='lat' dir='ltr'>lumen</span> <span class='ocrx_word' id='word_1_892' title='bbox 2077 1025 2152 1057; x_wconf 83' lang='lat' dir='ltr'>fuit:</span> 
     </span>
     <span class='ocr_line' id='line_1_101' title="bbox 1196 1067 2153 1109; baseline 0.003 -14"><span class='ocrx_word' id='word_1_893' title='bbox 1196 1068 1316 1096; x_wconf 83' lang='lat' dir='ltr'>omneis</span> <span class='ocrx_word' id='word_1_894' title='bbox 1326 1067 1524 1100; x_wconf 74' lang='lat' dir='ltr'>consular-eis,</span> <span class='ocrx_word' id='word_1_895' title='bbox 1544 1071 1598 1108; x_wconf 83' lang='lat' dir='ltr'>qui</span> <span class='ocrx_word' id='word_1_896' title='bbox 1614 1078 1666 1108; x_wconf 87' lang='lat' dir='ltr'>per</span> <span class='ocrx_word' id='word_1_897' title='bbox 1684 1070 1884 1100; x_wconf 87' lang='lat' dir='ltr'>valitudinem</span> <span class='ocrx_word' id='word_1_898' title='bbox 1902 1069 2024 1109; x_wconf 79' lang='lat' dir='ltr'>exsequi</span> <span class='ocrx_word' id='word_1_899' title='bbox 2036 1068 2153 1098; x_wconf 78' lang='lat' dir='ltr'>cladem</span> 
     </span>
     <span class='ocr_line' id='line_1_102' title="bbox 1196 1106 2156 1151; baseline 0.003 -15"><span class='ocrx_word' id='word_1_900' title='bbox 1196 1108 1279 1136; x_wconf 80' lang='lat' dir='ltr'>illam</span> <span class='ocrx_word' id='word_1_901' title='bbox 1289 1106 1450 1148; x_wconf 84' lang='lat' dir='ltr'>fugamque</span> <span class='ocrx_word' id='word_1_902' title='bbox 1459 1108 1638 1146; x_wconf 72' lang='lat' dir='ltr'>potuissent:</span> <span class='ocrx_word' id='word_1_903' title='bbox 1658 1120 1795 1150; x_wconf 83' lang='lat' dir='ltr'>praetores</span> <span class='ocrx_word' id='word_1_904' title='bbox 1806 1132 1814 1144; x_wconf 87' lang='lat'>‚</span> <span class='ocrx_word' id='word_1_905' title='bbox 1829 1113 1981 1151; x_wconf 79' lang='lat' dir='ltr'>praetorios</span> <span class='ocrx_word' id='word_1_906' title='bbox 1992 1130 2000 1144; x_wconf 88' lang='lat'>‚</span> <span class='ocrx_word' id='word_1_907' title='bbox 2015 1109 2156 1140; x_wconf 76' lang='lat' dir='ltr'>tribunos</span> 
     </span>
     <span class='ocr_line' id='line_1_103' title="bbox 1196 1148 2155 1190; baseline 0.005 -13"><span class='ocrx_word' id='word_1_908' title='bbox 1196 1148 1291 1188; x_wconf 90' lang='lat' dir='ltr'>plebis</span> <span class='ocrx_word' id='word_1_909' title='bbox 1304 1168 1312 1181; x_wconf 83' lang='lat'><em>,</em></span> <span class='ocrx_word' id='word_1_910' title='bbox 1333 1158 1472 1189; x_wconf 84' lang='lat' dir='ltr'>magnam</span> <span class='ocrx_word' id='word_1_911' title='bbox 1482 1159 1596 1189; x_wconf 86' lang='lat' dir='ltr'>partem</span> <span class='ocrx_word' id='word_1_912' title='bbox 1608 1151 1742 1186; x_wconf 84' lang='lat' dir='ltr'>senatus,</span> <span class='ocrx_word' id='word_1_913' title='bbox 1763 1163 1889 1182; x_wconf 87' lang='lat' dir='ltr'>omnem</span> <span class='ocrx_word' id='word_1_914' title='bbox 1899 1152 2035 1182; x_wconf 86' lang='lat' dir='ltr'>sobolem</span> <span class='ocrx_word' id='word_1_915' title='bbox 2044 1152 2155 1190; x_wconf 81' lang='lat' dir='ltr'>juven-</span> 
     </span>
     <span class='ocr_line' id='line_1_104' title="bbox 1197 1191 2153 1233; baseline 0.001 -11"><span class='ocrx_word' id='word_1_916' title='bbox 1197 1192 1268 1220; x_wconf 86' lang='lat' dir='ltr'>tutis</span> <span class='ocrx_word' id='word_1_917' title='bbox 1279 1210 1288 1222; x_wconf 74' lang='lat'>‚</span> <span class='ocrx_word' id='word_1_918' title='bbox 1309 1199 1432 1230; x_wconf 84' lang='lat' dir='ltr'>unoque</span> <span class='ocrx_word' id='word_1_919' title='bbox 1441 1191 1533 1220; x_wconf 87' lang='lat' dir='ltr'>verbo</span> <span class='ocrx_word' id='word_1_920' title='bbox 1543 1199 1626 1232; x_wconf 82' lang='lat' dir='ltr'>remp.</span> <span class='ocrx_word' id='word_1_921' title='bbox 1637 1194 1790 1232; x_wconf 82' lang='lat' dir='ltr'>expulsam</span> <span class='ocrx_word' id='word_1_922' title='bbox 1801 1214 1809 1227; x_wconf 86' lang='lat'>‚</span> <span class='ocrx_word' id='word_1_923' title='bbox 1827 1202 1913 1233; x_wconf 84' lang='lat' dir='ltr'>atque</span> <span class='ocrx_word' id='word_1_924' title='bbox 1923 1195 2153 1223; x_wconf 73' lang='lat' dir='ltr'>exterminatam</span> 
     </span>
     <span class='ocr_line' id='line_1_105' title="bbox 1198 1231 2155 1274; baseline 0.003 -13"><span class='ocrx_word' id='word_1_925' title='bbox 1198 1231 1257 1261; x_wconf 83' lang='lat' dir='ltr'>suis</span> <span class='ocrx_word' id='word_1_926' title='bbox 1267 1231 1396 1274; x_wconf 86' lang='lat' dir='ltr'>sedibus.</span> <span class='ocrx_word' id='word_1_927' title='bbox 1418 1234 1462 1261; x_wconf 88' lang='lat' dir='ltr'>Ut</span> <span class='ocrx_word' id='word_1_928' title='bbox 1478 1233 1615 1273; x_wconf 74' lang='lat' dir='ltr'>igiturin</span> <span class='ocrx_word' id='word_1_929' title='bbox 1629 1233 1783 1272; x_wconf 75' lang='lat' dir='ltr'>seminibus</span> <span class='ocrx_word' id='word_1_930' title='bbox 1801 1234 1835 1270; x_wconf 75' lang='lat' dir='ltr'>eft</span> <span class='ocrx_word' id='word_1_931' title='bbox 1854 1234 1937 1273; x_wconf 71' lang='lat' dir='ltr'>caufiz</span> <span class='ocrx_word' id='word_1_932' title='bbox 1950 1233 2099 1268; x_wconf 78' lang='lat' dir='ltr'>arborum,</span> <span class='ocrx_word' id='word_1_933' title='bbox 2120 1234 2155 1265; x_wconf 77' lang='grc' dir='ltr'>δε</span> 
     </span>
     <span class='ocr_line' id='line_1_106' title="bbox 1195 1271 2155 1313; baseline 0.002 -10"><span class='ocrx_word' id='word_1_934' title='bbox 1195 1271 1386 1313; x_wconf 78' lang='lat' dir='ltr'>stirpium-‚sic</span> <span class='ocrx_word' id='word_1_935' title='bbox 1395 1274 1484 1313; x_wconf 85' lang='lat' dir='ltr'>hujus</span> <span class='ocrx_word' id='word_1_936' title='bbox 1495 1272 1701 1305; x_wconf 64' lang='lat' dir='ltr'>luctuosissimi</span> <span class='ocrx_word' id='word_1_937' title='bbox 1712 1276 1783 1306; x_wconf 89' lang='lat' dir='ltr'>belli</span> <span class='ocrx_word' id='word_1_938' title='bbox 1794 1276 1896 1306; x_wconf 85' lang='lat' dir='ltr'>semen</span> <span class='ocrx_word' id='word_1_939' title='bbox 1908 1284 1938 1305; x_wconf 86' lang='lat' dir='ltr'>tu</span> <span class='ocrx_word' id='word_1_940' title='bbox 1948 1274 2040 1305; x_wconf 85' lang='lat' dir='ltr'>fuisti.</span> <span class='ocrx_word' id='word_1_941' title='bbox 2055 1276 2155 1305; x_wconf 81' lang='lat' dir='ltr'>Dole-</span> 
     </span>
     <span class='ocr_line' id='line_1_107' title="bbox 1192 1316 2155 1356; baseline 0.003 -12"><span class='ocrx_word' id='word_1_942' title='bbox 1192 1318 1230 1345; x_wconf 81' lang='lat' dir='ltr'>tis</span> <span class='ocrx_word' id='word_1_943' title='bbox 1243 1334 1252 1348; x_wconf 92' lang='lat'>‚</span> <span class='ocrx_word' id='word_1_944' title='bbox 1264 1316 1333 1345; x_wconf 89' lang='lat' dir='ltr'>treis</span> <span class='ocrx_word' id='word_1_945' title='bbox 1344 1317 1490 1345; x_wconf 83' lang='lat' dir='ltr'>exercitus</span> <span class='ocrx_word' id='word_1_946' title='bbox 1499 1317 1605 1356; x_wconf 88' lang='lat' dir='ltr'>populi</span> <span class='ocrx_word' id='word_1_947' title='bbox 1615 1319 1709 1348; x_wconf 88' lang='lat' dir='ltr'>Rom.</span> <span class='ocrx_word' id='word_1_948' title='bbox 1723 1317 1912 1348; x_wconf 56' lang='lat' dir='ltr'>interfefiffls:</span> <span class='ocrx_word' id='word_1_949' title='bbox 1929 1316 2079 1347; x_wconf 87' lang='lat' dir='ltr'>interfecit</span> <span class='ocrx_word' id='word_1_950' title='bbox 2087 1319 2155 1347; x_wconf 86' lang='lat' dir='ltr'>An-</span> 
     </span>
     <span class='ocr_line' id='line_1_108' title="bbox 1195 1355 2156 1400; baseline 0.002 -13"><span class='ocrx_word' id='word_1_951' title='bbox 1195 1359 1305 1387; x_wconf 88' lang='lat' dir='ltr'>tonius.</span> <span class='ocrx_word' id='word_1_952' title='bbox 1329 1355 1497 1387; x_wconf 83' lang='lat' dir='ltr'>desideratis</span> <span class='ocrx_word' id='word_1_953' title='bbox 1512 1357 1688 1389; x_wconf 72' lang='lat' dir='ltr'>clarissimos</span> <span class='ocrx_word' id='word_1_954' title='bbox 1705 1361 1813 1390; x_wconf 83' lang='lat' dir='ltr'>civeis:</span> <span class='ocrx_word' id='word_1_955' title='bbox 1835 1368 1886 1390; x_wconf 90' lang='lat' dir='ltr'>eos</span> <span class='ocrx_word' id='word_1_956' title='bbox 1906 1369 2026 1400; x_wconf 85' lang='lat' dir='ltr'>quoque</span> <span class='ocrx_word' id='word_1_957' title='bbox 2045 1360 2156 1399; x_wconf 85' lang='lat' dir='ltr'>eripuit</span> 
     </span>
     <span class='ocr_line' id='line_1_109' title="bbox 1191 1398 2154 1439; baseline 0.001 -10"><span class='ocrx_word' id='word_1_958' title='bbox 1191 1399 1282 1429; x_wconf 86' lang='lat' dir='ltr'>vobis</span> <span class='ocrx_word' id='word_1_959' title='bbox 1293 1401 1457 1429; x_wconf 83' lang='lat' dir='ltr'>Antonius.</span> <span class='ocrx_word' id='word_1_960' title='bbox 1479 1398 1636 1430; x_wconf 66' lang='lat' dir='ltr'>auetoritas</span> <span class='ocrx_word' id='word_1_961' title='bbox 1649 1401 1737 1439; x_wconf 80' lang='lat' dir='ltr'>hujui</span> <span class='ocrx_word' id='word_1_962' title='bbox 1750 1400 1867 1431; x_wconf 87' lang='lat' dir='ltr'>ordinis</span> <span class='ocrx_word' id='word_1_963' title='bbox 1877 1400 1986 1431; x_wconf 65' lang='lat' dir='ltr'>afflicta</span> <span class='ocrx_word' id='word_1_964' title='bbox 1996 1399 2055 1430; x_wconf 87' lang='lat' dir='ltr'>est:</span> <span class='ocrx_word' id='word_1_965' title='bbox 2074 1399 2154 1431; x_wconf 83' lang='lat' dir='ltr'>affli—</span> 
     </span>
     <span class='ocr_line' id='line_1_110' title="bbox 1195 1440 2156 1484; baseline 0.001 -13"><span class='ocrx_word' id='word_1_966' title='bbox 1195 1443 1241 1471; x_wconf 87' lang='lat' dir='ltr'>xit</span> <span class='ocrx_word' id='word_1_967' title='bbox 1251 1442 1414 1471; x_wconf 80' lang='lat' dir='ltr'>Antonius.</span> <span class='ocrx_word' id='word_1_968' title='bbox 1437 1443 1541 1471; x_wconf 87' lang='lat' dir='ltr'>omnia</span> <span class='ocrx_word' id='word_1_969' title='bbox 1555 1441 1704 1483; x_wconf 88' lang='lat' dir='ltr'>denique,</span> <span class='ocrx_word' id='word_1_970' title='bbox 1724 1453 1788 1484; x_wconf 84' lang='lat' dir='ltr'>quae</span> <span class='ocrx_word' id='word_1_971' title='bbox 1802 1442 1903 1483; x_wconf 74' lang='lat' dir='ltr'>postea</span> <span class='ocrx_word' id='word_1_972' title='bbox 1920 1442 2055 1472; x_wconf 86' lang='lat' dir='ltr'>vidimus</span> <span class='ocrx_word' id='word_1_973' title='bbox 2069 1440 2156 1483; x_wconf 89' lang='lat' dir='ltr'>(quid</span> 
     </span>
     <span class='ocr_line' id='line_1_111' title="bbox 1195 1482 2155 1524; baseline 0.002 -12"><span class='ocrx_word' id='word_1_974' title='bbox 1195 1491 1295 1513; x_wconf 88' lang='lat' dir='ltr'>autern</span> <span class='ocrx_word' id='word_1_975' title='bbox 1314 1483 1386 1513; x_wconf 86' lang='lat' dir='ltr'>mali</span> <span class='ocrx_word' id='word_1_976' title='bbox 1403 1493 1468 1513; x_wconf 85' lang='lat' dir='ltr'>non</span> <span class='ocrx_word' id='word_1_977' title='bbox 1485 1482 1620 1514; x_wconf 87' lang='lat' dir='ltr'>vidimus</span> <span class='ocrx_word' id='word_1_978' title='bbox 1631 1486 1661 1524; x_wconf 88' lang='lat'>?)</span> <span class='ocrx_word' id='word_1_979' title='bbox 1682 1482 1702 1513; x_wconf 90' lang='lat' dir='ltr'>sl</span> <span class='ocrx_word' id='word_1_980' title='bbox 1717 1484 1796 1514; x_wconf 64' lang='grc' dir='ltr'>τεᾶὶέ</span> <span class='ocrx_word' id='word_1_981' title='bbox 1811 1484 2057 1514; x_wconf 85' lang='lat' dir='ltr'>ratiocinabimur</span> <span class='ocrx_word' id='word_1_982' title='bbox 2068 1503 2077 1517; x_wconf 86' lang='lat'>‚</span> <span class='ocrx_word' id='word_1_983' title='bbox 2098 1484 2155 1514; x_wconf 82' lang='lat' dir='ltr'>uni</span> 
     </span>
     <span class='ocr_line' id='line_1_112' title="bbox 1196 1523 2158 1565; baseline 0.001 -11"><span class='ocrx_word' id='word_1_984' title='bbox 1196 1533 1312 1564; x_wconf 87' lang='lat' dir='ltr'>accepta</span> <span class='ocrx_word' id='word_1_985' title='bbox 1330 1523 1494 1554; x_wconf 86' lang='lat' dir='ltr'>referemus</span> <span class='ocrx_word' id='word_1_986' title='bbox 1513 1527 1659 1555; x_wconf 88' lang='lat' dir='ltr'>Antonio.</span> <span class='ocrx_word' id='word_1_987' title='bbox 1684 1535 1717 1556; x_wconf 85' lang='lat' dir='ltr'>ut</span> <span class='ocrx_word' id='word_1_988' title='bbox 1728 1526 1845 1556; x_wconf 82' lang='lat' dir='ltr'>Helena</span> <span class='ocrx_word' id='word_1_989' title='bbox 1864 1526 2004 1565; x_wconf 58' lang='lat' dir='ltr'>Troianis</span> <span class='ocrx_word' id='word_1_990' title='bbox 2020 1545 2028 1559; x_wconf 90' lang='lat'>,</span> <span class='ocrx_word' id='word_1_991' title='bbox 2052 1524 2090 1555; x_wconf 90' lang='lat' dir='ltr'>fic</span> <span class='ocrx_word' id='word_1_992' title='bbox 2099 1524 2158 1556; x_wconf 79' lang='lat' dir='ltr'>iste</span> 
     </span>
     <span class='ocr_line' id='line_1_113' title="bbox 1196 1566 2155 1608; baseline 0.002 -13"><span class='ocrx_word' id='word_1_993' title='bbox 1196 1567 1267 1596; x_wconf 90' lang='lat' dir='ltr'>huic</span> <span class='ocrx_word' id='word_1_994' title='bbox 1277 1566 1382 1605; x_wconf 85' lang='lat' dir='ltr'>reipub</span> <span class='ocrx_word' id='word_1_995' title='bbox 1401 1567 1486 1596; x_wconf 84' lang='lat' dir='ltr'>causa</span> <span class='ocrx_word' id='word_1_996' title='bbox 1496 1566 1587 1601; x_wconf 87' lang='lat' dir='ltr'>belli,</span> <span class='ocrx_word' id='word_1_997' title='bbox 1598 1568 1682 1598; x_wconf 83' lang='lat' dir='ltr'>causa</span> <span class='ocrx_word' id='word_1_998' title='bbox 1691 1567 1781 1608; x_wconf 87' lang='lat' dir='ltr'>pestis</span> <span class='ocrx_word' id='word_1_999' title='bbox 1794 1588 1801 1601; x_wconf 93' lang='lat'><em>,</em></span> <span class='ocrx_word' id='word_1_1000' title='bbox 1814 1576 1900 1608; x_wconf 88' lang='lat' dir='ltr'>atque</span> <span class='ocrx_word' id='word_1_1001' title='bbox 1911 1569 1996 1597; x_wconf 76' lang='lat' dir='ltr'>exitii</span> <span class='ocrx_word' id='word_1_1002' title='bbox 2006 1566 2072 1597; x_wconf 87' lang='lat' dir='ltr'>fuit.</span> <span class='ocrx_word' id='word_1_1003' title='bbox 2092 1569 2155 1598; x_wconf 91' lang='lat' dir='ltr'>Re-</span> 
     </span>
     <span class='ocr_line' id='line_1_114' title="bbox 1197 1607 2153 1649; baseline 0.001 -12"><span class='ocrx_word' id='word_1_1004' title='bbox 1197 1609 1286 1648; x_wconf 79' lang='lat' dir='ltr'>liquae</span> <span class='ocrx_word' id='word_1_1005' title='bbox 1302 1616 1396 1647; x_wconf 87' lang='lat' dir='ltr'>partes</span> <span class='ocrx_word' id='word_1_1006' title='bbox 1413 1607 1578 1638; x_wconf 85' lang='lat' dir='ltr'>tribunatus</span> <span class='ocrx_word' id='word_1_1007' title='bbox 1596 1611 1744 1649; x_wconf 85' lang='lat' dir='ltr'>principio</span> <span class='ocrx_word' id='word_1_1008' title='bbox 1759 1608 1880 1639; x_wconf 76' lang='lat' dir='ltr'>similes.</span> <span class='ocrx_word' id='word_1_1009' title='bbox 1903 1610 2008 1639; x_wconf 88' lang='lat' dir='ltr'>omnia</span> <span class='ocrx_word' id='word_1_1010' title='bbox 2015 1607 2153 1648; x_wconf 86' lang='lat' dir='ltr'>perfecit,</span> 
     </span>
     <span class='ocr_line' id='line_1_115' title="bbox 1195 1648 2155 1691; baseline 0 -12"><span class='ocrx_word' id='word_1_1011' title='bbox 1195 1660 1259 1690; x_wconf 84' lang='lat' dir='ltr'>quae</span> <span class='ocrx_word' id='word_1_1012' title='bbox 1270 1650 1385 1679; x_wconf 88' lang='lat' dir='ltr'>senatus</span> <span class='ocrx_word' id='word_1_1013' title='bbox 1395 1669 1404 1682; x_wconf 80' lang='lat'><em>‚</em></span> <span class='ocrx_word' id='word_1_1014' title='bbox 1416 1650 1492 1680; x_wconf 79' lang='lat' dir='ltr'>salva</span> <span class='ocrx_word' id='word_1_1015' title='bbox 1501 1650 1603 1690; x_wconf 86' lang='lat' dir='ltr'>repub.</span> <span class='ocrx_word' id='word_1_1016' title='bbox 1615 1660 1654 1680; x_wconf 88' lang='lat' dir='ltr'>ne</span> <span class='ocrx_word' id='word_1_1017' title='bbox 1665 1649 1727 1681; x_wconf 85' lang='lat' dir='ltr'>fieri</span> <span class='ocrx_word' id='word_1_1018' title='bbox 1737 1649 1855 1691; x_wconf 83' lang='lat' dir='ltr'>possent</span> <span class='ocrx_word' id='word_1_1019' title='bbox 1866 1670 1875 1684; x_wconf 90' lang='lat'>‚</span> <span class='ocrx_word' id='word_1_1020' title='bbox 1886 1648 2054 1691; x_wconf 81' lang='lat' dir='ltr'>perfecerat.</span> <span class='ocrx_word' id='word_1_1021' title='bbox 2067 1650 2114 1689; x_wconf 88' lang='lat' dir='ltr'>cuj</span> <span class='ocrx_word' id='word_1_1022' title='bbox 2119 1658 2155 1679; x_wconf 84' lang='lat' dir='ltr'>us</span> 
     </span>
     <span class='ocr_line' id='line_1_116' title="bbox 1196 1691 2154 1734; baseline 0 -12"><span class='ocrx_word' id='word_1_1023' title='bbox 1196 1701 1299 1722; x_wconf 86' lang='lat' dir='ltr'>tamen</span> <span class='ocrx_word' id='word_1_1024' title='bbox 1307 1691 1396 1730; x_wconf 74' lang='lat' dir='ltr'>scelus</span> <span class='ocrx_word' id='word_1_1025' title='bbox 1409 1692 1438 1719; x_wconf 84' lang='lat' dir='ltr'>in</span> <span class='ocrx_word' id='word_1_1026' title='bbox 1446 1691 1544 1731; x_wconf 69' lang='lat' dir='ltr'>fielere</span> <span class='ocrx_word' id='word_1_1027' title='bbox 1556 1693 1734 1734; x_wconf 79' lang='lat' dir='ltr'>cognoscite.</span> <span class='ocrx_word' id='word_1_1028' title='bbox 1757 1692 1944 1723; x_wconf 86' lang='lat' dir='ltr'>Restituebat</span> <span class='ocrx_word' id='word_1_1029' title='bbox 1958 1695 1972 1719; x_wconf 85' lang='lat'><em>9</em></span> <span class='ocrx_word' id='word_1_1030' title='bbox 1983 1691 2096 1722; x_wconf 86' lang='lat' dir='ltr'>multos</span> <span class='ocrx_word' id='word_1_1031' title='bbox 2107 1701 2154 1722; x_wconf 68' lang='lat' dir='ltr'>ca-</span> 
     </span>
     <span class='ocr_line' id='line_1_117' title="bbox 1197 1733 2152 1773; baseline 0.002 -11"><span class='ocrx_word' id='word_1_1032' title='bbox 1197 1733 1360 1763; x_wconf 85' lang='lat' dir='ltr'>lamitosos.</span> <span class='ocrx_word' id='word_1_1033' title='bbox 1386 1735 1418 1762; x_wconf 93' lang='lat' dir='ltr'>in</span> <span class='ocrx_word' id='word_1_1034' title='bbox 1430 1735 1475 1762; x_wconf 87' lang='lat' dir='ltr'>bis</span> <span class='ocrx_word' id='word_1_1035' title='bbox 1484 1736 1581 1773; x_wconf 81' lang='lat' dir='ltr'>patrui</span> <span class='ocrx_word' id='word_1_1036' title='bbox 1590 1735 1673 1764; x_wconf 87' lang='lat' dir='ltr'>nulla</span> <span class='ocrx_word' id='word_1_1037' title='bbox 1683 1736 1810 1764; x_wconf 88' lang='lat' dir='ltr'>mentio.</span> <span class='ocrx_word' id='word_1_1038' title='bbox 1833 1733 1854 1763; x_wconf 83' lang='lat' dir='ltr'>si</span> <span class='ocrx_word' id='word_1_1039' title='bbox 1870 1734 2001 1764; x_wconf 87' lang='lat' dir='ltr'>severus:</span> <span class='ocrx_word' id='word_1_1040' title='bbox 2022 1743 2075 1763; x_wconf 88' lang='lat' dir='ltr'>cur</span> <span class='ocrx_word' id='word_1_1041' title='bbox 2086 1742 2152 1764; x_wconf 85' lang='lat' dir='ltr'>non</span> 
     </span>
     <span class='ocr_line' id='line_1_118' title="bbox 1198 1773 2155 1808; baseline -0.001 -3"><span class='ocrx_word' id='word_1_1042' title='bbox 1198 1776 1231 1805; x_wconf 85' lang='lat' dir='ltr'>in</span> <span class='ocrx_word' id='word_1_1043' title='bbox 1242 1776 1382 1807; x_wconf 86' lang='lat' dir='ltr'>omneis?</span> <span class='ocrx_word' id='word_1_1044' title='bbox 1398 1773 1419 1804; x_wconf 87' lang='lat' dir='ltr'>fi</span> <span class='ocrx_word' id='word_1_1045' title='bbox 1430 1775 1599 1805; x_wconf 84' lang='lat' dir='ltr'>misericors</span> <span class='ocrx_word' id='word_1_1046' title='bbox 1610 1795 1618 1808; x_wconf 86' lang='lat'><em>‚</em></span> <span class='ocrx_word' id='word_1_1047' title='bbox 1638 1786 1690 1806; x_wconf 90' lang='lat' dir='ltr'>cur</span> <span class='ocrx_word' id='word_1_1048' title='bbox 1699 1786 1765 1806; x_wconf 89' lang='lat' dir='ltr'>non</span> <span class='ocrx_word' id='word_1_1049' title='bbox 1774 1778 1807 1805; x_wconf 89' lang='lat' dir='ltr'>in</span> <span class='ocrx_word' id='word_1_1050' title='bbox 1816 1775 1905 1806; x_wconf 86' lang='lat' dir='ltr'>suos?</span> <span class='ocrx_word' id='word_1_1051' title='bbox 1923 1775 1972 1805; x_wconf 89' lang='lat' dir='ltr'>sed</span> <span class='ocrx_word' id='word_1_1052' title='bbox 1983 1776 2094 1805; x_wconf 89' lang='lat' dir='ltr'>omitto</span> <span class='ocrx_word' id='word_1_1053' title='bbox 2102 1784 2155 1805; x_wconf 84' lang='lat' dir='ltr'>ce-</span> 
     </span>
     <span class='ocr_line' id='line_1_119' title="bbox 1195 1815 2156 1851; baseline -0.001 -5"><span class='ocrx_word' id='word_1_1054' title='bbox 1195 1825 1286 1846; x_wconf 83' lang='lat' dir='ltr'>teros.</span> <span class='ocrx_word' id='word_1_1055' title='bbox 1318 1817 1514 1846; x_wconf 83' lang='lat' dir='ltr'>¹0Licinium</span> <span class='ocrx_word' id='word_1_1056' title='bbox 1531 1818 1726 1847; x_wconf 88' lang='lat' dir='ltr'>Denticulam</span> <span class='ocrx_word' id='word_1_1057' title='bbox 1745 1836 1753 1851; x_wconf 90' lang='lat'>‚</span> <span class='ocrx_word' id='word_1_1058' title='bbox 1774 1817 1810 1847; x_wconf 88' lang='lat' dir='ltr'>de</span> <span class='ocrx_word' id='word_1_1059' title='bbox 1827 1816 1888 1847; x_wconf 84' lang='lat' dir='ltr'>alea</span> <span class='ocrx_word' id='word_1_1060' title='bbox 1906 1815 2156 1850; x_wconf 84' lang='lat' dir='ltr'>condemnatum,</span> 
     </span>
     <span class='ocr_line' id='line_1_120' title="bbox 1198 1856 2157 1900; baseline -0.001 -12"><span class='ocrx_word' id='word_1_1061' title='bbox 1198 1857 1381 1888; x_wconf 86' lang='lat' dir='ltr'>collusorem</span> <span class='ocrx_word' id='word_1_1062' title='bbox 1395 1858 1482 1887; x_wconf 89' lang='lat' dir='ltr'>suurn</span> <span class='ocrx_word' id='word_1_1063' title='bbox 1494 1878 1502 1892; x_wconf 90' lang='lat'>‚</span> <span class='ocrx_word' id='word_1_1064' title='bbox 1515 1857 1655 1888; x_wconf 84' lang='lat' dir='ltr'>restituit:</span> <span class='ocrx_word' id='word_1_1065' title='bbox 1671 1862 1696 1878; x_wconf 86' lang='lat'>¹¹</span> <span class='ocrx_word' id='word_1_1066' title='bbox 1706 1857 1788 1900; x_wconf 83' lang='lat' dir='ltr'>quasi</span> <span class='ocrx_word' id='word_1_1067' title='bbox 1801 1856 1872 1888; x_wconf 76' lang='lat' dir='ltr'>vero</span> <span class='ocrx_word' id='word_1_1068' title='bbox 1884 1857 1985 1888; x_wconf 86' lang='lat' dir='ltr'>ludere</span> <span class='ocrx_word' id='word_1_1069' title='bbox 1999 1867 2070 1888; x_wconf 90' lang='lat' dir='ltr'>cum</span> <span class='ocrx_word' id='word_1_1070' title='bbox 2080 1867 2157 1888; x_wconf 74' lang='lat' dir='ltr'>con—</span> 
     </span>
     <span class='ocr_line' id='line_1_121' title="bbox 1199 1898 2156 1941; baseline 0 -12"><span class='ocrx_word' id='word_1_1071' title='bbox 1199 1900 1342 1930; x_wconf 87' lang='lat' dir='ltr'>demnato</span> <span class='ocrx_word' id='word_1_1072' title='bbox 1355 1909 1420 1929; x_wconf 91' lang='lat' dir='ltr'>non</span> <span class='ocrx_word' id='word_1_1073' title='bbox 1434 1899 1554 1930; x_wconf 85' lang='lat' dir='ltr'>liceret:</span> <span class='ocrx_word' id='word_1_1074' title='bbox 1576 1900 1623 1930; x_wconf 89' lang='lat' dir='ltr'>sed</span> <span class='ocrx_word' id='word_1_1075' title='bbox 1640 1910 1691 1935; x_wconf 91' lang='lat' dir='ltr'>ut,</span> <span class='ocrx_word' id='word_1_1076' title='bbox 1711 1900 1793 1941; x_wconf 88' lang='lat' dir='ltr'>quod</span> <span class='ocrx_word' id='word_1_1077' title='bbox 1804 1900 1855 1929; x_wconf 90' lang='lat' dir='ltr'>ille</span> <span class='ocrx_word' id='word_1_1078' title='bbox 1866 1901 1900 1930; x_wconf 93' lang='lat' dir='ltr'>in</span> <span class='ocrx_word' id='word_1_1079' title='bbox 1909 1898 2156 1940; x_wconf 82' lang='lat' dir='ltr'>aleaperdiderat,</span> 
     </span>
    </p>
   </div>
   <div class='ocr_carea' id='block_1_15' title="bbox 1193 1981 2159 2597">
    <p class='ocr_par' dir='ltr' id='par_1_20' title="bbox 1193 1981 2159 2597">
     <span class='ocr_line' id='line_1_122' title="bbox 1199 1981 2158 2024; baseline -0.001 -11"><span class='ocrx_word' id='word_1_1080' title='bbox 1199 1984 1230 2013; x_wconf 93' lang='lat' dir='ltr'>lo</span> <span class='ocrx_word' id='word_1_1081' title='bbox 1241 1986 1334 2013; x_wconf 91' lang='lat' dir='ltr'>Rom.</span> <span class='ocrx_word' id='word_1_1082' title='bbox 1344 1993 1396 2014; x_wconf 92' lang='lat' dir='ltr'>cur</span> <span class='ocrx_word' id='word_1_1083' title='bbox 1405 1993 1475 2013; x_wconf 89' lang='lat' dir='ltr'>eum</span> <span class='ocrx_word' id='word_1_1084' title='bbox 1486 1981 1594 2019; x_wconf 76' lang='lat' dir='ltr'>restitui</span> <span class='ocrx_word' id='word_1_1085' title='bbox 1604 1993 1754 2024; x_wconf 86' lang='lat' dir='ltr'>oporteret</span> <span class='ocrx_word' id='word_1_1086' title='bbox 1764 1988 1774 2014; x_wconf 92' lang='lat'>?</span> <span class='ocrx_word' id='word_1_1087' title='bbox 1784 1984 1936 2014; x_wconf 86' lang='lat' dir='ltr'>absentem</span> <span class='ocrx_word' id='word_1_1088' title='bbox 1947 1982 2036 2013; x_wconf 90' lang='lat' dir='ltr'>credo</span> <span class='ocrx_word' id='word_1_1089' title='bbox 2044 1984 2079 2013; x_wconf 91' lang='lat' dir='ltr'>in</span> <span class='ocrx_word' id='word_1_1090' title='bbox 2088 1991 2158 2013; x_wconf 85' lang='lat' dir='ltr'>reos</span> 
     </span>
     <span class='ocr_line' id='line_1_123' title="bbox 1198 2022 2157 2066; baseline -0.002 -10"><span class='ocrx_word' id='word_1_1091' title='bbox 1198 2026 1342 2056; x_wconf 83' lang='lat' dir='ltr'>relatum:</span> <span class='ocrx_word' id='word_1_1092' title='bbox 1365 2034 1430 2054; x_wconf 89' lang='lat' dir='ltr'>rem</span> <span class='ocrx_word' id='word_1_1093' title='bbox 1447 2024 1561 2056; x_wconf 64' lang='lat' dir='ltr'>indicia</span> <span class='ocrx_word' id='word_1_1094' title='bbox 1584 2026 1666 2057; x_wconf 87' lang='lat' dir='ltr'>causa</span> <span class='ocrx_word' id='word_1_1095' title='bbox 1680 2026 1862 2066; x_wconf 82' lang='lat' dir='ltr'>judicatam:</span> <span class='ocrx_word' id='word_1_1096' title='bbox 1881 2025 2003 2056; x_wconf 87' lang='lat' dir='ltr'>nullum</span> <span class='ocrx_word' id='word_1_1097' title='bbox 2019 2022 2105 2054; x_wconf 83' lang='lat' dir='ltr'>fuiffe</span> <span class='ocrx_word' id='word_1_1098' title='bbox 2118 2024 2157 2055; x_wconf 89' lang='lat' dir='ltr'>de</span> 
     </span>
     <span class='ocr_line' id='line_1_124' title="bbox 1199 2065 2155 2108; baseline -0.001 -11"><span class='ocrx_word' id='word_1_1099' title='bbox 1199 2067 1262 2098; x_wconf 89' lang='lat' dir='ltr'>alea</span> <span class='ocrx_word' id='word_1_1100' title='bbox 1280 2067 1343 2108; x_wconf 87' lang='lat' dir='ltr'>lege</span> <span class='ocrx_word' id='word_1_1101' title='bbox 1359 2067 1529 2107; x_wconf 88' lang='lat' dir='ltr'>judicium:</span> <span class='ocrx_word' id='word_1_1102' title='bbox 1549 2069 1581 2098; x_wconf 91' lang='lat' dir='ltr'>vi</span> <span class='ocrx_word' id='word_1_1103' title='bbox 1600 2066 1770 2108; x_wconf 78' lang='lat' dir='ltr'>oppress‘um</span> <span class='ocrx_word' id='word_1_1104' title='bbox 1782 2088 1790 2102; x_wconf 85' lang='lat'>‚</span> <span class='ocrx_word' id='word_1_1105' title='bbox 1814 2068 1846 2098; x_wconf 90' lang='lat'>&amp;</span> <span class='ocrx_word' id='word_1_1106' title='bbox 1860 2069 1967 2097; x_wconf 79' lang='lat' dir='ltr'>armis:</span> <span class='ocrx_word' id='word_1_1107' title='bbox 1986 2065 2155 2107; x_wconf 69' lang='lat' dir='ltr'>postremo,</span> 
     </span>
     <span class='ocr_line' id='line_1_125' title="bbox 1201 2106 2156 2152; baseline -0.003 -13"><span class='ocrx_word' id='word_1_1108' title='bbox 1201 2109 1284 2151; x_wconf 91' lang='lat' dir='ltr'>quod</span> <span class='ocrx_word' id='word_1_1109' title='bbox 1310 2110 1346 2139; x_wconf 90' lang='lat' dir='ltr'>de</span> <span class='ocrx_word' id='word_1_1110' title='bbox 1372 2118 1476 2149; x_wconf 86' lang='lat' dir='ltr'>patruo</span> <span class='ocrx_word' id='word_1_1111' title='bbox 1503 2118 1557 2152; x_wconf 85' lang='lat' dir='ltr'>tuo</span> <span class='ocrx_word' id='word_1_1112' title='bbox 1582 2109 1735 2142; x_wconf 88' lang='lat' dir='ltr'>dicebatur</span> <span class='ocrx_word' id='word_1_1113' title='bbox 1753 2130 1763 2144; x_wconf 90' lang='lat'>,</span> <span class='ocrx_word' id='word_1_1114' title='bbox 1789 2111 1914 2150; x_wconf 88' lang='lat' dir='ltr'>pecunia</span> <span class='ocrx_word' id='word_1_1115' title='bbox 1928 2107 2079 2150; x_wconf 84' lang='lat' dir='ltr'>judicium</span> <span class='ocrx_word' id='word_1_1116' title='bbox 2096 2106 2156 2137; x_wconf 83' lang='lat' dir='ltr'>ess&#39;e</span> 
     </span>
     <span class='ocr_line' id='line_1_126' title="bbox 1199 2149 2156 2191; baseline -0.004 -10"><span class='ocrx_word' id='word_1_1117' title='bbox 1199 2160 1387 2191; x_wconf 84' lang='lat' dir='ltr'>corruptum.</span> <span class='ocrx_word' id='word_1_1118' title='bbox 1411 2151 1501 2181; x_wconf 91' lang='lat' dir='ltr'>Nihil</span> <span class='ocrx_word' id='word_1_1119' title='bbox 1510 2152 1632 2182; x_wconf 86' lang='lat' dir='ltr'>horum.</span> <span class='ocrx_word' id='word_1_1120' title='bbox 1651 2156 1691 2183; x_wconf 90' lang='lat' dir='ltr'>At</span> <span class='ocrx_word' id='word_1_1121' title='bbox 1700 2154 1745 2183; x_wconf 90' lang='lat' dir='ltr'>vir</span> <span class='ocrx_word' id='word_1_1122' title='bbox 1755 2150 2024 2191; x_wconf 84' lang='lat' dir='ltr'>bonus:&amp;repub.</span> <span class='ocrx_word' id='word_1_1123' title='bbox 2035 2149 2156 2189; x_wconf 86' lang='lat' dir='ltr'>dignus.</span> 
     </span>
     <span class='ocr_line' id='line_1_127' title="bbox 1201 2190 2157 2236; baseline -0.003 -13"><span class='ocrx_word' id='word_1_1124' title='bbox 1201 2194 1290 2223; x_wconf 91' lang='lat' dir='ltr'>Nihil</span> <span class='ocrx_word' id='word_1_1125' title='bbox 1310 2193 1342 2223; x_wconf 91' lang='lat' dir='ltr'>id</span> <span class='ocrx_word' id='word_1_1126' title='bbox 1382 2192 1485 2223; x_wconf 86' lang='lat' dir='ltr'>uidem</span> <span class='ocrx_word' id='word_1_1127' title='bbox 1503 2194 1539 2224; x_wconf 86' lang='lat' dir='ltr'>ad</span> <span class='ocrx_word' id='word_1_1128' title='bbox 1557 2204 1643 2225; x_wconf 87' lang='lat' dir='ltr'>rem:</span> <span class='ocrx_word' id='word_1_1129' title='bbox 1668 2204 1723 2236; x_wconf 90' lang='lat' dir='ltr'>ego</span> <span class='ocrx_word' id='word_1_1130' title='bbox 1742 2203 1861 2227; x_wconf 86' lang='lat' dir='ltr'>tamen,</span> <span class='ocrx_word' id='word_1_1131' title='bbox 1881 2194 2025 2233; x_wconf 88' lang='lat' dir='ltr'>quoniam</span> <span class='ocrx_word' id='word_1_1132' title='bbox 2044 2190 2157 2221; x_wconf 89' lang='lat' dir='ltr'>conde-</span> 
     </span>
     <span class='ocr_line' id='line_1_128' title="bbox 1201 2233 2156 2275; baseline -0.003 -10"><span class='ocrx_word' id='word_1_1133' title='bbox 1201 2244 1341 2266; x_wconf 89' lang='lat' dir='ltr'>mnatum</span> <span class='ocrx_word' id='word_1_1134' title='bbox 1352 2245 1366 2265; x_wconf 86' lang='lat' dir='ltr'>e</span> <span class='ocrx_word' id='word_1_1135' title='bbox 1392 2233 1425 2269; x_wconf 74' lang='lat' dir='ltr'>e,</span> <span class='ocrx_word' id='word_1_1136' title='bbox 1443 2244 1498 2275; x_wconf 88' lang='lat' dir='ltr'>pro</span> <span class='ocrx_word' id='word_1_1137' title='bbox 1508 2236 1607 2266; x_wconf 84' lang='lat' dir='ltr'>nihilo</span> <span class='ocrx_word' id='word_1_1138' title='bbox 1617 2235 1660 2266; x_wconf 88' lang='lat' dir='ltr'>est</span> <span class='ocrx_word' id='word_1_1139' title='bbox 1670 2256 1678 2269; x_wconf 86' lang='lat'>‚</span> <span class='ocrx_word' id='word_1_1140' title='bbox 1693 2235 1714 2266; x_wconf 82' lang='lat' dir='ltr'>si</span> <span class='ocrx_word' id='word_1_1141' title='bbox 1724 2238 1764 2266; x_wconf 87' lang='lat' dir='ltr'>ita</span> <span class='ocrx_word' id='word_1_1142' title='bbox 1773 2233 1845 2265; x_wconf 82' lang='lat' dir='ltr'>esset</span> <span class='ocrx_word' id='word_1_1143' title='bbox 1855 2255 1864 2268; x_wconf 90' lang='lat'>‚</span> <span class='ocrx_word' id='word_1_1144' title='bbox 1879 2234 2075 2275; x_wconf 77' lang='lat' dir='ltr'>ignoscerem.</span> <span class='ocrx_word' id='word_1_1145' title='bbox 2099 2233 2156 2262; x_wconf 90' lang='lat' dir='ltr'>ho-</span> 
     </span>
     <span class='ocr_line' id='line_1_129' title="bbox 1201 2274 2159 2318; baseline -0.002 -11"><span class='ocrx_word' id='word_1_1146' title='bbox 1201 2279 1322 2307; x_wconf 87' lang='lat' dir='ltr'>minem</span> <span class='ocrx_word' id='word_1_1147' title='bbox 1341 2276 1412 2308; x_wconf 72' lang='lat' dir='ltr'>vero</span> <span class='ocrx_word' id='word_1_1148' title='bbox 1433 2279 1576 2308; x_wconf 87' lang='lat' dir='ltr'>omnium</span> <span class='ocrx_word' id='word_1_1149' title='bbox 1595 2277 1814 2318; x_wconf 85' lang='lat' dir='ltr'>nequissirnum</span> <span class='ocrx_word' id='word_1_1150' title='bbox 1828 2295 1837 2310; x_wconf 88' lang='lat'><strong><em>,</em></strong></span> <span class='ocrx_word' id='word_1_1151' title='bbox 1859 2278 1912 2315; x_wconf 87' lang='lat' dir='ltr'>qui</span> <span class='ocrx_word' id='word_1_1152' title='bbox 1930 2285 1994 2305; x_wconf 90' lang='lat' dir='ltr'>non</span> <span class='ocrx_word' id='word_1_1153' title='bbox 2012 2274 2159 2305; x_wconf 84' lang='lat' dir='ltr'>dubitaret</span> 
     </span>
     <span class='ocr_line' id='line_1_130' title="bbox 1199 2315 2158 2360; baseline -0.002 -12"><span class='ocrx_word' id='word_1_1154' title='bbox 1199 2319 1249 2350; x_wconf 89' lang='lat' dir='ltr'>vel</span> <span class='ocrx_word' id='word_1_1155' title='bbox 1266 2320 1300 2348; x_wconf 86' lang='lat' dir='ltr'>in</span> <span class='ocrx_word' id='word_1_1156' title='bbox 1319 2318 1387 2349; x_wconf 92' lang='lat' dir='ltr'>foro</span> <span class='ocrx_word' id='word_1_1157' title='bbox 1406 2318 1468 2348; x_wconf 87' lang='lat' dir='ltr'>alea</span> <span class='ocrx_word' id='word_1_1158' title='bbox 1485 2318 1587 2349; x_wconf 88' lang='lat' dir='ltr'>ludere</span> <span class='ocrx_word' id='word_1_1159' title='bbox 1600 2339 1608 2352; x_wconf 93' lang='lat'>,</span> <span class='ocrx_word' id='word_1_1160' title='bbox 1632 2320 1697 2360; x_wconf 85' lang='lat' dir='ltr'>lege</span> <span class='ocrx_word' id='word_1_1161' title='bbox 1710 2338 1719 2352; x_wconf 85' lang='lat'><strong>,</strong></span> <span class='ocrx_word' id='word_1_1162' title='bbox 1742 2327 1807 2358; x_wconf 84' lang='lat' dir='ltr'>quae</span> <span class='ocrx_word' id='word_1_1163' title='bbox 1824 2316 1867 2347; x_wconf 87' lang='lat' dir='ltr'>est</span> <span class='ocrx_word' id='word_1_1164' title='bbox 1883 2316 1919 2346; x_wconf 89' lang='lat' dir='ltr'>de</span> <span class='ocrx_word' id='word_1_1165' title='bbox 1937 2317 1998 2347; x_wconf 89' lang='lat' dir='ltr'>alea</span> <span class='ocrx_word' id='word_1_1166' title='bbox 2011 2336 2020 2350; x_wconf 87' lang='lat'>‚</span> <span class='ocrx_word' id='word_1_1167' title='bbox 2042 2315 2158 2346; x_wconf 86' lang='lat' dir='ltr'>conde-</span> 
     </span>
     <span class='ocr_line' id='line_1_131' title="bbox 1201 2355 2155 2400; baseline -0.001 -11"><span class='ocrx_word' id='word_1_1168' title='bbox 1201 2370 1340 2390; x_wconf 87' lang='lat' dir='ltr'>mnatum</span> <span class='ocrx_word' id='word_1_1169' title='bbox 1362 2361 1414 2399; x_wconf 91' lang='lat' dir='ltr'>qui</span> <span class='ocrx_word' id='word_1_1170' title='bbox 1434 2361 1469 2388; x_wconf 88' lang='lat' dir='ltr'>in</span> <span class='ocrx_word' id='word_1_1171' title='bbox 1490 2361 1642 2400; x_wconf 75' lang='lat' dir='ltr'>integrum</span> <span class='ocrx_word' id='word_1_1172' title='bbox 1663 2359 1791 2389; x_wconf 86' lang='lat' dir='ltr'>restituit</span> <span class='ocrx_word' id='word_1_1173' title='bbox 1810 2378 1818 2393; x_wconf 90' lang='lat'>,</span> <span class='ocrx_word' id='word_1_1174' title='bbox 1847 2360 1872 2388; x_wconf 89' lang='lat' dir='ltr'>is</span> <span class='ocrx_word' id='word_1_1175' title='bbox 1892 2368 1957 2388; x_wconf 90' lang='lat' dir='ltr'>non</span> <span class='ocrx_word' id='word_1_1176' title='bbox 1974 2355 2155 2398; x_wconf 63' lang='lat' dir='ltr'>apertiffime‘:</span> 
     </span>
     <span class='ocr_line' id='line_1_132' title="bbox 1193 2398 2156 2440; baseline 0 -11"><span class='ocrx_word' id='word_1_1177' title='bbox 1193 2400 1324 2437; x_wconf 84' lang='lat' dir='ltr'>studium</span> <span class='ocrx_word' id='word_1_1178' title='bbox 1338 2400 1424 2440; x_wconf 77' lang='lat' dir='ltr'>Jimm</span> <span class='ocrx_word' id='word_1_1179' title='bbox 1442 2400 1504 2439; x_wconf 88' lang='lat' dir='ltr'>ipse</span> <span class='ocrx_word' id='word_1_1180' title='bbox 1520 2399 1676 2440; x_wconf 87' lang='lat' dir='ltr'>profitetur</span> <span class='ocrx_word' id='word_1_1181' title='bbox 1694 2403 1704 2431; x_wconf 85' lang='lat'><strong>?</strong></span> <span class='ocrx_word' id='word_1_1182' title='bbox 1726 2402 1759 2430; x_wconf 89' lang='lat' dir='ltr'>in</span> <span class='ocrx_word' id='word_1_1183' title='bbox 1778 2398 1884 2430; x_wconf 84' lang='lat' dir='ltr'>eodem</span> <span class='ocrx_word' id='word_1_1184' title='bbox 1903 2398 1975 2430; x_wconf 80' lang='lat' dir='ltr'>vero</span> <span class='ocrx_word' id='word_1_1185' title='bbox 1994 2399 2156 2433; x_wconf 85' lang='lat' dir='ltr'>tribunatu,</span> 
     </span>
     <span class='ocr_line' id='line_1_133' title="bbox 1201 2440 2157 2483; baseline -0.001 -11"><span class='ocrx_word' id='word_1_1186' title='bbox 1201 2442 1273 2472; x_wconf 75' lang='lat' dir='ltr'>cum</span> <span class='ocrx_word' id='word_1_1187' title='bbox 1283 2442 1377 2472; x_wconf 87' lang='lat' dir='ltr'>Caesar</span> <span class='ocrx_word' id='word_1_1188' title='bbox 1385 2443 1418 2472; x_wconf 86' lang='lat' dir='ltr'>in</span> <span class='ocrx_word' id='word_1_1189' title='bbox 1431 2441 1606 2482; x_wconf 83' lang='lat' dir='ltr'>Hispaniam</span> <span class='ocrx_word' id='word_1_1190' title='bbox 1614 2441 1804 2483; x_wconf 84' lang='lat' dir='ltr'>proficiscens</span> <span class='ocrx_word' id='word_1_1191' title='bbox 1815 2462 1823 2476; x_wconf 92' lang='lat'>,</span> <span class='ocrx_word' id='word_1_1192' title='bbox 1841 2443 1912 2471; x_wconf 92' lang='lat' dir='ltr'>huic</span> <span class='ocrx_word' id='word_1_1193' title='bbox 1920 2440 2157 2472; x_wconf 84' lang='lat' dir='ltr'>conculcandam</span> 
     </span>
     <span class='ocr_line' id='line_1_134' title="bbox 1202 2481 2157 2525; baseline -0.002 -11"><span class='ocrx_word' id='word_1_1194' title='bbox 1202 2484 1318 2514; x_wconf 88' lang='lat' dir='ltr'>Italiam</span> <span class='ocrx_word' id='word_1_1195' title='bbox 1338 2481 1516 2514; x_wconf 70' lang='lat' dir='ltr'>tradidisset:</span> <span class='ocrx_word' id='word_1_1196' title='bbox 1536 2494 1602 2525; x_wconf 81' lang='lat' dir='ltr'>qua:</span> <span class='ocrx_word' id='word_1_1197' title='bbox 1611 2483 1740 2524; x_wconf 80' lang='lat' dir='ltr'>fuitejus</span> <span class='ocrx_word' id='word_1_1198' title='bbox 1749 2486 1911 2525; x_wconf 87' lang='lat' dir='ltr'>peragratio</span> <span class='ocrx_word' id='word_1_1199' title='bbox 1921 2485 2088 2518; x_wconf 74' lang='lat' dir='ltr'>itinerum3</span> <span class='ocrx_word' id='word_1_1200' title='bbox 2106 2481 2157 2513; x_wconf 63' lang='lat' dir='ltr'>lu&#39;-</span> 
     </span>
     <span class='ocr_line' id='line_1_135' title="bbox 1203 2523 2158 2566; baseline -0.002 -10"><span class='ocrx_word' id='word_1_1201' title='bbox 1203 2525 1302 2557; x_wconf 87' lang='lat' dir='ltr'>stratio</span> <span class='ocrx_word' id='word_1_1202' title='bbox 1312 2527 1552 2566; x_wconf 86' lang='lat' dir='ltr'>municipiorum</span> <span class='ocrx_word' id='word_1_1203' title='bbox 1563 2537 1571 2561; x_wconf 80' lang='lat'>3</span> <span class='ocrx_word' id='word_1_1204' title='bbox 1582 2528 1650 2557; x_wconf 89' lang='lat' dir='ltr'>Scio</span> <span class='ocrx_word' id='word_1_1205' title='bbox 1660 2536 1710 2557; x_wconf 90' lang='lat' dir='ltr'>me</span> <span class='ocrx_word' id='word_1_1206' title='bbox 1717 2527 1750 2557; x_wconf 90' lang='lat' dir='ltr'>in</span> <span class='ocrx_word' id='word_1_1207' title='bbox 1758 2526 1847 2556; x_wconf 86' lang='lat' dir='ltr'>rebus</span> <span class='ocrx_word' id='word_1_1208' title='bbox 1855 2523 2088 2556; x_wconf 83' lang='lat' dir='ltr'>celebratiffimis</span> <span class='ocrx_word' id='word_1_1209' title='bbox 2098 2525 2158 2556; x_wconf 83' lang='lat' dir='ltr'>sei·-</span> 
     </span>
     <span class='ocr_line' id='line_1_136' title="bbox 2064 2576 2159 2597; baseline 0.011 -1"><span class='ocrx_word' id='word_1_1210' title='bbox 2064 2576 2159 2597; x_wconf 88' lang='lat' dir='ltr'>mone</span> 
     </span>
    </p>
   </div>
   <div class='ocr_carea' id='block_1_16' title="bbox 1168 249 1184 2559">
    <p class='ocr_par' dir='ltr' id='par_1_21' title="bbox 1168 249 1184 2559">
     <span class='ocr_line' id='line_1_137' title="bbox 1168 249 1184 2559; baseline 0 0"><span class='ocrx_word' id='word_1_1211' title='bbox 1168 249 1184 2559; x_wconf 95' lang='lat' dir='ltr'> </span> 
     </span>
    </p>
   </div>
   <div class='ocr_carea' id='block_1_17' title="bbox 2064 2607 2160 2614">
    <p class='ocr_par' dir='ltr' id='par_1_22' title="bbox 2064 2607 2160 2614">
     <span class='ocr_line' id='line_1_138' title="bbox 2064 2607 2160 2614; baseline 0 786"><span class='ocrx_word' id='word_1_1212' title='bbox 2064 2607 2160 2614; x_wconf 95' lang='lat' dir='ltr'> </span> 
     </span>
    </p>
   </div>
   <div class='ocr_carea' id='block_1_18' title="bbox 1182 2656 2161 3198">
    <p class='ocr_par' dir='ltr' id='par_1_23' title="bbox 1202 2656 2159 2734">
     <span class='ocr_line' id='line_1_139' title="bbox 1236 2656 2159 2695; baseline -0.003 -9"><span class='ocrx_word' id='word_1_1213' title='bbox 1236 2669 1265 2695; x_wconf 94' lang='lat'>7.</span> <span class='ocrx_word' id='word_1_1214' title='bbox 1284 2661 1330 2686; x_wconf 78' lang='lat' dir='ltr'>Sed</span> <span class='ocrx_word' id='word_1_1215' title='bbox 1336 2663 1398 2687; x_wconf 81' lang='lat' dir='ltr'>nihil</span> <span class='ocrx_word' id='word_1_1216' title='bbox 1404 2661 1515 2695; x_wconf 56' lang='lat' dir='ltr'>Capu-L]</span> <span class='ocrx_word' id='word_1_1217' title='bbox 1536 2661 1547 2687; x_wconf 88' lang='lat'>1</span> <span class='ocrx_word' id='word_1_1218' title='bbox 1552 2667 1578 2687; x_wconf 85' lang='lat' dir='ltr'>ta</span> <span class='ocrx_word' id='word_1_1219' title='bbox 1588 2659 1655 2687; x_wconf 85' lang='lat' dir='ltr'>Pall.</span> <span class='ocrx_word' id='word_1_1220' title='bbox 1673 2660 1701 2686; x_wconf 76' lang='grc' dir='ltr'>ὃ(</span> <span class='ocrx_word' id='word_1_1221' title='bbox 1711 2659 1799 2695; x_wconf 77' lang='lat' dir='ltr'>plui-cs</span> <span class='ocrx_word' id='word_1_1222' title='bbox 1810 2660 1825 2686; x_wconf 74' lang='lat' dir='ltr'>a</span> <span class='ocrx_word' id='word_1_1223' title='bbox 1836 2658 1959 2686; x_wconf 81' lang='lat' dir='ltr'>Ferratio</span> <span class='ocrx_word' id='word_1_1224' title='bbox 1969 2657 2077 2685; x_wconf 72' lang='lat' dir='ltr'>cxcuffi.</span> <span class='ocrx_word' id='word_1_1225' title='bbox 2097 2656 2159 2684; x_wconf 88' lang='lat' dir='ltr'>vul-</span> 
     </span>
     <span class='ocr_line' id='line_1_140' title="bbox 1202 2697 2084 2734; baseline -0.005 -10"><span class='ocrx_word' id='word_1_1226' title='bbox 1202 2704 1276 2734; x_wconf 69' lang='lat' dir='ltr'>gata,</span> <span class='ocrx_word' id='word_1_1227' title='bbox 1281 2698 1325 2731; x_wconf 79' lang='lat' dir='ltr'>scd</span> <span class='ocrx_word' id='word_1_1228' title='bbox 1332 2699 1395 2723; x_wconf 81' lang='lat' dir='ltr'>nihil</span> <span class='ocrx_word' id='word_1_1229' title='bbox 1401 2697 1427 2722; x_wconf 72' lang='lat' dir='ltr'>de</span> <span class='ocrx_word' id='word_1_1230' title='bbox 1436 2697 1534 2730; x_wconf 61' lang='lat' dir='ltr'>Caeshre.</span> <span class='ocrx_word' id='word_1_1231' title='bbox 2082 2723 2084 2725; x_wconf 21' lang='lat' dir='ltr'>v</span> 
     </span>
    </p>

    <p class='ocr_par' dir='ltr' id='par_1_24' title="bbox 1182 2730 2159 2843">
     <span class='ocr_line' id='line_1_141' title="bbox 1241 2730 2158 2767; baseline -0.005 -9"><span class='ocrx_word' id='word_1_1232' title='bbox 1241 2732 1267 2759; x_wconf 84' lang='lat'>8.</span> <span class='ocrx_word' id='word_1_1233' title='bbox 1288 2734 1395 2766; x_wconf 63' lang='lat' dir='ltr'>Consules</span> <span class='ocrx_word' id='word_1_1234' title='bbox 1406 2735 1516 2759; x_wconf 73' lang='lat' dir='ltr'>exltalia</span> <span class='ocrx_word' id='word_1_1235' title='bbox 1525 2732 1653 2767; x_wconf 64' lang='lat' dir='ltr'>excttffizs]</span> <span class='ocrx_word' id='word_1_1236' title='bbox 1675 2732 1717 2758; x_wconf 85' lang='lat' dir='ltr'>Est</span> <span class='ocrx_word' id='word_1_1237' title='bbox 1738 2732 1752 2758; x_wconf 78' lang='lat' dir='ltr'>:i</span> <span class='ocrx_word' id='word_1_1238' title='bbox 1764 2731 1940 2758; x_wconf 76' lang='lat' dir='ltr'>Mauriciano.</span> <span class='ocrx_word' id='word_1_1239' title='bbox 1961 2730 2067 2765; x_wconf 75' lang='lat' dir='ltr'>vulgata</span> <span class='ocrx_word' id='word_1_1240' title='bbox 2075 2730 2158 2761; x_wconf 74' lang='lat' dir='ltr'>expul-</span> 
     </span>
     <span class='ocr_line' id='line_1_142' title="bbox 1197 2768 2159 2804; baseline -0.003 -10"><span class='ocrx_word' id='word_1_1241' title='bbox 1197 2770 1235 2803; x_wconf 78' lang='lat' dir='ltr'>sos</span> <span class='ocrx_word' id='word_1_1242' title='bbox 1248 2788 1256 2800; x_wconf 94' lang='lat'>,</span> <span class='ocrx_word' id='word_1_1243' title='bbox 1276 2769 1362 2795; x_wconf 88' lang='lat' dir='ltr'>minus</span> <span class='ocrx_word' id='word_1_1244' title='bbox 1375 2768 1457 2795; x_wconf 55' lang='lat' dir='ltr'>recte.</span> <span class='ocrx_word' id='word_1_1245' title='bbox 1477 2768 1510 2794; x_wconf 78' lang='lat' dir='ltr'>sic</span> <span class='ocrx_word' id='word_1_1246' title='bbox 1530 2768 1676 2804; x_wconf 76' lang='lat' dir='ltr'>Philippica</span> <span class='ocrx_word' id='word_1_1247' title='bbox 1686 2777 1744 2794; x_wconf 76' lang='lat' dir='ltr'>xri.</span> <span class='ocrx_word' id='word_1_1248' title='bbox 1756 2776 1848 2804; x_wconf 81' lang='lat' dir='ltr'>cap.7.</span> <span class='ocrx_word' id='word_1_1249' title='bbox 1859 2769 2010 2801; x_wconf 61' lang='lat' dir='ltr'>juventutem</span> <span class='ocrx_word' id='word_1_1250' title='bbox 2028 2774 2114 2791; x_wconf 83' lang='lat' dir='ltr'>omnem</span> <span class='ocrx_word' id='word_1_1251' title='bbox 2131 2774 2159 2791; x_wconf 70' lang='lat' dir='ltr'>ex</span> 
     </span>
     <span class='ocr_line' id='line_1_143' title="bbox 1182 2803 1912 2843; baseline -0.005 -12"><span class='ocrx_word' id='word_1_1252' title='bbox 1182 2809 1184 2827; x_wconf 74' lang='lat' dir='ltr'>l</span> <span class='ocrx_word' id='word_1_1253' title='bbox 1203 2807 1279 2831; x_wconf 80' lang='lat' dir='ltr'>ltalia</span> <span class='ocrx_word' id='word_1_1254' title='bbox 1287 2806 1421 2838; x_wconf 73' lang='lat' dir='ltr'>excuffimm</span> <span class='ocrx_word' id='word_1_1255' title='bbox 1428 2817 1438 2837; x_wconf 83' lang='grc'>,-</span> <span class='ocrx_word' id='word_1_1256' title='bbox 1457 2803 1501 2830; x_wconf 93' lang='lat' dir='ltr'>ubi</span> <span class='ocrx_word' id='word_1_1257' title='bbox 1512 2813 1647 2843; x_wconf 69' lang='lat' dir='ltr'>perperam</span> <span class='ocrx_word' id='word_1_1258' title='bbox 1661 2803 1763 2839; x_wconf 82' lang='lat' dir='ltr'>vulgati</span> <span class='ocrx_word' id='word_1_1259' title='bbox 1773 2806 1912 2830; x_wconf 70' lang='lat' dir='ltr'>excivimus.</span> 
     </span>
    </p>

    <p class='ocr_par' dir='ltr' id='par_1_25' title="bbox 1183 2835 2161 2940">
     <span class='ocr_line' id='line_1_144' title="bbox 1239 2835 2161 2876; baseline -0.005 -8"><span class='ocrx_word' id='word_1_1260' title='bbox 1239 2849 1268 2876; x_wconf 91' lang='lat'>9.</span> <span class='ocrx_word' id='word_1_1261' title='bbox 1290 2843 1381 2867; x_wconf 81' lang='lat' dir='ltr'>Multos</span> <span class='ocrx_word' id='word_1_1262' title='bbox 1399 2841 1568 2874; x_wconf 57' lang='lat' dir='ltr'>calamitosis.)</span> <span class='ocrx_word' id='word_1_1263' title='bbox 1591 2840 1709 2875; x_wconf 82' lang='lat' dir='ltr'>Scriptus</span> <span class='ocrx_word' id='word_1_1264' title='bbox 1720 2839 1835 2866; x_wconf 83' lang='lat' dir='ltr'>Ferrarii</span> <span class='ocrx_word' id='word_1_1265' title='bbox 1854 2847 1920 2864; x_wconf 89' lang='lat' dir='ltr'>unus</span> <span class='ocrx_word' id='word_1_1266' title='bbox 1939 2837 2068 2869; x_wconf 71' lang='lat' dir='ltr'>damnqfizs.</span> <span class='ocrx_word' id='word_1_1267' title='bbox 2087 2835 2161 2872; x_wconf 79' lang='lat' dir='ltr'>quod</span> 
     </span>
     <span class='ocr_line' id='line_1_145' title="bbox 1183 2872 2158 2913; baseline -0.005 -9"><span class='ocrx_word' id='word_1_1268' title='bbox 1183 2874 1184 2904; x_wconf 71' lang='lat' dir='ltr'>l</span> <span class='ocrx_word' id='word_1_1269' title='bbox 1206 2876 1305 2913; x_wconf 73' lang='lat' dir='ltr'>placuit</span> <span class='ocrx_word' id='word_1_1270' title='bbox 1315 2876 1473 2912; x_wconf 73' lang='lat' dir='ltr'>Gulielmio.</span> <span class='ocrx_word' id='word_1_1271' title='bbox 1488 2877 1515 2902; x_wconf 70' lang='grc' dir='ltr'>δε</span> <span class='ocrx_word' id='word_1_1272' title='bbox 1527 2876 1635 2903; x_wconf 78' lang='lat' dir='ltr'>Plautus</span> <span class='ocrx_word' id='word_1_1273' title='bbox 1647 2874 1754 2911; x_wconf 80' lang='lat' dir='ltr'>quidem</span> <span class='ocrx_word' id='word_1_1274' title='bbox 1765 2884 1795 2900; x_wconf 86' lang='lat' dir='ltr'>ea</span> <span class='ocrx_word' id='word_1_1275' title='bbox 1814 2882 1875 2900; x_wconf 86' lang='lat' dir='ltr'>voce</span> <span class='ocrx_word' id='word_1_1276' title='bbox 1886 2872 1944 2900; x_wconf 82' lang='lat' dir='ltr'>usus</span> <span class='ocrx_word' id='word_1_1277' title='bbox 1955 2873 1990 2900; x_wconf 81' lang='lat' dir='ltr'>est</span> <span class='ocrx_word' id='word_1_1278' title='bbox 2007 2873 2036 2899; x_wconf 88' lang='lat' dir='ltr'>iu</span> <span class='ocrx_word' id='word_1_1279' title='bbox 2054 2879 2158 2909; x_wconf 74' lang='lat' dir='ltr'>putrem</span> 
     </span>
     <span class='ocr_line' id='line_1_146' title="bbox 1205 2914 1297 2940; baseline -0.011 0"><span class='ocrx_word' id='word_1_1280' title='bbox 1205 2914 1297 2940; x_wconf 77' lang='lat' dir='ltr'>talem.</span> 
     </span>
    </p>

    <p class='ocr_par' dir='ltr' id='par_1_26' title="bbox 1206 2944 2161 3058">
     <span class='ocr_line' id='line_1_147' title="bbox 1245 2944 2161 3007; baseline -0.005 -32"><span class='ocrx_word' id='word_1_1281' title='bbox 1245 2958 1287 2976; x_wconf 89' lang='lat'>10.</span> <span class='ocrx_word' id='word_1_1282' title='bbox 1298 2951 1418 2975; x_wconf 77' lang='lat' dir='ltr'>Licinium</span> <span class='ocrx_word' id='word_1_1283' title='bbox 1425 2949 1574 2976; x_wconf 79' lang='lat' dir='ltr'>Denticulam</span> <span class='ocrx_word' id='word_1_1284' title='bbox 1579 2948 1599 2982; x_wconf 92' lang='lat'>.]</span> <span class='ocrx_word' id='word_1_1285' title='bbox 1621 2948 1662 2974; x_wconf 79' lang='lat' dir='ltr'>Ita</span> <span class='ocrx_word' id='word_1_1286' title='bbox 1671 2946 1748 2973; x_wconf 85' lang='lat' dir='ltr'>hodie</span> <span class='ocrx_word' id='word_1_1287' title='bbox 1753 2944 1845 3007; x_wconf 65' lang='lat' dir='ltr'>cpallini</span> <span class='ocrx_word' id='word_1_1288' title='bbox 1857 2944 2018 2981; x_wconf 82' lang='lat' dir='ltr'>publicatur,</span> <span class='ocrx_word' id='word_1_1289' title='bbox 2029 2944 2161 2980; x_wconf 79' lang='lat' dir='ltr'>restatque</span> 
     </span>
     <span class='ocr_line' id='line_1_148' title="bbox 1206 2980 2160 3018; baseline -0.006 -6"><span class='ocrx_word' id='word_1_1290' title='bbox 1206 2986 1233 3012; x_wconf 87' lang='lat' dir='ltr'>in</span> <span class='ocrx_word' id='word_1_1291' title='bbox 1247 2985 1303 3012; x_wconf 82' lang='lat' dir='ltr'>Pal.</span> <span class='ocrx_word' id='word_1_1292' title='bbox 1315 2985 1364 3011; x_wconf 82' lang='lat' dir='ltr'>sec.</span> <span class='ocrx_word' id='word_1_1293' title='bbox 1376 2991 1452 3011; x_wconf 81' lang='lat' dir='ltr'>antea</span> <span class='ocrx_word' id='word_1_1294' title='bbox 1462 2983 1511 3010; x_wconf 87' lang='lat' dir='ltr'>cusi</span> <span class='ocrx_word' id='word_1_1295' title='bbox 1522 2985 1678 3010; x_wconf 73' lang='lat' dir='ltr'>Lenticulam.</span> <span class='ocrx_word' id='word_1_1296' title='bbox 1697 2992 1750 3018; x_wconf 89' lang='lat' dir='ltr'>quo</span> <span class='ocrx_word' id='word_1_1297' title='bbox 1779 2982 1806 3008; x_wconf 68' lang='grc' dir='ltr'>ὃ(</span> <span class='ocrx_word' id='word_1_1298' title='bbox 1817 2982 1844 3008; x_wconf 89' lang='lat' dir='ltr'>in</span> <span class='ocrx_word' id='word_1_1299' title='bbox 1854 2990 1896 3017; x_wconf 85' lang='lat' dir='ltr'>pr.</span> <span class='ocrx_word' id='word_1_1300' title='bbox 1914 2980 1964 3008; x_wconf 76' lang='lat' dir='ltr'>stat</span> <span class='ocrx_word' id='word_1_1301' title='bbox 1973 2988 2061 3007; x_wconf 77' lang='lat' dir='ltr'>tamen</span> <span class='ocrx_word' id='word_1_1302' title='bbox 2073 2981 2100 3006; x_wconf 76' lang='lat' dir='ltr'>Sc</span> <span class='ocrx_word' id='word_1_1303' title='bbox 2109 2989 2160 3016; x_wconf 85' lang='lat' dir='ltr'>pro</span> 
     </span>
     <span class='ocr_line' id='line_1_149' title="bbox 1206 3019 1631 3058; baseline -0.005 -11"><span class='ocrx_word' id='word_1_1304' title='bbox 1206 3021 1294 3058; x_wconf 72' lang='lat' dir='ltr'>priore</span> <span class='ocrx_word' id='word_1_1305' title='bbox 1304 3019 1631 3056; x_wconf 73' lang='lat' dir='ltr'>striptura‘Mauricianus.</span> 
     </span>
    </p>

    <p class='ocr_par' dir='ltr' id='par_1_27' title="bbox 1205 3050 2158 3198">
     <span class='ocr_line' id='line_1_150' title="bbox 1245 3050 2158 3090; baseline -0.005 -7"><span class='ocrx_word' id='word_1_1306' title='bbox 1245 3066 1255 3084; x_wconf 79' lang='lat' dir='ltr'>i</span> <span class='ocrx_word' id='word_1_1307' title='bbox 1263 3066 1285 3083; x_wconf 90' lang='lat' dir='ltr'>i.</span> <span class='ocrx_word' id='word_1_1308' title='bbox 1305 3055 1379 3090; x_wconf 52' lang='lat' dir='ltr'>§2411st</span> <span class='ocrx_word' id='word_1_1309' title='bbox 1385 3065 1441 3081; x_wconf 83' lang='lat' dir='ltr'>vero</span> <span class='ocrx_word' id='word_1_1310' title='bbox 1449 3055 1526 3080; x_wconf 79' lang='lat' dir='ltr'>ludere</span> <span class='ocrx_word' id='word_1_1311' title='bbox 1537 3064 1587 3080; x_wconf 79' lang='lat' dir='ltr'>cum</span> <span class='ocrx_word' id='word_1_1312' title='bbox 1598 3054 1745 3080; x_wconf 65' lang='lat' dir='ltr'>condemnato</span> <span class='ocrx_word' id='word_1_1313' title='bbox 1755 3064 1799 3079; x_wconf 84' lang='lat' dir='ltr'>non</span> <span class='ocrx_word' id='word_1_1314' title='bbox 1809 3053 1912 3087; x_wconf 64' lang='lat' dir='ltr'>liceren]</span> <span class='ocrx_word' id='word_1_1315' title='bbox 1934 3052 1977 3078; x_wconf 78' lang='lat' dir='ltr'>sic</span> <span class='ocrx_word' id='word_1_1316' title='bbox 1987 3051 2042 3079; x_wconf 82' lang='lat' dir='ltr'>Pau</span> <span class='ocrx_word' id='word_1_1317' title='bbox 2049 3050 2158 3078; x_wconf 84' lang='lat' dir='ltr'>.&#39;iiostri.</span> 
     </span>
     <span class='ocr_line' id='line_1_151' title="bbox 1206 3087 2158 3123; baseline -0.005 -5"><span class='ocrx_word' id='word_1_1318' title='bbox 1206 3092 1350 3119; x_wconf 77' lang='lat' dir='ltr'>Lambinus</span> <span class='ocrx_word' id='word_1_1319' title='bbox 1362 3090 1446 3119; x_wconf 80' lang='lat' dir='ltr'>edidit</span> <span class='ocrx_word' id='word_1_1320' title='bbox 1457 3110 1465 3122; x_wconf 89' lang='lat'>,</span> <span class='ocrx_word' id='word_1_1321' title='bbox 1476 3101 1520 3116; x_wconf 81' lang='lat' dir='ltr'>non</span> <span class='ocrx_word' id='word_1_1322' title='bbox 1530 3098 1555 3116; x_wconf 79' lang='lat' dir='ltr'>ur</span> <span class='ocrx_word' id='word_1_1323' title='bbox 1565 3091 1654 3116; x_wconf 65' lang='lat' dir='ltr'>luderet</span> <span class='ocrx_word' id='word_1_1324' title='bbox 1663 3100 1714 3116; x_wconf 85' lang='lat' dir='ltr'>cum</span> <span class='ocrx_word' id='word_1_1325' title='bbox 1724 3091 1882 3121; x_wconf 65' lang='lat' dir='ltr'>condemnaro,</span> <span class='ocrx_word' id='word_1_1326' title='bbox 1893 3090 1960 3123; x_wconf 72' lang='lat' dir='ltr'>quast</span> <span class='ocrx_word' id='word_1_1327' title='bbox 1966 3097 2034 3119; x_wconf 71' lang='lat' dir='ltr'>vcro,</span> <span class='ocrx_word' id='word_1_1328' title='bbox 2044 3088 2092 3118; x_wconf 64' lang='lat' dir='ltr'>&amp;a</span> <span class='ocrx_word' id='word_1_1329' title='bbox 2115 3087 2158 3114; x_wconf 77' lang='lat' dir='ltr'>ni-</span> 
     </span>
     <span class='ocr_line' id='line_1_152' title="bbox 1206 3123 2157 3162; baseline -0.005 -8"><span class='ocrx_word' id='word_1_1330' title='bbox 1206 3128 1254 3154; x_wconf 75' lang='lat' dir='ltr'>mis</span> <span class='ocrx_word' id='word_1_1331' title='bbox 1265 3127 1297 3153; x_wconf 84' lang='lat' dir='ltr'>de</span> <span class='ocrx_word' id='word_1_1332' title='bbox 1310 3126 1354 3153; x_wconf 82' lang='lat' dir='ltr'>suo</span> <span class='ocrx_word' id='word_1_1333' title='bbox 1365 3127 1464 3162; x_wconf 77' lang='lat' dir='ltr'>largus,</span> <span class='ocrx_word' id='word_1_1334' title='bbox 1475 3127 1562 3162; x_wconf 84' lang='lat' dir='ltr'>inquit</span> <span class='ocrx_word' id='word_1_1335' title='bbox 1573 3126 1697 3154; x_wconf 81' lang='lat' dir='ltr'>Scliottus</span> <span class='ocrx_word' id='word_1_1336' title='bbox 1709 3126 1807 3157; x_wconf 79' lang='lat' dir='ltr'>noster,</span> <span class='ocrx_word' id='word_1_1337' title='bbox 1817 3125 1861 3162; x_wconf 84' lang='lat' dir='ltr'>qui</span> <span class='ocrx_word' id='word_1_1338' title='bbox 1874 3124 1987 3151; x_wconf 82' lang='lat' dir='ltr'>malebat</span> <span class='ocrx_word' id='word_1_1339' title='bbox 1997 3123 2086 3158; x_wconf 80' lang='lat' dir='ltr'>legere</span> <span class='ocrx_word' id='word_1_1340' title='bbox 2095 3131 2157 3150; x_wconf 86' lang='lat' dir='ltr'>cum</span> 
     </span>
     <span class='ocr_line' id='line_1_153' title="bbox 1205 3158 2156 3198; baseline -0.007 -8"><span class='ocrx_word' id='word_1_1341' title='bbox 1205 3165 1313 3190; x_wconf 73' lang='lat' dir='ltr'>Mur-eto</span> <span class='ocrx_word' id='word_1_1342' title='bbox 1327 3182 1334 3195; x_wconf 92' lang='lat'>‚</span> <span class='ocrx_word' id='word_1_1343' title='bbox 1353 3173 1397 3189; x_wconf 77' lang='lat' dir='ltr'>nim</span> <span class='ocrx_word' id='word_1_1344' title='bbox 1407 3164 1474 3198; x_wconf 77' lang='lat' dir='ltr'>quast</span> <span class='ocrx_word' id='word_1_1345' title='bbox 1480 3163 1569 3188; x_wconf 76' lang='lat' dir='ltr'>luderet</span> <span class='ocrx_word' id='word_1_1346' title='bbox 1587 3172 1638 3188; x_wconf 85' lang='lat' dir='ltr'>cum</span> <span class='ocrx_word' id='word_1_1347' title='bbox 1656 3163 1811 3188; x_wconf 73' lang='lat' dir='ltr'>condemnato.</span> <span class='ocrx_word' id='word_1_1348' title='bbox 1833 3160 1955 3187; x_wconf 86' lang='lat' dir='ltr'>videatur</span> <span class='ocrx_word' id='word_1_1349' title='bbox 1973 3158 2024 3195; x_wconf 87' lang='lat' dir='ltr'>ipse</span> <span class='ocrx_word' id='word_1_1350' title='bbox 2043 3168 2097 3194; x_wconf 83' lang='lat' dir='ltr'>cap.</span> <span class='ocrx_word' id='word_1_1351' title='bbox 2113 3166 2156 3184; x_wconf 81' lang='lat'>12.</span> 
     </span>
    </p>
   </div>
   <div class='ocr_carea' id='block_1_19' title="bbox 1204 3195 2142 3264">
    <p class='ocr_par' dir='ltr' id='par_1_28' title="bbox 1204 3195 2142 3264">
     <span class='ocr_line' id='line_1_154' title="bbox 1204 3195 2142 3264; baseline -0.007 -36"><span class='ocrx_word' id='word_1_1352' title='bbox 1204 3198 1428 3237; x_wconf 76' lang='lat' dir='ltr'>quemadmodum</span> <span class='ocrx_word' id='word_1_1353' title='bbox 1439 3199 1519 3229; x_wconf 76' lang='lat' dir='ltr'>ctiam</span> <span class='ocrx_word' id='word_1_1354' title='bbox 1529 3199 1652 3227; x_wconf 80' lang='lat' dir='ltr'>Muretus</span> <span class='ocrx_word' id='word_1_1355' title='bbox 1663 3197 1711 3227; x_wconf 85' lang='lat' dir='ltr'>lib.</span> <span class='ocrx_word' id='word_1_1356' title='bbox 1721 3207 1800 3227; x_wconf 75' lang='lat' dir='ltr'>xiix.</span> <span class='ocrx_word' id='word_1_1357' title='bbox 1810 3198 1873 3227; x_wconf 74' lang='lat' dir='ltr'>Var.</span> <span class='ocrx_word' id='word_1_1358' title='bbox 1882 3195 1947 3224; x_wconf 57' lang='lat' dir='ltr'>leci.</span> <span class='ocrx_word' id='word_1_1359' title='bbox 1958 3205 2011 3232; x_wconf 80' lang='lat' dir='ltr'>cap.</span> <span class='ocrx_word' id='word_1_1360' title='bbox 2023 3203 2052 3257; x_wconf 69' lang='lat' dir='ltr'>7i</span> <span class='ocrx_word' id='word_1_1361' title='bbox 2072 3233 2142 3264; x_wconf 50' lang='lat' dir='ltr'><em>seque</em></span> 
     </span>
    </p>
   </div>
   <div class='ocr_carea' id='block_1_20' title="bbox 1180 2690 1188 3228">
    <p class='ocr_par' dir='ltr' id='par_1_29' title="bbox 1180 2690 1188 3228">
     <span class='ocr_line' id='line_1_155' title="bbox 1180 2690 1188 3228; baseline 0 0"><span class='ocrx_word' id='word_1_1362' title='bbox 1180 2690 1188 3228; x_wconf 95' lang='lat' dir='ltr'> </span> 
     </span>
    </p>
   </div>
   <div class='ocr_carea' id='block_1_21' title="bbox 1199 1940 2178 1985">
    <p class='ocr_par' dir='ltr' id='par_1_30' title="bbox 1199 1940 2178 1985">
     <span class='ocr_line' id='line_1_156' title="bbox 1199 1940 2178 1985; baseline 0 -14"><span class='ocrx_word' id='word_1_1363' title='bbox 1199 1940 1349 1971; x_wconf 86' lang='lat' dir='ltr'>beneficio</span> <span class='ocrx_word' id='word_1_1364' title='bbox 1366 1941 1439 1982; x_wconf 84' lang='lat' dir='ltr'>legis</span> <span class='ocrx_word' id='word_1_1365' title='bbox 1452 1940 1636 1972; x_wconf 87' lang='lat' dir='ltr'>dissolveret.</span> <span class='ocrx_word' id='word_1_1366' title='bbox 1660 1945 1758 1985; x_wconf 84' lang='lat' dir='ltr'>Qam</span> <span class='ocrx_word' id='word_1_1367' title='bbox 1769 1940 1892 1973; x_wconf 88' lang='lat' dir='ltr'>attulisti</span> <span class='ocrx_word' id='word_1_1368' title='bbox 1901 1943 2048 1972; x_wconf 86' lang='lat' dir='ltr'>rationem</span> <span class='ocrx_word' id='word_1_1369' title='bbox 2058 1951 2158 1982; x_wconf 82' lang='lat' dir='ltr'>popu·</span> <span class='ocrx_word' id='word_1_1370' title='bbox 2173 1944 2178 1948; x_wconf 86' lang='grc'><em>“</em></span> 
     </span>
    </p>
   </div>
   <div class='ocr_carea' id='block_1_22' title="bbox 1186 438 2207 487">
    <p class='ocr_par' dir='ltr' id='par_1_31' title="bbox 1186 438 2207 487">
     <span class='ocr_line' id='line_1_157' title="bbox 1186 438 2207 487; baseline 0.009 -18"><span class='ocrx_word' id='word_1_1371' title='bbox 1186 438 1241 470; x_wconf 79' lang='lat' dir='ltr'>nisi</span> <span class='ocrx_word' id='word_1_1372' title='bbox 1259 449 1286 470; x_wconf 87' lang='lat' dir='ltr'>te</span> <span class='ocrx_word' id='word_1_1373' title='bbox 1299 440 1334 469; x_wconf 82' lang='lat' dir='ltr'>ad</span> <span class='ocrx_word' id='word_1_1374' title='bbox 1349 449 1429 470; x_wconf 82' lang='lat' dir='ltr'>arma</span> <span class='ocrx_word' id='word_1_1375' title='bbox 1439 441 1557 471; x_wconf 81' lang='lat' dir='ltr'>Caesaris</span> <span class='ocrx_word' id='word_1_1376' title='bbox 1570 444 1754 476; x_wconf 72' lang='lat' dir='ltr'>contulisses.</span> <span class='ocrx_word' id='word_1_1377' title='bbox 1776 448 1825 476; x_wconf 86' lang='lat' dir='ltr'>Tu</span> <span class='ocrx_word' id='word_1_1378' title='bbox 1836 466 1844 480; x_wconf 91' lang='lat'><strong>,</strong></span> <span class='ocrx_word' id='word_1_1379' title='bbox 1867 456 1917 480; x_wconf 89' lang='lat' dir='ltr'>tu,</span> <span class='ocrx_word' id='word_1_1380' title='bbox 1936 448 2060 487; x_wconf 80' lang='lat' dir='ltr'>inquam</span> <span class='ocrx_word' id='word_1_1381' title='bbox 2072 465 2080 478; x_wconf 93' lang='lat'><em>‚</em></span> <span class='ocrx_word' id='word_1_1382' title='bbox 2096 447 2140 474; x_wconf 90' lang='lat' dir='ltr'>M.</span> <span class='ocrx_word' id='word_1_1383' title='bbox 2161 452 2207 478; x_wconf 75' lang='lat'>22</span> 
     </span>
    </p>
   </div>
   <div class='ocr_carea' id='block_1_23' title="bbox 2274 0 2337 3400">
    <p class='ocr_par' dir='ltr' id='par_1_32' title="bbox 2274 0 2337 3400">
     <span class='ocr_line' id='line_1_158' title="bbox 2274 0 2337 3400; baseline 0 0"><span class='ocrx_word' id='word_1_1384' title='bbox 2274 0 2337 3400; x_wconf 95' lang='lat' dir='ltr'> </span> 
     </span>
    </p>
   </div>
  </div>
 </body>
</html>
