2339 3379
556 135 1391 197 ANTEQUAMtnEt·1N
1456 156 1824 196 Exitium.
2081 154 2179 218 635·

214 219 290 253 ci'im
301 215 502 251 inimicorum
515 215 688 249 nostrorum
698 218 774 249 vim,
784 224 872 257 atque
881 215 1059 247 violentiam
1069 218 1185 257 perspi'-
1222 221 1351 252 crimine
1362 241 1372 256 ,
1392 221 1441 254 sed
1452 220 1513 253 fine
1521 224 1683 258 accusatore
1693 245 1701 260 ‚
1721 225 1781 258 fine
1791 230 1880 260 etiam
1892 228 2007 261 scelere·
2034 233 2180 265 Hostibus

214 264 272 294 ciat
285 282 295 297 ,
308 264 420 304 quique
431 259 570 291 nostrum
582 259 681 299 ipsum
692 257 972 299 periculosiffimum
984 258 1083 289 casum
1095 268 1179 306 reco-
1221 263 1255 292 in
1265 263 1347 293 bello
1358 283 1367 298 ‚
1382 267 1434 305 qui
1444 263 1583 297 diffident
1592 268 1746 300 voluntate
1756 289 1765 303 ,
1779 270 1926 302 dimicant
1949 274 2039 304 armis
2048 294 2058 308 ‚
2084 278 2180 307 vitam

215 305 339 346 gnoscat
348 323 358 339 ,
377 304 428 345 qui
438 311 502 333 non
512 300 566 331 fibi
577 320 586 334 ‚
607 310 639 331 ac
653 300 715 331 suis
727 300 988 340 diffidatfortunu?
1011 302 1081 347 Qio
1089 309 1173 331 enim
1219 305 1355 344 quotidie
1365 316 1542 348 oppugnant
1551 327 1560 343 ‚
1576 311 1608 339 in
1619 311 1679 350 ipsa
1687 313 1748 342 acie
1757 311 1828 343 cum
1838 314 2014 353 proeliantur
2028 336 2038 350 ,
2054 317 2123 348 licet
2133 318 2180 348 10-

213 347 245 378 se
255 347 321 378 satis
330 354 430 377 tutum
442 342 634 375 arbitrabitur
642 340 799 382 praesidio?
815 344 934 373 virtutis
945 342 978 373 &
987 342 1092 383 gloriae
1106 344 1118 371 ?
1139 345 1180 373 At
1217 348 1291 385 qui,
1313 347 1381 378 licet
1394 349 1559 388 disputare:
1579 354 1658 382 milii
1671 354 1703 383 in
1715 363 1787 393 pace
1798 375 1807 387 .
1827 357 1888 385 civi
1899 377 1908 389 .
1925 359 1977 397 qui
1990 357 2179 397 perditorum

215 398 250 419 ea
269 397 328 418 nos
346 386 406 426 ipsa
424 386 482 416 hoc
496 393 632 425 tempore
645 393 827 425 oppugnant.
852 385 1050 415 Multitudine
1060 392 1177 414 amico·
1218 388 1383 420 hominum
1393 389 1467 430 fregi
1478 390 1612 422 furorem
1625 413 1633 427 ,
1653 403 1707 434 pro
1715 396 1847 426 fortunis
1857 400 1932 427 meis
1942 399 2018 438 apud
2030 409 2084 430 vos
2097 400 2179 443 loqui

213 439 282 461 rum
294 432 306 459 ?
327 431 516 469 Aperuerunt
525 437 590 457 non
602 425 709 457 forteis
718 425 776 456 effe
789 427 819 457 se
833 436 947 458 amicos
957 446 966 460 ‚
985 424 1007 455 fi
1022 427 1056 456 in
1066 434 1172 455 eorum
1218 438 1269 457 mm
1280 429 1389 460 licebit?
1400 431 1487 464 servi,
1499 435 1552 473 qui
1563 435 1597 464 ad
1609 435 1789 476 supplicium
1800 437 1862 469 caesi
1874 439 2044 471 verberibus
2056 443 2179 473 trahun-

212 469 355 512 potestate
368 468 468 500 nostra
482 467 531 499 fita
544 469 622 499 salus
636 478 701 499 non
714 467 766 499 est.
790 470 938 499 Paucitate
949 469 1151 499 inimicorum
1165 471 1175 497 ?
1217 478 1265 499 tur
1276 490 1285 504 ‚
1301 472 1378 510 apud
1389 482 1441 502 eos
1450 474 1524 513 saepe
1533 475 1704 515 disputant,
1718 489 1795 520 quos
1805 490 1909 511 necare
1919 482 2082 513 voluerunt
2095 495 2101 513 2
2121 494 2177 525 ego

212 516 253 544 At
264 511 293 543 id
304 513 410 543 nonin
423 509 514 552 ipfius
529 531 538 545 ‚
557 510 650 542 sedin
662 512 791 541 aliorum
806 510 964 541 voluntate
973 508 1104 550 positum
1118 508 1172 540 est.
1215 512 1380 542 consularis
1388 514 1465 552 apud
1475 525 1529 545 vos
1541 526 1605 548 non
1615 519 1719 560 loquar
1728 541 1736 555 ‚
1748 532 1824 562 quos
1833 525 2007 554 conservavi
2019 527 2028 553 ?
2039 526 2174 560 Tacebo,

210 563 283 586 narn
295 563 359 585 non
370 554 437 584 satis
447 552 489 584 est
499 574 508 587 ,
523 563 561 583 ne
570 555 620 583 cui
635 554 779 593 injuriam
789 552 877 583 facias
886 571 894 585 ,
906 551 1065 592 providere
1074 571 1083 586 ‚
1100 549 1121 581 fi
1132 560 1175 582 ta·
1215 551 1236 583 fi
1247 552 1360 584 necesse
1372 555 1414 585 est
1424 566 1429 583 z
1440 557 1545 586 tacebo
1554 579 1563 591 ,
1574 560 1697 600 inquam
1709 582 1718 596 ‚
1729 565 1833 594 animo
1842 574 1943 606 aequo,
1955 568 2101 607 quoniam
2112 571 2175 598 vir-

212 606 287 627 men
306 596 375 627 sunt
388 596 554 627 voluntarii
570 597 711 629 inimici,
729 597 780 636 qui
801 596 860 625 tuis
877 596 1011 633 praemiis
1028 602 1059 624 te
1077 603 1176 633 oppu-
1213 602 1260 625 tus
1271 605 1337 626 mea
1348 615 1356 629 ,
1375 605 1426 626 me
1438 605 1571 633 tacente,
1587 604 1769 642 agitcausam
1782 615 1893 636 meam.
1916 610 2020 648 Itaque
2030 617 2062 639 ut
2072 619 2127 649 ego
2138 611 2169 640 in
2192 611 2209 643 3

206 646 311 679 guent.
335 641 431 679 Atque
441 637 513 668 cum
528 638 592 668 haec
605 639 710 668 omnia
720 636 867 667 omnibus
883 634 939 666 fint
950 637 1050 676 gravia
1061 655 1072 668 ‚
1085 644 1173 676 atque
1210 639 1358 668 concione
1370 647 1438 668 mea
1448 640 1525 669 nihil
1535 649 1645 680 ponam
1661 644 1697 674 de
1713 647 1799 677 rebus
1809 650 1884 678 meis
1892 649 1983 689 gestis
1994 669 2003 683 ‚
2023 659 2124 681 tamen
2137 653 2170 681 in

194 680 309 711 ‘acerba
319 699 328 714 ‚
341 689 406 710 tum
420 679 492 710 vero
501 680 590 710 nobis
601 680 719 713 misera,
730 688 816 719 atque
827 676 1024 710 intoleranda,
1037 686 1170 717 quorum
1208 680 1320 709 animis
1331 698 1341 713 ,
1361 679 1395 710 &
1406 684 1554 712 memoria
1568 683 1661 714 vesti-a
1673 685 1790 727 largiter
1802 690 1982 730 relinquam.
2006 691 2059 722 Isti
2074 693 2168 724 mode,

206 723 243 753 &
258 720 359 753 officia
372 724 404 752 m
419 731 514 762 remp,
528 719 725 752 recentjffima
735 741 745 754 ,
767 717 1008 750 &incommoda
1019 719 1060 748 ob
1072 727 1166 758 remp.
1208 719 1329 751 videant
1339 742 1348 754 ‚
1366 731 1424 762 qua
1433 725 1547 752 ratione
1557 725 1633 755 hanc
1643 728 1771 758 inultam
1783 739 1883 760 meam
1894 731 1995 773 fugam
2005 732 2081 764 ferre
2091 735 2153 774 pos
2150 752 2164 757 -

205 762 443 805 frequentiffima
455 767 486 794 in
495 763 612 794 familia
621 763 780 793 versantur.
805 763 898 790 Nunc
912 758 932 788 fi
945 759 1048 789 eadem
1060 760 1167 790 condi·
1207 760 1272 792 sint.
1299 765 1423 794 Etenim
1440 762 1461 793 fi
1474 764 1490 794 ὲ
1504 774 1572 799 me,
1593 776 1624 797 ut
1641 767 1690 798 isti
1708 769 1897 806 existimant,
1917 776 2041 805 Lentuli
2053 776 2167 806 mortui

206 808 252 836 tio
266 803 488 847 disceptationis
503 813 690 846 proponetur
700 823 708 837 ‚
726 804 805 843 aequi
814 802 968 832 auditores
979 800 1168 833 adhibebun-
1206 803 1307 834 sordes
1319 825 1327 839 ‚
1340 803 1359 834 fi
1369 806 1507 836 Catilinae
1519 806 1690 839 notiffimus
1699 809 1783 841 furor
1794 832 1802 845 ,
1815 812 1835 842 si
1846 818 1976 846 amentia
1987 818 2111 858 Cethegi
2123 838 2131 852 ‚
2144 817 2165 848 fi

207 857 256 879 tur
266 868 275 881 ,
287 858 370 879 aures
381 857 444 878 non
454 847 566 878 obtusae
576 847 788 876 criminatione
798 863 806 876 ‚
820 843 868 873 sed
879 853 978 873 vacuae
986 843 1167 883 praebebun-
1206 845 1341 877 luxuries
1351 857 1383 877 ac
1393 847 1490 887 stupra
1499 848 1585 879 Caffii
1596 860 1698 890 poenas
1708 862 1846 893 repetunt
1857 865 1862 883 2
1874 857 2009 893 profecstb
2023 858 2083 888 istis
2094 862 2166 890 hora

203 898 262 920 tur:
271 892 324 931 qui
335 887 528 921 suntass‘ecuti
538 888 693 918 summum
704 885 827 927 gradum
838 886 978 918 honoris,
989 895 1053 916 non
1064 884 1165 925 dispo·
1205 887 1289 919 nulla
1298 908 1307 922 ,
1318 888 1417 929 ejeGm
1429 890 1548 926 Tullio,
1560 901 1649 923 vacua
1659 895 1806 933 periculo,
1822 905 1869 926 aut
1877 900 2000 936 periculi
2012 901 2167 940 exspesta-

202 931 359 962 liabuntur
368 932 484 961 honore
495 940 501 959 t
511 931 564 970 qui
574 929 699 969 sperant,
709 928 828 959 facilius
837 927 870 958 δε
878 926 1044 967 proclivius
1055 927 1090 958 ad
1099 928 1165 958 lau-
1203 931 1288 960 tione
1298 931 1493 972 relinquetur.
1513 934 1616 974 Itaque
1627 936 1674 964 illi
1684 938 1715 965 in
1725 936 1791 966 dies
1801 947 1864 967 non
1876 942 1953 969 meis
1964 940 2088 976 insidiis,
2099 953 2166 984 quae

202 973 275 1004 dem
296 973 462 1004 nobilitatis
478 979 668 1012 pervenient.
698 970 907 1012 Qarnobrem
924 970 1000 1000 nolo
1019 979 1070 999 me
1089 969 1165 1000 duce
1202 971 1294 1003 nullae
1304 972 1319 1003 a
1330 983 1380 1003 me
1388 983 1526 1013 parantur
1537 996 1546 1010 ,
1557 976 1605 1006 sed
1616 977 1739 1008 suorum
1750 979 1894 1010 scelerum
1905 982 2086 1013 conscientia
2097 995 2164 1015 cru-

204 1015 343 1056 supplicii
361 1023 416 1044 vos
432 1013 468 1044 ad
481 1012 616 1043 fraudem
634 1012 761 1046 deduci,
780 1021 813 1042 ut
823 1021 879 1053 ego
889 1011 924 1042 ad
934 1010 1096 1052 pristinum
1109 1010 1164 1042 sta·
1202 1016 1270 1044 ciati
1282 1034 1291 1047 ,
1312 1016 1389 1045 mihi
1401 1016 1539 1050 absenti:
1554 1018 1585 1047 &
1596 1020 1709 1058 populo
1719 1022 1812 1051 Rom.
1824 1031 1927 1061 poenas
1937 1023 2058 1054 dabunt.
2083 1028 2162 1067 Qas

202 1065 269 1087 tum
288 1056 419 1086 recidam
438 1056 531 1086 casus.
563 1057 656 1085 Nunc
669 1056 760 1096 igitur
779 1073 788 1088 ,
815 1052 836 1083 fi
854 1055 956 1096 lingua
979 1052 1023 1084 est
1039 1063 1164 1084 concer-
1200 1055 1241 1086 ob
1251 1066 1297 1086 res
1311 1066 1365 1098 ego
1375 1058 1576 1090 inimicorum
1585 1064 1723 1092 amentiae
1734 1081 1743 1096 ‚
1758 1063 1973 1106 cupiditatique
1984 1075 2161 1105 paucorum,

201 1097 327 1128 tandum
341 1108 347 1127 ε
368 1099 552 1128 innocentiae
564 1098 674 1128 virtute
691 1096 784 1127 fretus
806 1096 922 1136 supero.
947 1094 967 1125 fi
984 1094 1059 1126 faeta
1074 1105 1162 1126 com·
1202 1100 1348 1129 omniurn
1359 1099 1460 1130 salutis
1469 1101 1552 1132 causa
1564 1121 1573 1135 ‚
1593 1102 1752 1133 decedam:
1773 1115 1869 1146 neque
1879 1105 1917 1136 eb
1927 1107 2073 1138 deducam
2086 1128 2094 1142 ‚
2115 1119 2164 1140 aut

201 1139 353 1180 pensanda
362 1140 430 1170 sunt
441 1138 648 1170 :conferamus
656 1141 835 1180 aequitatem.
850 1137 870 1167 fi
879 1137 1034 1168 violentiae
1043 1140 1160 1178 impetu
1198 1140 1338 1181 progredi
1351 1143 1443 1182 patiar
1452 1161 1460 1176 ,
1482 1151 1513 1173 nt
1526 1153 1614 1183 opera
1628 1154 1694 1176 mea
1707 1155 1816 1176 manus
1830 1156 1910 1178 inter
1922 1158 1978 1179 vos
1989 1150 2161 1185 conseratis,

199 1184 405 1222 opprimimur
421 1192 427 1211 :
459 1181 563 1213 cedam
577 1188 624 1221 pro
638 1179 764 1210 omnibus
782 1188 854 1209 unus
873 1179 1032 1210 tribunitio
1049 1178 1158 1214 furori,
1198 1182 1472 1223 caedesquecivium
1485 1185 1562 1215 inter
1572 1186 1601 1216 se
1612 1184 1682 1217 fiat:
1698 1188 1857 1230 multoque
1869 1190 1973 1230 potius
1984 1191 2046 1231 ipse
2059 1195 2160 1232 patria.

158 1218 181 1251 6
196 1225 345 1265 quoniam
354 1223 486 1254 laborem
498 1233 553 1263 pro
565 1222 683 1253 cun6hs
695 1222 771 1252 ferre
785 1222 940 1252 consuevi.
962 1223 993 1252 si
1003 1223 1095 1262 igitur
1105 1222 1160 1253 ali·
1200 1224 1361 1266 liberisque
1373 1229 1451 1256 meis
1460 1227 1565 1258 carebo
1576 1249 1585 1262 ‚
1605 1228 1694 1269 quam
1708 1249 1715 1262 ,
1738 1240 1856 1270 propter
1867 1242 1964 1262 unum
1975 1243 2026 1263 me
2036 1253 2046 1267 ,
2057 1244 2111 1265 vos
2122 1235 2159 1265 de

194 1275 259 1306 quo
272 1275 408 1306 tempore
421 1266 459 1295 iis
472 1265 651 1295 hominibus
660 1263 871 1298 consuluistis,
892 1273 1025 1305 quorum
1035 1266 1156 1294 animus
1197 1264 1329 1297 fortunis
1343 1267 1446 1298 vestris
1459 1289 1468 1302 ,
1485 1272 1588 1311 reique
1597 1271 1681 1310 publ.
1693 1272 1853 1304 dimicetis.
1876 1275 1926 1305 Sic
1941 1276 2027 1305 enirn
2043 1276 2080 1306 ab
2097 1278 2157 1306 ini⁴

193 1306 239 1337 est
252 1308 408 1349 religionis
421 1310 528 1348 pietate
537 1305 698 1337 det'un6ms
711 1317 716 1336 ε
736 1306 852 1336 debetis
865 1308 943 1336 mihi
956 1316 1077 1346 quoque
1090 1315 1160 1346 pro-
1199 1309 1243 1338 tio
1263 1308 1309 1339 fui
1319 1311 1470 1341 animatus
1483 1332 1491 1346 ,
1502 1321 1533 1342 ut
1545 1322 1607 1342 non
1618 1315 1712 1353 magis
1723 1324 1772 1344 me
1783 1325 1850 1345 mea
1859 1317 1943 1346 causa
1954 1326 2089 1356 putarem
2101 1317 2159 1349 effe

196 1348 308 1389 spicere
322 1343 334 1383 ‚'
349 1351 403 1390 qui
420 1350 542 1379 numini
558 1348 685 1378 deorum
698 1349 906 1378 consecratum
919 1348 1030 1378 sartum
1044 1347 1159 1378 testum
1197 1358 1301 1381 natum
1313 1371 1321 1385 ‚
1341 1351 1432 1393 quam
1454 1362 1520 1396 reip.
1536 1362 1721 1396 procreatum.
1743 1356 1799 1387 Sed
1818 1358 1894 1387 illud
1912 1368 2041 1397 queror,
2062 1360 2156 1399 (quod

194 1391 233 1421 ab
243 1394 332 1421 omni
342 1390 645 1431 piaculoconservavi
656 1410 664 1423 ,
677 1390 710 1420 &
722 1399 776 1419 vos
787 1398 819 1420 ut
828 1398 934 1424 tutam,
947 1390 1157 1431 tranquillam—
1197 1401 1260 1423 non
1267 1394 1330 1433 jam
1344 1394 1380 1424 ad
1391 1397 1481 1426 unius
1491 1398 1656 1437 perniciem
1667 1416 1675 1431 ,
1696 1397 1746 1428 sed
1759 1399 1795 1428 ad
1811 1400 2022 1430 universorum
2035 1402 2152 1432 instrui»

193 1441 255 1473 que
262 1431 417 1463 fortunam
428 1433 580 1462 traheretis
589 1451 598 1466 ‚
614 1441 680 1462 mea
690 1431 801 1472 perfeci
812 1432 974 1472 vigilantia.
998 1434 1081 1462 Nam
1094 1441 1154 1466 me,
1195 1443 1242 1465 tur
1250 1436 1462 1477 calamitatem)
1471 1441 1614 1480 conqueri
1625 1460 1633 1473 .
1646 1441 1853 1471 commiserari
1862 1461 1870 1475 ,
1883 1443 1999 1476 dicere,
2011 1452 2156 1483 expurga«

193 1483 287 1515 quem
298 1474 401 1514 paullo
410 1473 478 1505 ante
487 1473 608 1504 fortuna
621 1482 755 1504 erexerat
770 1474 806 1504 ad
825 1475 955 1515 gloriam
967 1493 976 1508 ‚
997 1476 1091 1504 virtus
1102 1483 1156 1504 ex·
1198 1486 1227 1506 re
1237 1496 1245 1510 ,
1258 1478 1462 1517 suspicionem
1472 1479 1630 1511 dimovere
1639 1502 1648 1515 ‚
1658 1484 1775 1513 crimen
1784 1482 1897 1513 diluere
1907 1493 1971 1514 non
1981 1484 2071 1515 licere
2084 1496 2089 1514 :
2105 1495 2157 1515 ore

194 1516 267 1546 tulit
276 1516 310 1546 ad
321 1516 440 1546 laudem
450 1535 459 1550 ‚
472 1516 602 1556 populus
615 1515 720 1546 tribuit
733 1516 900 1546 honorem:
917 1515 1049 1547 eundem
1060 1515 1155 1546 tribu·
1194 1518 1331 1559 opprefi'o
1348 1522 1477 1552 cervices
1495 1521 1553 1552 esse
1569 1523 1757 1563 praebendas:
1780 1534 1846 1565 quae
1859 1534 1962 1556 tamen
1974 1528 2080 1557 omnia
2091 1527 2152 1566 jam

192 1560 228 1588 ni
246 1557 331 1588 furor
349 1559 513 1599 exagitatus
531 1557 650 1598 depulit
667 1557 703 1588 ad
722 1559 933 1589 calamitatem.
958 1561 996 1589 Et
1008 1560 1154 1599 quoniam
1197 1570 1260 1591 non
1270 1562 1407 1593 sunttam
1418 1564 1605 1598 calamitosa,
1617 1565 1700 1606 quod
1710 1567 1868 1597 mihisunt
1879 1567 2048 1600 subeunda,
2059 1569 2149 1609 quam

190 1600 445 1631 animadvertistis
463 1600 548 1630 illam
568 1600 822 1640 conspirationem
840 1600 1002 1631 conflatam
1013 1620 1022 1634 ,
1040 1602 1082 1631 ita
1098 1599 1156 1630 effe
1190 1605 1356 1642 perniciosa
1368 1624 1377 1639 ‚
1394 1605 1477 1646 quod
1492 1608 1525 1637 in
1533 1616 1629 1648 remp.
1640 1608 1896 1639 suntintrodufflm.
1939 1611 2148 1651 Qamobrem
2164 1622 2185 1652 9

190 1641 367 1673 restinaam
375 1662 385 1677 ,
400 1651 434 1672 ut
442 1642 526 1673 nulla
535 1642 663 1673 scintilla
672 1651 841 1683 compareat
850 1643 983 1673 incendii
993 1662 1002 1677 ‚
1012 1652 1067 1673 vos
1077 1652 1155 1684 quo·
1191 1644 1335 1676 statutum
1345 1645 1388 1677 est
1397 1667 1406 1680 ‚
1425 1656 1514 1690 atque
1528 1649 1683 1680 decretum
1694 1668 1703 1683 ‚
1722 1651 1756 1680 in
1766 1651 1812 1680 his
1823 1652 2010 1690 temporibus
2019 1653 2150 1683 civitatis

187 1692 256 1723 que
264 1683 452 1715 tribunitiam
465 1684 561 1715 sedate
574 1686 773 1715 temeritatem
785 1684 848 1726 (qui
862 1694 944 1720 nunc
958 1685 986 1715 se
999 1686 1078 1715 milii
1087 1686 1152 1715 ini-
1192 1689 1299 1719 omnia
1305 1690 1421 1729 perpeti
1431 1709 1440 1722 ‚
1460 1700 1527 1730 quae
1546 1692 1629 1721 volet
1644 1691 1730 1722 furor
1742 1691 1936 1723 libidinosus.
1959 1695 2032 1723 Vim
2041 1695 2151 1726 volunt

191 1727 310 1756 micum
319 1725 466 1760 ostendit,
487 1727 516 1756 se
525 1727 607 1766 prius
618 1724 674 1764 effe
685 1726 816 1757 vestrum
826 1725 973 1767 professus
990 1726 1034 1757 est
1045 1728 1151 1757 inimi·
1189 1728 1315 1761 afferre?
1325 1730 1435 1771 praesto
1454 1733 1531 1763 sum.
1553 1735 1660 1773 ejicere
1677 1733 1810 1764 volunt?
1829 1744 1907 1765 exeo
1927 1735 2042 1766 indiffl
2054 1737 2145 1767 causa.

187 1768 275 1807 cum)
287 1777 324 1797 ne
334 1769 376 1798 rei
385 1768 542 1798 crudelitas
552 1778 672 1808 experta
681 1769 713 1798 in
724 1778 784 1803 me,
800 1770 834 1799 in
843 1778 898 1799 vos
907 1768 1106 1802 convalescat,
1119 1769 1151 1799 δε
1188 1771 1300 1803 nolunt
1312 1773 1415 1803 audire
1427 1776 1437 1802 ?
1455 1775 1573 1806 causam
1593 1785 1658 1805 non
1674 1775 1754 1806 dico.
1777 1776 1857 1806 aliud
1869 1778 2022 1816 quippiam
2032 1788 2147 1809 conan—

188 1809 341 1839 calamitas
349 1819 494 1840 remorata
506 1810 615 1850 [ungitis
622 1809 717 1851 serpat
725 1830 734 1844 ‚
745 1819 831 1851 atque
840 1810 1045 1850 progrediatur
1054 1830 1063 1844 ,
1074 1820 1148 1850 prae-
1189 1821 1237 1843 tur
1248 1815 1259 1842 ?
1280 1823 1377 1855 agant.
1401 1816 1479 1846 nihil
1489 1818 1556 1846 duri
1567 1836 1574 1850 ,
1589 1817 1667 1847 nihil
1676 1817 1771 1847 acerbi
1783 1819 1861 1847 mihi
1870 1820 1927 1848 erit
1935 1838 1943 1851 ‚
1956 1819 2039 1858 quod
2049 1830 2144 1860 remp.

186 1858 299 1881 cavete.
324 1853 417 1881 Nunc
431 1851 477 1881 vel
492 1852 572 1881 solus
585 1852 718 1882 delectus
730 1853 766 1883 ad
777 1853 977 1882 calamitatem
991 1871 1000 1886 ‚
1021 1852 1068 1882 vel
1087 1854 1148 1892 pri-
1188 1854 1338 1886 tutabitur.
1362 1858 1438 1888 Non
1456 1859 1542 1888 enim
1561 1859 1623 1889 illis
1642 1858 1741 1889 vietus
1759 1859 1851 1892 cedo,
1875 1859 1923 1889 sed
1937 1861 2145 1892 incolumibus

188 1901 259 1922 mus
269 1901 390 1923 vocatus
400 1892 434 1923 ad
446 1893 501 1923 tale
509 1894 836 1933 periculum,0mnium
845 1895 966 1923 animos
972 1893 1038 1932 jure
1049 1893 1145 1924 debeo
1184 1897 1274 1926 vobis
1291 1907 1342 1927 me
1360 1898 1515 1929 condono.
1547 1902 1672 1939 NEQE
1692 1910 1781 1930 EN1M
1802 1909 1885 1930 mors
1904 1902 2070 1933 miseranda
2089 1903 2142 1938 est.

185 1943 394 1965 commovere.
418 1936 529 1965 Omnia
547 1935 615 1965 sunt
633 1936 800 1966 immutata.
833 1945 941 1966 manus
961 1934 996 1965 ad
1015 1934 1145 1965 demon·
1185 1947 1249 1978 quae
1260 1938 1301 1968 ob
1310 1942 1546 1980 remp.capitur:
1564 1951 1661 1983 neque
1671 1940 1811 1972 exsilium
1824 1950 1926 1982 turpe,
1941 1944 2023 1983 quod
2035 1946 2146 1976 virtute

184 1974 336 2006 strandam
348 1976 511 2017 religantur
522 1977 666 2016 injuriam
679 1987 685 2005 :
705 1977 807 2018 lingua
823 1977 969 2008 inciditur
985 1976 1019 2007 ad
1038 1977 1145 2017 deplo-
1180 1980 1433 2020 suscipiturtci‘im
1443 1983 1605 2022 praesertim
1616 1984 1796 2014 nonnullam
1810 1985 1855 2014 hae
1867 1994 1964 2024 poenae
1975 1985 2101 2017 habeant
2112 1989 2146 2017 in

186 2018 312 2048 randam
322 2018 537 2049 calamitatem:
553 2020 673 2048 animus
682 2019 874 2059 praecluditur
882 2018 917 2049 ad
928 2026 1142 2059 exponendam
1181 2022 1209 2052 se
1222 2022 1474 2054 consolationem.
1499 2027 1581 2055 Nam
1600 2027 1694 2055 vitam
1713 2024 1734 2055 fi
1753 2027 1904 2066 eripiunt,
1926 2036 1989 2057 non
2008 2028 2144 2059 adiment

182 2062 226 2089 rei
236 2060 682 2100 indignitatem.Humilitatem
691 2063 808 2101 generis
816 2060 1077 2101 objiciuntnobis‚
1088 2063 1141 2102 qui
1179 2063 1307 2104 gloriam
1325 2066 1543 2097 immortalem.
1567 2065 1588 2096 fi
1607 2066 1712 2097 exsilio
1732 2068 1904 2099 multabunt
1922 2078 2031 2109 corpus
2044 2089 2053 2103 ‚
2073 2080 2139 2100 non

180 2110 294 2131 novam
305 2103 454 2132 rationem
466 2102 624 2136 suscitant,
640 2112 754 2133 veteres
764 2104 916 2142 majorum
928 2102 1068 2133 obterunt
1078 2104 1141 2133 lau·
1179 2115 1319 2136 animum
1333 2106 1348 2137 a
1358 2116 1418 2147 rep.
1430 2107 1642 2139 removebunt.
1668 2110 1750 2140 Nam
1763 2130 1771 2144 ‚
1792 2109 1976 2151 ubicumque
1988 2121 2038 2141 ero
2049 2131 2059 2144 ,
2081 2113 2139 2143 hoc

179 2141 241 2172 des.
263 2143 320 2174 Sed
334 2143 407 2185 quid
420 2153 476 2184 ego
489 2144 573 2184 plura
586 2144 623 2174 de
638 2145 764 2174 illorum
783 2154 834 2175 aut
848 2146 881 2174 in
894 2154 943 2174 me
957 2143 1139 2178 malediffis,
1178 2147 1327 2188 cogitabo,
1338 2149 1402 2179 haec
1413 2150 1527 2190 semper
1535 2160 1602 2181 cura
1611 2160 1678 2181 mea
1687 2153 1743 2182 erit
1754 2161 1880 2192 :meque
1889 2153 1977 2182 vobis
1987 2162 2136 2193 ereptum,

178 2191 231 2214 aut
243 2185 276 2215 in
288 2194 343 2216 vos
359 2185 494 2216 scelerate
512 2186 617 2227 loquar
629 2185 736 2216 factis?
752 2196 883 2228 quorum
894 2188 1014 2227 cognita
1023 2188 1141 2227 impro-
1178 2199 1242 2219 non
1253 2190 1269 2220 a
1279 2189 1364 2220 vobis
1375 2192 1565 2231 repudiatum
1576 2190 1768 2223 existimabo.
1791 2193 1870 2224 Illud
1881 2194 1917 2224 ab
1928 2194 2071 2225 univerfis
2082 2205 2137 2235 po»

176 2224 264 2260 bitas,
277 2236 327 2257 me
337 2235 466 2262 tacente,
475 2230 646 2269 coarguitur
656 2228 830 2269 turpitudine
843 2229 905 2257 vita
914 2248 923 2262 ,
939 2237 971 2258 ut
980 2228 1017 2259 de
1026 2230 1065 2258 iis
1075 2239 1138 2259 non
1178 2230 1273 2265 stulo‚
1286 2240 1415 2273 petoque
1427 2253 1435 2267 ‚
1446 2232 1466 2263 fi
1476 2254 1485 2267 ,
1498 2234 1572 2264 dum
1583 2235 1742 2266 incivitate
1752 2236 1999 2266 maner-elicitum
2011 2236 2053 2267 est
2063 2257 2071 2270 ,
2083 2247 2136 2267 ne—

176 2265 211 2298 fit
221 2267 337 2299 necesse
348 2270 494 2300 inimicos
506 2269 674 2309 praedicare,
685 2270 722 2300 de
730 2280 862 2311 quorum
871 2271 978 2301 scelere
992 2280 1032 2300 ne
1047 2272 1139 2301 amici
1177 2275 1257 2303 mini
1267 2272 1378 2313 injuste
1388 2276 1556 2315 periculum
1568 2278 1681 2309 creavi,
1705 2278 1825 2307 nemini
1835 2279 1991 2308 innocenti
2003 2277 2048 2308 sui
2059 2280 2135 2309 cala-

176 2309 301 2349 quidem
312 2330 321 2345 ,
331 2320 381 2342 aut
390 2309 442 2351 ipsi
454 2311 576 2351 pofl'unt
584 2321 699 2353 negare.
723 2315 787 2342 Vos
797 2321 854 2353 ego
862 2312 991 2352 appello,
1002 2322 1134 2353 quorum
1176 2316 1286 2349 mitati‚
1296 2314 1316 2345 fi
1327 2316 1472 2347 omnibus
1481 2318 1607 2352 auxilio,
1618 2317 1812 2360 praesidioque
1820 2317 1879 2350 esse
1887 2320 2052 2354 consuevi,
2065 2321 2133 2360 plu-

176 2352 214 2381 de
227 2361 278 2382 me
293 2355 428 2384 maxima
446 2352 489 2384 est
505 2353 642 2393 potestas.
664 2353 741 2393 apud
752 2364 805 2384 vos
817 2356 926 2394 loquor
934 2353 971 2384 de
982 2364 1049 2384 mea
1058 2356 1133 2385 cala·
1173 2357 1327 2397 rimosque
1339 2360 1372 2387 in
1383 2359 1438 2389 liac
1446 2359 1568 2390 civitate
1578 2360 1643 2390 sum
1653 2369 1762 2391 tutatus
1774 2371 1780 2390 ι
1801 2362 1844 2392 uti
1859 2371 1915 2391 vos
1925 2360 2034 2392 liberos
2045 2372 2131 2392 meos

177 2393 282 2424 mitate
290 2413 300 2428 ‚
309 2404 385 2435 quos
394 2394 484 2426 habui
494 2395 610 2436 semper
619 2397 802 2426 innocentiae
812 2415 820 2430 ‚
833 2395 866 2426 &
876 2397 995 2426 virtutis
1005 2405 1080 2426 meae
1091 2405 1134 2426 te·
1172 2400 1206 2428 in
1219 2398 1346 2429 vestram
1361 2398 1454 2431 fidem
1469 2403 1617 2442 recipiatis
1629 2422 1638 2436 ‚
1657 2403 1766 2444 eosque
1775 2402 1940 2433 defendatis
1949 2422 1958 2437 ‚
1980 2413 2056 2433 neve
2069 2405 2131 2433 ini-

138 2451 158 2485 7
177 2433 256 2465 steis.
299 2437 393 2476 Igitur
400 2446 438 2467 ex
448 2439 567 2468 civitate
577 2437 780 2468 benemeritus
790 2437 828 2468 de
836 2447 895 2478 rep.
908 2439 982 2468 civis
992 2438 1133 2469 exturba-
1172 2443 1272 2471 micos
1291 2451 1378 2471 meos
1397 2444 1430 2472 in
1449 2442 1598 2474 familiam
1612 2443 1744 2475 nostram
1756 2444 1877 2485 longius
1888 2445 2026 2485 progredi
2039 2447 2132 2484 patia-

176 2484 224 2506 tur
234 2478 245 2506 ?
254 2478 401 2508 innocens
410 2479 590 2519 expellitur?
602 2480 764 2510 consularis
774 2481 891 2510 homo?
911 2489 975 2510 non
984 2478 1133 2510 facultati·
1171 2484 1267 2513 mini:
1290 2484 1394 2524 utique
1403 2504 1412 2518 ,
1428 2483 1487 2515 five
1497 2486 1569 2516 hinc
1578 2486 1680 2516 abiero
1691 2506 1700 2520 ,
1721 2485 1780 2516 five
1791 2496 1842 2516 ero
1852 2482 1900 2516 hic
1908 2485 2061 2527 oppress'us
2072 2506 2081 2521 ‚
2096 2496 2130 2518 ea

172 2517 230 2548 bus
242 2518 311 2549 usus
322 2520 477 2560 quondam
494 2523 635 2552 minimis
646 2541 655 2556 ‚
674 2524 842 2552 amicorum
856 2522 1022 2552 multorum
1033 2520 1131 2562 praefi-
1169 2533 1288 2555 maneat
1296 2527 1414 2566 opinio,
1428 2527 1461 2557 &
1470 2526 1666 2562 existimatio,
1677 2538 1742 2569 quae
1752 2528 1863 2557 virtute
1871 2536 1951 2568 parta
1959 2548 1968 2562 ,
1984 2537 2050 2558 non
2060 2538 2126 2570 quae

175 2558 228 2590 dio
238 2562 376 2591 munitus
385 2581 395 2596 ‚
414 2571 497 2593 nunc
505 2565 613 2603 partim
628 2563 664 2593 ab
678 2563 792 2594 invidis
802 2583 810 2597 ‚
830 2565 939 2603 partim
949 2563 985 2594 ab
993 2565 1131 2595 inimicis
1168 2566 1344 2597 infelicitate
1355 2568 1434 2598 illata
1444 2567 1496 2599 est.
1520 2571 1552 2599 N
1555 2579 1612 2599 unc
1622 2579 1677 2610 ego
1688 2578 1716 2600 te
1726 2589 1735 2603 ‚
1744 2570 1863 2610 Jupiter
1870 2571 1992 2610 Optime
2003 2589 2011 2604 ‚
2023 2572 2126 2601 Maxi-
2147 2577 2190 2602 10

171 2601 394 2633 circumventus
405 2612 468 2645 eget
477 2604 599 2646 indigne
611 2607 622 2634 ?
640 2605 711 2635 huic
725 2603 746 2634 si
762 2615 853 2645 opem
871 2614 936 2635 non
954 2605 1080 2636 tuleritis
1096 2607 1128 2636 in
1170 2618 1219 2639 me
1230 2629 1240 2642 ‚
1252 2618 1288 2639 cu
1288 2609 1300 2649 J'
1305 2618 1336 2639 us
1346 2618 1423 2639 nutu
1433 2629 1442 2643 ‚
1454 2619 1486 2640 ac
1495 2610 1611 2640 ditione
1624 2611 1685 2642 sola
1694 2620 1836 2642 terrarum
1846 2611 2048 2651 gubernantur
2059 2632 2067 2646 ,
2079 2622 2124 2643 te-

170 2643 307 2683 periculo
322 2646 446 2685 capitis,
464 2655 520 2676 vos
531 2666 540 2681 ‚
558 2646 648 2677 credo
659 2666 669 2681 ,
687 2648 855 2677 retinebitis
867 2645 995 2677 vestram
1008 2647 1128 2678 liberta·
1165 2659 1223 2691 que
1240 2651 1384 2691 particeps
1401 2651 1569 2685 connubii,
1588 2652 1670 2683 socia
1686 2654 1788 2693 regni,
1807 2655 2015 2696 reginaJuno,
2034 2662 2125 2695 teque

1165 2693 1305 2722 Tritonia
1315 2712 1324 2724 ,
1339 2694 1524 2732 armipotens
1533 2694 1729 2735 Gorgophora
1738 2694 1831 2724 Pallas
1840 2697 1979 2726 Minerva
1988 2715 1997 2729 ‚
2014 2699 2123 2726 ceteri-

1165 2743 1222 2774 que
1232 2733 1292 2766 dii,
1306 2733 1426 2774 deaeque
1436 2736 1624 2765 immortales
1632 2755 1640 2769 ,
1652 2737 1703 2776 qui
1712 2736 1873 2767 excellenti
1883 2737 2002 2767 tumulo
2012 2739 2120 2768 civita-

1162 2785 1201 2805 tis
1219 2774 1318 2805 sedem
1332 2777 1475 2816 Capitolii
1490 2779 1522 2807 in
1538 2777 1608 2807 saxo
1620 2778 1755 2808 incolitis
1770 2777 1965 2809 constitutam
1977 2799 1985 2812 ,
2007 2788 2039 2809 ut
2052 2789 2118 2811 non

1164 2816 1262 2847 solum
1276 2816 1417 2848 cun&am
1436 2820 1567 2853 intueri,
1585 2819 1634 2849 sed
1644 2821 1734 2850 etiam
1744 2821 1819 2850 tueri
1829 2818 1942 2861 poffitis
1951 2823 2117 2852 civitatem:

1159 2858 1175 2889 a
1195 2868 1326 2899 quorum
1340 2869 1396 2900 ego
1408 2860 1561 2901 quondam
1574 2861 1713 2892 altaribus
1722 2863 1850 2902 impiam
1861 2872 1988 2894 manum
1997 2864 2117 2894 civium

1161 2902 1279 2930 removi
1292 2911 1297 2930 :
1317 2901 1331 2931 a
1341 2911 1470 2941 quorum
1482 2902 1601 2942 templis
1611 2912 1681 2933 meo
1689 2904 1822 2944 periculo
1832 2924 1841 2938 ‚
1855 2903 2004 2936 funestam
2015 2904 2113 2936 facem

1158 2943 1254 2981 repuli
1268 2961 1278 2976 ,
1301 2951 1338 2971 ne
1356 2942 1589 2974 illustriffimum
1607 2945 1689 2976 orbis
1707 2954 1849 2977 terrarum
1871 2955 2113 2978 monumentum

1156 2993 1226 3013 cum
1240 2985 1373 3023 principe
1388 2987 1532 3016 omnium
1545 2996 1687 3018 terrarum
1701 2988 1849 3018 occideret
1859 2991 1993 3019 civitate:
2011 2998 2112 3030 teque,

337 3058 341 3061 ι
1152 3026 1268 3066 Jupiter
1277 3027 1372 3055 Stator
1383 3045 1392 3059 ‚
1411 3036 1502 3067 quem
1514 3028 1583 3059 vere
1598 3030 1688 3069 hujus
1698 3031 1817 3070 imperii
1825 3032 1972 3061 Statorem
1984 3032 2114 3070 majores

170 3064 494 3104 cumxconvinceretur,
514 3063 605 3104 quam
617 3065 765 3106 supplicio
776 3066 970 3097 addiceretur.
995 3068 1057 3106 Ego
1067 3075 1115 3096 re·
1154 3066 1248 3097 nostri
1263 3069 1516 3100 nominaverunt:
1534 3070 1660 3106 cuiusir.
1677 3071 1792 3112 templo
1804 3071 1944 3103 hostilem
1960 3075 2110 3113 impetum

167 3105 307 3145 *pente-vi
325 3100 478 3134 tribunitia
491 3114 659 3145 corieptus,
679 3117 744 3138 non
753 3106 849 3138 modo
862 3107 1009 3148 loquendi
1019 3107 1111 3137 libere
1156 3109 1292 3139 Catilinae
1313 3110 1409 3148 repuli
1427 3110 1443 3141 a
1462 3114 1576 3142 muris:
1593 3114 1678 3152 cujus
1688 3115 1837 3154 templum
1848 3114 2010 3144 aRomulo
2020 3114 2111 3144 vit‘lis

165 3148 199 3167 in
208 3138 322 3175 iudicio
333 3161 342 3174 ,
358 3141 406 3172 sed
415 3152 452 3173 ne
460 3144 637 3178 confistendi
669 3149 771 3180 uidem
782 3151 943 3180 incivitate
954 3149 1047 3180 babeo
1058 3159 1111 3189 po-
1155 3150 1273 3182 Sabinis
1286 3152 1318 3180 in
1329 3152 1429 3182 Palatii
1440 3153 1536 3185 radice
1549 3164 1619 3185 cum
1628 3154 1762 3186 Vistoria
1771 3155 1813 3186 est
1821 3156 2000 3186 collocatum
2014 3166 2020 3184 ε
2040 3165 2106 3188 oro>

162 3178 309 3215 ‘estatem
332 3184 445 3225 Elicior
456 3195 522 3220 non
533 3187 634 3223 solum
693 3201 708 3224 e
721 3191 793 3224 teste
800 3211 811 3230 ‚
831 3190 893 3224 siue
911 3192 1031 3228 indice,
1049 3191 1110 3223 sine
1152 3202 1239 3235 atque
1251 3192 1374 3237 obsecro
1385 3214 1395 3230 ‚
1415 3194 1489 3228 ferte
1500 3199 1706 3270 ορεηῖρῗιήιεῐ
1714 3199 1787 3239 reip.
1798 3196 1974 3240 cunCtaeque
1982 3198 2109 3268 civitati,

1548 3240 1576 3271 1.
1602 3240 1612 3270 l
1657 3249 1676 3271 a.
1970 3247 2032 3269 mei
2048 3247 2107 3278 que

170 2693 233 2715 tem
244 2687 255 2715 ?
271 2687 324 2726 qui
333 2696 431 2727 neque
441 2695 519 2719 tanta
529 2688 633 2719 valetis
642 2687 814 2719 au&oritate
825 2708 834 2723 ‚
852 2697 949 2729 neque
967 2697 1119 2720 tantorum

173 2724 348 2758 officiorum
358 2729 528 2769 impensam
538 2729 637 2772 egistis
646 2732 678 2760 in
686 2731 820 2770 patriam.
845 2731 922 2761 mihi
931 2730 1052 2764 credite,
1067 2732 1126 2762 hoc

170 2766 205 2798 'm
215 2777 277 2799 uno
287 2771 521 2801 incommodum
531 2770 745 2802 confirmatum
759 2792 768 2806 ‚
779 2772 947 2802 multorum
958 2771 1124 2803 infirmabit

170 2808 409 2843 incolumitatem
422 2824 428 2843 ;
449 2813 482 2844 &
492 2811 512 2842 fi
521 2812 605 2843 initii
615 2823 677 2844 non
688 2815 744 2845 erit
753 2813 914 2845 refutatum
926 2833 934 2848 ‚
950 2814 1077 2855 impune
1087 2815 1122 2845 ad

171 2852 312 2882 omnium
322 2856 485 2894 perniciem
496 2856 692 2886 convalescet.
714 2856 846 2887 Proinde
856 2865 905 2886 aut
917 2858 950 2886 in
963 2865 1034 2885 meo
1044 2858 1122 2896 peri-

169 2891 241 2920 culo
249 2891 372 2938 salutem
381 2897 526 2938 integram
536 2897 667 2938 praestate
675 2907 875 2929 communem
888 2918 897 2931 ‚
915 2900 1006 2928 autin
1018 2896 1121 2928 vestris

172 2931 232 2961 hoc
249 2932 328 2964 idem
346 2937 576 2970 incommodum
592 2939 757 2980 exspetstate
768 2940 907 2970 fortunis.
939 2942 1044 2970 Nemo
1058 2948 1118 2970 tam

171 2972 285 3021 perdita
291 2975 459 3010 auctoritate
470 2999 479 3014 ,
496 2988 557 3011 tam
568 2980 735 3013 facinorosa
747 2985 889 3012 inventus
906 2981 948 3012 est
965 2983 1025 3012 vita
1036 3000 1045 3014 ‚
1066 2984 1117 3022 qui

172 3022 245 3044 cum
255 3013 291 3045 de
303 3017 407 3051 scelere
414 3018 551 3053 fateretur
562 3043 571 3057 ,
589 3031 764 3054 nontamen
777 3025 935 3055 sententiis
944 3023 1025 3064 prius
1032 3024 1043 3063 j
1048 3025 1116 3053 udi-
