2379 3400
282 118 408 165 1214
679 93 747 142 M.
831 90 1196 138 TULin

280 190 382 226 ltaque
396 191 447 213 cos
461 178 495 210 ad
510 184 602 215 remp.
613 184 652 205 ne
662 171 826 205 acceffuros
835 170 959 212 quidem
970 177 1075 209 putant
1087 187 1095 201 ‚
1114 165 1168 196 nifi
1182 175 1236 198 co-

279 228 370 260 aetos.
386 230 496 263 aequius
506 227 605 249 autem
621 225 678 246 erat
690 216 719 245 id
731 215 885 244 voluntate
897 211 971 242 fieri.
986 219 1056 240 nam
1069 208 1234 248 hocipsum

280 266 438 307 itajustum
450 261 490 292 est
502 281 509 293 ,
529 258 611 299 quod
622 257 702 288 rcEte
715 255 747 285 fit
758 275 766 289 ,
789 253 807 285 si
818 254 861 284 est
874 253 1083 284 voluntarium.
1106 254 1181 282 Sunt
1191 259 1233 281 et-

282 313 354 342 iam,
367 308 416 347 qui
428 313 475 334 aut
489 301 585 332 studio
596 302 637 330 rei
648 298 804 329 familiaris
817 296 946 328 tuendae,
959 304 1009 325 aut
1018 294 1093 324 odio
1102 292 1235 334 quodam

281 352 442 381 hominum
456 365 464 378 ‚
480 344 565 374 suum
578 342 605 371 se
616 342 773 382 negotium
785 348 868 380 agere
880 338 979 368 dicant
990 357 999 370 .
1015 346 1053 366 ne
1068 336 1160 366 facere
1171 336 1237 364 cui-

280 401 368 432 quam
382 388 536 419 videantur
548 385 690 423 injuriam
701 393 707 411 ;
719 385 727 401 ¹
740 383 794 422 qui
803 382 896 410 altero
907 378 1060 418 injustitia:
1070 387 1177 418 genere
1187 386 1236 406 va-

278 442 366 466 cant;
386 433 418 460 in
436 429 561 458 alterum
582 427 750 455 incurrunt.
773 422 912 453 deserunt
932 423 1016 451 enirn
1035 422 1104 450 vitae
1117 419 1239 449 societa-

280 485 341 506 tem
354 494 362 506 ,
377 473 447 513 quia
459 468 537 499 nihil
546 467 708 498 conferunt
718 468 750 496 iti
761 474 825 495 earn
838 463 948 497 studii,
965 462 1043 494 nihil
1054 471 1150 502 operae
1162 481 1171 494 ,
1191 463 1240 490 ni-

281 518 323 547 hil
335 514 518 545 facultatum.
542 511 697 549 Qioniam
713 509 803 548 igitur
814 506 933 537 duobus
946 505 1106 547 generibus
1119 501 1240 543 injusti-

280 561 327 589 tia:
338 553 494 598 propositis
507 574 515 586 ,
534 553 735 591 adjunximus
747 549 843 579 causas
859 548 1012 589 utriusque
1023 547 1140 588 generis
1151 565 1160 579 ,
1180 545 1242 576 eas-

278 610 337 641 que
351 607 397 629 res
410 596 478 628 ante
492 593 706 626 constituimus
717 612 725 626 ‚
746 589 979 632 quibusjustitia
988 590 1179 620 continetur:
1198 586 1241 618 fa-

278 642 336 672 cile
349 661 357 675 ,
373 639 455 681 quod
465 636 608 677 cujusque
618 637 762 674 temporis
773 631 913 663 officium
924 630 958 662 sit
967 652 976 667 ,
989 633 1155 672 poterimus
1167 650 1175 664 ‚
1187 627 1242 659 nisi

281 681 481 722 nosmetipsos
495 678 580 708 valde
596 677 783 710 amabimus,
803 674 945 715 judicare.
969 673 1020 705 Est
1032 675 1116 704 enirn
1131 670 1243 702 diffici-

279 727 318 756 lis
340 734 409 755 cui-a
439 730 535 752 rerum
558 721 735 750 alienarum.
767 726 951 759 quamquam
970 717 1172 747 Terentianus
1192 714 1242 743 ille

281 769 424 798 Chremes
438 763 556 793 humani
565 757 664 791 nihilh
672 761 701 801 fi:
710 760 837 790 alienum
845 766 943 803 purat.
967 758 1022 789 Sed
1033 766 1134 787 tamen
1145 776 1154 790 ‚
1175 758 1244 797 quia

282 810 376 850 magis
386 817 417 838 ea
427 806 609 846 percipimus
620 824 629 837 ‚
652 812 738 844 atque
754 803 899 833 sentimus
911 821 918 834 ,
939 811 1006 842 quae
1017 800 1107 830 nobis
1118 797 1184 839 ipsis
1194 806 1243 828 aut

279 851 434 891 prospera,
455 856 504 877 aut
520 847 640 877 adversa
660 846 824 878 eveniunt,
845 853 935 885 quam
954 844 1025 876 illa,
1044 851 1110 883 quae
1119 842 1240 871 ceteris:

280 902 346 933 quae
365 888 444 931 quasi
462 890 554 931 longo
572 888 732 919 intervallo
751 885 911 927 interjeo'm
930 885 1092 916 videmus:
1111 884 1195 913 aliter
1205 881 1242 913 de

279 935 341 964 illis
352 954 360 967 ,
381 943 414 964 ac
427 931 464 962 de
474 933 564 962 nobis
575 951 583 965 ,
600 930 783 971 judicamus.
807 929 955 968 Quocirca
964 927 1041 958 bene
1052 927 1241 966 praecipiunt,

280 978 333 1017 qui
343 984 442 1006 vetant
451 974 615 1017 quidquam
627 983 709 1014 agere
722 992 730 1005 ,
752 972 834 1012 quod
846 970 965 1001 dubites
976 990 984 1004 ‚
1000 978 1120 1010 aequum
1133 966 1166 997 sit
1177 987 1185 1001 ‚
1206 977 1243 996 an

281 1020 432 1058 ini-quum.
458 1018 594 1057 AEquitas
606 1025 691 1045 enim
706 1015 784 1044 lucet
798 1013 857 1053 ipsa
866 1022 918 1053 per
931 1013 975 1043 se:
994 1012 1143 1042 dubitatio
1161 1010 1245 1050 cogi-

224 1071 266 1096 10
280 1069 425 1091 tationem
441 1057 586 1098 significat
600 1058 730 1096 injuriae.
774 1055 831 1086 Sed
848 1065 859 1084 1
870 1064 891 1084 N
902 1064 921 1084 c
933 1065 944 1084 1
956 1064 1007 1085 Du
1018 1063 1039 1083 Ν
1048 1064 1068 1083 τ
1084 1053 1155 1092 saepe
1166 1060 1245 1081 tern-

280 1111 350 1143 pora
361 1122 369 1134 ,
391 1100 463 1132 cum
480 1110 514 1131 ea
524 1120 533 1135 ,
555 1109 621 1140 quae
632 1096 767 1129 maxime
778 1097 919 1128 videntur
928 1096 1017 1138 digna
1028 1093 1085 1126 ess‘e
1094 1093 1175 1134 justo
1189 1094 1245 1122 ho-

280 1145 366 1174 mine
378 1163 385 1177 ‚
406 1152 502 1184 eoque
513 1162 521 1176 ‚
541 1150 634 1182 quem
645 1142 745 1170 virum
757 1140 874 1170 bonum
887 1139 1018 1169 dicimus
1028 1158 1036 1172 ‚
1048 1145 1244 1168 commutan-

280 1195 328 1216 tur
341 1206 349 1219 ,
373 1183 507 1226 fiuntque
517 1184 663 1215 contraria
678 1193 684 1212 :
704 1185 718 1202 ²
732 1181 894 1212 utreddere
904 1179 1071 1221 depositum
1084 1191 1093 1213 3
1113 1176 1245 1219 promis-

278 1228 346 1259 sum
363 1226 476 1260 facere,
496 1235 621 1267 quaeque
637 1226 789 1265 pertinent
805 1223 840 1254 ad
854 1226 1008 1254 veritatem
1021 1242 1029 1256 ‚
1049 1221 1126 1252 &ad
1140 1219 1244 1252 fidem,

279 1280 312 1301 ea
327 1271 453 1312 migrare
468 1268 622 1299 interdum
635 1286 643 1300 ,
663 1267 771 1298 &non
784 1266 894 1297 servare
906 1285 915 1300 ‚
936 1264 970 1295 fit
982 1263 1104 1300 justum.
1126 1261 1245 1292 Referri

280 1313 366 1342 enim
377 1312 462 1342 decet
471 1311 506 1341 ad
517 1320 548 1341 ea
562 1330 570 1342 .
591 1319 657 1350 quae
668 1308 810 1349 proposui
822 1311 853 1339 in
863 1309 1013 1348 principio
1027 1326 1035 1341 ‚
1048 1305 1247 1336 fundamenta

278 1353 419 1394 justitiae:
438 1350 574 1392 primum
588 1372 597 1385 ,
618 1359 650 1381 ut
666 1361 704 1381 ne
716 1353 766 1382 cui
780 1359 939 1381 noceatur:
961 1348 1071 1380 deinde
1084 1368 1093 1382 ‚
1117 1356 1149 1378 ut
1159 1355 1246 1377 com-

282 1397 370 1426 muni
392 1395 511 1425 utilitati
533 1395 682 1424 serviatur.
705 1404 738 1424 ea
759 1393 831 1423 cum
853 1401 988 1432 ternpore
1006 1396 1245 1422 commutantur,

280 1446 488 1468 commutatur
506 1434 665 1469 officium3
687 1435 743 1466 3&
763 1445 828 1465 non
847 1435 963 1474 semper
979 1432 1022 1463 est
1034 1433 1128 1463 idem:
1150 1429 1247 1471 potest

282 1481 369 1511 enim
386 1478 518 1509 accidere
535 1475 715 1518 promissum
733 1477 856 1518 aliquod
868 1497 877 1511 ‚
898 1478 1133 1507 &conventum
1144 1493 1153 1508 ‚
1174 1481 1205 1503 ut
1217 1472 1247 1502 id

1276 89 1824 138 Cicznonxs

1280 179 1343 199 non
1355 167 1414 200 effe
1425 188 1434 202 ,
1446 169 1515 210 quis
1525 177 1589 198 non
1599 167 1700 202 videt,
1713 177 1778 209 quae
1789 168 1909 201 coaetus
1918 170 1986 213 quis
1997 178 2080 205 metu
2091 192 2099 208 ,
2112 182 2178 215 qun
2189 171 2244 205 de·

1279 220 1380 252 ceptus
1390 210 1463 242 dolo
1474 210 1667 250 promiserit?
1690 212 1764 248 Qua:
1773 211 1898 251 quidem
1907 215 2046 256 pleraque
2056 218 2121 256 jure
2134 225 2244 255 praeto-

1280 255 1324 284 rio
1336 253 1498 284 liberantur
1509 272 1518 286 ‚
1535 252 1684 282 nonnulla
1694 252 1821 294 legibus.
1845 253 1997 287 Exsistunt
2006 259 2095 288 etiam
2108 259 2182 297 saepe
2194 259 2244 287 iri-

1275 297 1363 336 juriae
1376 295 1528 326 calumnia
1540 295 1667 335 quadam
1677 314 1686 328 2
1707 295 1741 325 &
1760 297 1773 322 5
1784 295 1879 325 nimis
1888 297 1994 328 callida
2005 318 2014 333 ,
2034 299 2082 330 sed
2095 299 2245 331 malitiosa

1277 339 1351 378 juris
1364 339 1618 377 interpretatione.
1642 339 1688 367 Ex
1706 346 1769 377 quo
1785 336 1857 368 illud
1872 358 1881 371 ,
1903 347 2057 371 summum
2069 351 2124 380 Jns
2137 361 2145 376 ‚
2158 351 2245 372 sum-

1283 389 1335 410 MA
1352 387 1494 418 1NJUR1A
1504 398 1512 412 ‚
1524 377 1638 409 factum
1650 377 1760 418 estjam
1770 380 1874 410 tritum
1887 379 2025 411 sermone
2034 384 2242 423 proverbium.

1281 424 1351 464 Qo
1364 424 1395 451 in
1409 430 1517 462 genere
1527 423 1618 451 etiam
1629 423 1661 450 in
1672 430 1732 460 rep.
1742 422 1837 452 multa
1846 431 2022 462 peccantur:
2041 433 2074 455 ut
2087 425 2137 455 'ille
2149 445 2158 459 ,
2177 426 2244 467 qui,

1283 462 1297 484 ⁶
1307 464 1378 494 cum
1390 465 1509 503 triginta
1519 462 1638 492 dierum
1648 460 1740 493 essent
1749 473 1820 493 cum
1833 463 1917 495 hoste
1927 464 2019 504 pafiiae
2029 465 2170 501 induciae,
2183 477 2246 497 no-

1283 505 1331 536 ξὶυ
1350 506 1546 546 populabatur
1562 514 1647 546 agros
1659 525 1668 538 ‚
1691 504 1774 546 quod
1795 505 1916 536 dierum
1936 506 2031 537 ess'ent
2048 507 2160 547 pafihe,
2179 518 2246 539 non

1281 548 1423 578 noEHum
1438 547 1576 577 induciae.
1601 550 1668 578 Nec
1689 547 1789 578 noster
1806 548 1932 588 quidem
1949 548 2122 589 probandus
2134 569 2143 583 ,
2163 548 2249 581 five·-

1282 600 1351 621 rum
1371 589 1430 623 est,
1453 589 1630 630 QFabium
1645 589 1820 620 Labeonem
1833 611 1842 623 ‚
1866 591 1915 621 seu
1934 601 2026 631 quem
2045 591 2138 622 aliurn
2156 591 2248 631 (nihil

1285 634 1367 663 enim
1379 640 1484 672 praeter
1495 631 1630 662 auditum
1643 632 1749 672 habeo)
1759 632 1906 663 arbitrum
1920 631 2066 668 Nolanis,
2079 633 2112 663 &
2125 635 2249 672 Neapo-

1285 675 1387 705 litanis
1400 679 1415 702 7
1424 673 1460 703 de
1471 671 1608 704 finibusa
1618 674 1719 704 senatu
1729 674 1833 704 datum
1845 695 1854 707 ‚
1866 684 1938 705 cum
1948 675 1983 705 ad
1994 676 2095 706 locum
2107 674 2246 710 venisset,

1283 727 1354 747 curn
1366 716 1497 756 utrisque
1507 715 1660 756 separatim
1671 716 1807 747 locutum
1822 737 1830 750 ,
1840 713 1855 737 3
1863 727 1902 747 ne
1911 717 2020 757 cupide
2031 717 2104 758 quid
2113 725 2246 759 agerent,

1284 769 1322 789 ne
1336 767 1526 799 appetentem
1545 766 1633 799 atque
1652 767 1685 788 ut
1704 758 1835 798 regredi,
1857 759 1947 800 quarn
1957 759 2096 800 progredi
2107 759 2247 790 mallent.

1284 801 1318 831 Id
1331 802 1403 831 cum
1414 801 1531 841 utrique
1543 797 1696 834 fecissent,
1716 802 1906 841 aliquantum
1920 804 1981 842 agri
1999 803 2032 831 in
2051 801 2157 832 medio
2175 801 2250 831 reli-

1285 842 1368 873 &um
1380 842 1432 873 est.
1455 842 1690 883 Itaqueillorum
1704 840 1810 876 fineis,
1826 841 1959 883 sicutipfi
1970 843 2108 874 dixerant
2121 863 2130 877 ‚
2142 844 2250 874 termi-

1286 888 1385 916 navit:
1401 887 1433 915 in
1444 885 1548 915 medio
1558 883 1697 915 relietum
1709 884 1790 925 quod
1802 894 1861 915 erat
1876 906 1884 918 ,
1898 885 2013 925 populo
2023 888 2118 916 Rom.
2131 884 2250 925 adjudi-

1281 930 1368 958 cavit.
1392 927 1529 967 decipere
1544 927 1734 967 hocquidem
1747 925 1789 958 est
1801 947 1809 960 .
1826 937 1890 958 non
1901 927 2030 967 judicare
2044 947 2052 961 ‚
2062 929 2202 968 quocirca
2215 928 2249 957 in

1285 972 1373 1000 omni
1393 979 1424 1000 re
1442 968 1584 1010 fugienda
1600 968 1645 999 est
1655 969 1721 999 talis
1734 969 1872 999 sollertia.
1915 972 2100 1000 Suntautem
2111 968 2248 1010 quaedam

1285 1010 1385 1042 officia
1395 1013 1486 1042 etiam
1496 1010 1633 1040 adversus
1644 1020 1695 1040 eos
1708 1011 1849 1041 servanda
1859 1031 1868 1044 ,
1887 1011 1902 1040 a
1913 1010 2025 1052 quibus
2038 1012 2081 1051 inj
2086 1014 2183 1042 uriam
2200 1020 2248 1042 ac-

1285 1055 1407 1094 ceperis.
1433 1056 1456 1083 E
1466 1063 1479 1083 s
1488 1063 1508 1081 τ
1529 1062 1548 1082 Ε,
1558 1062 1578 1081 N
1591 1062 1602 1081 1
1614 1062 1640 1081 M
1660 1052 1844 1086 ulciscendi,
1857 1052 2047 1093 &puniendi
2059 1053 2181 1083 modus.
2202 1062 2251 1083 at-

1285 1106 1344 1136 que
1354 1094 1433 1125 haud
1444 1094 1504 1124 scio
1516 1114 1525 1129 ‚
1547 1104 1587 1124 an
1606 1094 1674 1124 satis
1690 1094 1742 1128 sit,
1762 1104 1855 1129 eum;
1875 1096 1927 1134 qui
1939 1093 2109 1129 lacessierit,
2129 1095 2250 1135 injuriae

1287 1138 1345 1168 suae
1357 1141 1521 1178 poenitere:
1543 1139 1558 1163 9
1570 1144 1601 1166 ut
1614 1135 1647 1165 Sc
1662 1136 1722 1176 ipse
1735 1146 1774 1166 ne
1789 1136 1863 1177 quid
1877 1137 1934 1166 tale
1952 1135 2094 1177 posthac;
2112 1137 2145 1167 δε
2158 1138 2249 1167 ceteri

1287 1178 1343 1210 sint
1360 1179 1395 1209 ad
1416 1179 1560 1219 injuriam
1577 1177 1730 1208 tardiores.
1754 1181 1853 1219 Atque
1863 1179 1896 1208 in
1908 1188 1967 1219 rep.
1982 1178 2118 1209 maxime
2128 1180 2251 1209 conser-

1286 1221 1382 1252 vanda
1394 1221 1463 1251 sunt
1474 1220 1539 1259 jura
1552 1220 1636 1251 belli.
1660 1223 1741 1250 Nam
1753 1219 1825 1251 cum
1836 1219 1892 1251 sint
1906 1221 1969 1251 duo
1978 1230 2087 1263 genera
2095 1220 2250 1251 decertan-

1286 1264 1317 1294 di
1330 1274 1335 1293 :
1357 1272 1455 1294 unum
1466 1272 1519 1303 per
1529 1262 1778 1302 disceptationem
1791 1283 1800 1296 ,
1813 1263 1939 1293 alterum
1950 1273 2002 1303 per
2013 1264 2077 1293 vim
2090 1273 2096 1292 :
2115 1272 2248 1303 cumque

1286 1305 1365 1336 illud
1377 1308 1534 1346 proprium
1546 1303 1579 1335 s1t
1588 1306 1726 1335 hominis
1735 1324 1744 1339 ,
1755 1306 1811 1335 hoc
1822 1305 1977 1336 beluarum
1989 1315 1994 1333 :
2006 1303 2250 1345 confugiendum

1287 1347 1329 1379 est
1336 1348 1372 1378 ad
1382 1347 1542 1388 posterius:
1556 1345 1576 1376 si
1586 1349 1629 1377 uti
1639 1357 1705 1377 nori
1715 1347 1785 1377 licet
1794 1347 1954 1387 superiore.
1976 1349 2075 1388 Qare
2087 1347 2252 1387 suscipien-

1287 1390 1324 1421 da
1333 1389 1459 1432 quidem
1472 1387 1540 1419 bella
1551 1389 1619 1419 sunt
1629 1388 1670 1419 ob
1681 1399 1747 1419 eam
1758 1389 1885 1423 causam,
1898 1399 1930 1420 ut
1940 1387 1999 1419 fine
2010 1390 2122 1429 injuria
2133 1389 2167 1418 in
2177 1397 2247 1428 pace

1287 1435 1413 1463 vivatur.
1435 1441 1515 1472 parta
1523 1440 1625 1461 autern
1637 1430 1764 1461 vietoria
1775 1451 1784 1465 ‚
1805 1434 1835 1451 ¹0
1844 1431 2042 1463 conservandi
2052 1433 2074 1460 ii
2087 1450 2094 1465 ‚
2116 1431 2170 1471 qui
2181 1439 2249 1460 non

1288 1474 1423 1505 crudeles
1435 1476 1468 1504 in
1479 1473 1560 1503 bello
1569 1493 1577 1507 ‚
1587 1483 1651 1503 nori
1662 1475 1812 1503 immanes
1820 1473 1957 1504 fuerunt:
1970 1482 2002 1503 ut
2012 1474 2140 1512 majores
2151 1471 2247 1502 nostri

284 1520 365 1551 effici
376 1520 529 1551 sitinutile
538 1520 587 1549 vel
598 1522 644 1552 ei,
665 1517 902 1560 cuipromiffum
914 1517 947 1548 fit
959 1537 968 1552 ³
988 1518 1094 1550 velei,
1116 1524 1247 1556 quipro-
1265 1531 1268 1563 Ι
1290 1516 1478 1547 Tusculanos
1490 1534 1498 1548 ‚
1517 1517 1652 1555 AEquos,
1671 1515 1816 1548 volscos,
1834 1515 1980 1548 sabinos,
1999 1516 2151 1544 Hernicos
2164 1515 2195 1544 in
2205 1516 2252 1544 ci-

284 1563 413 1592 miserit.
436 1563 517 1591 Nam
528 1559 549 1589 si
562 1580 571 1594 ‚
595 1562 671 1590 utin
681 1560 790 1590 fabulis
800 1560 856 1593 est,
876 1563 1038 1599 Neptunus
1048 1578 1057 1592 ‚
1069 1557 1152 1598 quod
1164 1558 1247 1586 The-

281 1604 333 1635 seo
343 1603 518 1644 promiserat
530 1621 538 1635 ‚
558 1611 621 1631 non
631 1600 745 1632 fecisset
754 1621 763 1635 ‚
779 1602 916 1632 Theseus
927 1600 992 1630 filio
1003 1600 1172 1640 Hippolyto
1183 1607 1248 1628 nori

282 1644 354 1676 ess'et
364 1645 490 1675 orbatus.
517 1647 564 1675 Ex
575 1643 668 1674 tribus
679 1646 763 1673 enim
773 1645 881 1683 optatis
894 1663 903 1677 ‚
914 1652 947 1673 ut
957 1642 1105 1674 scribitur,
1117 1643 1174 1670 hoc
1188 1647 1249 1669 erat

280 1689 403 1719 tertium
416 1707 424 1720 ,
442 1686 524 1727 quod
546 1685 582 1715 de
598 1685 758 1725 Hippolyti
777 1687 901 1715 interitu
920 1686 1011 1715 iratus
1030 1685 1161 1724 optavit:
1185 1691 1247 1722 quo

281 1731 440 1770 impetrato
452 1748 459 1762 ‚
470 1729 501 1757 in
514 1728 666 1757 maximos
675 1726 774 1756 luctus
787 1727 904 1757 incidit.
925 1729 956 1757 N
966 1736 1009 1756 Ec
1029 1736 1046 1755 P
1056 1735 1077 1754 R
1087 1735 1106 1755 o
1117 1734 1142 1754 M
1155 1734 1166 1753 1
1180 1733 1192 1753 s
1202 1733 1214 1752 s
1225 1732 1247 1752 A

280 1773 371 1812 igitur
393 1768 530 1801 servanda
550 1769 617 1799 sunt
635 1779 687 1802 ea,
711 1778 776 1809 quae
789 1767 915 1802 simiis,
937 1768 1046 1808 quibus
1061 1766 1246 1806 promiseris,

279 1812 417 1843 inutilia:
435 1821 510 1844 nec,
531 1809 627 1850 siplus
638 1810 694 1840 tibi
706 1818 833 1840 noceant
845 1829 853 1843 ‚
877 1810 970 1850 quam
988 1809 1036 1838 illi
1048 1806 1161 1847 prosint
1174 1826 1183 1840 ,
1199 1808 1247 1837 cui

278 1854 465 1895 promiseris.
476 1856 493 1879 4
502 1855 612 1883 Contra
622 1850 760 1882 officium
776 1850 829 1885 est,
842 1852 939 1891 majus
949 1851 1096 1880 damnum
1107 1850 1249 1889 anteponi

279 1898 411 1927 minori:
436 1904 493 1929 ut,
507 1894 526 1924 si
540 1893 729 1924 constitueris
743 1901 771 1923 te
784 1895 916 1933 cuipiam
935 1892 1114 1923 advocatum
1133 1892 1164 1920 in
1184 1900 1248 1920 rem

279 1938 456 1979 praesentem
468 1934 524 1966 ess'e
539 1945 700 1966 venturum
711 1955 720 1970 ‚
740 1944 827 1976 atque
836 1936 959 1965 interim
972 1935 1098 1974 graviter
1109 1941 1249 1975 aegrotare

281 1979 363 2010 filius
372 1981 495 2020 coeperit
506 1999 515 2013 ‚
528 1988 593 2009 non
605 1976 638 2008 sit
648 1986 752 2008 contra
762 1976 900 2007 officium
911 1997 920 2011 ,
933 1986 996 2007 non
1006 1975 1101 2006 facere
1111 1975 1191 2016 quod
1202 1975 1249 2005 di-

280 2024 380 2052 xeris:
401 2022 554 2061 magisque
572 2020 644 2054 ille,
664 2022 712 2050 cui
726 2017 907 2060 promissum
919 2017 953 2049 fit
964 2039 973 2053 ‚
991 2018 1027 2048 ab
1039 2016 1143 2048 officio
1153 2017 1250 2047 disce-

282 2064 349 2098 dat,
368 2062 387 2094 si
398 2064 426 2094 se
439 2063 615 2094 destitutum
626 2071 773 2103 queratur.
793 2063 863 2103 Jam
873 2062 935 2092 illis
945 2058 1095 2102 promiffis
1105 2059 1247 2090 standum

1289 1561 1415 1588 vitatem
1427 1559 1518 1586 etiam
1528 1564 1705 1595 acceperunt
1714 1566 1720 1584 :
1730 1564 1758 1585 at
1767 1557 1993 1598 Karthaginem,
2007 1557 2039 1586 δε
2048 1557 2252 1586 Numantiam

1289 1598 1430 1630 funditus
1444 1596 1635 1627 sustulerunt.
1658 1597 1776 1627 nollem
1787 1600 1974 1629 Corinthum
1986 1601 2009 1627 :¹
2017 1601 2026 1617 ¹
2036 1597 2085 1628 sed
2096 1597 2184 1627 credo
2195 1597 2252 1627 ali-

1288 1640 1361 1683 quid
1372 1641 1504 1672 secutos‚
1523 1640 1780 1678 opportunitatem
1792 1640 1851 1670 loci
1863 1641 2000 1670 maxime
2011 1659 2020 1673 ‚
2042 1649 2079 1669 ne
2090 1637 2252 1679 poss'etali-

1288 1682 1410 1724 quando
1421 1681 1455 1711 ad
1466 1681 1582 1711 bellum
1593 1679 1766 1710 faciendum
1777 1689 1851 1710 iocus
1861 1681 1922 1720 ipse
1932 1682 2088 1711 adhortari.
2105 1682 2173 1710 Mea
2182 1681 2252 1721 qui-

1289 1726 1360 1754 dem
1381 1722 1529 1753 sententia
1540 1742 1548 1755 ‚
1568 1723 1632 1762 paci
1646 1741 1654 1754 ‚
1673 1732 1740 1762 quae
1760 1723 1839 1752 nihil
1858 1723 1992 1753 habitura
2011 1721 2045 1752 fi:
2063 1720 2251 1756 insidiarum,

1286 1767 1403 1805 semper
1412 1763 1455 1794 est
1465 1763 1699 1794 consulendum.
1726 1766 1756 1782 ¹2
1767 1766 1802 1793 In
1813 1774 1874 1805 quo
1892 1763 1912 1794 si
1924 1765 2001 1795 mihi
2013 1762 2084 1794 effet
2094 1763 2254 1803 obtempe-

1288 1816 1383 1837 ratum
1397 1818 1406 1840 ;
1426 1805 1477 1836 etsi
1490 1815 1555 1836 non
1568 1807 1718 1845 optimam
1730 1825 1738 1839 2
1758 1814 1787 1836 at
1800 1807 1931 1846 aliquam
1946 1805 2083 1846 rempub.
2094 1815 2161 1847 quae
2170 1814 2254 1836 nunc

1288 1849 1372 1879 nulla
1382 1847 1424 1878 est
1436 1867 1445 1881 ‚
1464 1847 1655 1878 haberemus.
1681 1850 1712 1875 ¹3
1724 1850 1761 1878 Et
1777 1857 1848 1879 cum
1861 1850 1898 1878 iis
1909 1869 1919 1882 ‚
1938 1858 2016 1889 quos
2033 1849 2064 1877 vi
2082 1847 2229 1878 deviceris
2241 1866 2254 1882 2

1289 1889 1511 1921 consulendum
1522 1888 1564 1920 est
1575 1909 1584 1923 ‚
1599 1898 1663 1919 tum
1675 1891 1697 1919 ii
1709 1909 1718 1923 ‚
1739 1891 1792 1931 qui
1803 1910 1813 1924 ‚
1831 1892 1922 1921 armis
1935 1889 2056 1930 polim,
2078 1889 2257 1929 adimpera·

1292 1941 1394 1963 torum
1413 1930 1507 1962 fidem
1523 1930 1719 1973 confugient,
1739 1934 1879 1973 quamvis
1889 1942 2012 1964 murum
2023 1934 2098 1962 aries
2106 1929 2256 1971 percuffe-

1288 1977 1326 2005 rit
1338 1995 1347 2008 ‚
1368 1974 1533 2014 recipiendi
1546 1974 1624 2004 sunt.
1646 1975 1679 2003 in
1691 1983 1753 2014 quo
1764 1982 1916 2016 tantopere
1926 1974 2003 2015 apud
2015 1973 2133 2004 nostros
2140 1971 2258 2012 justitia

1289 2017 1370 2048 culta
1382 2016 1425 2046 est
1436 2037 1445 2050 ,
1465 2025 1497 2047 ut
1517 2018 1561 2050 ii,
1580 2016 1633 2056 qui
1643 2019 1780 2046 civitates
1790 2037 1798 2050 ,
1820 2026 1870 2047 aut
1880 2018 2017 2048 nationes
2028 2014 2160 2047 devictas
2169 2014 2255 2045 bello

1291 2061 1326 2090 in
1344 2057 1438 2090 fidem
1455 2057 1651 2099 recepissent,
1671 2068 1772 2089 earum
1791 2061 1909 2099 patroni
1926 2057 2019 2089 effen:
2030 2078 2039 2093 ,
2060 2067 2146 2089 more
2157 2057 2256 2097 majo-

2167 2108 2240 2130 rum

287 2151 2241 2161 ——.——-—-—‚—-—-———-—————-——-——

1287 2167 1345 2193 mss.
1356 2168 1384 2192 δε
1397 2167 1451 2193 Pall
1459 2188 1464 2193 .
1473 2168 1657 2201 induciaefai‘lae.
1677 2165 1746 2192 unde
1757 2164 1870 2201 suspicor
1882 2185 1890 2197 ‚
1901 2174 1959 2191 eam
1973 2173 2064 2190 vocem
2076 2163 2256 2199 irreptitiams

319 2180 329 2197 1
337 2192 342 2197 .
362 2173 409 2203 ΕΜ
419 2173 490 2197 alti-ro
499 2173 617 2204 injustitia
623 2170 730 2204 gemm]
752 2171 852 2206 Vulgg.
862 2170 968 2204 quidum
977 2172 1050 2196 altero
1061 2188 1069 2200 ,
1089 2178 1147 2204 quae
1157 2167 1244 2194 diffio

278 2207 347 2234 abest
360 2207 595 2235 Palat.M.F.D.V.
606 2208 634 2233 Sc
646 2206 758 2234 editioni
771 2206 851 2239 1468.
862 2206 972 2233 liabetur
984 2214 1073 2233 tamen
1085 2205 1111 2232 'in
1122 2205 1243 2231 omnium

303 2253 377 2270 rima.

282 2254 299 2280 P
316 2289 343 2306 2.
364 2283 391 2305 Ut
402 2280 494 2306 reddere
505 2280 624 2313 depositum
635 2299 642 2311 ,
651 2279 872 2313 promifficmfaccre
884 2299 893 2312 ,
903 2279 970 2313 ἀντ]
987 2277 1074 2305 Ausus
1087 2277 1142 2304 sum
1154 2276 1243 2303 refor-

280 2325 351 2342 mare
363 2316 429 2342 hunc
439 2316 540 2348 locum,
551 2316 584 2343 ad
595 2325 652 2342 eam
663 2315 758 2342 faciem
770 2325 847 2351 quam
859 2315 883 2341 ei
895 2315 1023 2351 optabant
1035 2314 1165 2350 Laugius,
1179 2312 1244 2339 Suf-

279 2351 366 2379 fridus
380 2371 388 2384 ‚
407 2352 549 2379 Gifan'ius:
571 2361 655 2387 neque
666 2351 773 2379 abibant
784 2351 841 2377 mss.
853 2351 922 2378 Pali.
934 2351 1102 2385 aliorumque
1121 2349 1244 2385 plurimi,

279 2390 359 2424 quam
372 2388 443 2424 qnod
453 2395 579 2425 praeterea
589 2388 791 2424 interponerent
802 2406 811 2420 ,
829 2390 930 2414 etiamne
940 2388 1049 2421 furiofh?
1066 2385 1137 2422 quod
1153 2385 1182 2411 δε
1196 2394 1246 2411 ex-

279 2424 369 2486 pressit
378 2424 514 2451 ViEtorius
526 2445 533 2456 ‚
554 2424 725 2461 placebatque
736 2423 897 2451 Gulielmio.
916 2433 967 2459 ego
981 2422 1092 2458 glossam
1113 2421 1247 2456 margina-

293 2470 333 2487 cm
345 2461 470 2488 arbitror.
490 2460 626 2496 sequentia
645 2464 717 2488 certe
737 2460 823 2496 palam
838 2460 953 2486 clamant
965 2479 973 2492 ,
993 2459 1114 2485 Tullium
1125 2457 1174 2484 illo
1186 2457 1246 2484 loco

280 2497 432 2532 exemplum
444 2497 601 2524 commutati
616 2496 697 2523 officii
708 2506 806 2532 ponere
820 2495 937 2523 nondum
949 2494 1071 2531 potuiss'e.
1092 2493 1242 2520 consulatur

279 2533 406 2559 schottus
428 2534 514 2561 noster
533 2533 602 2560 libro
615 2542 651 2559 11.
671 2532 781 2560 Nodor.
795 2533 856 2560 Cic.
867 2542 924 2569 cap.
938 2541 980 2558 12.
999 2532 1064 2559 item
1077 2531 1248 2557 Hotomanus

282 2568 369 2596 lib.ii.
382 2568 520 2596 Observat.
532 2579 639 2606 capsa..

320 2613 346 2639 3.
367 2608 397 2630 Et
419 2616 463 2632 non
475 2607 565 2640 semper
582 2608 617 2632 ef?
634 2607 719 2641 idem]
743 2605 905 2633 Gulielmius
917 2604 1032 2632 malebat
1043 2623 1051 2636 ,
1071 2610 1102 2630 ut
1111 2604 1249 2637 nonfimper

276 2640 309 2673 fit
327 2641 385 2666 idem
398 2661 405 2672 ,
424 2651 482 2668 cum
495 2641 596 2669 duobus
608 2642 684 2669 libris
695 2642 816 2669 Suffridi.
838 2652 888 2679 ego
899 2642 964 2668 nihil
980 2641 1081 2667 mutavi
1091 2641 1152 2666 cum
1165 2639 1250 2665 altera

283 2675 364 2715 leffio
379 2676 530 2704 firmaretur
545 2678 668 2706 omnibus
680 2679 736 2706 niss‘.
747 2679 824 2716 ipfius
837 2698 845 2711 ‚
864 2679 929 2705 item
941 2677 999 2705 Pal.
1009 2686 1050 2713 pr.
1060 2684 1139 2713 atque
1149 2675 1248 2703 editio-

285 2711 361 2738 nibus
372 2714 577 2749 antiquioribus3
589 2725 649 2742 uam
661 2715 765 2742 secund.
776 2722 803 2741 ut
812 2725 856 2741 non
862 2715 951 2748 fimper
959 2717 994 2741 eft‘
1003 2714 1072 2740 idem.

299 2783 302 2786 Ι
321 2754 349 2778 4·
363 2751 455 2788 'contra
464 2752 557 2782 officium
568 2753 602 2776 ef?
610 2753 687 2785 majus
697 2753 809 2778 damnum
819 2754 928 2784 anteponi
937 2750 1048 2785 minori]
1071 2748 1181 2776 Monuit
1190 2749 1248 2775 Gu-

285 2783 402 2823 lielmius
414 2786 569 2812 vocabulum
580 2788 692 2813 damnum
702 2787 786 2814 abeffe
798 2789 837 2813 M.
849 2789 881 2813 V.
895 2788 930 2813 D.
942 2787 973 2812 E.
988 2787 1086 2822 placen
1098 2784 1245 2812 dummodo

286 2818 373 2861 istlifec
385 2819 416 2846 fic
425 2822 617 2849 coniicistantur
627 2823 833 2859 praecedentibus
844 2823 931 2850 verbis
943 2843 951 2855 ‚
962 2827 999 2849 cui
1005 2822 1136 2857 promiseris
1148 2831 1156 2852 ;
1168 2829 1251 2847 contra

286 2855 382 2895 ‘’fimf''
398 2859 431 2895 ef?
445 2859 522 2890 majus
533 2866 613 2892 antep.
627 2863 684 2886 min.
697 2862 790 2887 verum
805 2869 865 2886 cum
879 2860 996 2895 Langius
1007 2858 1125 2885 editione
1135 2856 1250 2885 secunda

288 2889 484 2939 publiccaritrefi}
494 2895 570 2927 majus
579 2905 623 2921 non
633 2900 742 2929 anteponi
751 2898 852 2928 minori,·
868 2896 952 2932 sicque
963 2895 1047 2932 palam
1059 2894 1144 2922 exstet
1154 2895 1181 2922 in
1193 2893 1251 2921 Pal.

288 2935 332 2961 pr.
343 2925 452 2967 lectioni
463 2936 486 2952 ci
498 2931 579 2964 magis
590 2932 764 2966 acquieverim
777 2951 786 2965 ‚
797 2941 848 2959 una
858 2941 917 2958 cum
929 2931 1089 2959 Gulielmio.

329 2970 354 2994 5-
375 2966 450 2988 va
462 2964 546 2988 callida
558 2967 618 3005 ’.s'd
625 2969 768 3002 malitiosa]
789 2969 833 2995 Sic
844 2969 883 2995 M.
895 2970 927 2995 F.
938 2969 971 2994 V.
983 2969 1018 2994 D.
1030 2969 1063 2994 E.
1074 2976 1159 3003 neque
1171 2966 1252 2993 aliter

290 2997 389 3024 Palati.
399 3005 446 3024 aut
456 2998 517 3025 edd.
528 3008 635 3040 P¹s¹¹¹¹²i
657 3013 708 3029 non
720 3011 763 3029 aut
773 3006 851 3031 malit.
872 3003 939 3031 haud
951 3004 1008 3031 celo
1021 3011 1109 3031 tamen
1121 3002 1250 3031 1e6torcm

289 3033 460 3061 emendatum
482 3034 531 3061 esse
549 3045 576 3061 iu
595 3036 712 3064 editione
731 3039 814 3074 princi
836 3050 849 3066 e
867 3041 987 3067 omniurn
1007 3041 1068 3067 anni
1085 3039 1185 3066 scilicet
1200 3048 1252 3065 cio

289 3079 364 3110 cqcc
377 3071 494 3104 bxv-stu
504 3073 620 3104 malitiosa
629 3084 635 3098 :
645 3074 723 3099 male.
739 3084 797 3101 nam
819 3086 826 3101 i
837 3076 899 3102 absit
910 3076 1014 3103 malitia
1026 3095 1035 3108 ‚
1045 3075 1177 3103 calliditas
1187 3085 1252 3113 pro-

289 3107 387 3142 pritiJu
393 3106 603 3134 recousultoruni
617 3127 625 3139 ,
640 3116 669 3134 ut
679 3117 788 3136 annotat
798 3111 856 3136 heic
866 3112 1039 3139 Gulielmius.

322 3142 352 3172 6,
371 3143 428 3170 ctam
446 3152 517 3172 xxx.
537 3143 627 3171 dicrum
643 3146 712 3180 efflat
730 3154 781 3172 cum
796 3147 853 3181 hoste
870 3150 944 3181 μέλε
961 3148 1085 3184 indutie]
1107 3147 1249 3176 Guliclinii

1287 2203 1525 2240 abjiciendamque.
1553 2208 1626 2230 certe
1654 2204 1716 2228 cum
1737 2201 1828 2238 paullo
1843 2203 1898 2238 post
1912 2201 2035 2237 sequatur
2045 2201 2143 2228 iterum
2158 2201 2234 2233 paft'ae
2244 2211 2256 2226 ι

1288 2241 1346 2267 heic
1358 2240 1444 2266 locum
1456 2240 1531 2267 suum
1543 2240 1588 2266 vix
1600 2239 1669 2265 belle
1682 2245 1797 2265 tueatur.

1324 2285 1353 2311 7.
1371 2279 1501 2311 Definibus
1510 2276 1525 2303 ὰ
1535 2280 1624 2302 Senam
1633 2275 1743 2308 datum]
1765 2276 1807 2301 Ita
1818 2274 1885 2301 Pall.
1896 2273 2000 2309 eddque
2016 2273 2146 2309 proximae
2163 2272 2178 2297 a
2198 2270 2256 2307 pri-

1289 2322 1331 2339 ma
1344 2332 1352 2345 ‚
1375 2322 1422 2340 nec
1440 2323 1492 2339 non
1502 2312 1643 2340 Gulielmii
1655 2313 1696 2338 M.
1707 2313 1740 2338 V.
1751 2311 1786 2337 D.
1798 2312 1830 2338 F.
1841 2311 1894 2337 fine
1904 2319 1969 2337 voce
1979 2313 2052 2342 agri,
2071 2317 2128 2344 quae
2146 2308 2173 2334 iu
2192 2307 2253 2334 aliis

1289 2348 1393 2384 adjetsta
1403 2359 1453 2376 non
1467 2348 1621 2375 necessario.

1326 2385 1354 2411 8.
1374 2388 1409 2410 Ne
1426 2386 1506 2418 cupid&
1523 2385 1583 2419 quid
1600 2390 1695 2418 agerent
1708 2404 1716 2416 ‚
1735 2392 1764 2410 ne
1773 2382 1933 2416 appetentem]
1955 2381 1998 2408 Est
2009 2380 2041 2407 ab
2051 2380 2121 2407 Pali.
2131 2380 2171 2406 M.
2181 2379 2210 2405 δί
2220 2379 2256 2405 V.

1290 2421 1432 2456 firmatque
1447 2421 1592 2447 auctoritas
1603 2420 1723 2446 Tui-nebi
1734 2419 1804 2446 libro
1815 2427 1898 2445 xxV1.
1914 2417 2136 2444 Adversariorum
2147 2423 2255 2453 cap.32.

1290 2456 1418 2493 publicati
1431 2476 1438 2488 ‚
1448 2466 1489 2482 nec
1499 2463 1634 2490 appeterent
1642 2468 1652 2488 ‚·
1662 2456 1749 2482 minus
1760 2455 1880 2482 venuste.

1326 2502 1356 2529 9.
1379 2496 1407 2519 Ut
1416 2494 1445 2524 ὠ·
1454 2494 1500 2526 ipsc
1509 2503 1538 2518 ne
1546 2493 1605 2527 qui‘d
1611 2494 1660 2518 talc
1667 2494 1759 2525 posthac
1770 2511 1778 2524 ‚
1796 2491 1826 2522 &-
1835 2493 1924 2522 ceteri,
1942 2490 2009 2524 ξφα]
2031 2490 2074 2516 Sic
2083 2488 2164 2516 multi
2174 2486 2257 2515 codd.

1291 2529 1379 2566 scripti
1392 2549 1400 2560 ‚
1419 2539 1484 2565 quos
1495 2529 1598 2555 secutus
1609 2528 1755 2555 Lambinus
1767 2529 1794 2554 &
1805 2526 1892 2553 Aldus
1902 2527 2006 2563 Nepos.
2026 2535 2112 2562 neque
2125 2524 2205 2552 aliter
2214 2524 2258 2551 Μ.

1292 2574 1337 2593 aut
1350 2565 1418 2592 Pali.
1428 2566 1492 2592 item
1504 2564 1588 2592 editio
1598 2565 1722 2591 Romana
1731 2565 1864 2600 princeps.
1875 2562 1962 2590 solum
1974 2562 2110 2589 Palatinus
2120 2570 2161 2598 pr.
2171 2559 2260 2588 trans-

1292 2603 1369 2640 ponit
1381 2622 1389 2634 ,
1408 2602 1437 2633 (⁵5⁴
1449 2609 1475 2628 ut
1484 2602 1529 2636 ips}
1541 2621 1550 2633 ,
1570 2602 1642 2637 quod
1652 2600 1739 2637 placet
1750 2610 1758 2632 3
1771 2607 1802 2627 ut
1814 2619 1822 2632 ‚
1832 2610 1861 2625 ne
1870 2599 1929 2634 quid
1936 2601 1984 2625 tale
1992 2600 2086 2632 pcsthac
2096 2617 2104 2630 ,
2120 2597 2152 2624 fit
2160 2598 2258 2632 depre-

1291 2638 1367 2666 candi
1379 2638 1514 2669 formula3
1528 2637 1592 2665 sicut
1602 2637 1670 2664 illud
1680 2636 1749 2673 apud
1760 2636 1920 2663 Terentium
1933 2647 1938 2662 :
1945 2637 1970 2669 fi
1979 2643 2085 2670 unquam
2095 2635 2188 2667 posthac
2196 2633 2256 2658 occi-

1291 2677 1348 2703 dito.
1367 2675 1438 2712 quod
1453 2675 1481 2701 Sc
1495 2681 1637 2701 annotarat
1647 2673 1821 2700 Gulielmius.
1841 2671 1971 2699 adeantur
1988 2670 2172 2698 annotationes
2184 2669 2258 2694 Lau-

1291 2713 1339 2750 gii.
1362 2712 1459 2739 noster.
1479 2710 1605 2748 publicati
1618 2711 1726 2744 ‚posthae
1736 2711 1863 2735 committat
1874 2727 1882 2739 ‚
1894 2709 1923 2739 ἀι
1932 2710 2011 2734 ceteri.

1333 2758 1375 2775 ιο.
1397 2748 1558 2781 Conftrvandi
1567 2749 1586 2772 ii
1595 2749 1639 2781 qui
1651 2756 1696 2772 non
1709 2746 1812 2772 crudeles
1825 2747 1852 2770 in
1867 2745 1920 2770 bello
1931 2764 1939 2776 ,
1957 2753 2002 2770 non
2010 2737 2256 2774 immanesfuerum]

1293 2784 1371 2812 Haud
1383 2784 1462 2812 aliter
1473 2783 1530 2811 mss.
1541 2792 1607 2820 quos
1617 2781 1729 2809 excuffit
1738 2780 1901 2809 Gulielmius
1913 2800 1921 2814 ‚
1934 2779 1987 2807 fine
1997 2776 2185 2810 verbulosunt.
2204 2774 2257 2802 Pa-

1293 2822 1391 2849 latinus
1403 2830 1443 2857 pr.
1453 2819 1539 2847 adhuc
1548 2819 1640 2854 abjicit
1652 2828 1697 2845 nim
1705 2821 1832 2845 immanes.
2095 2847 2100 2852 ¹

1335 2867 1344 2885 i
1353 2867 1375 2884 1.
1394 2857 1441 2883 sed
1448 2857 1512 2883 credo
1522 2856 1617 2891 aliquid
1626 2856 1736 2889 ficut055
1755 2855 1947 2888 opportunitatem
1957 2869 1966 2881 ‚
1985 2848 2053 2882 dra]
2075 2847 2117 2873 Sic
2131 2846 2190 2873 mss'.
2201 2846 2260 2887 sere

1295 2893 1437 2922 Gulielmii
1450 2913 1459 2925 ,
1472 2894 1501 2919 &
1513 2891 1608 2928 Langii
1620 2892 1648 2918 8<
1659 2890 1718 2918 Pal.
1728 2889 1778 2917 sec.
1790 2898 1848 2916 nam
1859 2888 1938 2924 prim.
1948 2887 1975 2912 &
1986 2884 2029 2911 ed.
2038 2884 2162 2910 Romana
2172 2891 2260 2918 prima

1295 2933 1399 2966 aliquos.
1417 2929 1490 2966 seqq.
1510 2931 1571 2955 illos.
1591 2926 1713 2955 veniebat
1729 2927 1757 2954 in
1776 2932 1892 2953 mentem
1911 2922 1996 2952 aliud;
2018 2919 2061 2947 sed
2080 2929 2133 2947 ¹¹0ss
2155 2920 2191 2947 est
2211 2928 2260 2946 1¹0·

1297 2967 1378 3030 msi}
1399 3006 1427 3029 ln
1438 3012 1481 3037 quo
1484 3003 1510 3035 fi
1520 3003 1577 3028 milui
1590 3001 1640 3034 effer
1653 2994 1857 3030 obtemperatum]
1870 2993 2031 3021 Gulielmius
2043 2999 2132 3020 motus
2143 2991 2196 3019 fide
2206 2989 2258 3018 ms.

1297 3041 1337 3066 M.
1348 3040 1465 3066 deletum
1478 3039 1556 3071 ivitfi
1566 3057 1574 3069 ,
1584 3042 1708 3070 tanquam
1719 3032 1880 3059 inculcatum
1892 3032 1906 3058 a
1918 3030 2017 3062 sciolis,
2030 3029 2190 3064 venusteque
2200 3026 2262 3054 sub-

1296 3076 1508 3112 intelligeretur.
1530 3072 1608 3099 nimis
1619 3069 1716 3096 calide.
1749 3105 1754 3110 ¹
1928 3103 1933 3108 ¹
1951 3102 1956 3108 ¹
2111 3102 2116 3107 ἡ
2170 3066 2181 3105 θ’
2217 3098 2224 3104 .

1336 3121 1346 3138 ι
1354 3121 1379 3147 3.
1401 3116 1433 3137 Et
1442 3119 1492 3136 cum
1502 3111 1540 3135 his
1549 3116 1605 3142 quos
1614 3109 1644 3131 vi·
1653 3105 1766 3131 deviceris
1777 3124 1784 3136 ‚
1794 3104 1863 3141 drzu]
1885 3102 1978 3131 Editio
1988 3109 2065 3132 vetus
2079 3102 2187 3137 dayecem
2199 3118 2207 3131 2
2217 3107 2263 3125 ¹¹¹·

1295 3156 1357 3183 quit
1367 3146 1542 3176 Gulielmius,
1564 3150 1592 3171 at
1602 3141 1671 3171 Pan.
1683 3143 1713 3169 vi
1721 3142 1820 3169 victn'e.
2175 3180 2186 3198 x
2210 3169 2271 3198 Cam

2272 975 2316 1004 [ἴ
