2297 3389
147 1279 184 1304 11

485 144 743 189 ORArro
791 152 861 184 DE
909 137 1300 185 PRovrucns
1349 142 1877 190 ConsuLARinus.

216 227 306 257 etiam
319 245 329 260 ‚
351 235 399 256 me
410 223 589 255 defendente
599 242 608 257 ,
623 221 856 261 capitisjudiciis
866 220 1081 251 effentliberati
1095 231 1100 249 :
1117 230 1170 250 cur

215 268 318 298 eadem
336 267 498 307 respublica
507 285 516 299 ‚
537 274 603 305 quae
616 274 666 293 me
679 264 713 293 in
726 265 840 293 amicos
854 263 1041 294 inflammare
1054 264 1164 301 poruit‚

214 311 352 340 inimicis
360 310 473 349 placare
483 316 546 336 non
555 304 644 346 possit
654 308 664 333 ?
687 305 777 345 Qod
789 306 866 335 mihi
876 305 972 334 odium
981 314 1051 335 cum
1061 304 1165 333 Reio-

214 351 266 381 dio
274 351 342 384 fuit,
354 348 407 379 nifi
418 347 500 389 quod
511 346 713 387 perniciosum
724 349 822 387 patriae
830 350 929 378 civem
939 346 1003 376 fore
1013 345 1163 385 putabam,

212 394 265 433 qui
276 390 439 431 turpifl'ima
448 389 575 419 libidine
585 389 725 419 incensus
736 408 744 422 ‚
765 389 835 419 duas
845 400 890 419 res
900 386 1089 418 sanffiffimas
1099 406 1107 419 ,
1120 395 1166 415 re-

210 435 359 474 ligionem
371 453 379 465 ‚
402 431 436 461 &
452 431 630 471 pudicitiam
648 440 711 460 uno
729 431 834 461 scelere
850 428 1006 461 violasset?
1028 431 1114 458 Num
1124 426 1167 456 est

211 477 303 515 igitur
313 473 440 503 dubium
451 483 490 502 ex
501 474 539 502 iis
548 473 636 503 rebus
645 492 653 506 ,
674 483 745 513 quas
755 475 780 502 is
791 482 850 514 egit
860 493 869 506 ‚
890 473 1006 513 agitque
1016 468 1164 512 quotidie,

210 517 285 557 quin
295 525 350 556 ego
361 535 370 548 ‚
381 517 414 544 in
425 515 480 544 illo
491 514 692 556 oppugnando
701 534 710 548 ,
723 515 891 554 reipublicae
902 515 970 554 plus
981 533 989 546 ‚
1001 512 1090 553 quam
1101 511 1166 540 otio

211 567 282 586 meo
293 557 464 589 :nonnulli,
477 558 508 586 in
519 557 627 586 eodem
637 555 841 589 defendendo,
853 557 906 586 suo
916 555 981 595 plus
992 551 1164 594 otio,quam

207 600 386 632 communi,
403 599 630 638 prospexerint?
654 601 717 638 Ego
728 608 777 627 me
787 598 802 628 3
813 601 845 628 C.
855 598 964 628 Caesare
975 598 1008 625 in
1017 594 1167 634 republica

211 639 370 670 diffensiss'e
380 640 476 670 fateor
486 661 495 674 ‚
517 641 549 670 &
564 638 678 671 sensisse
693 640 852 670 vobiscum
866 650 871 668 :
893 638 941 668 sed
959 647 1042 667 nunc
1058 635 1165 665 iisdem

207 682 296 712 vobis
306 681 463 716 ass'entior,
481 682 551 712 cum
569 683 680 723 quibus
696 682 781 712 antea
798 680 973 711 sentiebam.
996 681 1058 707 Vos
1068 678 1163 723 enim3

209 724 245 754 ad
257 733 333 764 quos
343 725 454 754 litteras
465 725 572 755 L-Piso
582 724 618 754 de
632 724 693 754 suis
703 723 793 753 rebus
801 731 865 751 non
875 720 962 750 audet
972 720 1101 748 mittere:
1112 727 1166 758 qui

211 766 335 795 Gabinii
346 767 456 796 litteras
464 765 572 807 insigni
581 765 706 807 quadam
717 772 798 795 nota,
809 770 895 802 atque
905 762 1077 802 ignominia
1086 769 1167 789 nova

206 807 431 838 condemnastis
440 828 449 842 ‚
461 809 602 838 C.Caesar1
613 806 842 845 supplicationes
852 801 1023 833 decrevistis
1034 821 1041 835 ‚
1058 811 1167 831 nume-

209 859 244 879 ro
257 869 265 883 ‚
280 853 289 868 ¹
303 859 335 879 ut
345 851 464 880 nemini
475 850 539 879 ullo
549 858 587 878 ex
597 848 692 877 bello:
707 847 837 878 honore,
850 854 882 874 ut
893 846 1024 874 omnino
1035 844 1165 873 nemini.

210 893 368 933 Curigitur
377 890 547 930 exspectem
561 889 722 918 hominem
732 887 863 927 aliquem
875 907 883 919 ‚
904 888 956 927 qui
967 896 1015 915 me
1029 895 1099 915 cum
1111 885 1167 914 illo

207 934 240 962 in
250 935 373 975 gratiam
383 932 520 962 reducat?
541 931 662 960 reduxit
672 929 747 959 ordo
759 927 960 968 amplissimus
970 948 979 961 ,
999 928 1032 957 δε
1042 927 1117 957 ordo
1129 929 1165 959 is,

207 978 260 1014 qui
281 973 323 1004 est
340 975 373 1003 ὃς
389 973 503 1013 publici
520 971 637 1002 consilii
648 992 657 1005 ‚
676 972 858 1001 &meorum
870 972 1013 1000 omnium
1024 967 1167 998 consilio·

207 1026 277 1046 rum
294 1014 397 1045 auctor
415 1015 448 1045 &
465 1016 618 1054 princeps.
641 1016 704 1043 Vos
728 1013 832 1053 sequor
846 1032 855 1046 ‚
876 1021 971 1052 patres
987 1011 1166 1050 conscripti:

206 1058 296 1087 vobis
306 1057 484 1097 obtempero
494 1076 502 1090 ‚
519 1056 607 1086 vobis
617 1054 772 1085 affentior:
791 1056 844 1095 qui
857 1074 866 1087 ,
876 1053 1023 1094 quamdiu
1035 1052 1168 1083 C-Caesa-

206 1100 247 1129 ris
257 1096 379 1129 confilia
389 1099 423 1128 in
433 1098 584 1139 republica
599 1107 662 1127 non
673 1098 810 1126 maxime
820 1095 990 1136 diligebatis
1000 1115 1010 1128 ,
1031 1104 1080 1124 me
1090 1104 1167 1134 quo-

206 1151 266 1182 que
283 1149 355 1170 cum
374 1140 429 1170 illo
447 1140 553 1170 minus
567 1137 769 1179 conjunctum
787 1137 942 1168 videbatis.
974 1136 1167 1177 posteaquam

204 1182 292 1212 rebus
306 1181 394 1223 gestis
411 1184 541 1212 menteis
557 1180 682 1214 vestras,
701 1179 940 1220 voluntateisque
953 1177 1098 1214 murastu:
1116 1188 1165 1208 me

206 1233 272 1254 non
282 1223 382 1254 solum
393 1227 540 1254 comitem
551 1222 608 1253 ess'e
619 1224 772 1253 sententiae
783 1220 884 1251 vestrae
896 1241 904 1255 ‚
925 1220 973 1251 sed
990 1222 1081 1250 etiam
1101 1220 1163 1249 lau-

207 1265 340 1296 datorem
351 1265 477 1295 vidistis.
521 1265 577 1296 Sed
587 1264 659 1305 quid
670 1263 711 1294 est
720 1283 728 1297 ‚
738 1263 821 1304 quod
832 1265 865 1292 in
875 1264 928 1292 hac
936 1262 1020 1293 causa
1029 1260 1165 1291 maxime

208 1308 350 1337 homines
359 1307 563 1340 admirentur,
585 1307 617 1336 &
634 1305 851 1344 reprehendant
868 1313 972 1332 meum
988 1302 1164 1334 consilium,

210 1348 282 1379 cum
293 1358 348 1389 ego
358 1348 439 1378 idem
450 1349 535 1378 antea
546 1347 642 1377 multa
650 1347 794 1376 decrerim
807 1365 815 1378 ‚
835 1354 902 1385 quae
914 1346 1008 1385 magis
1017 1343 1053 1374 ad
1064 1345 1166 1373 homi·

207 1392 257 1421 nis
267 1390 446 1431 dignitatem
456 1409 464 1423 ‚
484 1388 575 1430 quam
589 1388 624 1418 ad
637 1387 809 1428 reipublicae
821 1384 1021 1416 necessitatem
1036 1386 1167 1425 pertine-

207 1434 295 1462 rent?
311 1431 567 1471 supplicationem
578 1429 754 1470 quindecim
765 1428 883 1458 dierum
892 1428 1011 1459 decrevi
1022 1427 1168 1457 sententia

206 1483 274 1503 mea
283 1474 371 1512 Reip·
387 1472 452 1502 satis
466 1481 527 1502 erat
541 1481 584 1502 tot
598 1471 716 1501 dierum
728 1490 737 1504 ,
760 1479 834 1511 quot
847 1472 879 1499 C.
889 1471 997 1500 Mario.
1021 1470 1091 1498 Diis
1105 1471 1165 1498 im-

207 1513 384 1544 mortalibus
394 1524 458 1544 non
469 1522 528 1545 erat
539 1516 645 1553 exigua
655 1512 759 1542 eadem
767 1511 929 1553 gratulatio
939 1531 948 1545 ,
968 1521 1034 1552 quae
1048 1520 1087 1540 ex
1101 1520 1166 1540 ma-

206 1558 301 1586 ximis
312 1555 409 1585 bellis.
433 1558 512 1596 Ergo
529 1556 580 1585 ille
598 1555 740 1584 cumulus
759 1555 876 1584 dierum
889 1573 897 1587 ,
916 1554 1054 1583 hominis
1064 1551 1106 1582 est
1117 1552 1166 1582 di-

205 1599 310 1640 gnitati
321 1597 459 1627 tributus.
483 1600 519 1627 In
537 1607 689 1638 quo'ego,
707 1606 768 1637 quo
783 1596 906 1626 consule
922 1595 1068 1625 referente
1079 1615 1088 1628 ,
1107 1597 1167 1634 pri—

206 1639 296 1669 mum
319 1639 424 1669 decem
453 1639 572 1670 dierum
600 1639 777 1679 supplicatio
802 1638 918 1667 decreta
939 1640 994 1667 Cn.
1009 1638 1166 1676 Pompejo,

205 1681 380 1711 Mithridate
391 1680 552 1712 interfeEto
562 1701 571 1715 ,
583 1679 784 1721 confectoque
795 1679 1000 1709 Mithridatico
1010 1679 1104 1712 bello,
1115 1689 1168 1708 cu-

202 1723 254 1764 jus
275 1723 422 1753 sententia
438 1722 573 1763 primum
590 1723 738 1763 duplicata
756 1721 798 1752 est
815 1722 991 1761 supplicatio
1004 1721 1168 1751 consularis

206 1765 300 1804 <mihi
321 1766 405 1794 enim
426 1764 495 1794 estis
508 1763 610 1795 assensi
622 1785 630 1798 ,
651 1763 721 1794 cum
734 1784 743 1798 ,
764 1763 899 1804 ejusdem
910 1765 1046 1803 Pompeii
1062 1763 1167 1792 litteris

206 1807 333 1836 recitatis
343 1826 351 1839 ‚
375 1805 524 1837 confeEtis
545 1807 691 1837 omnibus
711 1807 872 1836 maritimis
889 1824 897 1838 ,
924 1804 1167 1844 terrestribusque

206 1847 294 1878 bellis
305 1867 313 1881 ,
334 1849 585 1888 supplicationem
601 1848 719 1878 dierum
730 1846 892 1878 duodecim
905 1845 1089 1886 decrevistis)
1100 1846 1165 1876 sum

206 1892 261 1919 Cn.
272 1892 410 1937 Pompeii
423 1892 569 1920 virtutem
584 1890 617 1920 &
629 1891 725 1920 animi
737 1888 982 1929 magnitudinem
993 1888 1166 1921 admiratus,

206 1930 289 1972 quod
300 1950 308 1964 ,
329 1940 401 1960 cum
414 1931 475 1971 ipse
487 1933 592 1962 ceteris
607 1931 752 1961 omnibus
767 1929 837 1960 esset
850 1931 940 1960 omni
953 1930 1069 1959 honore
1082 1938 1166 1959 ante-

206 1974 282 2003 latus
292 1992 301 2006 ,
318 1973 498 2012 ampliorem
510 1974 658 2003 honorem
668 1972 752 2001 alteri
762 1971 906 2001 tribuebat
914 1992 923 2004 ,
935 1971 1024 2011 quam
1034 1971 1095 2010 ipse
1106 1980 1165 2000 erat

208 2015 398 2046 consecutus.
421 2017 500 2055 Ergo
511 2016 542 2044 in
553 2015 606 2044 illa
614 2014 830 2053 supplicatione
842 2033 851 2046 ‚
866 2023 956 2053 quam
967 2023 1022 2054 ego
1032 2012 1162 2044 decrevi,

207 2066 252 2086 res
271 2056 332 2096 ipsa
349 2055 457 2086 tributa
471 2055 514 2086 est
527 2055 586 2086 diis
597 2055 821 2085 immortalibus
833 2075 841 2088 ,
863 2055 896 2084 δε
909 2055 1059 2093 majorum
1077 2053 1164 2083 insti-

207 2098 278 2127 tutis
289 2116 298 2131 ,
320 2097 483 2128 &utilitati
494 2098 666 2138 reipublicae
681 2108 686 2126 :
710 2097 758 2127 sed
767 2097 896 2139 dignitas
906 2097 1066 2126 verborum
1079 2115 1088 2129 ,
1109 2097 1165 2125 ho—

206 2149 264 2169 nos
274 2159 282 2173 ,
297 2138 330 2168 &
341 2140 457 2169 novitas
469 2159 477 2173 ,
493 2140 526 2169 &
537 2149 681 2169 numerus
691 2138 808 2169 dierum
823 2159 831 2172 ,
843 2138 962 2169 Caesaris
973 2137 1061 2178 ipsius
1072 2137 1164 2170 laudi,

205 2181 369 2222 gloriaeque
380 2179 534 2212 concessus
545 2181 596 2211 est.
619 2182 760 2211 Relatum
775 2179 817 2211 est
830 2180 866 2210 ad
879 2190 935 2210 nos
952 2190 1047 2220 nuper
1064 2179 1100 2209 de
1110 2177 1165 2215 sti-

209 2222 304 2263 pendio
314 2223 461 2251 exercitus.
485 2233 548 2253 non
560 2223 678 2254 decrevi
688 2222 790 2253 solum
799 2242 807 2257 ,
820 2222 870 2253 secl
881 2224 970 2252 etiarn
982 2243 990 2255 ‚
1008 2231 1040 2252 ut
1049 2231 1105 2252 vos
1114 2221 1165 2251 de-

205 2266 367 2295 cerneretis
379 2283 387 2297 ,
403 2264 534 2294 laboravi
547 2275 552 2293 ;
568 2265 664 2295 11111113
673 2263 916 2295 diffentientibus
925 2263 1080 2304 respondi:
1096 2263 1165 2293 scri-

206 2305 308 2336 bendo
315 2304 403 2336 affui:
421 2314 487 2336 tum
497 2316 616 2347 quoque
626 2307 749 2336 homini
759 2306 825 2345 plus
837 2305 946 2339 tribui,
961 2305 1053 2346 quam
1064 2306 1165 2335 nescio

207 2350 258 2378 cui
272 2346 440 2378 necesfitati.
464 2348 555 2377 illum
569 2350 652 2378 enim
666 2347 825 2378 arbitrabar
837 2349 926 2377 etiam
941 2346 1002 2377 fine
1018 2348 1077 2377 hoc
1094 2346 1164 2377 sub-

208 2387 282 2419 fidio
291 2391 425 2429 pecuniae
437 2391 565 2420 retinere
575 2391 740 2420 exercitum
751 2388 848 2429 praeda
857 2389 924 2419 ante
935 2398 1015 2429 parta
1025 2409 1034 2422 ‚
1056 2388 1089 2418 &
1101 2388 1164 2418 bel-

207 2431 274 2460 lum
290 2430 437 2462 conficere
454 2429 536 2471 poss‘e
558 2442 563 2461 :
593 2431 643 2462 sed
663 2431 753 2461 decus
771 2430 847 2462 illud
864 2451 872 2464 ‚
897 2431 930 2461 &
947 2439 1164 2460 ornamentum

208 2473 352 2512 triumphi
375 2493 384 2506 ‚
413 2473 616 2504 minuendum
644 2472 743 2504 nostra
763 2472 942 2513 parsimonia
963 2482 1028 2502 non
1049 2474 1161 2512 putavi.

209 2512 322 2544 1416111111
332 2513 375 2544 est
384 2514 420 2544 de
427 2514 531 2546 decem
540 2515 642 2556 legatis
653 2536 661 2549 ‚
676 2525 753 2556 quos
763 2515 814 2545 alii
824 2516 956 2545 omnino
967 2524 1033 2544 non
1041 2514 1161 2549 dabant,

207 2556 260 2586 alii
277 2555 402 2597 exempla
419 2556 576 2598 quaerebant
590 2577 598 2591 ‚
618 2558 670 2588 alii
687 2566 805 2596 tempus
822 2555 1020 2590 differebant,
1041 2556 1093 2586 alii
1103 2556 1163 2586 fine

208 2597 281 2627 ullis
290 2597 451 2628 verborum
462 2601 646 2630 ornamentis
657 2598 778 2629 dabant.
790 2600 823 2628 in
835 2608 867 2628 ea
876 2608 998 2638 quoque
1010 2608 1041 2627 re
1050 2595 1087 2628 fic
1096 2598 1163 2628 sum

207 2639 326 2670 locutus
336 2660 344 2674 ‚
365 2649 399 2670 ut
407 2650 514 2671 omnes
524 2641 729 2682 intelligerent
739 2660 748 2674 ,
770 2650 819 2669 me
829 2640 859 2670 id
871 2659 880 2673 ‚
901 2639 983 2680 quod
994 2639 1163 2679 reipublicae

207 2681 290 2712 causa
299 2682 440 2713 sentirem
455 2702 464 2716 ,
483 2681 578 2713 facere
596 2681 718 2714 uberius
738 2691 858 2722 propter
876 2680 966 2721 ipsius
976 2682 1096 2711 Caesaris
1115 2682 1163 2712 di-

150 2737 163 2763 1
174 2737 192 2761 2
207 2724 362 2764 gnitatem.
379 2727 418 2754 At
428 2734 483 2766 ego
492 2724 576 2755 idem
584 2727 709 2755 nuncin
719 2725 882 2764 provinciis
892 2723 1098 2757 decernendis,
1109 2726 1161 2764 qui

205 2764 271 2794 illas
281 2767 401 2796 omneis
411 2776 456 2795 res
466 2768 512 2807 egi
521 2764 641 2797 silentio
651 2787 660 2800 ‚
671 2766 848 2806 interpell0r
859 2776 864 2794 :
877 2764 949 2795 curn
960 2766 1162 2805 superioribus

207 2805 296 2837 caufis
305 2807 443 2838 hominis
453 2817 630 2839 ornamenta
637 2808 750 2839 fuerint
761 2828 769 2842 ,
788 2809 822 2838 in
835 2808 888 2838 hac
902 2817 951 2837 me
970 2807 1049 2836 nihil
1067 2807 1159 2841 aliud,

2074 159 2167 203 527

1210 221 1265 252 nisi
1283 224 1358 253 ratio
1378 223 1450 253 belli
1471 243 1480 258 ,
1510 225 1565 255 nisi
1583 226 1702 256 summa
1719 227 1831 257 utilitas
1850 225 2020 266 reipublicae
2036 235 2166 256 moveat.

1212 266 1294 294 Nam
1311 265 1372 304 ipse
1381 266 1494 300 Caesar,
1515 267 1586 308 quid
1608 267 1668 301 est,
1689 279 1740 298 cur
1759 271 1791 299 111
1809 270 1964 309 provincia
1981 270 2163 298 commorari

1210 306 1302 339 velit,
1316 305 1370 335 nisi
1382 317 1412 337 ut
1422 317 1454 337 ea
1466 328 1473 341 ‚
1488 318 1553 349 quae
1566 319 1617 349 per
1626 319 1695 339 eum
1710 309 1812 340 311εᾶ3
1822 311 1889 341 sunt
1900 330 1908 344 ‚
1924 308 2054 349 perfefita
2063 311 2164 349 reipu-

1211 346 1295 377 blicae
1316 348 1464 379 tradantur
1481 352 1490 378 ?
1511 352 1680 380 ..Amoenitm
1697 362 1766 382 eum
1780 372 1787 386 ‚
1807 352 1896 383 credo
1909 373 1918 385 ‚
1938 351 2073 381 locorum
2087 371 2095 384 ‚
2116 361 2166 380 ui·-

1211 387 1296 433 bium
1307 389 1498 427 pulchritudo
1510 412 1518 425 ,
1540 394 1702 423 hominurn
1716 415 1725 427 ,
1744 396 1963 434 nationumque
1973 394 2092 423 illarum
2108 394 2166 422 hu-

1212 438 1338 475 manitas
1350 450 1358 462 ‚
1372 431 1404 460 δε
1415 432 1496 471 lepos
1509 453 1516 466 ‚
1533 433 1668 464 vietoriae
1679 436 1823 475 cupiditas
1834 456 1842 469 ‚
1858 434 1965 465 fimum
1978 436 2098 475 imperii
2109 444 2166 465 no-

1212 469 1441 516 stripropagati'o
1451 476 1568 504 retinet.
1591 476 1672 516 Qid
1690 478 1749 506 illis
1767 480 1851 507 terris
1867 477 2015 517 asperius?
2034 477 2166 517 quidin-

1211 511 1321 557 cultius
1340 514 1476 551 oppidis?
1497 516 1569 554 quid
1590 519 1762 548 nationibus
1781 521 1968 549 immanius?
1985 519 2057 559 quid
2072 517 2163 558 porro

1212 561 1256 582 tot
1276 552 1412 583 victoriis
1430 556 1645 594 praestabilius?
1664 560 1735 598 quid
1751 563 1869 590 Oceano
1888 560 2009 602 longius
2029 562 2161 589 inveniri

1210 593 1325 642 potest?
1347 598 1395 624 An
1408 597 1519 626 reditus
1534 608 1564 627 111
1579 602 1701 638 patriam
1712 601 1798 631 habet
1807 602 1938 643 aliquam
1949 600 2164 631 offensionem?

1213 644 1314 665 utrum
1326 636 1402 676 apud
1413 639 1560 677 populum
1573 660 1581 672 ,
1602 640 1690 680 aquo
1701 641 1822 672 miss'us:
1839 654 1875 674 an
1887 644 1964 684 apud
1975 644 2106 673 senatum
2120 663 2128 676 ‚
2148 643 2163 673 a

1210 687 1272 717 quo
1291 687 1413 708 ornatus
1431 679 1493 709 est?
1513 690 1550 710 an
1570 681 1627 710 dies
1644 691 1730 722 auget
1747 685 1803 722 ejus
1820 685 2001 725 defidsrium?
2020 695 2057 715 an
2072 687 2166 726 magis

1215 719 1405 749 oblivionem
1419 740 1427 754 ‚
1449 731 1480 750 ac
1494 722 1590 751 laurea
1606 723 1656 753 illa
1666 728 1781 764 magnis
1791 728 1928 765 periculis
1937 736 2014 766 parta
2026 747 2034 760 ,
2054 729 2167 757 amittit

1211 760 1305 801 longo
1315 761 1473 792 intervallo
1485 763 1687 793 viriditatem?
1710 768 1806 806 Qare
1816 787 1823 799 ‚
1836 766 1855 796 si
1866 771 1916 808 qui
1928 770 2088 798 hominem
2100 778 2164 798 non

1211 801 1361 843 diligunt,
1382 805 1460 834 nihil
1471 804 1512 834 est
1524 826 1531 837 ‚
1551 804 1634 845 quod
1650 816 1721 836 eum
1735 808 1770 837 de
1785 812 1938 848 provincia
1951 810 2105 840 devocent.
2129 810 2166 840 ad

1210 844 1337 885 gloriam
1355 844 1518 876 devocant:
1540 848 1575 876 ad
1590 848 1777 888 triumphum
1789 869 1798 883 ‚
1816 850 1850 879 ad
1863 851 2089 891 gratulationem
2103 871 2110 885 ,
2129 852 2166 881 ad

1211 886 1367 916 summum
1380 889 1529 917 honorem
1541 888 1655 919 senatus
1668 910 1676 923 ‚
1685 890 1826 930 equestris
1836 892 1950 921 ordinis
1960 896 2079 933 gratiam
2092 913 2099 926 ‚
2111 903 2165 932 po·

1208 928 1272 967 puli
1294 930 1456 959 caritatem.
1488 930 1544 960 Sed
1555 950 1564 964 ,
1587 929 1607 960 si
1619 932 1671 961 ille
1684 933 1737 962 hac
1751 941 1813 962 tam
1837 936 1951 963 eximia
1963 934 2082 964 fortuna
2096 945 2167 975 pro-

1209 979 1274 1009 pter
1283 971 1445 1001 utilitatem
1456 972 1625 1012 reipublicae
1635 973 1694 1003 frui
1706 984 1769 1004 non
1779 984 1914 1014 properat
1927 995 1936 1008 ,
1952 984 1984 1004 ut
2002 979 2105 1006 omnia
2117 977 2168 1006 1113

1211 1010 1368 1041 conficiat:
1388 1013 1460 1053 quid
1475 1024 1530 1055 ego
1547 1015 1663 1045 senator
1674 1015 1768 1046 facere
1781 1016 1878 1046 debeo
1891 1037 1899 1048 ,
1919 1027 2010 1057 quem
2020 1037 2028 1051 ,
2048 1020 2136 1047 etiarn
2146 1017 2167 1047 si

1209 1053 1261 1082 ille
1271 1053 1351 1084 aliud
1362 1056 1470 1089 vellet,
1483 1056 1653 1096 reipublicae
1663 1058 1819 1088 consulere
1829 1060 1996 1098 oporteret?
2020 1062 2083 1099 Ego
2094 1059 2169 1089 vero

1211 1093 1248 1125 sic
1259 1096 1398 1133 intelligo
1407 1116 1415 1130 ,
1427 1106 1521 1136 patres
1531 1099 1690 1139 conscripti
1702 1120 1710 1131 ,
1723 1110 1777 1129 nos
1789 1101 1846 1130 hoc
1856 1110 1990 1140 tempore
2001 1103 2033 1129 in
2044 1104 2168 1140 provin-

1211 1139 1266 1167 ciis
1276 1138 1471 1168 decernendis
1482 1159 1490 1173 ,
1500 1149 1648 1179 perpetuae
1657 1144 1734 1181 pacis
1744 1141 1849 1172 habere
1860 1151 1997 1181 oportere
2007 1145 2164 1172 rationem.

1212 1182 1227 1198 ²
1236 1189 1307 1209 nam
1319 1182 1386 1220 quis
1398 1181 1455 1211 hoc
1466 1191 1529 1212 non
1543 1182 1649 1216 sentit,
1670 1186 1774 1214 omnia
1787 1184 1842 1214 alia
1855 1182 1912 1214 ess'e
1927 1184 2016 1214 nobis
2029 1194 2121 1215 vacua
2133 1185 2169 1214 ab

1211 1223 1299 1251 omni
1321 1223 1454 1261 periculo
1473 1243 1481 1257 ‚
1510 1232 1597 1264 atque
1614 1227 1704 1255 etiam
1724 1225 1760 1255 ab
1779 1228 1867 1256 omni
1887 1226 2056 1265 suspicione
2074 1227 2171 1257 belli?

1214 1263 1358 1304 3J21mdiu
1378 1274 1455 1293 mare
1472 1265 1611 1295 videmus
1629 1267 1705 1297 illud
1725 1268 1910 1297 immensum
1922 1287 1930 1300 ‚
1947 1268 2032 1307 cujus
2050 1267 2169 1299 fervore

1211 1314 1275 1333 non
1293 1305 1393 1334 solum
1408 1308 1556 1336 maritimi
1570 1308 1670 1338 cursus
1681 1328 1689 1342 ‚
1709 1308 1758 1338 sed
1769 1309 1854 1338 urbes
1865 1311 1954 1339 etiam
1967 1329 1975 1342 ‚
1996 1310 2028 1339 &
2040 1312 2095 1340 viae
2108 1312 2170 1340 mi—

1212 1345 1382 1386 litaresjam
1401 1347 1600 1381 tenebantur,
1619 1351 1729 1379 virtute
1742 1353 1947 1389 CrrPompeii
1964 1349 2001 1380 sic
2019 1351 2034 1381 a
2053 1353 2168 1392 populo

1212 1389 1305 1417 Rom.
1326 1388 1362 1417 ab
1382 1390 1503 1418 Oceano
1520 1389 1611 1430 usque
1631 1391 1665 1421 ad
1685 1392 1830 1421 ultimum
1849 1394 1982 1422 Pontum
1997 1412 2005 1426 ‚
2025 1401 2168 1433 tanquam

1211 1438 1307 1459 unum
1318 1429 1450 1470 aliquem
1461 1440 1581 1470 portum
1596 1453 1604 1465 ‚
1620 1441 1718 1462 tutum
1730 1453 1738 1466 ‚
1751 1433 1783 1463 &
1792 1433 1925 1463 clausum
1937 1436 2048 1463 teneri:
2069 1436 2168 1465 natioa

1211 1480 1264 1501 nes
1275 1481 1321 1501 eas
1332 1491 1339 1505 ‚
1359 1482 1424 1512 quae
1435 1482 1564 1503 numero
1576 1475 1739 1504 hominum
1751 1495 1759 1508 ,
1779 1485 1810 1505 ac
1820 1475 2005 1504 multitudine
2014 1476 2073 1515 ipsa
2083 1486 2168 1516 pote-

1211 1522 1276 1543 rant
1293 1515 1326 1543 in
1343 1514 1515 1553 provincias
1533 1515 1646 1545 nostras
1664 1516 1846 1550 redundare,
1868 1519 1908 1547 ita
1926 1517 1961 1547 ab
1979 1518 2089 1547 eodem
2109 1517 2168 1549 esse

1211 1557 1320 1594 partim
1336 1556 1439 1585 recisas
1450 1576 1459 1589 ‚
1480 1558 1587 1596 partim
1602 1557 1755 1597 repressas,
1778 1557 1886 1588 utAsia
1897 1578 1905 1592 ,
1925 1568 1991 1599 quae
2002 1562 2169 1599 imperium

1211 1606 1296 1626 antea
1314 1596 1450 1627 nostrum
1466 1599 1663 1632 terminabat,
1683 1610 1764 1630 nunc
1782 1600 1874 1630 tribus
1893 1602 1982 1630 novis
2002 1604 2171 1640 provinciis

1211 1639 1272 1678 ipsa
1280 1641 1423 1680 cingatur.
1446 1638 1568 1669 Poss'um
1579 1641 1616 1670 de
1626 1644 1713 1671 omni
1724 1646 1847 1683 regione
1860 1662 1868 1675 ‚
1886 1642 1922 1672 de
1933 1645 2021 1672 0111111
2033 1643 2168 1675 hostium

1211 1691 1318 1722 genere
1330 1683 1435 1711 dicere.
1460 1682 1543 1711 nulla
1551 1692 1624 1721 gens
1635 1682 1678 1713 est
1688 1703 1696 1716 ‚
1714 1687 1731 1709 4
1740 1693 1804 1724 quae
1816 1693 1878 1713 non
1889 1686 1986 1715 autita
1997 1685 2114 1716 subereta
2124 1685 2169 1720 sit,

1211 1731 1244 1752 ut
1254 1724 1308 1753 vix
1318 1722 1413 1753 exstet
1425 1731 1490 1758 :aut
1499 1727 1538 1753 ita
1549 1724 1665 1755 domita
1675 1745 1684 1758 ‚
1697 1734 1729 1755 ut
1738 1726 1882 1766 quiescat:
1898 1736 1947 1756 aut
1958 1729 1996 1756 ita
2003 1737 2100 1766 pacata
2111 1749 2121 1761 ,
2133 1737 2166 1759 ut

1210 1764 1338 1795 111ἂο113
1349 1764 1457 1799 nostra,
1467 1766 1657 1807 imperioque
1666 1767 1791 1798 laetetur.
1815 1767 1931 1797 Bellum
1945 1770 2107 1804 Gallicum,
2119 1780 2169 1811 pa—

1211 1815 1270 1837 tres
1289 1807 1469 1847 conscripti,
1491 1808 1639 1838 C.Caesare
1656 1810 1853 1848 imperatore,
1873 1809 1989 1850 gestum
2007 1811 2066 1841 est:
2086 1822 2170 1843 antea

1211 1848 1427 1879 tantummodo
1437 1850 1602 1889 repulsum.
1623 1850 1737 1891 semper
1746 1851 1811 1880 illas
1820 1854 1958 1881 nationes
1966 1852 2059 1883 nostri
2070 1856 2171 1894 impe-

1211 1899 1319 1920 ratores
1337 1890 1499 1929 refutandas
1515 1891 1618 1931 potius
1636 1892 1718 1922 bello
1729 1912 1737 1926 ‚
1758 1891 1848 1932 quarn
1860 1892 2036 1925 Jaceffendas
2044 1905 2168 1935 putave-

1211 1940 1289 1961 runt.
1312 1933 1377 1971 Ipse
1386 1933 1438 1962 ille
1450 1935 1600 1963 C.Marius
1611 1953 1619 1966 ,
1630 1934 1713 1972 cujus
1725 1934 1842 1967 divina,
1854 1943 1940 1975 atque
1951 1938 2064 1967 eximia
2072 1940 2168 1968 virtus

1211 1975 1327 2014 magnis
1335 1974 1441 2013 populi
1451 1977 1544 2004 Rom.
1558 1974 1690 2004 luotibus
1700 1995 1708 2008 ‚
1726 1974 1939 2017 funeribusque
1948 1977 2105 2013 subvenit,
2117 1982 2167 2009 in—

1209 2014 1350 2044 fluenteis
1368 2025 1400 2044 in
1420 2016 1536 2045 Italiam
1557 2016 1716 2046 Gallorum
1735 2018 1883 2047 maximas
1901 2020 2001 2058 copias
2022 2020 2169 2060 repressit,

1209 2066 1273 2086 non
1283 2057 1344 2096 ipse
1353 2056 1387 2086 ad
1397 2066 1503 2086 eorum
1515 2057 1612 2086 urbeis
1621 2077 1630 2091 ‚
1645 2058 1796 2100 sedcisque
1805 2062 1979 2098 penetravit.
2002 2062 2100 2093 Modo
2110 2063 2165 2093 ille

1209 2108 1350 2128 meorum
1362 2097 1500 2128 laborum
1513 2118 1520 2131 ‚
1540 2099 1744 2138 periculorum
1756 2120 1764 2134 ,
1784 2099 1980 2132 consiliorum
1991 2103 2088 2134 socius
2100 2124 2108 2138 ,
2131 2107 2165 2135 C.

1208 2141 1380 2170 Pomtinius
1392 2159 1402 2172 ‚
1420 2139 1599 2170 fortiffimus
1610 2143 1675 2175 vir,
1694 2151 1794 2172 ortum
1812 2144 1934 2183 repente
1954 2144 2068 2175 bellum
2079 2147 2166 2176 Allo—

1207 2182 1336 2221 brogum
1346 2201 1354 2214 ‚
1365 2191 1452 2222 atque
1462 2183 1516 2216 hac
1527 2182 1660 2213 scelerata
1669 2184 1879 2224 conjuratione
1890 2187 2052 2217 excitatum
2062 2208 2071 2222 ,
2083 2197 2163 2227 proe-

1209 2224 1257 2253 liis
1266 2223 1355 2264 fregit
1365 2243 1373 2256 ‚
1393 2224 1502 2263 eosque
1512 2223 1649 2258 domuit,
1667 2227 1719 2265 qui
1735 2224 1917 2257 laceffierant
1930 2237 1935 2256 :
1956 2227 1988 2258 &
1999 2239 2031 2259 ea
2040 2229 2164 2260 vistoria

1209 2272 1352 2294 contentus
1363 2284 1370 2298 ,
1386 2266 1536 2305 republica
1547 2275 1629 2295 metu
1640 2266 1771 2302 liberata,
1781 2270 1907 2309 quievit.
1930 2271 2086 2301 C-Caesaris
2096 2273 2167 2302 lon-

1207 2307 1245 2348 ge
1254 2307 1342 2337 aliam
1351 2306 1442 2337 video
1451 2305 1540 2337 fuiffe
1548 2310 1705 2338 rationem.
1728 2319 1792 2340 non
1804 2312 1887 2341 enim
1902 2309 1954 2341 fibi
1971 2312 2071 2343 solnm
2090 2324 2161 2344 cum

1209 2351 1246 2378 iis
1257 2369 1265 2382 ‚
1280 2358 1356 2390 quos
1367 2348 1426 2386 jam
1436 2358 1564 2379 armatos
1574 2359 1677 2380 contra
1687 2352 1835 2391 populum
1845 2354 2021 2384 Romanum
2032 2355 2165 2390 videbat>

1207 2389 1384 2420 bellandum
1394 2388 1451 2421 effe
1462 2391 1569 2425 duxit,
1581 2391 1629 2422 sed
1641 2401 1734 2423 totam
1747 2394 1876 2424 Galliam
1887 2397 1919 2424 in
1930 2395 2061 2426 nostram
2071 2396 2166 2428 ditio·-

1208 2442 1279 2462 nem
1300 2430 1357 2461 effe
1375 2432 1577 2473 redigendam.
1602 2437 1702 2475 Itaque
1720 2445 1791 2465 cum
1810 2438 1961 2467 acerrimis
1975 2439 2167 2474 nationibus,

1209 2474 1241 2504 &
1253 2475 1399 2504 maximis
1408 2494 1415 2507 ‚
1430 2477 1652 2506 Germanorum
1665 2496 1673 2509 ‚
1686 2477 1719 2507 δε
1730 2478 1941 2508 Helvetiorum
1952 2498 1959 2511 ‚
1972 2480 2087 2518 proeliis
2097 2480 2167 2511 feli-

1207 2515 1325 2546 cifl'ime
1337 2516 1512 2546 decertavit:
1537 2520 1549 2543 5
1560 2525 1667 2547 ceteras
1680 2520 1823 2548 contrivit
1835 2539 1842 2551 ‚
1854 2519 1975 2550 domuit
1984 2541 1992 2553 ,
2004 2523 2169 2562 compulit,

1211 2560 1339 2599 imperio
1348 2558 1452 2598 populi
1463 2560 1597 2589 Romani
1608 2569 1705 2599 parere
1716 2557 1867 2590 ass'uefecit
1877 2581 1886 2594 ‚
1907 2562 1939 2591 &
1951 2582 1960 2595 ‚
1981 2573 2054 2603 quas
2066 2566 2165 2606 regio-

1208 2610 1262 2630 nes
1274 2620 1282 2633 ,
1302 2601 1431 2641 quasque
1440 2602 1554 2640 genteis
1564 2601 1655 2630 nullae
1665 2601 1756 2631 nobis
1766 2611 1850 2632 antea
1861 2603 1965 2634 litterae
1976 2625 1984 2637 ,
1996 2605 2080 2636 nulla
2089 2616 2164 2642 vox,

1209 2642 1292 2672 nulla
1301 2646 1379 2673 rama
1389 2651 1474 2672 notas
1482 2641 1589 2673 fecerat
1599 2662 1609 2676 ‚
1632 2643 1682 2673 has
1693 2642 1794 2673 noster
1803 2645 1966 2684 impeiator
1975 2666 1984 2679 ,
2006 2646 2167 2689 nosterque

1208 2685 1373 2717 exercitus,
1395 2684 1542 2724 &populi
1554 2686 1688 2714 Romani
1701 2695 1781 2715 arma
1797 2694 1991 2727 peragrarunt.
2013 2691 2164 2721 Semitam.

1207 2724 1442 2756 tantumGalliae
1452 2726 1626 2757 tenebamus
1637 2728 1720 2757 antea
1730 2747 1739 2761 ‚
1758 2737 1852 2767 patres
1866 2729 2038 2769 conscripti:
2061 2741 2166 2763 ceterae

1208 2777 1300 2807 partes
1310 2767 1325 2797 a
1334 2767 1474 2809 gentibus
1484 2777 1532 2798 aut
1542 2770 1676 2798 inimicis
1685 2770 1757 2799 huic
1767 2771 1898 2810 imperio
1907 2790 1915 2804 ,
1929 2780 1978 2801 aut
1988 2771 2101 2807 infidis,
2113 2783 2164 2805 aut

1207 2811 1371 2851 incognitis
1381 2829 1390 2843 ,
1407 2818 1457 2840 aut
1467 2809 1545 2840 certe
1556 2811 1744 2841 immanibus
1753 2830 1761 2845 ,
1774 2811 1806 2842 &
1818 2812 1944 2843 barbaris
1954 2832 1963 2847 ‚
1974 2813 2007 2844 &
2017 2814 2168 2846 bellicosis

2022 2858 2166 2888 teneban—

222 2891 2163 2913 W*

245 2927 270 2945 1.
289 2923 317 2946 Ut
333 2923 421 2946 nemini
429 2930 474 2947 uno
491 2930 520 2947 ex
535 2923 614 2956 bella]
632 2923 737 2949 Invitus
749 2922 837 2948 delevi
857 2922 1000 2948 leetionem
1021 2929 1164 2957 receptam,

206 2952 248 2979 sed
259 2957 346 2991 cossgit
356 2965 398 2982 me
408 2956 475 2982 Pall.
485 2957 621 2985 cousensus
633 2959 742 2986 minime
751 2957 850 2986 discors
863 2978 871 2991 ‚
892 2968 977 2994 neque
987 2958 1064 2984 aliter
1075 2960 1102 2984 S.
1115 2959 1162 2984 Vi-

209 2988 302 3017 &oris.
325 2993 396 3027 prius
407 2999 462 3018 erat
471 2994 522 3019 ullo.

242 3033 271 3050 2.
290 3029 353 3052 Nam
361 3029 412 3061 quie
428 3037 472 3054 non
489 3030 529 3054 hoc
539 3030 640 3064 sentit]
661 3030 704 3056 Sic
722 3029 806 3057 editio
824 3029 938 3056 Victorii
951 3049 960 3063 ‚
980 3039 1065 3066 neque
1084 3030 1162 3057 aliter

207 3059 275 3086 Pan.
286 3063 414 3089 recentius
427 3063 490 3095 cusi,
499 3066 538 3090 boc
547 3073 644 3098 tempore
652 3076 697 3091 mm
700 3067 786 3100 sentit.
806 3068 905 3103 inepte.

244 3104 276 3136 33
291 3099 355 3137 Jam.
365 3099 406 3123 diu
423 3108 487 3124 mare
504 3100 638 3136 videmus]
659 3103 778 3138 Qidam
789 3103 891 3129 codices
911 3102 968 3128 mss‘.
980 3102 1045 3128 illud
1057 3102 1163 3135 jamdiu

208 3130 340 3172 adplicant
349 3135 551 3169 interrogationi
562 3137 655 3172 priori.
667 3147 699 3173 qu
705 3137 773 3164 idam
784 3138 881 3165 habent
890 3140 1005 3172 Jadrium
1015 3147 1161 3169 mare‚iio·.i-

210 3167 276 3194 nulli
287 3169 428 3202 jamdudum
437 3179 512 3199 mare.
522 3170 591 3200 haud
602 3180 688 3202 tamen
698 3182 790 3210 putem
801 3174 897 3203 subesse
907 3175 1037 3204 occultius
1049 3174 1133 3203 ulcus.

1241 2931 1269 2955 4.
1289 2925 1343 2956 Qae
1360 2934 1404 2949 non
1423 2931 1466 2949 aut
1483 2927 1519 2949 ita
1532 2925 1634 2957 Jiaehal‘la
1648 2926 1703 2960 fit]
1730 2926 1794 2953 Non
1814 2925 1936 2962 displicet
1946 2929 2016 2964 quod
2037 2930 2121 2965 reperi
2137 2930 2163 2956 iii

1206 2959 1262 2985 Pal.
1275 2969 1343 2985 nono
1354 2960 1381 2985 8<
1393 2959 1735 2996 Gemblacensi,fi4blatafit.
1746 2971 1811 2998 gens
1822 2963 1892 2990 enim
1903 2957 2069 2992 inbaeffa‘iion
2082 2967 2162 2993 etium

1207 3004 1256 3021 11113
1266 2995 1364 3021 abolita
1375 2997 1421 3022 est.

1245 3040 1270 3064 ς.
1290 3035 1383 3057 Ceteras
1393 3034 1503 3057 contrivit
1515 3051 1522 3064 ‚
1534 3033 1620 3058 domuit
1632 3053 1639 3065 ,
1649 3036 1767 3067 compulit,
1777 3035 1844 3070 efren]
1867 3036 1907 3062 Ita
1922 3035 2035 3063 collocat
2046 3037 2102 3063 Pal.
2115 3047 2164 3063 iio-

1206 3076 1253 3093 11115
1267 3078 1273 3093 :
1297 3068 1339 3102 qui
1353 3075 1441 3094 tamen
1453 3067 1530 3094 habet
1548 3073 1662 3095 conteruit
1679 3073 1816 3106 praeterito
1835 3073 1965 3108 antiqu03
1986 3073 2027 3098 cui
2039 3074 2164 3108 proxim&

1205 3102 1332 3142 accedunt
1343 3103 1453 3129 Gembl.
1464 3113 1494 3130 ac
1503 3104 1608 3132 Victor.
1619 3106 1645 3132 iu
1657 3106 1750 3143 quibua
1763 3127 1771 3143 ‚
1783 3112 1920 3138 conterruit.
1941 3108 2085 3137 Lambinus
2098 3109 2163 3136 ulti-

1178 3156 1183 3211 1
1207 3148 1279 3167 11111111
1289 3139 1358 3168 illud
1367 3140 1482 3169 mutavit
1491 3141 1518 3169 111
1531 3143 1645 3170 contudit.

2029 3222 2040 3244 1
2049 3235 2052 3240 ·
2064 3215 2171 3245 Alexin.)

2193 1774 2231 1805 13
