<?xml version="1.0" encoding="UTF-8"?>
<!DOCTYPE html PUBLIC "-//W3C//DTD XHTML 1.0 Transitional//EN"
    "http://www.w3.org/TR/xhtml1/DTD/xhtml1-transitional.dtd">
<html xmlns="http://www.w3.org/1999/xhtml" xml:lang="en" lang="en">
 <head>
  <title>
</title>
<meta http-equiv="Content-Type" content="text/html;charset=utf-8" />
  <meta name='ocr-system' content='tesseract 3.04.00' />
  <meta name='ocr-capabilities' content='ocr_page ocr_carea ocr_par ocr_line ocrx_word'/>
</head>
<body>
  <div class='ocr_page' id='page_1' title='image "./mtuliiciceroniso00cice/mtuliiciceroniso00cice_0673.png"; bbox 0 0 2339 3379; ppageno 0'>
   <div class='ocr_carea' id='block_1_1' title="bbox 0 0 45 3379">
    <p class='ocr_par' dir='ltr' id='par_1_1' title="bbox 0 0 45 3379">
     <span class='ocr_line' id='line_1_1' title="bbox 0 0 45 3379; baseline 0 0"><span class='ocrx_word' id='word_1_1' title='bbox 0 0 45 3379; x_wconf 95' lang='lat' dir='ltr'> </span> 
     </span>
    </p>
   </div>
   <div class='ocr_carea' id='block_1_2' title="bbox 631 136 1223 183">
    <p class='ocr_par' dir='ltr' id='par_1_2' title="bbox 631 136 1223 183">
     <span class='ocr_line' id='line_1_2' title="bbox 631 136 1223 183; baseline -0.003 0"><span class='ocrx_word' id='word_1_2' title='bbox 631 136 1223 183; x_wconf 74' lang='lat' dir='ltr'>PH1L1P1³1CA</span> 
     </span>
    </p>
   </div>
   <div class='ocr_carea' id='block_1_3' title="bbox 181 216 1147 798">
    <p class='ocr_par' dir='ltr' id='par_1_3' title="bbox 181 216 1147 798">
     <span class='ocr_line' id='line_1_3' title="bbox 189 216 1146 260; baseline -0.004 -10"><span class='ocrx_word' id='word_1_3' title='bbox 189 226 228 250; x_wconf 82' lang='lat' dir='ltr'>eo</span> <span class='ocrx_word' id='word_1_4' title='bbox 238 219 315 251; x_wconf 83' lang='lat' dir='ltr'>salus</span> <span class='ocrx_word' id='word_1_5' title='bbox 324 240 333 255; x_wconf 84' lang='lat'>,</span> <span class='ocrx_word' id='word_1_6' title='bbox 354 218 387 251; x_wconf 90' lang='lat'>&amp;</span> <span class='ocrx_word' id='word_1_7' title='bbox 402 219 463 252; x_wconf 83' lang='lat' dir='ltr'>vita</span> <span class='ocrx_word' id='word_1_8' title='bbox 478 218 588 260; x_wconf 83' lang='lat' dir='ltr'>optimi</span> <span class='ocrx_word' id='word_1_9' title='bbox 604 217 745 259; x_wconf 79' lang='lat' dir='ltr'>cujusque</span> <span class='ocrx_word' id='word_1_10' title='bbox 755 237 764 252; x_wconf 91' lang='lat'>,</span> <span class='ocrx_word' id='word_1_11' title='bbox 785 216 947 248; x_wconf 85' lang='lat' dir='ltr'>&amp;libertas</span> <span class='ocrx_word' id='word_1_12' title='bbox 968 218 1071 257; x_wconf 80' lang='lat' dir='ltr'>populi</span> <span class='ocrx_word' id='word_1_13' title='bbox 1082 219 1146 247; x_wconf 88' lang='lat' dir='ltr'>Ro-</span> 
     </span>
     <span class='ocr_line' id='line_1_4' title="bbox 191 258 1144 304; baseline -0.003 -13"><span class='ocrx_word' id='word_1_14' title='bbox 191 264 276 292; x_wconf 84' lang='lat' dir='ltr'>mani</span> <span class='ocrx_word' id='word_1_15' title='bbox 286 282 295 296; x_wconf 90' lang='lat'>,</span> <span class='ocrx_word' id='word_1_16' title='bbox 316 262 499 304; x_wconf 82' lang='lat' dir='ltr'>dignitasque</span> <span class='ocrx_word' id='word_1_17' title='bbox 512 259 701 291; x_wconf 85' lang='lat' dir='ltr'>consisteret?</span> <span class='ocrx_word' id='word_1_18' title='bbox 723 259 779 289; x_wconf 83' lang='lat' dir='ltr'>Sed</span> <span class='ocrx_word' id='word_1_19' title='bbox 788 258 858 289; x_wconf 80' lang='lat' dir='ltr'>cum</span> <span class='ocrx_word' id='word_1_20' title='bbox 869 268 930 289; x_wconf 88' lang='lat' dir='ltr'>tam</span> <span class='ocrx_word' id='word_1_21' title='bbox 942 261 1034 289; x_wconf 90' lang='lat' dir='ltr'>atroci</span> <span class='ocrx_word' id='word_1_22' title='bbox 1044 258 1144 288; x_wconf 72' lang='lat' dir='ltr'>edisto</span> 
     </span>
     <span class='ocr_line' id='line_1_5' title="bbox 191 299 1147 341; baseline -0.005 -7"><span class='ocrx_word' id='word_1_23' title='bbox 191 312 250 333; x_wconf 80' lang='lat' dir='ltr'>nos</span> <span class='ocrx_word' id='word_1_24' title='bbox 260 302 461 334; x_wconf 87' lang='lat' dir='ltr'>concitaviffet</span> <span class='ocrx_word' id='word_1_25' title='bbox 471 322 480 336; x_wconf 95' lang='lat'>‚</span> <span class='ocrx_word' id='word_1_26' title='bbox 500 312 552 332; x_wconf 84' lang='lat' dir='ltr'>cur</span> <span class='ocrx_word' id='word_1_27' title='bbox 561 302 623 341; x_wconf 88' lang='lat' dir='ltr'>ipse</span> <span class='ocrx_word' id='word_1_28' title='bbox 634 311 699 330; x_wconf 89' lang='lat' dir='ltr'>non</span> <span class='ocrx_word' id='word_1_29' title='bbox 709 299 814 331; x_wconf 89' lang='lat' dir='ltr'>affuit?</span> <span class='ocrx_word' id='word_1_30' title='bbox 826 310 907 331; x_wconf 83' lang='lat' dir='ltr'>num</span> <span class='ocrx_word' id='word_1_31' title='bbox 925 301 1033 340; x_wconf 85' lang='lat' dir='ltr'>putatis</span> <span class='ocrx_word' id='word_1_32' title='bbox 1049 300 1147 339; x_wconf 89' lang='lat' dir='ltr'>aliqua</span> 
     </span>
     <span class='ocr_line' id='line_1_6' title="bbox 189 339 1146 384; baseline -0.006 -9"><span class='ocrx_word' id='word_1_33' title='bbox 189 353 222 374; x_wconf 84' lang='lat' dir='ltr'>re</span> <span class='ocrx_word' id='word_1_34' title='bbox 233 344 306 375; x_wconf 86' lang='lat' dir='ltr'>tristi</span> <span class='ocrx_word' id='word_1_35' title='bbox 315 364 324 378; x_wconf 87' lang='lat'>‚</span> <span class='ocrx_word' id='word_1_36' title='bbox 336 354 367 375; x_wconf 88' lang='lat' dir='ltr'>ac</span> <span class='ocrx_word' id='word_1_37' title='bbox 376 345 494 374; x_wconf 86' lang='lat' dir='ltr'>severa?</span> <span class='ocrx_word' id='word_1_38' title='bbox 510 348 520 364; x_wconf 88' lang='lat'>¹</span> <span class='ocrx_word' id='word_1_39' title='bbox 531 344 691 384; x_wconf 79' lang='lat' dir='ltr'>vinoatque</span> <span class='ocrx_word' id='word_1_40' title='bbox 700 342 782 383; x_wconf 61' lang='lat' dir='ltr'>epulas</span> <span class='ocrx_word' id='word_1_41' title='bbox 795 351 928 372; x_wconf 88' lang='lat' dir='ltr'>retentus</span> <span class='ocrx_word' id='word_1_42' title='bbox 939 342 972 372; x_wconf 88' lang='lat'>&amp;</span> <span class='ocrx_word' id='word_1_43' title='bbox 981 342 1042 371; x_wconf 85' lang='lat' dir='ltr'>alea</span> <span class='ocrx_word' id='word_1_44' title='bbox 1050 339 1093 371; x_wconf 87' lang='lat' dir='ltr'>est</span> <span class='ocrx_word' id='word_1_45' title='bbox 1105 351 1110 369; x_wconf 91' lang='lat'>:</span> <span class='ocrx_word' id='word_1_46' title='bbox 1126 340 1146 369; x_wconf 89' lang='lat' dir='ltr'>fi</span> 
     </span>
     <span class='ocr_line' id='line_1_7' title="bbox 190 381 1145 426; baseline -0.004 -11"><span class='ocrx_word' id='word_1_47' title='bbox 190 386 286 425; x_wconf 80' lang='lat' dir='ltr'>epula:</span> <span class='ocrx_word' id='word_1_48' title='bbox 294 385 397 426; x_wconf 78' lang='lat' dir='ltr'>potius</span> <span class='ocrx_word' id='word_1_49' title='bbox 406 405 415 419; x_wconf 86' lang='lat'>,</span> <span class='ocrx_word' id='word_1_50' title='bbox 425 385 515 426; x_wconf 70' lang='lat' dir='ltr'>quam</span> <span class='ocrx_word' id='word_1_51' title='bbox 524 387 645 425; x_wconf 90' lang='lat' dir='ltr'>popinae</span> <span class='ocrx_word' id='word_1_52' title='bbox 654 384 849 415; x_wconf 81' lang='lat' dir='ltr'>nominandae</span> <span class='ocrx_word' id='word_1_53' title='bbox 859 384 937 414; x_wconf 88' lang='lat' dir='ltr'>sunt.</span> <span class='ocrx_word' id='word_1_54' title='bbox 959 383 1042 413; x_wconf 89' lang='lat' dir='ltr'>diem</span> <span class='ocrx_word' id='word_1_55' title='bbox 1053 381 1145 412; x_wconf 56' lang='lat' dir='ltr'>edisti</span> 
     </span>
     <span class='ocr_line' id='line_1_8' title="bbox 189 425 1147 467; baseline -0.004 -10"><span class='ocrx_word' id='word_1_56' title='bbox 189 428 272 457; x_wconf 90' lang='lat' dir='ltr'>obire</span> <span class='ocrx_word' id='word_1_57' title='bbox 281 427 414 466; x_wconf 84' lang='lat' dir='ltr'>neglexit</span> <span class='ocrx_word' id='word_1_58' title='bbox 425 437 430 454; x_wconf 74' lang='grc' dir='ltr'><em>τ</em></span> <span class='ocrx_word' id='word_1_59' title='bbox 442 430 475 456; x_wconf 84' lang='lat' dir='ltr'>in</span> <span class='ocrx_word' id='word_1_60' title='bbox 484 436 550 457; x_wconf 89' lang='lat' dir='ltr'>ante</span> <span class='ocrx_word' id='word_1_61' title='bbox 561 427 643 457; x_wconf 88' lang='lat' dir='ltr'>diem</span> <span class='ocrx_word' id='word_1_62' title='bbox 654 435 791 467; x_wconf 85' lang='lat' dir='ltr'>quartum</span> <span class='ocrx_word' id='word_1_63' title='bbox 803 425 1002 455; x_wconf 83' lang='lat' dir='ltr'>Kalendarum</span> <span class='ocrx_word' id='word_1_64' title='bbox 1014 426 1147 454; x_wconf 83' lang='lat' dir='ltr'>Decem-</span> 
     </span>
     <span class='ocr_line' id='line_1_9' title="bbox 187 466 1143 508; baseline -0.004 -10"><span class='ocrx_word' id='word_1_65' title='bbox 187 467 251 498; x_wconf 76' lang='lat' dir='ltr'>‘bris</span> <span class='ocrx_word' id='word_1_66' title='bbox 259 467 383 498; x_wconf 82' lang='lat' dir='ltr'>distulit.</span> <span class='ocrx_word' id='word_1_67' title='bbox 406 467 500 498; x_wconf 82' lang='lat' dir='ltr'>adeffe</span> <span class='ocrx_word' id='word_1_68' title='bbox 512 469 545 498; x_wconf 90' lang='lat' dir='ltr'>in</span> <span class='ocrx_word' id='word_1_69' title='bbox 557 466 814 508; x_wconf 84' lang='lat' dir='ltr'>Capitoliojuffit:</span> <span class='ocrx_word' id='word_1_70' title='bbox 834 470 849 486; x_wconf 83' lang='lat'>²</span> <span class='ocrx_word' id='word_1_71' title='bbox 859 466 941 508; x_wconf 92' lang='lat' dir='ltr'>quod</span> <span class='ocrx_word' id='word_1_72' title='bbox 950 467 983 496; x_wconf 89' lang='lat' dir='ltr'>in</span> <span class='ocrx_word' id='word_1_73' title='bbox 995 466 1143 506; x_wconf 90' lang='lat' dir='ltr'>templum</span> 
     </span>
     <span class='ocr_line' id='line_1_10' title="bbox 185 507 1145 550; baseline -0.003 -11"><span class='ocrx_word' id='word_1_74' title='bbox 185 510 248 549; x_wconf 86' lang='lat' dir='ltr'>ipse</span> <span class='ocrx_word' id='word_1_75' title='bbox 259 509 358 539; x_wconf 84' lang='lat' dir='ltr'>nescio</span> <span class='ocrx_word' id='word_1_76' title='bbox 368 509 425 549; x_wconf 70' lang='lat' dir='ltr'>qua</span> <span class='ocrx_word' id='word_1_77' title='bbox 435 529 443 543; x_wconf 92' lang='lat'>‚</span> <span class='ocrx_word' id='word_1_78' title='bbox 463 520 515 550; x_wconf 90' lang='lat' dir='ltr'>per</span> <span class='ocrx_word' id='word_1_79' title='bbox 524 510 682 540; x_wconf 85' lang='lat' dir='ltr'>Gallorum</span> <span class='ocrx_word' id='word_1_80' title='bbox 691 509 866 540; x_wconf 87' lang='lat' dir='ltr'>cuniculum</span> <span class='ocrx_word' id='word_1_81' title='bbox 881 507 1044 538; x_wconf 88' lang='lat' dir='ltr'>adscendit.</span> <span class='ocrx_word' id='word_1_82' title='bbox 1069 516 1145 537; x_wconf 91' lang='lat' dir='ltr'>con-</span> 
     </span>
     <span class='ocr_line' id='line_1_11' title="bbox 184 548 1143 593; baseline -0.003 -13"><span class='ocrx_word' id='word_1_83' title='bbox 184 559 334 581; x_wconf 88' lang='lat' dir='ltr'>venerunt</span> <span class='ocrx_word' id='word_1_84' title='bbox 342 553 496 593; x_wconf 87' lang='lat' dir='ltr'>corrogati,</span> <span class='ocrx_word' id='word_1_85' title='bbox 508 552 542 582; x_wconf 75' lang='grc' dir='ltr'>δε</span> <span class='ocrx_word' id='word_1_86' title='bbox 550 551 674 592; x_wconf 90' lang='lat' dir='ltr'>quidem</span> <span class='ocrx_word' id='word_1_87' title='bbox 685 550 910 591; x_wconf 37' lang='lat' dir='ltr'>amplivquidam</span> <span class='ocrx_word' id='word_1_88' title='bbox 923 551 1077 581; x_wconf 82' lang='lat' dir='ltr'>homines,</span> <span class='ocrx_word' id='word_1_89' title='bbox 1093 548 1143 578; x_wconf 87' lang='lat' dir='ltr'>sed</span> 
     </span>
     <span class='ocr_line' id='line_1_12' title="bbox 185 589 1140 634; baseline -0.001 -13"><span class='ocrx_word' id='word_1_90' title='bbox 185 592 385 622; x_wconf 84' lang='lat' dir='ltr'>immemores</span> <span class='ocrx_word' id='word_1_91' title='bbox 394 592 547 634; x_wconf 85' lang='lat' dir='ltr'>dignitatis</span> <span class='ocrx_word' id='word_1_92' title='bbox 557 595 624 624; x_wconf 86' lang='lat' dir='ltr'>suae.</span> <span class='ocrx_word' id='word_1_93' title='bbox 647 595 672 623; x_wconf 85' lang='lat' dir='ltr'>is</span> <span class='ocrx_word' id='word_1_94' title='bbox 683 595 767 623; x_wconf 89' lang='lat' dir='ltr'>enim</span> <span class='ocrx_word' id='word_1_95' title='bbox 778 601 837 622; x_wconf 88' lang='lat' dir='ltr'>erat</span> <span class='ocrx_word' id='word_1_96' title='bbox 846 592 910 621; x_wconf 88' lang='lat' dir='ltr'>dies</span> <span class='ocrx_word' id='word_1_97' title='bbox 919 610 928 624; x_wconf 89' lang='lat'>‚</span> <span class='ocrx_word' id='word_1_98' title='bbox 944 601 978 621; x_wconf 87' lang='lat' dir='ltr'>ea</span> <span class='ocrx_word' id='word_1_99' title='bbox 987 589 1066 621; x_wconf 86' lang='lat' dir='ltr'>fama</span> <span class='ocrx_word' id='word_1_100' title='bbox 1076 609 1085 624; x_wconf 85' lang='lat'>‚</span> <span class='ocrx_word' id='word_1_101' title='bbox 1104 591 1140 623; x_wconf 85' lang='lat' dir='ltr'>is,</span> 
     </span>
     <span class='ocr_line' id='line_1_13' title="bbox 184 631 1141 675; baseline -0.003 -12"><span class='ocrx_word' id='word_1_102' title='bbox 184 635 239 674; x_wconf 87' lang='lat' dir='ltr'>qui</span> <span class='ocrx_word' id='word_1_103' title='bbox 253 633 387 664; x_wconf 89' lang='lat' dir='ltr'>senatum</span> <span class='ocrx_word' id='word_1_104' title='bbox 401 643 564 669; x_wconf 72' lang='lat' dir='ltr'>vocarat5ut</span> <span class='ocrx_word' id='word_1_105' title='bbox 573 644 654 675; x_wconf 86' lang='lat' dir='ltr'>turpe</span> <span class='ocrx_word' id='word_1_106' title='bbox 666 635 792 665; x_wconf 81' lang='lat' dir='ltr'>senatori</span> <span class='ocrx_word' id='word_1_107' title='bbox 803 632 962 665; x_wconf 75' lang='lat' dir='ltr'>essetmihil</span> <span class='ocrx_word' id='word_1_108' title='bbox 972 633 1082 661; x_wconf 76' lang='lat' dir='ltr'>timere.</span> <span class='ocrx_word' id='word_1_109' title='bbox 1096 631 1141 661; x_wconf 85' lang='lat' dir='ltr'>Ad</span> 
     </span>
     <span class='ocr_line' id='line_1_14' title="bbox 184 673 1141 717; baseline -0.003 -13"><span class='ocrx_word' id='word_1_110' title='bbox 184 684 239 704; x_wconf 85' lang='lat' dir='ltr'>eos</span> <span class='ocrx_word' id='word_1_111' title='bbox 249 683 347 705; x_wconf 86' lang='lat' dir='ltr'>tamen</span> <span class='ocrx_word' id='word_1_112' title='bbox 357 675 436 715; x_wconf 88' lang='lat' dir='ltr'>ipsos</span> <span class='ocrx_word' id='word_1_113' title='bbox 446 697 453 710; x_wconf 94' lang='lat'>‚</span> <span class='ocrx_word' id='word_1_114' title='bbox 470 679 519 717; x_wconf 87' lang='lat' dir='ltr'>qui</span> <span class='ocrx_word' id='word_1_115' title='bbox 530 685 734 707; x_wconf 87' lang='lat' dir='ltr'>convenerant</span> <span class='ocrx_word' id='word_1_116' title='bbox 743 696 752 708; x_wconf 88' lang='lat'>,</span> <span class='ocrx_word' id='word_1_117' title='bbox 773 685 811 704; x_wconf 90' lang='lat' dir='ltr'>ne</span> <span class='ocrx_word' id='word_1_118' title='bbox 821 673 948 704; x_wconf 87' lang='lat' dir='ltr'>verbum</span> <span class='ocrx_word' id='word_1_119' title='bbox 957 673 1081 713; x_wconf 89' lang='lat' dir='ltr'>quidem</span> <span class='ocrx_word' id='word_1_120' title='bbox 1092 682 1141 702; x_wconf 89' lang='lat' dir='ltr'>au-</span> 
     </span>
     <span class='ocr_line' id='line_1_15' title="bbox 185 712 1140 751; baseline -0.005 -4"><span class='ocrx_word' id='word_1_121' title='bbox 185 717 235 747; x_wconf 80' lang='lat' dir='ltr'>sus</span> <span class='ocrx_word' id='word_1_122' title='bbox 244 715 287 746; x_wconf 78' lang='lat' dir='ltr'>est</span> <span class='ocrx_word' id='word_1_123' title='bbox 294 716 387 747; x_wconf 84' lang='lat' dir='ltr'>facere</span> <span class='ocrx_word' id='word_1_124' title='bbox 399 717 436 747; x_wconf 86' lang='lat' dir='ltr'>de</span> <span class='ocrx_word' id='word_1_125' title='bbox 447 720 564 751; x_wconf 88' lang='lat' dir='ltr'>Caesare,</span> <span class='ocrx_word' id='word_1_126' title='bbox 577 718 648 748; x_wconf 76' lang='lat' dir='ltr'>cum</span> <span class='ocrx_word' id='word_1_127' title='bbox 658 718 694 747; x_wconf 88' lang='lat' dir='ltr'>de</span> <span class='ocrx_word' id='word_1_128' title='bbox 704 727 741 747; x_wconf 87' lang='lat' dir='ltr'>eo</span> <span class='ocrx_word' id='word_1_129' title='bbox 751 712 948 747; x_wconf 72' lang='lat' dir='ltr'>constituisset</span> <span class='ocrx_word' id='word_1_130' title='bbox 957 713 991 743; x_wconf 91' lang='lat' dir='ltr'>ad</span> <span class='ocrx_word' id='word_1_131' title='bbox 1006 714 1140 743; x_wconf 89' lang='lat' dir='ltr'>senatum</span> 
     </span>
     <span class='ocr_line' id='line_1_16' title="bbox 181 755 1139 798; baseline -0.003 -12"><span class='ocrx_word' id='word_1_132' title='bbox 181 756 301 787; x_wconf 82' lang='lat' dir='ltr'>referre.</span> <span class='ocrx_word' id='word_1_133' title='bbox 324 761 469 798; x_wconf 88' lang='lat' dir='ltr'>Scriptam</span> <span class='ocrx_word' id='word_1_134' title='bbox 482 761 619 790; x_wconf 88' lang='lat' dir='ltr'>attulerat</span> <span class='ocrx_word' id='word_1_135' title='bbox 631 759 793 789; x_wconf 88' lang='lat' dir='ltr'>consularis</span> <span class='ocrx_word' id='word_1_136' title='bbox 809 755 931 796; x_wconf 89' lang='lat' dir='ltr'>quidam</span> <span class='ocrx_word' id='word_1_137' title='bbox 949 755 1139 784; x_wconf 79' lang='lat' dir='ltr'>sententiam.</span> 
     </span>
    </p>
   </div>
   <div class='ocr_carea' id='block_1_4' title="bbox 139 794 1141 2210">
    <p class='ocr_par' dir='ltr' id='par_1_4' title="bbox 139 794 1141 2210">
     <span class='ocr_line' id='line_1_17' title="bbox 183 794 1141 841; baseline 0 -15"><span class='ocrx_word' id='word_1_138' title='bbox 183 801 198 826; x_wconf 82' lang='lat'><em>³</em></span> <span class='ocrx_word' id='word_1_139' title='bbox 209 798 289 840; x_wconf 86' lang='lat' dir='ltr'>Qid</span> <span class='ocrx_word' id='word_1_140' title='bbox 299 799 343 830; x_wconf 89' lang='lat' dir='ltr'>est</span> <span class='ocrx_word' id='word_1_141' title='bbox 351 801 431 830; x_wconf 90' lang='lat' dir='ltr'>aliud</span> <span class='ocrx_word' id='word_1_142' title='bbox 443 820 451 835; x_wconf 90' lang='lat'>‚</span> <span class='ocrx_word' id='word_1_143' title='bbox 464 802 593 841; x_wconf 86' lang='lat' dir='ltr'>seipsum</span> <span class='ocrx_word' id='word_1_144' title='bbox 605 799 722 830; x_wconf 88' lang='lat' dir='ltr'>hostem</span> <span class='ocrx_word' id='word_1_145' title='bbox 734 798 861 835; x_wconf 80' lang='lat' dir='ltr'>judicare</span> <span class='ocrx_word' id='word_1_146' title='bbox 872 815 880 829; x_wconf 88' lang='lat'>‚</span> <span class='ocrx_word' id='word_1_147' title='bbox 892 794 947 825; x_wconf 81' lang='lat' dir='ltr'>nisi</span> <span class='ocrx_word' id='word_1_148' title='bbox 957 795 993 825; x_wconf 91' lang='lat' dir='ltr'>de</span> <span class='ocrx_word' id='word_1_149' title='bbox 1002 805 1039 826; x_wconf 92' lang='lat' dir='ltr'>eo</span> <span class='ocrx_word' id='word_1_150' title='bbox 1049 795 1141 826; x_wconf 78' lang='lat' dir='ltr'>refer-</span> 
     </span>
     <span class='ocr_line' id='line_1_18' title="bbox 181 836 1137 882; baseline -0.005 -11"><span class='ocrx_word' id='word_1_151' title='bbox 181 850 214 871; x_wconf 88' lang='lat' dir='ltr'>re</span> <span class='ocrx_word' id='word_1_152' title='bbox 223 850 287 870; x_wconf 89' lang='lat' dir='ltr'>non</span> <span class='ocrx_word' id='word_1_153' title='bbox 298 841 404 872; x_wconf 86' lang='lat' dir='ltr'>audere</span> <span class='ocrx_word' id='word_1_154' title='bbox 415 863 424 875; x_wconf 90' lang='lat'>,</span> <span class='ocrx_word' id='word_1_155' title='bbox 443 842 604 882; x_wconf 77' lang='lat' dir='ltr'>quicontra</span> <span class='ocrx_word' id='word_1_156' title='bbox 615 842 643 871; x_wconf 86' lang='lat' dir='ltr'>se</span> <span class='ocrx_word' id='word_1_157' title='bbox 655 839 811 870; x_wconf 84' lang='lat' dir='ltr'>consulem</span> <span class='ocrx_word' id='word_1_158' title='bbox 824 839 991 868; x_wconf 86' lang='lat' dir='ltr'>exercitum</span> <span class='ocrx_word' id='word_1_159' title='bbox 1005 836 1137 867; x_wconf 85' lang='lat' dir='ltr'>duceret?</span> 
     </span>
     <span class='ocr_line' id='line_1_19' title="bbox 179 879 1138 918; baseline -0.003 -7"><span class='ocrx_word' id='word_1_160' title='bbox 179 880 294 912; x_wconf 70' lang='lat' dir='ltr'>necesse</span> <span class='ocrx_word' id='word_1_161' title='bbox 304 891 363 913; x_wconf 88' lang='lat' dir='ltr'>erat</span> <span class='ocrx_word' id='word_1_162' title='bbox 371 885 454 913; x_wconf 89' lang='lat' dir='ltr'>enim</span> <span class='ocrx_word' id='word_1_163' title='bbox 465 884 637 913; x_wconf 88' lang='lat' dir='ltr'>alterutrum</span> <span class='ocrx_word' id='word_1_164' title='bbox 647 879 705 911; x_wconf 81' lang='lat' dir='ltr'>effe</span> <span class='ocrx_word' id='word_1_165' title='bbox 715 879 832 910; x_wconf 86' lang='lat' dir='ltr'>hostem</span> <span class='ocrx_word' id='word_1_166' title='bbox 845 890 851 909; x_wconf 89' lang='lat'>:</span> <span class='ocrx_word' id='word_1_167' title='bbox 868 889 923 909; x_wconf 85' lang='lat' dir='ltr'>nec</span> <span class='ocrx_word' id='word_1_168' title='bbox 932 887 1047 918; x_wconf 87' lang='lat' dir='ltr'>poterat</span> <span class='ocrx_word' id='word_1_169' title='bbox 1055 880 1138 909; x_wconf 84' lang='lat' dir='ltr'>aliter</span> 
     </span>
     <span class='ocr_line' id='line_1_20' title="bbox 179 920 1134 962; baseline -0.003 -9"><span class='ocrx_word' id='word_1_170' title='bbox 179 923 218 953; x_wconf 89' lang='lat' dir='ltr'>de</span> <span class='ocrx_word' id='word_1_171' title='bbox 228 923 397 954; x_wconf 85' lang='lat' dir='ltr'>adversariis</span> <span class='ocrx_word' id='word_1_172' title='bbox 407 923 674 962; x_wconf 84' lang='lat' dir='ltr'>ducibusjudicari.</span> <span class='ocrx_word' id='word_1_173' title='bbox 697 924 727 952; x_wconf 87' lang='lat' dir='ltr'>Si</span> <span class='ocrx_word' id='word_1_174' title='bbox 745 923 836 962; x_wconf 84' lang='lat' dir='ltr'>igitur</span> <span class='ocrx_word' id='word_1_175' title='bbox 857 923 889 951; x_wconf 89' lang='lat' dir='ltr'>C.</span> <span class='ocrx_word' id='word_1_176' title='bbox 907 921 999 951; x_wconf 84' lang='lat' dir='ltr'>Caesar</span> <span class='ocrx_word' id='word_1_177' title='bbox 1008 941 1015 955; x_wconf 89' lang='lat'>‚</span> <span class='ocrx_word' id='word_1_178' title='bbox 1028 920 1134 954; x_wconf 83' lang='lat' dir='ltr'>hostis,</span> 
     </span>
     <span class='ocr_line' id='line_1_21' title="bbox 179 962 1135 996; baseline -0.003 -1"><span class='ocrx_word' id='word_1_179' title='bbox 179 974 233 995; x_wconf 86' lang='lat' dir='ltr'>cui·</span> <span class='ocrx_word' id='word_1_180' title='bbox 245 965 349 996; x_wconf 88' lang='lat' dir='ltr'>consul</span> <span class='ocrx_word' id='word_1_181' title='bbox 362 965 440 994; x_wconf 81' lang='lat' dir='ltr'>nihil</span> <span class='ocrx_word' id='word_1_182' title='bbox 453 965 540 995; x_wconf 82' lang='lat' dir='ltr'>refert</span> <span class='ocrx_word' id='word_1_183' title='bbox 552 964 587 995; x_wconf 90' lang='lat' dir='ltr'>ad</span> <span class='ocrx_word' id='word_1_184' title='bbox 603 965 757 995; x_wconf 87' lang='lat' dir='ltr'>senatum?</span> <span class='ocrx_word' id='word_1_185' title='bbox 773 962 816 992; x_wconf 81' lang='lat' dir='ltr'>sm</span> <span class='ocrx_word' id='word_1_186' title='bbox 826 962 878 992; x_wconf 88' lang='lat' dir='ltr'>ille</span> <span class='ocrx_word' id='word_1_187' title='bbox 889 962 905 992; x_wconf 78' lang='lat' dir='ltr'>a</span> <span class='ocrx_word' id='word_1_188' title='bbox 916 963 1016 992; x_wconf 86' lang='lat' dir='ltr'>senatu</span> <span class='ocrx_word' id='word_1_189' title='bbox 1026 970 1135 992; x_wconf 89' lang='lat' dir='ltr'>notan-</span> 
     </span>
     <span class='ocr_line' id='line_1_22' title="bbox 180 1003 1136 1046; baseline -0.003 -10"><span class='ocrx_word' id='word_1_190' title='bbox 180 1006 237 1037; x_wconf 84' lang='lat' dir='ltr'>dus</span> <span class='ocrx_word' id='word_1_191' title='bbox 247 1016 312 1036; x_wconf 90' lang='lat' dir='ltr'>non</span> <span class='ocrx_word' id='word_1_192' title='bbox 321 1005 394 1036; x_wconf 87' lang='lat' dir='ltr'>fuit:</span> <span class='ocrx_word' id='word_1_193' title='bbox 418 1006 491 1046; x_wconf 84' lang='lat' dir='ltr'>quid</span> <span class='ocrx_word' id='word_1_194' title='bbox 500 1006 597 1045; x_wconf 76' lang='lat' dir='ltr'>potest</span> <span class='ocrx_word' id='word_1_195' title='bbox 606 1006 702 1036; x_wconf 84' lang='lat' dir='ltr'>dicere</span> <span class='ocrx_word' id='word_1_196' title='bbox 712 1024 722 1038; x_wconf 84' lang='lat'>‚</span> <span class='ocrx_word' id='word_1_197' title='bbox 737 1006 812 1045; x_wconf 89' lang='lat' dir='ltr'>quin</span> <span class='ocrx_word' id='word_1_198' title='bbox 822 1024 831 1038; x_wconf 89' lang='lat'>‚</span> <span class='ocrx_word' id='word_1_199' title='bbox 841 1004 913 1034; x_wconf 75' lang='lat' dir='ltr'>cum</span> <span class='ocrx_word' id='word_1_200' title='bbox 923 1003 960 1033; x_wconf 88' lang='lat' dir='ltr'>de</span> <span class='ocrx_word' id='word_1_201' title='bbox 970 1004 1025 1033; x_wconf 93' lang='lat' dir='ltr'>illo</span> <span class='ocrx_word' id='word_1_202' title='bbox 1036 1013 1136 1034; x_wconf 90' lang='lat' dir='ltr'>tacue-</span> 
     </span>
     <span class='ocr_line' id='line_1_23' title="bbox 180 1045 1134 1087; baseline -0.003 -9"><span class='ocrx_word' id='word_1_203' title='bbox 180 1050 232 1082; x_wconf 79' lang='lat' dir='ltr'>tit,</span> <span class='ocrx_word' id='word_1_204' title='bbox 244 1048 271 1078; x_wconf 90' lang='lat' dir='ltr'>se</span> <span class='ocrx_word' id='word_1_205' title='bbox 280 1046 396 1077; x_wconf 86' lang='lat' dir='ltr'>hostem</span> <span class='ocrx_word' id='word_1_206' title='bbox 405 1047 464 1077; x_wconf 80' lang='lat' dir='ltr'>ess&#39;e</span> <span class='ocrx_word' id='word_1_207' title='bbox 472 1047 621 1078; x_wconf 83' lang='lat' dir='ltr'>confeffus</span> <span class='ocrx_word' id='word_1_208' title='bbox 633 1047 666 1077; x_wconf 84' lang='lat' dir='ltr'>sit</span> <span class='ocrx_word' id='word_1_209' title='bbox 677 1050 686 1075; x_wconf 69' lang='grc' dir='ltr'><strong><em>ἓ</em></strong></span> <span class='ocrx_word' id='word_1_210' title='bbox 698 1056 790 1087; x_wconf 89' lang='lat' dir='ltr'>quem</span> <span class='ocrx_word' id='word_1_211' title='bbox 803 1048 834 1076; x_wconf 94' lang='lat' dir='ltr'>in</span> <span class='ocrx_word' id='word_1_212' title='bbox 845 1045 951 1076; x_wconf 63' lang='lat' dir='ltr'>edictis</span> <span class='ocrx_word' id='word_1_213' title='bbox 961 1048 1134 1085; x_wconf 85' lang='lat' dir='ltr'>Spartacum</span> 
     </span>
     <span class='ocr_line' id='line_1_24' title="bbox 180 1087 1137 1129; baseline -0.002 -10"><span class='ocrx_word' id='word_1_214' title='bbox 180 1088 306 1129; x_wconf 85' lang='lat' dir='ltr'>appellat</span> <span class='ocrx_word' id='word_1_215' title='bbox 315 1108 323 1122; x_wconf 87' lang='lat'>‚</span> <span class='ocrx_word' id='word_1_216' title='bbox 342 1089 423 1119; x_wconf 88' lang='lat' dir='ltr'>hunc</span> <span class='ocrx_word' id='word_1_217' title='bbox 437 1091 469 1119; x_wconf 89' lang='lat' dir='ltr'>in</span> <span class='ocrx_word' id='word_1_218' title='bbox 483 1090 583 1120; x_wconf 89' lang='lat' dir='ltr'>senatu</span> <span class='ocrx_word' id='word_1_219' title='bbox 601 1099 638 1120; x_wconf 91' lang='lat' dir='ltr'>ne</span> <span class='ocrx_word' id='word_1_220' title='bbox 653 1088 831 1128; x_wconf 86' lang='lat' dir='ltr'>improbum</span> <span class='ocrx_word' id='word_1_221' title='bbox 844 1087 967 1128; x_wconf 89' lang='lat' dir='ltr'>quidem</span> <span class='ocrx_word' id='word_1_222' title='bbox 978 1088 1074 1118; x_wconf 85' lang='lat' dir='ltr'>dicere</span> <span class='ocrx_word' id='word_1_223' title='bbox 1083 1097 1137 1117; x_wconf 91' lang='lat' dir='ltr'>au-</span> 
     </span>
     <span class='ocr_line' id='line_1_25' title="bbox 139 1129 1135 1171; baseline -0.002 -10"><span class='ocrx_word' id='word_1_224' title='bbox 139 1137 163 1170; x_wconf 89' lang='lat'>9</span> <span class='ocrx_word' id='word_1_225' title='bbox 183 1131 240 1161; x_wconf 86' lang='lat' dir='ltr'>det.</span> <span class='ocrx_word' id='word_1_226' title='bbox 285 1132 325 1160; x_wconf 86' lang='lat' dir='ltr'>At</span> <span class='ocrx_word' id='word_1_227' title='bbox 333 1131 366 1160; x_wconf 87' lang='lat' dir='ltr'>in</span> <span class='ocrx_word' id='word_1_228' title='bbox 377 1131 464 1161; x_wconf 82' lang='lat' dir='ltr'>rebus</span> <span class='ocrx_word' id='word_1_229' title='bbox 476 1129 643 1162; x_wconf 83' lang='lat' dir='ltr'>tristiffimis</span> <span class='ocrx_word' id='word_1_230' title='bbox 652 1139 779 1171; x_wconf 88' lang='lat' dir='ltr'>quantos</span> <span class='ocrx_word' id='word_1_231' title='bbox 789 1132 894 1159; x_wconf 84' lang='lat' dir='ltr'>excitat</span> <span class='ocrx_word' id='word_1_232' title='bbox 904 1129 998 1159; x_wconf 85' lang='lat' dir='ltr'>risus?</span> <span class='ocrx_word' id='word_1_233' title='bbox 1014 1129 1135 1159; x_wconf 86' lang='lat' dir='ltr'>senten-</span> 
     </span>
     <span class='ocr_line' id='line_1_26' title="bbox 176 1170 1135 1213; baseline -0.003 -11"><span class='ocrx_word' id='word_1_234' title='bbox 176 1171 264 1203; x_wconf 85' lang='lat' dir='ltr'>tiolas</span> <span class='ocrx_word' id='word_1_235' title='bbox 277 1170 368 1201; x_wconf 63' lang='lat' dir='ltr'>edrai</span> <span class='ocrx_word' id='word_1_236' title='bbox 379 1183 414 1203; x_wconf 91' lang='lat' dir='ltr'>cu</span> <span class='ocrx_word' id='word_1_237' title='bbox 414 1173 531 1213; x_wconf 83' lang='lat' dir='ltr'>jusdam</span> <span class='ocrx_word' id='word_1_238' title='bbox 543 1182 701 1203; x_wconf 84' lang='lat' dir='ltr'>memoriae</span> <span class='ocrx_word' id='word_1_239' title='bbox 712 1171 864 1204; x_wconf 82' lang='lat' dir='ltr'>mandavi,</span> <span class='ocrx_word' id='word_1_240' title='bbox 875 1180 947 1211; x_wconf 78' lang='lat' dir='ltr'>quas</span> <span class='ocrx_word' id='word_1_241' title='bbox 956 1170 1075 1200; x_wconf 90' lang='lat' dir='ltr'>videtur</span> <span class='ocrx_word' id='word_1_242' title='bbox 1082 1171 1135 1200; x_wconf 87' lang='lat' dir='ltr'>ille</span> 
     </span>
     <span class='ocr_line' id='line_1_27' title="bbox 173 1212 1133 1255; baseline -0.002 -12"><span class='ocrx_word' id='word_1_243' title='bbox 173 1222 325 1255; x_wconf 77' lang='lat' dir='ltr'>peracutas</span> <span class='ocrx_word' id='word_1_244' title='bbox 335 1223 450 1253; x_wconf 87' lang='lat' dir='ltr'>putare:</span> <span class='ocrx_word' id='word_1_245' title='bbox 469 1225 525 1255; x_wconf 89' lang='lat' dir='ltr'>ego</span> <span class='ocrx_word' id='word_1_246' title='bbox 535 1224 634 1245; x_wconf 88' lang='lat' dir='ltr'>autem</span> <span class='ocrx_word' id='word_1_247' title='bbox 646 1234 655 1248; x_wconf 89' lang='lat'>‚</span> <span class='ocrx_word' id='word_1_248' title='bbox 673 1215 726 1255; x_wconf 90' lang='lat' dir='ltr'>qui</span> <span class='ocrx_word' id='word_1_249' title='bbox 737 1213 916 1253; x_wconf 77' lang='lat' dir='ltr'>intelligeret</span> <span class='ocrx_word' id='word_1_250' title='bbox 924 1232 933 1246; x_wconf 86' lang='lat'>,</span> <span class='ocrx_word' id='word_1_251' title='bbox 952 1212 1024 1252; x_wconf 90' lang='lat' dir='ltr'>quid</span> <span class='ocrx_word' id='word_1_252' title='bbox 1035 1212 1133 1242; x_wconf 83' lang='lat' dir='ltr'>dicere</span> 
     </span>
     <span class='ocr_line' id='line_1_28' title="bbox 173 1252 1130 1289; baseline -0.004 -3"><span class='ocrx_word' id='word_1_253' title='bbox 173 1255 270 1286; x_wconf 85' lang='lat' dir='ltr'>&#39;vellet</span> <span class='ocrx_word' id='word_1_254' title='bbox 286 1275 296 1289; x_wconf 90' lang='lat'>,</span> <span class='ocrx_word' id='word_1_255' title='bbox 314 1255 410 1286; x_wconf 86' lang='lat' dir='ltr'>adhuc</span> <span class='ocrx_word' id='word_1_256' title='bbox 425 1258 585 1286; x_wconf 87' lang='lat' dir='ltr'>neminem</span> <span class='ocrx_word' id='word_1_257' title='bbox 605 1257 721 1286; x_wconf 90' lang='lat' dir='ltr'>inveni.</span> <span class='ocrx_word' id='word_1_258' title='bbox 758 1259 775 1281; x_wconf 84' lang='lat'>4</span> <span class='ocrx_word' id='word_1_259' title='bbox 785 1256 873 1284; x_wconf 71' lang='lat' dir='ltr'>Nulla</span> <span class='ocrx_word' id='word_1_260' title='bbox 891 1254 1060 1283; x_wconf 82' lang='lat' dir='ltr'>contumelia</span> <span class='ocrx_word' id='word_1_261' title='bbox 1076 1252 1130 1288; x_wconf 62' lang='lat' dir='ltr'>eff,</span> 
     </span>
     <span class='ocr_line' id='line_1_29' title="bbox 176 1296 1129 1338; baseline -0.001 -12"><span class='ocrx_word' id='word_1_262' title='bbox 176 1306 268 1337; x_wconf 84' lang='lat' dir='ltr'>quam</span> <span class='ocrx_word' id='word_1_263' title='bbox 268 1296 348 1335; x_wconf 84' lang='lat' dir='ltr'>facit</span> <span class='ocrx_word' id='word_1_264' title='bbox 357 1297 468 1338; x_wconf 79' lang='lat' dir='ltr'>dig-nus.</span> <span class='ocrx_word' id='word_1_265' title='bbox 502 1297 640 1328; x_wconf 76' lang='lat' dir='ltr'>Primum</span> <span class='ocrx_word' id='word_1_266' title='bbox 650 1297 723 1338; x_wconf 89' lang='lat' dir='ltr'>quid</span> <span class='ocrx_word' id='word_1_267' title='bbox 734 1296 775 1327; x_wconf 89' lang='lat' dir='ltr'>est</span> <span class='ocrx_word' id='word_1_268' title='bbox 785 1317 792 1330; x_wconf 86' lang='lat'>‚</span> <span class='ocrx_word' id='word_1_269' title='bbox 804 1298 943 1336; x_wconf 83' lang='lat' dir='ltr'>Dignus?</span> <span class='ocrx_word' id='word_1_270' title='bbox 956 1305 1027 1325; x_wconf 82' lang='lat' dir='ltr'>nam</span> <span class='ocrx_word' id='word_1_271' title='bbox 1038 1297 1129 1325; x_wconf 86' lang='lat' dir='ltr'>etiam</span> 
     </span>
     <span class='ocr_line' id='line_1_30' title="bbox 177 1336 1133 1380; baseline -0.002 -12"><span class='ocrx_word' id='word_1_272' title='bbox 177 1339 261 1368; x_wconf 88' lang='lat' dir='ltr'>malo</span> <span class='ocrx_word' id='word_1_273' title='bbox 270 1338 354 1380; x_wconf 88' lang='lat' dir='ltr'>digni</span> <span class='ocrx_word' id='word_1_274' title='bbox 366 1340 473 1372; x_wconf 85' lang='lat' dir='ltr'>multi,</span> <span class='ocrx_word' id='word_1_275' title='bbox 486 1337 634 1379; x_wconf 83' lang='lat' dir='ltr'>ficutipse.</span> <span class='ocrx_word' id='word_1_276' title='bbox 657 1349 696 1369; x_wconf 88' lang='lat' dir='ltr'>an</span> <span class='ocrx_word' id='word_1_277' title='bbox 705 1348 794 1378; x_wconf 90' lang='lat' dir='ltr'>quam</span> <span class='ocrx_word' id='word_1_278' title='bbox 805 1337 876 1367; x_wconf 82' lang='lat' dir='ltr'>facit</span> <span class='ocrx_word' id='word_1_279' title='bbox 885 1340 910 1366; x_wconf 92' lang='lat' dir='ltr'>is</span> <span class='ocrx_word' id='word_1_280' title='bbox 919 1356 928 1369; x_wconf 84' lang='lat'>‚</span> <span class='ocrx_word' id='word_1_281' title='bbox 941 1339 1072 1377; x_wconf 87' lang='lat' dir='ltr'>quicum</span> <span class='ocrx_word' id='word_1_282' title='bbox 1084 1336 1133 1366; x_wconf 88' lang='lat' dir='ltr'>di-</span> 
     </span>
     <span class='ocr_line' id='line_1_31' title="bbox 174 1377 1130 1421; baseline -0.002 -12"><span class='ocrx_word' id='word_1_283' title='bbox 174 1382 286 1421; x_wconf 84' lang='lat' dir='ltr'>gnitate</span> <span class='ocrx_word' id='word_1_284' title='bbox 303 1380 365 1411; x_wconf 87' lang='lat' dir='ltr'>est?</span> <span class='ocrx_word' id='word_1_285' title='bbox 382 1390 448 1421; x_wconf 86' lang='lat' dir='ltr'>quae</span> <span class='ocrx_word' id='word_1_286' title='bbox 465 1389 564 1410; x_wconf 85' lang='lat' dir='ltr'>autern</span> <span class='ocrx_word' id='word_1_287' title='bbox 581 1379 678 1420; x_wconf 80' lang='lat' dir='ltr'>potest</span> <span class='ocrx_word' id='word_1_288' title='bbox 688 1378 745 1410; x_wconf 78' lang='lat' dir='ltr'>effe</span> <span class='ocrx_word' id='word_1_289' title='bbox 761 1379 872 1417; x_wconf 71' lang='lat' dir='ltr'>major?</span> <span class='ocrx_word' id='word_1_290' title='bbox 890 1380 962 1419; x_wconf 79' lang='lat' dir='ltr'>quid</span> <span class='ocrx_word' id='word_1_291' title='bbox 974 1378 1016 1408; x_wconf 81' lang='lat' dir='ltr'>est</span> <span class='ocrx_word' id='word_1_292' title='bbox 1025 1377 1130 1418; x_wconf 69' lang='lat' dir='ltr'>porro,</span> 
     </span>
     <span class='ocr_line' id='line_1_32' title="bbox 173 1420 1132 1462; baseline -0.002 -11"><span class='ocrx_word' id='word_1_293' title='bbox 173 1423 281 1452; x_wconf 88' lang='lat' dir='ltr'>Facere</span> <span class='ocrx_word' id='word_1_294' title='bbox 290 1422 506 1452; x_wconf 86' lang='lat' dir='ltr'>contumeliam</span> <span class='ocrx_word' id='word_1_295' title='bbox 519 1425 530 1451; x_wconf 89' lang='lat'>?</span> <span class='ocrx_word' id='word_1_296' title='bbox 548 1424 616 1462; x_wconf 90' lang='lat' dir='ltr'>quis</span> <span class='ocrx_word' id='word_1_297' title='bbox 633 1420 671 1451; x_wconf 86' lang='lat' dir='ltr'>fic</span> <span class='ocrx_word' id='word_1_298' title='bbox 688 1422 842 1461; x_wconf 86' lang='lat' dir='ltr'>loquitur?</span> <span class='ocrx_word' id='word_1_299' title='bbox 861 1420 998 1450; x_wconf 83' lang='lat' dir='ltr'>Deinde:</span> <span class='ocrx_word' id='word_1_300' title='bbox 1021 1422 1082 1449; x_wconf 82' lang='lat' dir='ltr'>Nec</span> <span class='ocrx_word' id='word_1_301' title='bbox 1092 1420 1132 1448; x_wconf 81' lang='lat' dir='ltr'>ri-</span> 
     </span>
     <span class='ocr_line' id='line_1_33' title="bbox 175 1462 1131 1504; baseline 0 -13"><span class='ocrx_word' id='word_1_302' title='bbox 175 1472 253 1495; x_wconf 80' lang='lat' dir='ltr'>mor,</span> <span class='ocrx_word' id='word_1_303' title='bbox 268 1472 352 1503; x_wconf 84' lang='lat' dir='ltr'>quem</span> <span class='ocrx_word' id='word_1_304' title='bbox 359 1463 508 1492; x_wconf 73' lang='lat' dir='ltr'>denuntiat</span> <span class='ocrx_word' id='word_1_305' title='bbox 516 1464 657 1492; x_wconf 77' lang='lat' dir='ltr'>inimicus.</span> <span class='ocrx_word' id='word_1_306' title='bbox 680 1463 761 1504; x_wconf 83' lang='lat' dir='ltr'>Qid</span> <span class='ocrx_word' id='word_1_307' title='bbox 773 1466 863 1503; x_wconf 90' lang='lat' dir='ltr'>ergo?</span> <span class='ocrx_word' id='word_1_308' title='bbox 881 1462 917 1492; x_wconf 85' lang='lat' dir='ltr'>ab</span> <span class='ocrx_word' id='word_1_309' title='bbox 929 1464 1027 1492; x_wconf 90' lang='lat' dir='ltr'>amico</span> <span class='ocrx_word' id='word_1_310' title='bbox 1037 1464 1131 1491; x_wconf 83' lang='lat' dir='ltr'>timor</span> 
     </span>
     <span class='ocr_line' id='line_1_34' title="bbox 174 1502 1131 1543; baseline 0 -10"><span class='ocrx_word' id='word_1_311' title='bbox 174 1503 346 1534; x_wconf 89' lang='lat' dir='ltr'>denuntiari</span> <span class='ocrx_word' id='word_1_312' title='bbox 358 1505 432 1534; x_wconf 91' lang='lat' dir='ltr'>solet</span> <span class='ocrx_word' id='word_1_313' title='bbox 441 1507 451 1534; x_wconf 90' lang='lat'>?</span> <span class='ocrx_word' id='word_1_314' title='bbox 461 1505 570 1534; x_wconf 88' lang='lat' dir='ltr'>horum</span> <span class='ocrx_word' id='word_1_315' title='bbox 582 1503 688 1534; x_wconf 87' lang='lat' dir='ltr'>similia</span> <span class='ocrx_word' id='word_1_316' title='bbox 698 1506 848 1543; x_wconf 87' lang='lat' dir='ltr'>deinceps.</span> <span class='ocrx_word' id='word_1_317' title='bbox 865 1506 981 1533; x_wconf 88' lang='lat' dir='ltr'>Nonne</span> <span class='ocrx_word' id='word_1_318' title='bbox 989 1504 1077 1534; x_wconf 78' lang='lat' dir='ltr'>satius</span> <span class='ocrx_word' id='word_1_319' title='bbox 1088 1502 1131 1533; x_wconf 87' lang='lat' dir='ltr'>est</span> 
     </span>
     <span class='ocr_line' id='line_1_35' title="bbox 175 1544 1127 1587; baseline -0.001 -12"><span class='ocrx_word' id='word_1_320' title='bbox 175 1554 296 1576; x_wconf 83' lang='lat' dir='ltr'>mutum</span> <span class='ocrx_word' id='word_1_321' title='bbox 307 1544 366 1575; x_wconf 87' lang='lat' dir='ltr'>effe</span> <span class='ocrx_word' id='word_1_322' title='bbox 374 1566 384 1579; x_wconf 86' lang='lat'>,</span> <span class='ocrx_word' id='word_1_323' title='bbox 403 1547 493 1587; x_wconf 72' lang='lat' dir='ltr'>quam</span> <span class='ocrx_word' id='word_1_324' title='bbox 503 1566 512 1580; x_wconf 90' lang='lat'>‚</span> <span class='ocrx_word' id='word_1_325' title='bbox 532 1546 614 1587; x_wconf 91' lang='lat' dir='ltr'>quod</span> <span class='ocrx_word' id='word_1_326' title='bbox 631 1556 725 1576; x_wconf 90' lang='lat' dir='ltr'>nemo</span> <span class='ocrx_word' id='word_1_327' title='bbox 742 1546 889 1587; x_wconf 83' lang='lat' dir='ltr'>intelligat</span> <span class='ocrx_word' id='word_1_328' title='bbox 900 1565 908 1579; x_wconf 91' lang='lat'>,</span> <span class='ocrx_word' id='word_1_329' title='bbox 928 1545 1026 1575; x_wconf 89' lang='lat' dir='ltr'>dicere</span> <span class='ocrx_word' id='word_1_330' title='bbox 1037 1547 1048 1574; x_wconf 91' lang='lat'>?</span> <span class='ocrx_word' id='word_1_331' title='bbox 1069 1548 1127 1579; x_wconf 89' lang='lat' dir='ltr'>En,</span> 
     </span>
     <span class='ocr_line' id='line_1_36' title="bbox 171 1585 1128 1628; baseline 0 -12"><span class='ocrx_word' id='word_1_332' title='bbox 171 1596 228 1616; x_wconf 79' lang='lat' dir='ltr'>cur</span> <span class='ocrx_word' id='word_1_333' title='bbox 237 1587 375 1628; x_wconf 84' lang='lat' dir='ltr'>magister</span> <span class='ocrx_word' id='word_1_334' title='bbox 383 1589 447 1628; x_wconf 83' lang='lat' dir='ltr'>ejus</span> <span class='ocrx_word' id='word_1_335' title='bbox 456 1598 494 1618; x_wconf 86' lang='lat' dir='ltr'>ex</span> <span class='ocrx_word' id='word_1_336' title='bbox 503 1598 617 1618; x_wconf 85' lang='lat' dir='ltr'>oratore</span> <span class='ocrx_word' id='word_1_337' title='bbox 626 1608 635 1622; x_wconf 93' lang='lat'>,</span> <span class='ocrx_word' id='word_1_338' title='bbox 655 1597 750 1618; x_wconf 83' lang='lat' dir='ltr'>arator</span> <span class='ocrx_word' id='word_1_339' title='bbox 766 1586 862 1617; x_wconf 69' lang='lat' dir='ltr'>fastus</span> <span class='ocrx_word' id='word_1_340' title='bbox 875 1585 908 1617; x_wconf 84' lang='lat' dir='ltr'>sit</span> <span class='ocrx_word' id='word_1_341' title='bbox 920 1597 925 1616; x_wconf 80' lang='lat' dir='ltr'>z</span> <span class='ocrx_word' id='word_1_342' title='bbox 944 1585 1086 1627; x_wconf 86' lang='lat' dir='ltr'>poffideat</span> <span class='ocrx_word' id='word_1_343' title='bbox 1096 1588 1128 1617; x_wconf 87' lang='lat' dir='ltr'>in</span> 
     </span>
     <span class='ocr_line' id='line_1_37' title="bbox 171 1629 1129 1670; baseline 0.001 -13"><span class='ocrx_word' id='word_1_344' title='bbox 171 1637 243 1669; x_wconf 78' lang='lat' dir='ltr'>agro</span> <span class='ocrx_word' id='word_1_345' title='bbox 259 1629 383 1669; x_wconf 84' lang='lat' dir='ltr'>publico</span> <span class='ocrx_word' id='word_1_346' title='bbox 399 1631 504 1670; x_wconf 89' lang='lat' dir='ltr'>populi</span> <span class='ocrx_word' id='word_1_347' title='bbox 515 1632 651 1660; x_wconf 89' lang='lat' dir='ltr'>Romani</span> <span class='ocrx_word' id='word_1_348' title='bbox 667 1631 766 1670; x_wconf 88' lang='lat' dir='ltr'>campi</span> <span class='ocrx_word' id='word_1_349' title='bbox 785 1630 932 1670; x_wconf 79' lang='lat' dir='ltr'>Leontini</span> <span class='ocrx_word' id='word_1_350' title='bbox 951 1629 1012 1659; x_wconf 91' lang='lat' dir='ltr'>duo</span> <span class='ocrx_word' id='word_1_351' title='bbox 1031 1629 1129 1659; x_wconf 86' lang='lat' dir='ltr'>millia</span> 
     </span>
     <span class='ocr_line' id='line_1_38' title="bbox 169 1669 1129 1716; baseline 0.002 -17"><span class='ocrx_word' id='word_1_352' title='bbox 169 1669 312 1711; x_wconf 86' lang='lat' dir='ltr'>jugerum</span> <span class='ocrx_word' id='word_1_353' title='bbox 327 1673 480 1702; x_wconf 87' lang='lat' dir='ltr'>immunia</span> <span class='ocrx_word' id='word_1_354' title='bbox 489 1692 498 1705; x_wconf 87' lang='lat'>,</span> <span class='ocrx_word' id='word_1_355' title='bbox 522 1681 553 1702; x_wconf 93' lang='lat' dir='ltr'>ut</span> <span class='ocrx_word' id='word_1_356' title='bbox 563 1674 723 1702; x_wconf 86' lang='lat' dir='ltr'>hominem</span> <span class='ocrx_word' id='word_1_357' title='bbox 733 1671 858 1702; x_wconf 88' lang='lat' dir='ltr'>stultum</span> <span class='ocrx_word' id='word_1_358' title='bbox 869 1673 963 1716; x_wconf 84' lang='lat' dir='ltr'>magis</span> <span class='ocrx_word' id='word_1_359' title='bbox 972 1673 1063 1701; x_wconf 89' lang='lat' dir='ltr'>etiam</span> <span class='ocrx_word' id='word_1_360' title='bbox 1079 1673 1129 1701; x_wconf 86' lang='lat' dir='ltr'>in-</span> 
     </span>
     <span class='ocr_line' id='line_1_39' title="bbox 170 1709 1129 1754; baseline 0.001 -12"><span class='ocrx_word' id='word_1_361' title='bbox 170 1709 410 1744; x_wconf 78' lang='lat' dir='ltr'>fatuetmercede</span> <span class='ocrx_word' id='word_1_362' title='bbox 418 1713 545 1753; x_wconf 80' lang='lat' dir='ltr'>publica.</span> <span class='ocrx_word' id='word_1_363' title='bbox 560 1714 615 1744; x_wconf 88' lang='lat' dir='ltr'>Sed</span> <span class='ocrx_word' id='word_1_364' title='bbox 626 1715 687 1744; x_wconf 88' lang='lat' dir='ltr'>haec</span> <span class='ocrx_word' id='word_1_365' title='bbox 696 1715 810 1744; x_wconf 85' lang='lat' dir='ltr'>leviora</span> <span class='ocrx_word' id='word_1_366' title='bbox 818 1711 948 1743; x_wconf 79' lang='lat' dir='ltr'>fortasle.</span> <span class='ocrx_word' id='word_1_367' title='bbox 960 1712 1035 1743; x_wconf 91' lang='lat' dir='ltr'>illud</span> <span class='ocrx_word' id='word_1_368' title='bbox 1046 1723 1129 1754; x_wconf 82' lang='lat' dir='ltr'>quae-</span> 
     </span>
     <span class='ocr_line' id='line_1_40' title="bbox 170 1753 1128 1788; baseline 0.001 -5"><span class='ocrx_word' id='word_1_369' title='bbox 170 1762 207 1783; x_wconf 73' lang='grc' dir='ltr'>το</span> <span class='ocrx_word' id='word_1_370' title='bbox 216 1772 225 1786; x_wconf 83' lang='grc'><strong><em>,</em></strong></span> <span class='ocrx_word' id='word_1_371' title='bbox 239 1763 291 1784; x_wconf 88' lang='lat' dir='ltr'>cur</span> <span class='ocrx_word' id='word_1_372' title='bbox 300 1763 358 1785; x_wconf 82' lang='lat' dir='ltr'>tam</span> <span class='ocrx_word' id='word_1_373' title='bbox 371 1755 469 1785; x_wconf 90' lang='lat' dir='ltr'>subito</span> <span class='ocrx_word' id='word_1_374' title='bbox 479 1756 651 1786; x_wconf 88' lang='lat' dir='ltr'>mansuetus</span> <span class='ocrx_word' id='word_1_375' title='bbox 661 1758 693 1785; x_wconf 92' lang='lat' dir='ltr'>in</span> <span class='ocrx_word' id='word_1_376' title='bbox 704 1756 805 1785; x_wconf 90' lang='lat' dir='ltr'>senatu</span> <span class='ocrx_word' id='word_1_377' title='bbox 815 1754 906 1785; x_wconf 87' lang='lat' dir='ltr'>fuerit</span> <span class='ocrx_word' id='word_1_378' title='bbox 914 1775 922 1788; x_wconf 90' lang='lat'>‚</span> <span class='ocrx_word' id='word_1_379' title='bbox 937 1753 1008 1784; x_wconf 78' lang='lat' dir='ltr'>cum</span> <span class='ocrx_word' id='word_1_380' title='bbox 1019 1756 1053 1784; x_wconf 93' lang='lat' dir='ltr'>in</span> <span class='ocrx_word' id='word_1_381' title='bbox 1063 1755 1128 1785; x_wconf 86' lang='lat' dir='ltr'>edi-</span> 
     </span>
     <span class='ocr_line' id='line_1_41' title="bbox 167 1793 1125 1838; baseline 0.001 -13"><span class='ocrx_word' id='word_1_382' title='bbox 167 1793 231 1824; x_wconf 62' lang='lat' dir='ltr'>&amp;is</span> <span class='ocrx_word' id='word_1_383' title='bbox 240 1804 300 1825; x_wconf 90' lang='lat' dir='ltr'>tam</span> <span class='ocrx_word' id='word_1_384' title='bbox 310 1794 410 1826; x_wconf 77' lang='lat' dir='ltr'>fuisset</span> <span class='ocrx_word' id='word_1_385' title='bbox 417 1796 507 1826; x_wconf 79' lang='lat' dir='ltr'>ferus.</span> <span class='ocrx_word' id='word_1_386' title='bbox 529 1798 603 1838; x_wconf 92' lang='lat' dir='ltr'>quid</span> <span class='ocrx_word' id='word_1_387' title='bbox 612 1806 712 1827; x_wconf 87' lang='lat' dir='ltr'>autem</span> <span class='ocrx_word' id='word_1_388' title='bbox 721 1798 874 1827; x_wconf 85' lang='lat' dir='ltr'>attinuerit</span> <span class='ocrx_word' id='word_1_389' title='bbox 882 1817 890 1829; x_wconf 94' lang='lat'>,</span> <span class='ocrx_word' id='word_1_390' title='bbox 903 1798 938 1826; x_wconf 88' lang='lat' dir='ltr'>L.</span> <span class='ocrx_word' id='word_1_391' title='bbox 948 1795 1042 1826; x_wconf 88' lang='lat' dir='ltr'>Caffio</span> <span class='ocrx_word' id='word_1_392' title='bbox 1050 1816 1059 1829; x_wconf 94' lang='lat'>,</span> <span class='ocrx_word' id='word_1_393' title='bbox 1073 1798 1125 1826; x_wconf 88' lang='lat' dir='ltr'>tri-</span> 
     </span>
     <span class='ocr_line' id='line_1_42' title="bbox 170 1835 1125 1876; baseline 0 -10"><span class='ocrx_word' id='word_1_394' title='bbox 170 1835 257 1866; x_wconf 86' lang='lat' dir='ltr'>buno</span> <span class='ocrx_word' id='word_1_395' title='bbox 266 1837 347 1876; x_wconf 89' lang='lat' dir='ltr'>pleb.</span> <span class='ocrx_word' id='word_1_396' title='bbox 358 1837 516 1869; x_wconf 86' lang='lat' dir='ltr'>fortiffimo</span> <span class='ocrx_word' id='word_1_397' title='bbox 529 1859 538 1872; x_wconf 90' lang='lat'>,</span> <span class='ocrx_word' id='word_1_398' title='bbox 552 1839 584 1868; x_wconf 92' lang='lat'>&amp;</span> <span class='ocrx_word' id='word_1_399' title='bbox 593 1837 829 1868; x_wconf 79' lang='lat' dir='ltr'>constantissimo</span> <span class='ocrx_word' id='word_1_400' title='bbox 838 1839 898 1867; x_wconf 90' lang='lat' dir='ltr'>civi</span> <span class='ocrx_word' id='word_1_401' title='bbox 909 1857 917 1870; x_wconf 85' lang='lat'>‚</span> <span class='ocrx_word' id='word_1_402' title='bbox 930 1846 1061 1867; x_wconf 89' lang='lat' dir='ltr'>mortem</span> <span class='ocrx_word' id='word_1_403' title='bbox 1072 1837 1125 1868; x_wconf 87' lang='lat' dir='ltr'>de-</span> 
     </span>
     <span class='ocr_line' id='line_1_43' title="bbox 168 1877 1126 1913; baseline 0.001 -6"><span class='ocrx_word' id='word_1_404' title='bbox 168 1880 327 1913; x_wconf 85' lang='lat' dir='ltr'>nuntiare,</span> <span class='ocrx_word' id='word_1_405' title='bbox 340 1877 360 1908; x_wconf 87' lang='lat' dir='ltr'>fi</span> <span class='ocrx_word' id='word_1_406' title='bbox 370 1880 402 1908; x_wconf 90' lang='lat' dir='ltr'>in</span> <span class='ocrx_word' id='word_1_407' title='bbox 412 1880 547 1909; x_wconf 88' lang='lat' dir='ltr'>senatum</span> <span class='ocrx_word' id='word_1_408' title='bbox 557 1878 698 1910; x_wconf 82' lang='lat' dir='ltr'>veniffet:</span> <span class='ocrx_word' id='word_1_409' title='bbox 719 1878 961 1909; x_wconf 83' lang='lat' dir='ltr'>D.Carfulenum</span> <span class='ocrx_word' id='word_1_410' title='bbox 973 1898 980 1911; x_wconf 87' lang='lat'>,</span> <span class='ocrx_word' id='word_1_411' title='bbox 1002 1878 1079 1908; x_wconf 90' lang='lat' dir='ltr'>bene</span> <span class='ocrx_word' id='word_1_412' title='bbox 1088 1879 1126 1909; x_wconf 91' lang='lat' dir='ltr'>de</span> 
     </span>
     <span class='ocr_line' id='line_1_44' title="bbox 168 1919 1124 1959; baseline 0 -10"><span class='ocrx_word' id='word_1_413' title='bbox 168 1919 276 1958; x_wconf 78' lang='lat' dir='ltr'>repub.</span> <span class='ocrx_word' id='word_1_414' title='bbox 289 1920 466 1950; x_wconf 83' lang='lat' dir='ltr'>sentientem</span> <span class='ocrx_word' id='word_1_415' title='bbox 478 1941 488 1954; x_wconf 89' lang='lat'>,</span> <span class='ocrx_word' id='word_1_416' title='bbox 508 1921 524 1950; x_wconf 82' lang='grc' dir='ltr'>ὲ</span> <span class='ocrx_word' id='word_1_417' title='bbox 542 1921 643 1951; x_wconf 86' lang='lat' dir='ltr'>senatu</span> <span class='ocrx_word' id='word_1_418' title='bbox 656 1923 686 1950; x_wconf 90' lang='lat' dir='ltr'>vi</span> <span class='ocrx_word' id='word_1_419' title='bbox 701 1921 734 1950; x_wconf 91' lang='lat'>&amp;</span> <span class='ocrx_word' id='word_1_420' title='bbox 745 1922 839 1950; x_wconf 88' lang='lat' dir='ltr'>minis</span> <span class='ocrx_word' id='word_1_421' title='bbox 849 1921 955 1950; x_wconf 90' lang='lat' dir='ltr'>mortis</span> <span class='ocrx_word' id='word_1_422' title='bbox 966 1920 1124 1959; x_wconf 81' lang='lat' dir='ltr'>expellere:</span> 
     </span>
     <span class='ocr_line' id='line_1_45' title="bbox 168 1960 1124 2003; baseline 0 -12"><span class='ocrx_word' id='word_1_423' title='bbox 168 1962 377 1992; x_wconf 83' lang='lat' dir='ltr'>T.Canutium</span> <span class='ocrx_word' id='word_1_424' title='bbox 388 1981 397 1995; x_wconf 92' lang='lat'>‚</span> <span class='ocrx_word' id='word_1_425' title='bbox 412 1961 428 1992; x_wconf 73' lang='lat' dir='ltr'>a</span> <span class='ocrx_word' id='word_1_426' title='bbox 437 1972 498 2002; x_wconf 90' lang='lat' dir='ltr'>quo</span> <span class='ocrx_word' id='word_1_427' title='bbox 508 1971 567 2003; x_wconf 78' lang='lat' dir='ltr'>erat</span> <span class='ocrx_word' id='word_1_428' title='bbox 576 1961 790 1992; x_wconf 87' lang='lat' dir='ltr'>honestiffimis</span> <span class='ocrx_word' id='word_1_429' title='bbox 800 1960 1017 1990; x_wconf 73' lang='lat' dir='ltr'>contentionibus</span> <span class='ocrx_word' id='word_1_430' title='bbox 1028 1962 1060 1992; x_wconf 71' lang='grc' dir='ltr'>ὃς</span> <span class='ocrx_word' id='word_1_431' title='bbox 1070 1961 1124 1991; x_wconf 83' lang='lat' dir='ltr'>sae-</span> 
     </span>
     <span class='ocr_line' id='line_1_46' title="bbox 167 2002 1123 2043; baseline 0 -11"><span class='ocrx_word' id='word_1_432' title='bbox 167 2011 207 2042; x_wconf 87' lang='lat' dir='ltr'>pe</span> <span class='ocrx_word' id='word_1_433' title='bbox 216 2022 226 2036; x_wconf 91' lang='lat'>,</span> <span class='ocrx_word' id='word_1_434' title='bbox 239 2002 345 2041; x_wconf 84' lang='lat' dir='ltr'>&amp;jure</span> <span class='ocrx_word' id='word_1_435' title='bbox 357 2012 480 2033; x_wconf 83' lang='lat' dir='ltr'>vexatus</span> <span class='ocrx_word' id='word_1_436' title='bbox 491 2024 499 2036; x_wconf 91' lang='lat'>,</span> <span class='ocrx_word' id='word_1_437' title='bbox 511 2013 574 2033; x_wconf 91' lang='lat' dir='ltr'>non</span> <span class='ocrx_word' id='word_1_438' title='bbox 587 2003 702 2043; x_wconf 87' lang='lat' dir='ltr'>templo</span> <span class='ocrx_word' id='word_1_439' title='bbox 713 2004 811 2033; x_wconf 83' lang='lat' dir='ltr'>solum</span> <span class='ocrx_word' id='word_1_440' title='bbox 822 2023 830 2036; x_wconf 92' lang='lat'>‚</span> <span class='ocrx_word' id='word_1_441' title='bbox 841 2003 949 2033; x_wconf 76' lang='lat' dir='ltr'>verum</span> <span class='ocrx_word' id='word_1_442' title='bbox 960 2005 1050 2032; x_wconf 88' lang='lat' dir='ltr'>etiarn</span> <span class='ocrx_word' id='word_1_443' title='bbox 1059 2003 1123 2033; x_wconf 89' lang='lat' dir='ltr'>adi-</span> 
     </span>
     <span class='ocr_line' id='line_1_47' title="bbox 167 2044 1123 2085; baseline 0 -11"><span class='ocrx_word' id='word_1_444' title='bbox 167 2052 200 2074; x_wconf 89' lang='lat' dir='ltr'>tu</span> <span class='ocrx_word' id='word_1_445' title='bbox 212 2044 529 2085; x_wconf 76' lang='lat' dir='ltr'>prohibereCapitolii.</span> <span class='ocrx_word' id='word_1_446' title='bbox 553 2047 608 2075; x_wconf 88' lang='lat' dir='ltr'>Cui</span> <span class='ocrx_word' id='word_1_447' title='bbox 618 2048 646 2076; x_wconf 94' lang='lat' dir='ltr'>S.</span> <span class='ocrx_word' id='word_1_448' title='bbox 659 2048 691 2075; x_wconf 90' lang='lat' dir='ltr'>C.</span> <span class='ocrx_word' id='word_1_449' title='bbox 703 2044 967 2074; x_wconf 88' lang='lat' dir='ltr'>neintercederent</span> <span class='ocrx_word' id='word_1_450' title='bbox 978 2064 987 2077; x_wconf 89' lang='lat'>‚</span> <span class='ocrx_word' id='word_1_451' title='bbox 1002 2044 1123 2075; x_wconf 87' lang='lat' dir='ltr'>vereba-</span> 
     </span>
     <span class='ocr_line' id='line_1_48' title="bbox 165 2084 1121 2126; baseline 0.001 -11"><span class='ocrx_word' id='word_1_452' title='bbox 165 2094 215 2115; x_wconf 88' lang='lat' dir='ltr'>tur</span> <span class='ocrx_word' id='word_1_453' title='bbox 225 2088 235 2114; x_wconf 91' lang='lat'><strong>?</strong></span> <span class='ocrx_word' id='word_1_454' title='bbox 245 2084 282 2115; x_wconf 86' lang='lat' dir='ltr'>de</span> <span class='ocrx_word' id='word_1_455' title='bbox 292 2085 517 2126; x_wconf 81' lang='lat' dir='ltr'>supplicatione,</span> <span class='ocrx_word' id='word_1_456' title='bbox 528 2086 627 2120; x_wconf 89' lang='lat' dir='ltr'>credo,</span> <span class='ocrx_word' id='word_1_457' title='bbox 640 2086 796 2126; x_wconf 89' lang='lat' dir='ltr'>M.Lepidi</span> <span class='ocrx_word' id='word_1_458' title='bbox 808 2106 816 2119; x_wconf 94' lang='lat'>,</span> <span class='ocrx_word' id='word_1_459' title='bbox 828 2084 977 2116; x_wconf 84' lang='lat' dir='ltr'>clariffimi</span> <span class='ocrx_word' id='word_1_460' title='bbox 988 2088 1056 2116; x_wconf 90' lang='lat' dir='ltr'>viri.</span> <span class='ocrx_word' id='word_1_461' title='bbox 1078 2096 1121 2116; x_wconf 90' lang='lat' dir='ltr'>at-</span> 
     </span>
     <span class='ocr_line' id='line_1_49' title="bbox 163 2126 1121 2168; baseline 0.002 -12"><span class='ocrx_word' id='word_1_462' title='bbox 163 2136 224 2167; x_wconf 83' lang='lat' dir='ltr'>que</span> <span class='ocrx_word' id='word_1_463' title='bbox 233 2126 263 2157; x_wconf 90' lang='lat' dir='ltr'>id</span> <span class='ocrx_word' id='word_1_464' title='bbox 274 2136 336 2157; x_wconf 86' lang='lat' dir='ltr'>erat</span> <span class='ocrx_word' id='word_1_465' title='bbox 342 2128 511 2167; x_wconf 88' lang='lat' dir='ltr'>periculum</span> <span class='ocrx_word' id='word_1_466' title='bbox 522 2148 531 2162; x_wconf 89' lang='lat'>,</span> <span class='ocrx_word' id='word_1_467' title='bbox 543 2128 580 2158; x_wconf 89' lang='lat' dir='ltr'>de</span> <span class='ocrx_word' id='word_1_468' title='bbox 589 2129 636 2168; x_wconf 75' lang='lat' dir='ltr'>cuj</span> <span class='ocrx_word' id='word_1_469' title='bbox 642 2138 674 2158; x_wconf 92' lang='lat' dir='ltr'>us</span> <span class='ocrx_word' id='word_1_470' title='bbox 684 2129 797 2158; x_wconf 88' lang='lat' dir='ltr'>honore</span> <span class='ocrx_word' id='word_1_471' title='bbox 811 2128 1032 2157; x_wconf 67' lang='lat' dir='ltr'>extraordinario</span> <span class='ocrx_word' id='word_1_472' title='bbox 1043 2138 1121 2168; x_wconf 87' lang='lat' dir='ltr'>quo-</span> 
     </span>
     <span class='ocr_line' id='line_1_50' title="bbox 163 2167 1119 2210; baseline 0.002 -13"><span class='ocrx_word' id='word_1_473' title='bbox 163 2168 238 2198; x_wconf 84' lang='lat' dir='ltr'>tidie</span> <span class='ocrx_word' id='word_1_474' title='bbox 247 2168 359 2210; x_wconf 86' lang='lat' dir='ltr'>aliquid</span> <span class='ocrx_word' id='word_1_475' title='bbox 368 2169 572 2210; x_wconf 85' lang='lat' dir='ltr'>cogitabamus</span> <span class='ocrx_word' id='word_1_476' title='bbox 581 2190 589 2203; x_wconf 87' lang='grc'>,</span> <span class='ocrx_word' id='word_1_477' title='bbox 601 2180 638 2199; x_wconf 88' lang='lat' dir='ltr'>ne</span> <span class='ocrx_word' id='word_1_478' title='bbox 647 2171 710 2210; x_wconf 86' lang='lat' dir='ltr'>ejus</span> <span class='ocrx_word' id='word_1_479' title='bbox 721 2167 838 2199; x_wconf 80' lang='lat' dir='ltr'>usitatus</span> <span class='ocrx_word' id='word_1_480' title='bbox 848 2171 947 2199; x_wconf 86' lang='lat' dir='ltr'>honos</span> <span class='ocrx_word' id='word_1_481' title='bbox 956 2171 1119 2209; x_wconf 78' lang='lat' dir='ltr'>impedire-</span> 
     </span>
    </p>
   </div>
   <div class='ocr_carea' id='block_1_5' title="bbox 164 2209 1142 2246">
    <p class='ocr_par' dir='ltr' id='par_1_5' title="bbox 164 2209 1142 2246">
     <span class='ocr_line' id='line_1_51' title="bbox 164 2209 1142 2246; baseline 0.001 -6"><span class='ocrx_word' id='word_1_482' title='bbox 164 2218 220 2240; x_wconf 74' lang='lat' dir='ltr'>tur.</span> <span class='ocrx_word' id='word_1_483' title='bbox 244 2213 288 2240; x_wconf 83' lang='lat' dir='ltr'>Ac</span> <span class='ocrx_word' id='word_1_484' title='bbox 297 2230 305 2244; x_wconf 90' lang='lat'>‚</span> <span class='ocrx_word' id='word_1_485' title='bbox 316 2220 353 2240; x_wconf 88' lang='lat' dir='ltr'>ne</span> <span class='ocrx_word' id='word_1_486' title='bbox 363 2209 424 2240; x_wconf 85' lang='lat' dir='ltr'>fine</span> <span class='ocrx_word' id='word_1_487' title='bbox 434 2212 515 2242; x_wconf 84' lang='lat' dir='ltr'>causa</span> <span class='ocrx_word' id='word_1_488' title='bbox 524 2212 674 2241; x_wconf 85' lang='lat' dir='ltr'>videretur</span> <span class='ocrx_word' id='word_1_489' title='bbox 683 2210 819 2245; x_wconf 83' lang='lat' dir='ltr'>edixisse,</span> <span class='ocrx_word' id='word_1_490' title='bbox 831 2221 863 2241; x_wconf 91' lang='lat' dir='ltr'>ut</span> <span class='ocrx_word' id='word_1_491' title='bbox 873 2211 988 2241; x_wconf 81' lang='lat' dir='ltr'>senatus</span> <span class='ocrx_word' id='word_1_492' title='bbox 999 2210 1117 2245; x_wconf 74' lang='lat' dir='ltr'>adesset,</span> <span class='ocrx_word' id='word_1_493' title='bbox 1141 2242 1142 2246; x_wconf 58' lang='grc'>,</span> 
     </span>
    </p>
   </div>
   <div class='ocr_carea' id='block_1_6' title="bbox 163 2250 2119 2298">
    <p class='ocr_par' dir='ltr' id='par_1_6' title="bbox 163 2250 2119 2298">
     <span class='ocr_line' id='line_1_52' title="bbox 163 2250 2119 2298; baseline 0.004 -18"><span class='ocrx_word' id='word_1_494' title='bbox 163 2250 237 2281; x_wconf 72' lang='lat' dir='ltr'>cum</span> <span class='ocrx_word' id='word_1_495' title='bbox 247 2251 284 2281; x_wconf 92' lang='lat' dir='ltr'>de</span> <span class='ocrx_word' id='word_1_496' title='bbox 293 2252 592 2291; x_wconf 82' lang='lat' dir='ltr'>republicai&#39;elaturus</span> <span class='ocrx_word' id='word_1_497' title='bbox 602 2251 721 2286; x_wconf 66' lang='lat' dir='ltr'>fuisset,</span> <span class='ocrx_word' id='word_1_498' title='bbox 736 2253 825 2283; x_wconf 88' lang='lat' dir='ltr'>allato</span> <span class='ocrx_word' id='word_1_499' title='bbox 835 2255 943 2282; x_wconf 86' lang='lat' dir='ltr'>nuntio</span> <span class='ocrx_word' id='word_1_500' title='bbox 954 2253 1120 2294; x_wconf 83' lang='lat' dir='ltr'>delegione</span> <span class='ocrx_word' id='word_1_501' title='bbox 1141 2258 1142 2280; x_wconf 70' lang='lat' dir='ltr'>i</span> <span class='ocrx_word' id='word_1_502' title='bbox 1161 2262 1205 2284; x_wconf 86' lang='lat' dir='ltr'>ret</span> <span class='ocrx_word' id='word_1_503' title='bbox 1213 2256 1248 2284; x_wconf 89' lang='lat' dir='ltr'>in</span> <span class='ocrx_word' id='word_1_504' title='bbox 1259 2265 1295 2285; x_wconf 92' lang='lat' dir='ltr'>eo</span> <span class='ocrx_word' id='word_1_505' title='bbox 1304 2257 1494 2296; x_wconf 55' lang='lat' dir='ltr'>ingenuum,</span> <span class='ocrx_word' id='word_1_506' title='bbox 1517 2255 1594 2284; x_wconf 85' lang='lat' dir='ltr'>nihil</span> <span class='ocrx_word' id='word_1_507' title='bbox 1605 2256 1793 2287; x_wconf 86' lang='lat' dir='ltr'>moderatum</span> <span class='ocrx_word' id='word_1_508' title='bbox 1807 2277 1815 2290; x_wconf 89' lang='lat'>‚</span> <span class='ocrx_word' id='word_1_509' title='bbox 1835 2259 2037 2298; x_wconf 83' lang='lat' dir='ltr'>nihilpudens</span> <span class='ocrx_word' id='word_1_510' title='bbox 2048 2281 2056 2294; x_wconf 90' lang='lat'>,</span> <span class='ocrx_word' id='word_1_511' title='bbox 2073 2273 2119 2290; x_wconf 77' lang='lat' dir='ltr'>iii-</span> 
     </span>
    </p>
   </div>
   <div class='ocr_carea' id='block_1_7' title="bbox 158 2293 1117 2375">
    <p class='ocr_par' dir='ltr' id='par_1_7' title="bbox 158 2293 1117 2375">
     <span class='ocr_line' id='line_1_53' title="bbox 162 2293 1117 2334; baseline 0.001 -12"><span class='ocrx_word' id='word_1_512' title='bbox 162 2294 282 2334; x_wconf 81' lang='lat' dir='ltr'>Qarta,</span> <span class='ocrx_word' id='word_1_513' title='bbox 294 2302 396 2323; x_wconf 90' lang='lat' dir='ltr'>mente</span> <span class='ocrx_word' id='word_1_514' title='bbox 407 2294 557 2324; x_wconf 87' lang='lat' dir='ltr'>concidit:</span> <span class='ocrx_word' id='word_1_515' title='bbox 567 2293 696 2333; x_wconf 88' lang='lat' dir='ltr'>effugere</span> <span class='ocrx_word' id='word_1_516' title='bbox 706 2293 849 2324; x_wconf 80' lang='lat' dir='ltr'>festinans</span> <span class='ocrx_word' id='word_1_517' title='bbox 858 2314 867 2327; x_wconf 89' lang='lat'>,</span> <span class='ocrx_word' id='word_1_518' title='bbox 880 2294 1117 2325; x_wconf 84' lang='lat' dir='ltr'>senatusconsul-</span> 
     </span>
     <span class='ocr_line' id='line_1_54' title="bbox 158 2334 1112 2375; baseline 0.001 -10"><span class='ocrx_word' id='word_1_519' title='bbox 158 2342 228 2365; x_wconf 83' lang='lat' dir='ltr'>tum</span> <span class='ocrx_word' id='word_1_520' title='bbox 239 2334 274 2364; x_wconf 92' lang='lat' dir='ltr'>de</span> <span class='ocrx_word' id='word_1_521' title='bbox 284 2335 500 2375; x_wconf 86' lang='lat' dir='ltr'>supplicatione</span> <span class='ocrx_word' id='word_1_522' title='bbox 508 2345 560 2375; x_wconf 90' lang='lat' dir='ltr'>per</span> <span class='ocrx_word' id='word_1_523' title='bbox 569 2334 775 2365; x_wconf 84' lang='lat' dir='ltr'>disceffionern</span> <span class='ocrx_word' id='word_1_524' title='bbox 785 2336 866 2369; x_wconf 80' lang='lat' dir='ltr'>fecit,</span> <span class='ocrx_word' id='word_1_525' title='bbox 878 2335 949 2365; x_wconf 77' lang='lat' dir='ltr'>curn</span> <span class='ocrx_word' id='word_1_526' title='bbox 960 2336 989 2366; x_wconf 88' lang='lat' dir='ltr'>id</span> <span class='ocrx_word' id='word_1_527' title='bbox 1000 2335 1112 2366; x_wconf 62' lang='lat' dir='ltr'>fastum</span> 
     </span>
    </p>
   </div>
   <div class='ocr_carea' id='block_1_8' title="bbox 92 2371 1114 2419">
    <p class='ocr_par' dir='ltr' id='par_1_8' title="bbox 92 2371 1114 2419">
     <span class='ocr_line' id='line_1_55' title="bbox 92 2371 1114 2419; baseline 0 -12"><span class='ocrx_word' id='word_1_528' title='bbox 92 2371 145 2419; x_wconf 40' lang='lat'>210</span> <span class='ocrx_word' id='word_1_529' title='bbox 161 2375 232 2406; x_wconf 77' lang='lat' dir='ltr'>efl&#39;et</span> <span class='ocrx_word' id='word_1_530' title='bbox 240 2385 325 2406; x_wconf 88' lang='lat' dir='ltr'>antea</span> <span class='ocrx_word' id='word_1_531' title='bbox 333 2387 499 2418; x_wconf 81' lang='lat' dir='ltr'>numquam.</span> <span class='ocrx_word' id='word_1_532' title='bbox 543 2379 618 2419; x_wconf 81' lang='lat' dir='ltr'>Qae</span> <span class='ocrx_word' id='word_1_533' title='bbox 638 2376 710 2407; x_wconf 74' lang='lat' dir='ltr'>vero</span> <span class='ocrx_word' id='word_1_534' title='bbox 726 2376 876 2417; x_wconf 67' lang='lat' dir='ltr'>profezffio</span> <span class='ocrx_word' id='word_1_535' title='bbox 891 2376 1014 2417; x_wconf 84' lang='lat' dir='ltr'>postea?</span> <span class='ocrx_word' id='word_1_536' title='bbox 1032 2377 1114 2418; x_wconf 87' lang='lat' dir='ltr'>quod</span> 
     </span>
    </p>
   </div>
   <div class='ocr_carea' id='block_1_9' title="bbox 158 2418 1112 2459">
    <p class='ocr_par' dir='ltr' id='par_1_9' title="bbox 158 2418 1112 2459">
     <span class='ocr_line' id='line_1_56' title="bbox 158 2418 1112 2459; baseline 0.002 -12"><span class='ocrx_word' id='word_1_537' title='bbox 158 2419 214 2448; x_wconf 87' lang='lat' dir='ltr'>iter</span> <span class='ocrx_word' id='word_1_538' title='bbox 230 2418 378 2457; x_wconf 85' lang='lat' dir='ltr'>paludati?</span> <span class='ocrx_word' id='word_1_539' title='bbox 398 2429 463 2459; x_wconf 86' lang='lat' dir='ltr'>quae</span> <span class='ocrx_word' id='word_1_540' title='bbox 476 2420 582 2449; x_wconf 87' lang='lat' dir='ltr'>vitatio</span> <span class='ocrx_word' id='word_1_541' title='bbox 595 2419 755 2449; x_wconf 90' lang='lat' dir='ltr'>oculorum</span> <span class='ocrx_word' id='word_1_542' title='bbox 767 2438 776 2453; x_wconf 89' lang='lat'>‚</span> <span class='ocrx_word' id='word_1_543' title='bbox 796 2419 890 2452; x_wconf 88' lang='lat' dir='ltr'>lucis,</span> <span class='ocrx_word' id='word_1_544' title='bbox 914 2418 1011 2452; x_wconf 83' lang='lat' dir='ltr'>urbis,</span> <span class='ocrx_word' id='word_1_545' title='bbox 1033 2421 1112 2449; x_wconf 79' lang='lat' dir='ltr'>rori?</span> 
     </span>
    </p>
   </div>
   <div class='ocr_carea' id='block_1_10' title="bbox 156 2500 1112 2543">
    <p class='ocr_par' dir='ltr' id='par_1_10' title="bbox 156 2500 1112 2543">
     <span class='ocr_line' id='line_1_57' title="bbox 156 2500 1112 2543; baseline 0.002 -12"><span class='ocrx_word' id='word_1_546' title='bbox 156 2511 231 2532; x_wconf 83' lang='lat' dir='ltr'>men</span> <span class='ocrx_word' id='word_1_547' title='bbox 241 2501 487 2536; x_wconf 71' lang='lat' dir='ltr'>senatusconsulta</span> <span class='ocrx_word' id='word_1_548' title='bbox 496 2504 528 2533; x_wconf 87' lang='lat' dir='ltr'>in</span> <span class='ocrx_word' id='word_1_549' title='bbox 537 2502 594 2532; x_wconf 67' lang='lat' dir='ltr'>illo</span> <span class='ocrx_word' id='word_1_550' title='bbox 603 2503 668 2543; x_wconf 82' lang='lat' dir='ltr'>ipso</span> <span class='ocrx_word' id='word_1_551' title='bbox 679 2502 726 2533; x_wconf 89' lang='lat' dir='ltr'>die</span> <span class='ocrx_word' id='word_1_552' title='bbox 736 2500 901 2543; x_wconf 82' lang='lat' dir='ltr'>vespertina</span> <span class='ocrx_word' id='word_1_553' title='bbox 910 2521 920 2537; x_wconf 91' lang='lat'>,</span> <span class='ocrx_word' id='word_1_554' title='bbox 941 2504 1112 2543; x_wconf 84' lang='lat' dir='ltr'>provincia-</span> 
     </span>
    </p>
   </div>
   <div class='ocr_carea' id='block_1_11' title="bbox 149 2595 583 2607">
    <p class='ocr_par' dir='ltr' id='par_1_11' title="bbox 149 2595 583 2607">
     <span class='ocr_line' id='line_1_58' title="bbox 149 2595 583 2607; baseline 0 772"><span class='ocrx_word' id='word_1_555' title='bbox 149 2595 583 2607; x_wconf 95' lang='lat' dir='ltr'> </span> 
     </span>
    </p>
   </div>
   <div class='ocr_carea' id='block_1_12' title="bbox 149 2629 1107 3061">
    <p class='ocr_par' dir='ltr' id='par_1_12' title="bbox 150 2629 1107 2843">
     <span class='ocr_line' id='line_1_59' title="bbox 193 2629 1102 2664; baseline 0.002 -9"><span class='ocrx_word' id='word_1_556' title='bbox 193 2637 218 2655; x_wconf 82' lang='lat'>1.</span> <span class='ocrx_word' id='word_1_557' title='bbox 236 2631 293 2656; x_wconf 74' lang='lat' dir='ltr'>Vino</span> <span class='ocrx_word' id='word_1_558' title='bbox 302 2636 372 2664; x_wconf 73' lang='lat' dir='ltr'>arque</span> <span class='ocrx_word' id='word_1_559' title='bbox 385 2630 457 2663; x_wconf 78' lang='lat' dir='ltr'>epulis</span> <span class='ocrx_word' id='word_1_560' title='bbox 465 2636 570 2656; x_wconf 67' lang='lat' dir='ltr'>retentus</span> <span class='ocrx_word' id='word_1_561' title='bbox 581 2649 589 2661; x_wconf 93' lang='lat'>‚</span> <span class='ocrx_word' id='word_1_562' title='bbox 606 2630 635 2661; x_wconf 62' lang='grc' dir='ltr'>ὠν</span> <span class='ocrx_word' id='word_1_563' title='bbox 652 2631 705 2656; x_wconf 73' lang='lat' dir='ltr'>alen</span> <span class='ocrx_word' id='word_1_564' title='bbox 722 2630 782 2663; x_wconf 54' lang='lat' dir='ltr'>effi]</span> <span class='ocrx_word' id='word_1_565' title='bbox 804 2629 868 2655; x_wconf 72' lang='lat' dir='ltr'>Hace</span> <span class='ocrx_word' id='word_1_566' title='bbox 878 2630 913 2656; x_wconf 86' lang='lat' dir='ltr'>cst</span> <span class='ocrx_word' id='word_1_567' title='bbox 923 2629 1005 2656; x_wconf 64' lang='lat' dir='ltr'>leftio</span> <span class='ocrx_word' id='word_1_568' title='bbox 1015 2637 1102 2658; x_wconf 81' lang='lat' dir='ltr'>vetus.</span> 
     </span>
     <span class='ocr_line' id='line_1_60' title="bbox 151 2665 1104 2699; baseline 0.001 -8"><span class='ocrx_word' id='word_1_569' title='bbox 151 2672 214 2691; x_wconf 72' lang='lat' dir='ltr'>nam</span> <span class='ocrx_word' id='word_1_570' title='bbox 226 2665 256 2692; x_wconf 88' lang='lat'>1‘.</span> <span class='ocrx_word' id='word_1_571' title='bbox 268 2666 402 2692; x_wconf 77' lang='lat' dir='ltr'>Manutius</span> <span class='ocrx_word' id='word_1_572' title='bbox 414 2667 441 2691; x_wconf 86' lang='lat'>&amp;</span> <span class='ocrx_word' id='word_1_573' title='bbox 453 2667 488 2692; x_wconf 90' lang='lat' dir='ltr'>D.</span> <span class='ocrx_word' id='word_1_574' title='bbox 499 2665 642 2693; x_wconf 81' lang='lat' dir='ltr'>Lambinus</span> <span class='ocrx_word' id='word_1_575' title='bbox 653 2666 826 2696; x_wconf 75' lang='lat' dir='ltr'>invexerunt,</span> <span class='ocrx_word' id='word_1_576' title='bbox 839 2668 895 2692; x_wconf 65' lang='lat' dir='ltr'>vino</span> <span class='ocrx_word' id='word_1_577' title='bbox 905 2673 973 2699; x_wconf 70' lang='lat' dir='ltr'>atque</span> <span class='ocrx_word' id='word_1_578' title='bbox 983 2666 1053 2698; x_wconf 72' lang='lat' dir='ltr'>epulis</span> <span class='ocrx_word' id='word_1_579' title='bbox 1065 2676 1104 2692; x_wconf 79' lang='lat' dir='ltr'>re-</span> 
     </span>
     <span class='ocr_line' id='line_1_61' title="bbox 150 2700 1106 2738; baseline 0.003 -13"><span class='ocrx_word' id='word_1_580' title='bbox 150 2707 248 2733; x_wconf 74' lang='lat' dir='ltr'>nntm5</span> <span class='ocrx_word' id='word_1_581' title='bbox 259 2703 367 2734; x_wconf 72' lang='lat' dir='ltr'>si&#39;cpulae.</span> <span class='ocrx_word' id='word_1_582' title='bbox 388 2701 492 2728; x_wconf 84' lang='lat' dir='ltr'>sednon</span> <span class='ocrx_word' id='word_1_583' title='bbox 504 2701 581 2727; x_wconf 86' lang='lat' dir='ltr'>video</span> <span class='ocrx_word' id='word_1_584' title='bbox 591 2711 638 2727; x_wconf 86' lang='lat' dir='ltr'>cur</span> <span class='ocrx_word' id='word_1_585' title='bbox 656 2701 731 2734; x_wconf 78' lang='lat' dir='ltr'>abjici</span> <span class='ocrx_word' id='word_1_586' title='bbox 743 2700 865 2728; x_wconf 79' lang='lat' dir='ltr'>debuerit</span> <span class='ocrx_word' id='word_1_587' title='bbox 884 2701 950 2727; x_wconf 88' lang='lat' dir='ltr'>illud</span> <span class='ocrx_word' id='word_1_588' title='bbox 961 2703 1024 2727; x_wconf 77' lang='lat' dir='ltr'>alea.</span> <span class='ocrx_word' id='word_1_589' title='bbox 1044 2703 1106 2738; x_wconf 77' lang='lat' dir='ltr'>quia</span> 
     </span>
     <span class='ocr_line' id='line_1_62' title="bbox 150 2735 1107 2773; baseline 0.001 -11"><span class='ocrx_word' id='word_1_590' title='bbox 150 2735 217 2763; x_wconf 76' lang='lat' dir='ltr'>abfit</span> <span class='ocrx_word' id='word_1_591' title='bbox 228 2746 280 2763; x_wconf 86' lang='lat' dir='ltr'>uno</span> <span class='ocrx_word' id='word_1_592' title='bbox 290 2737 357 2763; x_wconf 87' lang='lat' dir='ltr'>libro</span> <span class='ocrx_word' id='word_1_593' title='bbox 367 2737 496 2768; x_wconf 78' lang='lat' dir='ltr'>Ferrarii,</span> <span class='ocrx_word' id='word_1_594' title='bbox 506 2738 568 2773; x_wconf 86' lang='lat' dir='ltr'>quin</span> <span class='ocrx_word' id='word_1_595' title='bbox 580 2738 635 2764; x_wconf 76' lang='lat' dir='ltr'>imo</span> <span class='ocrx_word' id='word_1_596' title='bbox 647 2746 704 2763; x_wconf 82' lang='lat' dir='ltr'>cum</span> <span class='ocrx_word' id='word_1_597' title='bbox 716 2735 874 2763; x_wconf 81' lang='lat' dir='ltr'>offenderim</span> <span class='ocrx_word' id='word_1_598' title='bbox 885 2737 910 2763; x_wconf 87' lang='lat' dir='ltr'>iu</span> <span class='ocrx_word' id='word_1_599' title='bbox 925 2737 980 2763; x_wconf 78' lang='lat' dir='ltr'>Pal.</span> <span class='ocrx_word' id='word_1_600' title='bbox 991 2736 1040 2762; x_wconf 82' lang='lat' dir='ltr'>sec.</span> <span class='ocrx_word' id='word_1_601' title='bbox 1050 2742 1107 2764; x_wconf 74' lang='lat' dir='ltr'>vino</span> 
     </span>
     <span class='ocr_line' id='line_1_63' title="bbox 151 2772 1106 2809; baseline 0.001 -11"><span class='ocrx_word' id='word_1_602' title='bbox 151 2779 222 2806; x_wconf 71' lang='lat' dir='ltr'>arque</span> <span class='ocrx_word' id='word_1_603' title='bbox 230 2774 300 2806; x_wconf 70' lang='lat' dir='ltr'>epufrs</span> <span class='ocrx_word' id='word_1_604' title='bbox 310 2780 415 2799; x_wconf 75' lang='lat' dir='ltr'>retentus</span> <span class='ocrx_word' id='word_1_605' title='bbox 423 2776 458 2800; x_wconf 64' lang='lat' dir='ltr'>ef?</span> <span class='ocrx_word' id='word_1_606' title='bbox 465 2775 518 2798; x_wconf 79' lang='lat' dir='ltr'>alea</span> <span class='ocrx_word' id='word_1_607' title='bbox 529 2792 537 2805; x_wconf 89' lang='lat'>‚</span> <span class='ocrx_word' id='word_1_608' title='bbox 547 2774 635 2809; x_wconf 82' lang='lat' dir='ltr'>capior</span> <span class='ocrx_word' id='word_1_609' title='bbox 645 2772 701 2800; x_wconf 78' lang='lat' dir='ltr'>fere</span> <span class='ocrx_word' id='word_1_610' title='bbox 713 2772 800 2809; x_wconf 81' lang='lat' dir='ltr'>legere</span> <span class='ocrx_word' id='word_1_611' title='bbox 813 2792 822 2805; x_wconf 89' lang='lat'>,</span> <span class='ocrx_word' id='word_1_612' title='bbox 839 2776 895 2798; x_wconf 74' lang='grc' dir='ltr'>ὐίηο</span> <span class='ocrx_word' id='word_1_613' title='bbox 906 2780 976 2807; x_wconf 66' lang='lat' dir='ltr'>alque</span> <span class='ocrx_word' id='word_1_614' title='bbox 986 2774 1056 2806; x_wconf 72' lang='lat' dir='ltr'>epulis</span> <span class='ocrx_word' id='word_1_615' title='bbox 1068 2783 1106 2799; x_wconf 74' lang='lat' dir='ltr'>re-</span> 
     </span>
     <span class='ocr_line' id='line_1_64' title="bbox 150 2811 416 2843; baseline 0.011 -11"><span class='ocrx_word' id='word_1_616' title='bbox 150 2813 231 2834; x_wconf 67' lang='lat' dir='ltr'>tentus·</span> <span class='ocrx_word' id='word_1_617' title='bbox 248 2811 302 2834; x_wconf 65' lang='lat' dir='ltr'>alvo</span> <span class='ocrx_word' id='word_1_618' title='bbox 308 2812 333 2843; x_wconf 84' lang='lat' dir='ltr'><strong><em>fi</em></strong></span> <span class='ocrx_word' id='word_1_619' title='bbox 339 2812 416 2842; x_wconf 68' lang='lat' dir='ltr'>cpulae.</span> 
     </span>
    </p>

    <p class='ocr_par' dir='ltr' id='par_1_13' title="bbox 151 2843 1105 2917">
     <span class='ocr_line' id='line_1_65' title="bbox 188 2843 1105 2881; baseline 0.003 -12"><span class='ocrx_word' id='word_1_620' title='bbox 188 2851 218 2870; x_wconf 84' lang='lat'>2.</span> <span class='ocrx_word' id='word_1_621' title='bbox 234 2845 332 2878; x_wconf 70' lang='lat' dir='ltr'>Qadin</span> <span class='ocrx_word' id='word_1_622' title='bbox 341 2845 473 2879; x_wconf 62' lang='lat' dir='ltr'>templum]</span> <span class='ocrx_word' id='word_1_623' title='bbox 494 2846 562 2872; x_wconf 89' lang='lat' dir='ltr'>Tres</span> <span class='ocrx_word' id='word_1_624' title='bbox 572 2845 631 2872; x_wconf 81' lang='lat' dir='ltr'>istas</span> <span class='ocrx_word' id='word_1_625' title='bbox 651 2854 726 2872; x_wconf 86' lang='lat' dir='ltr'>voces</span> <span class='ocrx_word' id='word_1_626' title='bbox 746 2854 796 2872; x_wconf 82' lang='lat' dir='ltr'>non</span> <span class='ocrx_word' id='word_1_627' title='bbox 812 2844 928 2881; x_wconf 75' lang='lat' dir='ltr'>agnoscit</span> <span class='ocrx_word' id='word_1_628' title='bbox 950 2843 1000 2871; x_wconf 72' lang='lat' dir='ltr'>sec.</span> <span class='ocrx_word' id='word_1_629' title='bbox 1020 2855 1105 2881; x_wconf 86' lang='lat' dir='ltr'>neque</span> 
     </span>
     <span class='ocr_line' id='line_1_66' title="bbox 151 2876 488 2917; baseline 0.012 -14"><span class='ocrx_word' id='word_1_630' title='bbox 151 2876 294 2907; x_wconf 73' lang='lat' dir='ltr'>admodum</span> <span class='ocrx_word' id='word_1_631' title='bbox 306 2882 488 2917; x_wconf 78' lang='lat' dir='ltr'>requiruntur.</span> 
     </span>
    </p>

    <p class='ocr_par' dir='ltr' id='par_1_14' title="bbox 151 2916 1102 2987">
     <span class='ocr_line' id='line_1_67' title="bbox 189 2916 1102 2954; baseline 0.003 -14"><span class='ocrx_word' id='word_1_632' title='bbox 189 2921 216 2950; x_wconf 86' lang='lat'>3.</span> <span class='ocrx_word' id='word_1_633' title='bbox 235 2917 343 2951; x_wconf 62' lang='lat' dir='ltr'>deeff</span> <span class='ocrx_word' id='word_1_634' title='bbox 349 2919 418 2943; x_wconf 80' lang='lat' dir='ltr'>aliud</span> <span class='ocrx_word' id='word_1_635' title='bbox 424 2917 524 2950; x_wconf 68' lang='lat' dir='ltr'>seipfiaem</span> <span class='ocrx_word' id='word_1_636' title='bbox 533 2919 624 2950; x_wconf 72' lang='lat' dir='ltr'>hostem,</span> <span class='ocrx_word' id='word_1_637' title='bbox 633 2917 700 2951; x_wconf 62' lang='lat' dir='ltr'>(ly-2]</span> <span class='ocrx_word' id='word_1_638' title='bbox 712 2917 891 2954; x_wconf 72' lang='lat' dir='ltr'>Transpositio</span> <span class='ocrx_word' id='word_1_639' title='bbox 902 2918 996 2944; x_wconf 84' lang='lat' dir='ltr'>horum</span> <span class='ocrx_word' id='word_1_640' title='bbox 1007 2916 1102 2943; x_wconf 78' lang='lat' dir='ltr'>verbo-</span> 
     </span>
     <span class='ocr_line' id='line_1_68' title="bbox 151 2951 747 2987; baseline 0.005 -11"><span class='ocrx_word' id='word_1_641' title='bbox 151 2957 224 2982; x_wconf 84' lang='lat' dir='ltr'>tum,</span> <span class='ocrx_word' id='word_1_642' title='bbox 233 2951 269 2977; x_wconf 85' lang='lat' dir='ltr'>est</span> <span class='ocrx_word' id='word_1_643' title='bbox 279 2953 294 2977; x_wconf 73' lang='lat' dir='ltr'>a</span> <span class='ocrx_word' id='word_1_644' title='bbox 304 2952 372 2979; x_wconf 73' lang='lat' dir='ltr'>l‘all.</span> <span class='ocrx_word' id='word_1_645' title='bbox 383 2953 410 2987; x_wconf 63' lang='grc' dir='ltr'>ὃς</span> <span class='ocrx_word' id='word_1_646' title='bbox 420 2953 477 2979; x_wconf 76' lang='lat' dir='ltr'>mll&#39;.</span> <span class='ocrx_word' id='word_1_647' title='bbox 489 2953 603 2979; x_wconf 78' lang='lat' dir='ltr'>Ferrarii</span> <span class='ocrx_word' id='word_1_648' title='bbox 615 2954 747 2979; x_wconf 85' lang='lat' dir='ltr'>omnibus.</span> 
     </span>
    </p>

    <p class='ocr_par' dir='ltr' id='par_1_15' title="bbox 149 2988 1099 3061">
     <span class='ocr_line' id='line_1_69' title="bbox 187 2988 1099 3025; baseline 0.003 -15"><span class='ocrx_word' id='word_1_649' title='bbox 187 2992 215 3018; x_wconf 85' lang='lat'>4.</span> <span class='ocrx_word' id='word_1_650' title='bbox 234 2988 313 3021; x_wconf 56' lang='lat' dir='ltr'><em>Qulla</em></span> <span class='ocrx_word' id='word_1_651' title='bbox 323 2991 459 3014; x_wconf 77' lang='lat' dir='ltr'>contumelia</span> <span class='ocrx_word' id='word_1_652' title='bbox 469 2991 504 3014; x_wconf 72' lang='lat' dir='ltr'>en&lt;</span> <span class='ocrx_word' id='word_1_653' title='bbox 513 3008 520 3020; x_wconf 94' lang='lat'>,</span> <span class='ocrx_word' id='word_1_654' title='bbox 533 2989 601 3023; x_wconf 61' lang='grc' dir='ltr'>ὡς]</span> <span class='ocrx_word' id='word_1_655' title='bbox 625 2989 748 3025; x_wconf 78' lang='lat' dir='ltr'>Explicat</span> <span class='ocrx_word' id='word_1_656' title='bbox 758 2989 824 3015; x_wconf 72' lang='lat' dir='ltr'>istud</span> <span class='ocrx_word' id='word_1_657' title='bbox 835 2989 959 3015; x_wconf 77' lang='lat' dir='ltr'>Schoteus</span> <span class='ocrx_word' id='word_1_658' title='bbox 970 2989 1055 3015; x_wconf 80' lang='lat' dir='ltr'>noster</span> <span class='ocrx_word' id='word_1_659' title='bbox 1067 2988 1099 3014; x_wconf 82' lang='lat' dir='ltr'>li-</span> 
     </span>
     <span class='ocr_line' id='line_1_70' title="bbox 149 3018 1099 3061; baseline 0.005 -16"><span class='ocrx_word' id='word_1_660' title='bbox 149 3018 199 3046; x_wconf 72' lang='lat' dir='ltr'>bro</span> <span class='ocrx_word' id='word_1_661' title='bbox 210 3029 235 3047; x_wconf 84' lang='grc' dir='ltr'>ν.</span> <span class='ocrx_word' id='word_1_662' title='bbox 257 3021 427 3050; x_wconf 80' lang='lat' dir='ltr'>Tusculanar.</span> <span class='ocrx_word' id='word_1_663' title='bbox 438 3024 621 3061; x_wconf 76' lang='lat' dir='ltr'>quaestiouum.</span> <span class='ocrx_word' id='word_1_664' title='bbox 639 3025 750 3052; x_wconf 76' lang='lat' dir='ltr'>addatur</span> <span class='ocrx_word' id='word_1_665' title='bbox 769 3026 834 3053; x_wconf 85' lang='lat' dir='ltr'>item</span> <span class='ocrx_word' id='word_1_666' title='bbox 854 3027 977 3052; x_wconf 83' lang='lat' dir='ltr'>Muretus</span> <span class='ocrx_word' id='word_1_667' title='bbox 997 3024 1044 3052; x_wconf 84' lang='lat' dir='ltr'>lib.</span> <span class='ocrx_word' id='word_1_668' title='bbox 1058 3035 1070 3051; x_wconf 82' lang='lat' dir='ltr'>v</span> <span class='ocrx_word' id='word_1_669' title='bbox 1078 3034 1099 3051; x_wconf 84' lang='lat' dir='ltr'>i.</span> 
     </span>
    </p>
   </div>
   <div class='ocr_carea' id='block_1_13' title="bbox 105 3056 409 3093">
    <p class='ocr_par' dir='ltr' id='par_1_16' title="bbox 105 3056 409 3093">
     <span class='ocr_line' id='line_1_71' title="bbox 105 3056 409 3093; baseline 0.007 -11"><span class='ocrx_word' id='word_1_670' title='bbox 105 3056 213 3083; x_wconf 65' lang='lat' dir='ltr'>evar.</span> <span class='ocrx_word' id='word_1_671' title='bbox 225 3056 288 3082; x_wconf 71' lang='lat' dir='ltr'>left.</span> <span class='ocrx_word' id='word_1_672' title='bbox 300 3066 354 3093; x_wconf 82' lang='lat' dir='ltr'>cap.</span> <span class='ocrx_word' id='word_1_673' title='bbox 369 3058 409 3084; x_wconf 75' lang='lat'>18.</span> 
     </span>
    </p>
   </div>
   <div class='ocr_carea' id='block_1_14' title="bbox 144 3095 1098 3213">
    <p class='ocr_par' dir='ltr' id='par_1_17' title="bbox 144 3095 1098 3213">
     <span class='ocr_line' id='line_1_72' title="bbox 187 3095 1098 3130; baseline 0.005 -13"><span class='ocrx_word' id='word_1_674' title='bbox 187 3100 213 3126; x_wconf 89' lang='lat'>5.</span> <span class='ocrx_word' id='word_1_675' title='bbox 234 3097 273 3118; x_wconf 89' lang='lat' dir='ltr'>M.</span> <span class='ocrx_word' id='word_1_676' title='bbox 283 3095 441 3129; x_wconf 45' lang='lat' dir='ltr'>marmiun]</span> <span class='ocrx_word' id='word_1_677' title='bbox 458 3096 498 3122; x_wconf 78' lang='lat' dir='ltr'>Ita</span> <span class='ocrx_word' id='word_1_678' title='bbox 507 3095 617 3123; x_wconf 82' lang='lat' dir='ltr'>omniuo</span> <span class='ocrx_word' id='word_1_679' title='bbox 627 3096 821 3124; x_wconf 83' lang='lat' dir='ltr'>rescribendum</span> <span class='ocrx_word' id='word_1_680' title='bbox 836 3107 904 3130; x_wconf 86' lang='lat' dir='ltr'>‚uon</span> <span class='ocrx_word' id='word_1_681' title='bbox 915 3099 942 3123; x_wconf 89' lang='lat' dir='ltr'>C.</span> <span class='ocrx_word' id='word_1_682' title='bbox 953 3098 1098 3128; x_wconf 74' lang='lat' dir='ltr'>Yiirranim,</span> 
     </span>
     <span class='ocr_line' id='line_1_73' title="bbox 144 3127 1097 3172; baseline 0.005 -17"><span class='ocrx_word' id='word_1_683' title='bbox 144 3134 177 3155; x_wconf 84' lang='lat' dir='ltr'>ut</span> <span class='ocrx_word' id='word_1_684' title='bbox 187 3127 222 3155; x_wconf 81' lang='lat' dir='ltr'>est</span> <span class='ocrx_word' id='word_1_685' title='bbox 233 3129 258 3154; x_wconf 88' lang='lat' dir='ltr'>in</span> <span class='ocrx_word' id='word_1_686' title='bbox 270 3128 339 3154; x_wconf 81' lang='lat' dir='ltr'>aliis.</span> <span class='ocrx_word' id='word_1_687' title='bbox 359 3138 416 3155; x_wconf 80' lang='lat' dir='ltr'>nam</span> <span class='ocrx_word' id='word_1_688' title='bbox 430 3130 561 3166; x_wconf 76' lang='lat' dir='ltr'>vulgatam</span> <span class='ocrx_word' id='word_1_689' title='bbox 572 3135 611 3158; x_wconf 84' lang='grc' dir='ltr'>Μ.</span> <span class='ocrx_word' id='word_1_690' title='bbox 621 3136 791 3162; x_wconf 61' lang='lat' dir='ltr'>camuranam</span> <span class='ocrx_word' id='word_1_691' title='bbox 801 3153 810 3168; x_wconf 92' lang='lat'>,</span> <span class='ocrx_word' id='word_1_692' title='bbox 820 3141 971 3172; x_wconf 74' lang='lat' dir='ltr'>corruptam</span> <span class='ocrx_word' id='word_1_693' title='bbox 981 3133 1032 3162; x_wconf 80' lang='lat' dir='ltr'>effe</span> <span class='ocrx_word' id='word_1_694' title='bbox 1045 3151 1054 3167; x_wconf 83' lang='lat'>‚</span> <span class='ocrx_word' id='word_1_695' title='bbox 1064 3142 1097 3160; x_wconf 83' lang='lat' dir='ltr'>ex</span> 
     </span>
     <span class='ocr_line' id='line_1_74' title="bbox 145 3166 645 3213; baseline 0.01 -22"><span class='ocrx_word' id='word_1_696' title='bbox 145 3166 408 3213; x_wconf 54' lang='lat' dir='ltr'>Maniusgnrannim</span> <span class='ocrx_word' id='word_1_697' title='bbox 420 3166 477 3202; x_wconf 86' lang='lat' dir='ltr'>quis</span> <span class='ocrx_word' id='word_1_698' title='bbox 488 3177 540 3194; x_wconf 89' lang='lat' dir='ltr'>non</span> <span class='ocrx_word' id='word_1_699' title='bbox 552 3166 625 3195; x_wconf 83' lang='lat' dir='ltr'>videt</span> <span class='ocrx_word' id='word_1_700' title='bbox 632 3172 645 3196; x_wconf 71' lang='grc' dir='ltr'><strong><em>ἓ</em></strong></span> 
     </span>
    </p>
   </div>
   <div class='ocr_carea' id='block_1_15' title="bbox 1139 1035 1164 2537">
    <p class='ocr_par' dir='ltr' id='par_1_18' title="bbox 1139 1035 1164 2537">
     <span class='ocr_line' id='line_1_75' title="bbox 1139 1035 1164 2537; baseline 0 0"><span class='ocrx_word' id='word_1_701' title='bbox 1139 1035 1164 2537; x_wconf 95' lang='lat' dir='ltr'> </span> 
     </span>
    </p>
   </div>
   <div class='ocr_carea' id='block_1_16' title="bbox 1136 1035 1164 2680">
    <p class='ocr_par' dir='ltr' id='par_1_19' title="bbox 1136 1035 1164 2680">
     <span class='ocr_line' id='line_1_76' title="bbox 1136 1035 1164 2680; baseline 0 0"><span class='ocrx_word' id='word_1_702' title='bbox 1136 1035 1164 2680; x_wconf 95' lang='lat' dir='ltr'> </span> 
     </span>
    </p>
   </div>
   <div class='ocr_carea' id='block_1_17' title="bbox 1131 1035 1165 2940">
    <p class='ocr_par' dir='ltr' id='par_1_20' title="bbox 1131 1035 1165 2940">
     <span class='ocr_line' id='line_1_77' title="bbox 1131 1035 1165 2940; baseline 0 0"><span class='ocrx_word' id='word_1_703' title='bbox 1131 1035 1165 2940; x_wconf 95' lang='lat' dir='ltr'> </span> 
     </span>
    </p>
   </div>
   <div class='ocr_carea' id='block_1_18' title="bbox 1307 133 2153 208">
    <p class='ocr_par' dir='ltr' id='par_1_21' title="bbox 1307 133 2153 208">
     <span class='ocr_line' id='line_1_78' title="bbox 1307 133 2153 208; baseline 0.006 -25"><span class='ocrx_word' id='word_1_704' title='bbox 1307 133 1701 186; x_wconf 72' lang='lat' dir='ltr'>TERTIA.</span> <span class='ocrx_word' id='word_1_705' title='bbox 2063 156 2153 208; x_wconf 82' lang='lat'>593</span> 
     </span>
    </p>
   </div>
   <div class='ocr_carea' id='block_1_19' title="bbox 1185 218 2152 925">
    <p class='ocr_par' dir='ltr' id='par_1_22' title="bbox 1185 218 2152 925">
     <span class='ocr_line' id='line_1_79' title="bbox 1197 218 2152 265; baseline 0.009 -18"><span class='ocrx_word' id='word_1_706' title='bbox 1197 227 1264 248; x_wconf 86' lang='lat' dir='ltr'>rum</span> <span class='ocrx_word' id='word_1_707' title='bbox 1279 218 1412 260; x_wconf 80' lang='lat' dir='ltr'>religiosa</span> <span class='ocrx_word' id='word_1_708' title='bbox 1419 219 1534 258; x_wconf 67' lang='lat' dir='ltr'>finitio</span> <span class='ocrx_word' id='word_1_709' title='bbox 1544 231 1556 247; x_wconf 95' lang='lat'>.·</span> <span class='ocrx_word' id='word_1_710' title='bbox 1576 219 1679 251; x_wconf 74' lang='lat' dir='ltr'>divina</span> <span class='ocrx_word' id='word_1_711' title='bbox 1687 219 1759 251; x_wconf 76' lang='lat' dir='ltr'>vcro</span> <span class='ocrx_word' id='word_1_712' title='bbox 1769 221 1996 261; x_wconf 80' lang='lat' dir='ltr'>opportunitas,</span> <span class='ocrx_word' id='word_1_713' title='bbox 2016 232 2065 257; x_wconf 87' lang='lat' dir='ltr'>ut,</span> <span class='ocrx_word' id='word_1_714' title='bbox 2087 234 2152 265; x_wconf 78' lang='lat' dir='ltr'>quae</span> 
     </span>
     <span class='ocr_line' id='line_1_80' title="bbox 1198 259 2151 307; baseline 0.007 -18"><span class='ocrx_word' id='word_1_715' title='bbox 1198 262 1306 300; x_wconf 88' lang='lat' dir='ltr'>cuique</span> <span class='ocrx_word' id='word_1_716' title='bbox 1323 269 1388 300; x_wconf 82' lang='lat' dir='ltr'>apta</span> <span class='ocrx_word' id='word_1_717' title='bbox 1407 259 1496 295; x_wconf 79' lang='lat' dir='ltr'>effer,</span> <span class='ocrx_word' id='word_1_718' title='bbox 1514 272 1547 292; x_wconf 87' lang='lat' dir='ltr'>ea</span> <span class='ocrx_word' id='word_1_719' title='bbox 1555 263 1662 303; x_wconf 87' lang='lat' dir='ltr'>cuique</span> <span class='ocrx_word' id='word_1_720' title='bbox 1673 262 1840 294; x_wconf 87' lang='lat' dir='ltr'>obveniret.</span> <span class='ocrx_word' id='word_1_721' title='bbox 1863 265 2000 296; x_wconf 74' lang='lat' dir='ltr'>Praeclare</span> <span class='ocrx_word' id='word_1_722' title='bbox 2009 266 2099 307; x_wconf 82' lang='lat' dir='ltr'>igitur</span> <span class='ocrx_word' id='word_1_723' title='bbox 2107 265 2151 296; x_wconf 86' lang='lat' dir='ltr'>fa-</span> 
     </span>
     <span class='ocr_line' id='line_1_81' title="bbox 1194 302 2152 344; baseline 0.008 -14"><span class='ocrx_word' id='word_1_724' title='bbox 1194 302 1279 334; x_wconf 89' lang='lat' dir='ltr'>citis,</span> <span class='ocrx_word' id='word_1_725' title='bbox 1300 303 1538 342; x_wconf 81' lang='lat' dir='ltr'>tribuniplebis,</span> <span class='ocrx_word' id='word_1_726' title='bbox 1558 305 1609 344; x_wconf 89' lang='lat' dir='ltr'>qui</span> <span class='ocrx_word' id='word_1_727' title='bbox 1625 304 1661 334; x_wconf 88' lang='lat' dir='ltr'>de</span> <span class='ocrx_word' id='word_1_728' title='bbox 1674 302 1809 342; x_wconf 80' lang='lat' dir='ltr'>praefidio</span> <span class='ocrx_word' id='word_1_729' title='bbox 1819 306 1978 337; x_wconf 87' lang='lat' dir='ltr'>consulum</span> <span class='ocrx_word' id='word_1_730' title='bbox 1991 327 2000 341; x_wconf 91' lang='lat'>‚</span> <span class='ocrx_word' id='word_1_731' title='bbox 2020 307 2152 339; x_wconf 86' lang='lat' dir='ltr'>senatus-</span> 
     </span>
     <span class='ocr_line' id='line_1_82' title="bbox 1193 342 2149 389; baseline 0.008 -18"><span class='ocrx_word' id='word_1_732' title='bbox 1193 351 1251 381; x_wconf 85' lang='lat' dir='ltr'>que</span> <span class='ocrx_word' id='word_1_733' title='bbox 1261 342 1390 373; x_wconf 82' lang='lat' dir='ltr'>referatis</span> <span class='ocrx_word' id='word_1_734' title='bbox 1404 355 1409 373; x_wconf 88' lang='lat'><strong>:</strong></span> <span class='ocrx_word' id='word_1_735' title='bbox 1426 347 1595 385; x_wconf 85' lang='lat' dir='ltr'>meritoque</span> <span class='ocrx_word' id='word_1_736' title='bbox 1607 344 1704 375; x_wconf 87' lang='lat' dir='ltr'>vestro</span> <span class='ocrx_word' id='word_1_737' title='bbox 1718 347 1867 377; x_wconf 82' lang='lat' dir='ltr'>maximas</span> <span class='ocrx_word' id='word_1_738' title='bbox 1883 348 1971 378; x_wconf 90' lang='lat' dir='ltr'>vobis</span> <span class='ocrx_word' id='word_1_739' title='bbox 1986 350 2092 389; x_wconf 82' lang='lat' dir='ltr'>gratias</span> <span class='ocrx_word' id='word_1_740' title='bbox 2111 359 2149 379; x_wconf 87' lang='lat' dir='ltr'>o-</span> 
     </span>
     <span class='ocr_line' id='line_1_83' title="bbox 1194 384 2151 428; baseline 0.01 -16"><span class='ocrx_word' id='word_1_741' title='bbox 1194 392 1280 413; x_wconf 87' lang='lat' dir='ltr'>mnes</span> <span class='ocrx_word' id='word_1_742' title='bbox 1298 384 1331 413; x_wconf 87' lang='lat'>&amp;</span> <span class='ocrx_word' id='word_1_743' title='bbox 1347 395 1429 425; x_wconf 84' lang='lat' dir='ltr'>agere</span> <span class='ocrx_word' id='word_1_744' title='bbox 1444 386 1476 415; x_wconf 73' lang='grc' dir='ltr'>δε</span> <span class='ocrx_word' id='word_1_745' title='bbox 1490 387 1596 416; x_wconf 66' lang='lat' dir='ltr'>habere</span> <span class='ocrx_word' id='word_1_746' title='bbox 1608 386 1765 417; x_wconf 80' lang='lat' dir='ltr'>debemus.</span> <span class='ocrx_word' id='word_1_747' title='bbox 1788 390 1840 428; x_wconf 92' lang='lat' dir='ltr'>qui</span> <span class='ocrx_word' id='word_1_748' title='bbox 1852 389 1936 420; x_wconf 88' lang='lat' dir='ltr'>enim</span> <span class='ocrx_word' id='word_1_749' title='bbox 1947 399 2042 420; x_wconf 82' lang='lat' dir='ltr'>carere</span> <span class='ocrx_word' id='word_1_750' title='bbox 2052 399 2151 426; x_wconf 69' lang='lat' dir='ltr'>metu,</span> 
     </span>
     <span class='ocr_line' id='line_1_84' title="bbox 1193 423 2152 471; baseline 0.01 -19"><span class='ocrx_word' id='word_1_751' title='bbox 1193 423 1368 469; x_wconf 74' lang='lat' dir='ltr'>&amp;periculo</span> <span class='ocrx_word' id='word_1_752' title='bbox 1376 426 1532 465; x_wconf 81' lang='lat' dir='ltr'>possumus</span> <span class='ocrx_word' id='word_1_753' title='bbox 1542 430 1574 457; x_wconf 91' lang='lat' dir='ltr'>in</span> <span class='ocrx_word' id='word_1_754' title='bbox 1586 437 1663 458; x_wconf 88' lang='lat' dir='ltr'>tanta</span> <span class='ocrx_word' id='word_1_755' title='bbox 1678 429 1841 459; x_wconf 87' lang='lat' dir='ltr'>hominurn</span> <span class='ocrx_word' id='word_1_756' title='bbox 1855 431 2010 471; x_wconf 73' lang='lat' dir='ltr'>cupiditate</span> <span class='ocrx_word' id='word_1_757' title='bbox 2019 451 2028 466; x_wconf 90' lang='lat'>‚</span> <span class='ocrx_word' id='word_1_758' title='bbox 2049 432 2082 462; x_wconf 92' lang='lat'>&amp;</span> <span class='ocrx_word' id='word_1_759' title='bbox 2093 443 2152 461; x_wconf 80' lang='lat' dir='ltr'>au-</span> 
     </span>
     <span class='ocr_line' id='line_1_85' title="bbox 1191 464 2151 514; baseline 0.013 -21"><span class='ocrx_word' id='word_1_760' title='bbox 1191 464 1296 495; x_wconf 72' lang='lat' dir='ltr'>dacia?</span> <span class='ocrx_word' id='word_1_761' title='bbox 1318 467 1373 495; x_wconf 87' lang='lat' dir='ltr'>Ille</span> <span class='ocrx_word' id='word_1_762' title='bbox 1382 476 1481 496; x_wconf 87' lang='lat' dir='ltr'>autem</span> <span class='ocrx_word' id='word_1_763' title='bbox 1492 469 1587 498; x_wconf 89' lang='lat' dir='ltr'>homo</span> <span class='ocrx_word' id='word_1_764' title='bbox 1596 469 1723 499; x_wconf 70' lang='lat' dir='ltr'>affliEtus</span> <span class='ocrx_word' id='word_1_765' title='bbox 1735 490 1744 503; x_wconf 87' lang='lat'><em>‚</em></span> <span class='ocrx_word' id='word_1_766' title='bbox 1764 470 1797 500; x_wconf 90' lang='lat'>&amp;</span> <span class='ocrx_word' id='word_1_767' title='bbox 1808 471 1940 510; x_wconf 86' lang='lat' dir='ltr'>perditus</span> <span class='ocrx_word' id='word_1_768' title='bbox 1952 492 1960 506; x_wconf 92' lang='lat'>‚</span> <span class='ocrx_word' id='word_1_769' title='bbox 1979 483 2044 514; x_wconf 83' lang='lat' dir='ltr'>quae</span> <span class='ocrx_word' id='word_1_770' title='bbox 2064 474 2100 504; x_wconf 93' lang='lat' dir='ltr'>de</span> <span class='ocrx_word' id='word_1_771' title='bbox 2118 475 2151 505; x_wconf 79' lang='lat' dir='ltr'>se</span> 
     </span>
     <span class='ocr_line' id='line_1_86' title="bbox 1192 505 2152 551; baseline 0.013 -16"><span class='ocrx_word' id='word_1_772' title='bbox 1192 505 1341 551; x_wconf 70' lang='lat' dir='ltr'>exspe&amp;at</span> <span class='ocrx_word' id='word_1_773' title='bbox 1353 508 1465 546; x_wconf 78' lang='lat' dir='ltr'>judicia</span> <span class='ocrx_word' id='word_1_774' title='bbox 1481 511 1615 548; x_wconf 85' lang='lat' dir='ltr'>graviora</span> <span class='ocrx_word' id='word_1_775' title='bbox 1626 531 1634 543; x_wconf 88' lang='lat'>‚</span> <span class='ocrx_word' id='word_1_776' title='bbox 1655 511 1745 551; x_wconf 78' lang='lat' dir='ltr'>quam</span> <span class='ocrx_word' id='word_1_777' title='bbox 1758 516 1927 544; x_wconf 87' lang='lat' dir='ltr'>amicorum</span> <span class='ocrx_word' id='word_1_778' title='bbox 1941 515 2066 545; x_wconf 88' lang='lat' dir='ltr'>suorum</span> <span class='ocrx_word' id='word_1_779' title='bbox 2077 519 2088 541; x_wconf 83' lang='lat'><em>?</em></span> <span class='ocrx_word' id='word_1_780' title='bbox 2104 514 2152 546; x_wconf 88' lang='lat' dir='ltr'>fa-</span> 
     </span>
     <span class='ocr_line' id='line_1_87' title="bbox 1192 547 2147 592; baseline 0.012 -16"><span class='ocrx_word' id='word_1_781' title='bbox 1192 547 1411 578; x_wconf 75' lang='lat' dir='ltr'>miliarissimus</span> <span class='ocrx_word' id='word_1_782' title='bbox 1421 550 1486 586; x_wconf 83' lang='lat' dir='ltr'>ejus</span> <span class='ocrx_word' id='word_1_783' title='bbox 1496 570 1505 583; x_wconf 87' lang='lat'>‚</span> <span class='ocrx_word' id='word_1_784' title='bbox 1529 552 1607 580; x_wconf 83' lang='lat' dir='ltr'>mihi</span> <span class='ocrx_word' id='word_1_785' title='bbox 1617 553 1713 581; x_wconf 89' lang='lat' dir='ltr'>homo</span> <span class='ocrx_word' id='word_1_786' title='bbox 1723 554 1790 592; x_wconf 81' lang='lat' dir='ltr'>conj</span> <span class='ocrx_word' id='word_1_787' title='bbox 1797 554 1904 585; x_wconf 59' lang='lat' dir='ltr'>tmolus</span> <span class='ocrx_word' id='word_1_788' title='bbox 1915 575 1923 589; x_wconf 92' lang='lat'><em>‚</em></span> <span class='ocrx_word' id='word_1_789' title='bbox 1939 557 1974 586; x_wconf 89' lang='lat' dir='ltr'>L.</span> <span class='ocrx_word' id='word_1_790' title='bbox 1985 557 2147 591; x_wconf 84' lang='lat' dir='ltr'>Lentulus,</span> 
     </span>
     <span class='ocr_line' id='line_1_88' title="bbox 1192 589 2150 638; baseline 0.01 -19"><span class='ocrx_word' id='word_1_791' title='bbox 1192 589 1224 619; x_wconf 93' lang='lat'>&amp;</span> <span class='ocrx_word' id='word_1_792' title='bbox 1235 592 1264 620; x_wconf 88' lang='lat' dir='ltr'>P.</span> <span class='ocrx_word' id='word_1_793' title='bbox 1276 591 1359 620; x_wconf 87' lang='lat' dir='ltr'>Naso</span> <span class='ocrx_word' id='word_1_794' title='bbox 1370 609 1379 623; x_wconf 95' lang='lat'>‚</span> <span class='ocrx_word' id='word_1_795' title='bbox 1394 592 1482 620; x_wconf 91' lang='lat' dir='ltr'>omni</span> <span class='ocrx_word' id='word_1_796' title='bbox 1492 600 1592 621; x_wconf 87' lang='lat' dir='ltr'>carens</span> <span class='ocrx_word' id='word_1_797' title='bbox 1601 593 1760 631; x_wconf 85' lang='lat' dir='ltr'>cupiditate</span> <span class='ocrx_word' id='word_1_798' title='bbox 1772 614 1780 627; x_wconf 88' lang='lat'>‚</span> <span class='ocrx_word' id='word_1_799' title='bbox 1797 596 1912 626; x_wconf 86' lang='lat' dir='ltr'>nullam</span> <span class='ocrx_word' id='word_1_800' title='bbox 1923 598 1952 628; x_wconf 84' lang='lat' dir='ltr'>se</span> <span class='ocrx_word' id='word_1_801' title='bbox 1963 599 2068 630; x_wconf 85' lang='lat' dir='ltr'>habere</span> <span class='ocrx_word' id='word_1_802' title='bbox 2076 608 2150 638; x_wconf 74' lang='lat' dir='ltr'>pro-</span> 
     </span>
     <span class='ocr_line' id='line_1_89' title="bbox 1190 632 2149 678; baseline 0.009 -18"><span class='ocrx_word' id='word_1_803' title='bbox 1190 632 1322 661; x_wconf 84' lang='lat' dir='ltr'>vinciam</span> <span class='ocrx_word' id='word_1_804' title='bbox 1334 651 1342 664; x_wconf 84' lang='lat'>,</span> <span class='ocrx_word' id='word_1_805' title='bbox 1361 632 1476 661; x_wconf 90' lang='lat' dir='ltr'>nullam</span> <span class='ocrx_word' id='word_1_806' title='bbox 1488 634 1616 662; x_wconf 87' lang='lat' dir='ltr'>Antonii</span> <span class='ocrx_word' id='word_1_807' title='bbox 1633 634 2149 678; x_wconf 69' lang='lat' dir='ltr'>ibi-titionem·furffejudicaverunt.</span> 
     </span>
     <span class='ocr_line' id='line_1_90' title="bbox 1188 672 2149 721; baseline 0.012 -21"><span class='ocrx_word' id='word_1_808' title='bbox 1188 672 1270 712; x_wconf 92' lang='lat' dir='ltr'>quod</span> <span class='ocrx_word' id='word_1_809' title='bbox 1288 672 1371 702; x_wconf 87' lang='lat' dir='ltr'>idem</span> <span class='ocrx_word' id='word_1_810' title='bbox 1390 672 1689 713; x_wconf 87' lang='lat' dir='ltr'>fecitL.Philippus,</span> <span class='ocrx_word' id='word_1_811' title='bbox 1710 677 1756 704; x_wconf 83' lang='lat' dir='ltr'>vir</span> <span class='ocrx_word' id='word_1_812' title='bbox 1765 686 1842 716; x_wconf 85' lang='lat' dir='ltr'>patre</span> <span class='ocrx_word' id='word_1_813' title='bbox 1854 698 1862 711; x_wconf 90' lang='lat'>,</span> <span class='ocrx_word' id='word_1_814' title='bbox 1883 689 1958 714; x_wconf 83' lang='lat' dir='ltr'>avo,</span> <span class='ocrx_word' id='word_1_815' title='bbox 1980 682 2149 721; x_wconf 80' lang='lat' dir='ltr'>majoribus</span> 
     </span>
     <span class='ocr_line' id='line_1_91' title="bbox 1189 712 2147 755; baseline 0.014 -13"><span class='ocrx_word' id='word_1_816' title='bbox 1189 714 1268 747; x_wconf 83' lang='lat' dir='ltr'>suis,</span> <span class='ocrx_word' id='word_1_817' title='bbox 1288 712 1488 755; x_wconf 83' lang='lat' dir='ltr'>digniffimus.</span> <span class='ocrx_word' id='word_1_818' title='bbox 1512 716 1544 744; x_wconf 89' lang='lat' dir='ltr'>in</span> <span class='ocrx_word' id='word_1_819' title='bbox 1558 716 1663 745; x_wconf 83' lang='lat' dir='ltr'>eadem</span> <span class='ocrx_word' id='word_1_820' title='bbox 1680 716 1824 748; x_wconf 88' lang='lat' dir='ltr'>sententia</span> <span class='ocrx_word' id='word_1_821' title='bbox 1840 719 1897 750; x_wconf 88' lang='lat' dir='ltr'>fuit</span> <span class='ocrx_word' id='word_1_822' title='bbox 1915 724 2009 752; x_wconf 86' lang='lat' dir='ltr'>homo</span> <span class='ocrx_word' id='word_1_823' title='bbox 2028 724 2147 754; x_wconf 72' lang='lat' dir='ltr'>summu</span> 
     </span>
     <span class='ocr_line' id='line_1_92' title="bbox 1187 756 2147 796; baseline 0.011 -12"><span class='ocrx_word' id='word_1_824' title='bbox 1187 756 1356 796; x_wconf 88' lang='lat' dir='ltr'>integritate</span> <span class='ocrx_word' id='word_1_825' title='bbox 1367 775 1375 790; x_wconf 87' lang='lat'>,</span> <span class='ocrx_word' id='word_1_826' title='bbox 1393 764 1482 796; x_wconf 89' lang='lat' dir='ltr'>atque</span> <span class='ocrx_word' id='word_1_827' title='bbox 1492 757 1665 787; x_wconf 81' lang='lat' dir='ltr'>innocentia</span> <span class='ocrx_word' id='word_1_828' title='bbox 1676 776 1684 790; x_wconf 86' lang='lat'>‚</span> <span class='ocrx_word' id='word_1_829' title='bbox 1707 759 1771 787; x_wconf 75' lang='lat' dir='ltr'>5M.</span> <span class='ocrx_word' id='word_1_830' title='bbox 1782 762 1957 792; x_wconf 85' lang='lat' dir='ltr'>Turranius.</span> <span class='ocrx_word' id='word_1_831' title='bbox 1981 764 2062 794; x_wconf 87' lang='lat' dir='ltr'>idem</span> <span class='ocrx_word' id='word_1_832' title='bbox 2072 764 2147 795; x_wconf 84' lang='lat' dir='ltr'>fecit</span> 
     </span>
     <span class='ocr_line' id='line_1_93' title="bbox 1186 794 2144 840; baseline 0.011 -14"><span class='ocrx_word' id='word_1_833' title='bbox 1186 794 1202 815; x_wconf 76' lang='lat'>⁶</span> <span class='ocrx_word' id='word_1_834' title='bbox 1211 799 1258 836; x_wconf 89' lang='lat' dir='ltr'>Sp.</span> <span class='ocrx_word' id='word_1_835' title='bbox 1271 798 1395 837; x_wconf 85' lang='lat' dir='ltr'>Oppius.</span> <span class='ocrx_word' id='word_1_836' title='bbox 1418 796 1472 836; x_wconf 90' lang='lat' dir='ltr'>ipfi</span> <span class='ocrx_word' id='word_1_837' title='bbox 1481 799 1571 827; x_wconf 87' lang='lat' dir='ltr'>etiam</span> <span class='ocrx_word' id='word_1_838' title='bbox 1584 817 1591 831; x_wconf 90' lang='lat'>‚</span> <span class='ocrx_word' id='word_1_839' title='bbox 1613 799 1665 838; x_wconf 91' lang='lat' dir='ltr'>qui</span> <span class='ocrx_word' id='word_1_840' title='bbox 1675 800 1840 830; x_wconf 84' lang='lat' dir='ltr'>amicitiam</span> <span class='ocrx_word' id='word_1_841' title='bbox 1850 804 1892 832; x_wconf 90' lang='lat' dir='ltr'>M.</span> <span class='ocrx_word' id='word_1_842' title='bbox 1906 806 2032 835; x_wconf 82' lang='lat' dir='ltr'>Antonii</span> <span class='ocrx_word' id='word_1_843' title='bbox 2043 808 2144 840; x_wconf 71' lang='lat' dir='ltr'>veriti,</span> 
     </span>
     <span class='ocr_line' id='line_1_94' title="bbox 1185 837 2141 880; baseline 0.008 -13"><span class='ocrx_word' id='word_1_844' title='bbox 1185 838 1254 878; x_wconf 84' lang='lat' dir='ltr'>plus</span> <span class='ocrx_word' id='word_1_845' title='bbox 1264 840 1291 868; x_wconf 89' lang='lat' dir='ltr'>ei</span> <span class='ocrx_word' id='word_1_846' title='bbox 1301 839 1467 868; x_wconf 88' lang='lat' dir='ltr'>tribuerunt</span> <span class='ocrx_word' id='word_1_847' title='bbox 1478 858 1486 872; x_wconf 88' lang='lat'>,</span> <span class='ocrx_word' id='word_1_848' title='bbox 1505 838 1596 880; x_wconf 72' lang='lat' dir='ltr'>quarn</span> <span class='ocrx_word' id='word_1_849' title='bbox 1609 837 1726 869; x_wconf 79' lang='lat' dir='ltr'>fortasse</span> <span class='ocrx_word' id='word_1_850' title='bbox 1736 841 1863 876; x_wconf 82' lang='lat' dir='ltr'>vellent,</span> <span class='ocrx_word' id='word_1_851' title='bbox 1886 846 1930 873; x_wconf 90' lang='lat' dir='ltr'>M.</span> <span class='ocrx_word' id='word_1_852' title='bbox 1942 847 2008 876; x_wconf 72' lang='lat' dir='ltr'>Piso</span> <span class='ocrx_word' id='word_1_853' title='bbox 2020 866 2028 879; x_wconf 87' lang='lat'>,</span> <span class='ocrx_word' id='word_1_854' title='bbox 2053 857 2141 877; x_wconf 74' lang='lat' dir='ltr'>meus</span> 
     </span>
     <span class='ocr_line' id='line_1_95' title="bbox 1187 878 2141 925; baseline 0.01 -16"><span class='ocrx_word' id='word_1_855' title='bbox 1187 878 1362 910; x_wconf 78' lang='lat' dir='ltr'>neceffarius</span> <span class='ocrx_word' id='word_1_856' title='bbox 1372 901 1380 913; x_wconf 87' lang='lat'>‚</span> <span class='ocrx_word' id='word_1_857' title='bbox 1404 880 1436 911; x_wconf 92' lang='lat'>&amp;</span> <span class='ocrx_word' id='word_1_858' title='bbox 1449 882 1512 914; x_wconf 87' lang='lat' dir='ltr'>vir,</span> <span class='ocrx_word' id='word_1_859' title='bbox 1533 881 1565 911; x_wconf 90' lang='lat'>&amp;</span> <span class='ocrx_word' id='word_1_860' title='bbox 1575 883 1649 910; x_wconf 80' lang='lat' dir='ltr'>civis</span> <span class='ocrx_word' id='word_1_861' title='bbox 1659 884 1791 922; x_wconf 85' lang='lat' dir='ltr'>egregius</span> <span class='ocrx_word' id='word_1_862' title='bbox 1801 903 1810 915; x_wconf 78' lang='grc'><em>.</em></span> <span class='ocrx_word' id='word_1_863' title='bbox 1831 886 1950 925; x_wconf 83' lang='lat' dir='ltr'>parique</span> <span class='ocrx_word' id='word_1_864' title='bbox 1965 889 2141 919; x_wconf 70' lang='lat' dir='ltr'>innocentia</span> 
     </span>
    </p>
   </div>
   <div class='ocr_carea' id='block_1_20' title="bbox 1160 921 2142 966">
    <p class='ocr_par' dir='ltr' id='par_1_23' title="bbox 1160 921 2142 966">
     <span class='ocr_line' id='line_1_96' title="bbox 1160 921 2142 966; baseline 0.006 -16"><span class='ocrx_word' id='word_1_865' title='bbox 1160 923 1163 939; x_wconf 48' lang='grc' dir='ltr'><em>ἵ</em></span> <span class='ocrx_word' id='word_1_866' title='bbox 1187 921 1374 951; x_wconf 88' lang='lat' dir='ltr'>M.Vehilius</span> <span class='ocrx_word' id='word_1_867' title='bbox 1384 941 1393 956; x_wconf 89' lang='lat'>‚</span> <span class='ocrx_word' id='word_1_868' title='bbox 1410 922 1525 952; x_wconf 86' lang='lat' dir='ltr'>senatus</span> <span class='ocrx_word' id='word_1_869' title='bbox 1535 921 1705 953; x_wconf 59' lang='lat' dir='ltr'>austeritati</span> <span class='ocrx_word' id='word_1_870' title='bbox 1714 924 1741 952; x_wconf 88' lang='lat' dir='ltr'>se</span> <span class='ocrx_word' id='word_1_871' title='bbox 1750 922 1982 966; x_wconf 70' lang='lat' dir='ltr'>obtemperaturos</span> <span class='ocrx_word' id='word_1_872' title='bbox 1990 928 2046 959; x_wconf 79' lang='lat' dir='ltr'>effe</span> <span class='ocrx_word' id='word_1_873' title='bbox 2056 930 2142 960; x_wconf 43' lang='lat' dir='ltr'>dixe.</span> 
     </span>
    </p>
   </div>
   <div class='ocr_carea' id='block_1_21' title="bbox 1166 963 2143 2177">
    <p class='ocr_par' dir='ltr' id='par_1_24' title="bbox 1166 963 2143 2177">
     <span class='ocr_line' id='line_1_97' title="bbox 1186 963 2141 1007; baseline 0.01 -15"><span class='ocrx_word' id='word_1_874' title='bbox 1186 971 1265 992; x_wconf 90' lang='lat' dir='ltr'>runt.</span> <span class='ocrx_word' id='word_1_875' title='bbox 1288 963 1369 1004; x_wconf 86' lang='lat' dir='ltr'>Qid</span> <span class='ocrx_word' id='word_1_876' title='bbox 1380 974 1435 1004; x_wconf 89' lang='lat' dir='ltr'>ego</span> <span class='ocrx_word' id='word_1_877' title='bbox 1445 963 1481 994; x_wconf 87' lang='lat' dir='ltr'>de</span> <span class='ocrx_word' id='word_1_878' title='bbox 1492 966 1528 994; x_wconf 90' lang='lat' dir='ltr'>L.</span> <span class='ocrx_word' id='word_1_879' title='bbox 1539 966 1635 994; x_wconf 86' lang='lat' dir='ltr'>Cinna</span> <span class='ocrx_word' id='word_1_880' title='bbox 1648 965 1772 1005; x_wconf 77' lang='lat' dir='ltr'>loquar?</span> <span class='ocrx_word' id='word_1_881' title='bbox 1790 968 1875 1005; x_wconf 84' lang='lat' dir='ltr'>cujus</span> <span class='ocrx_word' id='word_1_882' title='bbox 1888 968 2010 1007; x_wconf 63' lang='lat' dir='ltr'>spediara</span> <span class='ocrx_word' id='word_1_883' title='bbox 2025 973 2141 1006; x_wconf 68' lang='lat' dir='ltr'>multis¹</span> 
     </span>
     <span class='ocr_line' id='line_1_98' title="bbox 1185 1004 2141 1047; baseline 0.007 -13"><span class='ocrx_word' id='word_1_884' title='bbox 1185 1005 1360 1045; x_wconf 79' lang='lat' dir='ltr'>magnisque</span> <span class='ocrx_word' id='word_1_885' title='bbox 1371 1006 1458 1035; x_wconf 86' lang='lat' dir='ltr'>rebus</span> <span class='ocrx_word' id='word_1_886' title='bbox 1468 1004 1620 1045; x_wconf 81' lang='lat' dir='ltr'>singularis</span> <span class='ocrx_word' id='word_1_887' title='bbox 1630 1007 1781 1047; x_wconf 83' lang='lat' dir='ltr'>integritas</span> <span class='ocrx_word' id='word_1_888' title='bbox 1791 1027 1800 1041; x_wconf 86' lang='lat'><em>‚</em></span> <span class='ocrx_word' id='word_1_889' title='bbox 1817 1007 1923 1039; x_wconf 76' lang='lat' dir='ltr'>minus</span> <span class='ocrx_word' id='word_1_890' title='bbox 1932 1009 2141 1043; x_wconf 76' lang='lat' dir='ltr'>admirabilem,</span> 
     </span>
     <span class='ocr_line' id='line_1_99' title="bbox 1184 1045 2143 1093; baseline 0.01 -18"><span class='ocrx_word' id='word_1_891' title='bbox 1184 1045 1256 1076; x_wconf 81' lang='lat' dir='ltr'>fecit</span> <span class='ocrx_word' id='word_1_892' title='bbox 1265 1047 1357 1086; x_wconf 82' lang='lat' dir='ltr'>hujus</span> <span class='ocrx_word' id='word_1_893' title='bbox 1367 1046 1569 1078; x_wconf 82' lang='lat' dir='ltr'>honestissimi</span> <span class='ocrx_word' id='word_1_894' title='bbox 1577 1046 1648 1077; x_wconf 54' lang='lat' dir='ltr'>facil</span> <span class='ocrx_word' id='word_1_895' title='bbox 1657 1048 1784 1090; x_wconf 83' lang='lat' dir='ltr'>gloriam</span> <span class='ocrx_word' id='word_1_896' title='bbox 1795 1059 1799 1078; x_wconf 88' lang='lat'>:</span> <span class='ocrx_word' id='word_1_897' title='bbox 1812 1052 1864 1090; x_wconf 90' lang='lat' dir='ltr'>qui</span> <span class='ocrx_word' id='word_1_898' title='bbox 1874 1053 2005 1083; x_wconf 89' lang='lat' dir='ltr'>omnino</span> <span class='ocrx_word' id='word_1_899' title='bbox 2015 1057 2143 1093; x_wconf 48' lang='lat' dir='ltr'>provinv</span> 
     </span>
     <span class='ocr_line' id='line_1_100' title="bbox 1182 1088 2139 1130; baseline 0.006 -12"><span class='ocrx_word' id='word_1_900' title='bbox 1182 1089 1259 1118; x_wconf 86' lang='lat' dir='ltr'>ciam</span> <span class='ocrx_word' id='word_1_901' title='bbox 1270 1088 1420 1129; x_wconf 84' lang='lat' dir='ltr'>neglexit:</span> <span class='ocrx_word' id='word_1_902' title='bbox 1435 1098 1526 1129; x_wconf 90' lang='lat' dir='ltr'>quam</span> <span class='ocrx_word' id='word_1_903' title='bbox 1537 1091 1611 1119; x_wconf 89' lang='lat' dir='ltr'>item</span> <span class='ocrx_word' id='word_1_904' title='bbox 1623 1099 1734 1130; x_wconf 90' lang='lat' dir='ltr'>magno</span> <span class='ocrx_word' id='word_1_905' title='bbox 1743 1092 1848 1121; x_wconf 90' lang='lat' dir='ltr'>animo</span> <span class='ocrx_word' id='word_1_906' title='bbox 1859 1112 1867 1126; x_wconf 83' lang='lat'>,</span> <span class='ocrx_word' id='word_1_907' title='bbox 1881 1092 1914 1123; x_wconf 77' lang='grc' dir='ltr'>δε</span> <span class='ocrx_word' id='word_1_908' title='bbox 1923 1093 2071 1126; x_wconf 80' lang='lat' dir='ltr'>constanti</span> <span class='ocrx_word' id='word_1_909' title='bbox 2082 1101 2096 1124; x_wconf 91' lang='grc'><em>7</em></span> <span class='ocrx_word' id='word_1_910' title='bbox 2105 1099 2139 1127; x_wconf 90' lang='lat' dir='ltr'>C.</span> 
     </span>
     <span class='ocr_line' id='line_1_101' title="bbox 1184 1129 2138 1176; baseline 0.007 -16"><span class='ocrx_word' id='word_1_911' title='bbox 1184 1130 1325 1160; x_wconf 77' lang='lat' dir='ltr'>Caesetius</span> <span class='ocrx_word' id='word_1_912' title='bbox 1336 1129 1513 1170; x_wconf 88' lang='lat' dir='ltr'>repudiavit.</span> <span class='ocrx_word' id='word_1_913' title='bbox 1536 1132 1597 1172; x_wconf 84' lang='lat' dir='ltr'>Qi</span> <span class='ocrx_word' id='word_1_914' title='bbox 1610 1131 1678 1161; x_wconf 88' lang='lat' dir='ltr'>sunt</span> <span class='ocrx_word' id='word_1_915' title='bbox 1688 1133 1776 1172; x_wconf 86' lang='lat' dir='ltr'>igitur</span> <span class='ocrx_word' id='word_1_916' title='bbox 1784 1133 1891 1174; x_wconf 87' lang='lat' dir='ltr'>reliqui</span> <span class='ocrx_word' id='word_1_917' title='bbox 1902 1153 1910 1168; x_wconf 90' lang='lat'><em>‚</em></span> <span class='ocrx_word' id='word_1_918' title='bbox 1932 1145 2009 1176; x_wconf 87' lang='lat' dir='ltr'>quos</span> <span class='ocrx_word' id='word_1_919' title='bbox 2020 1137 2082 1166; x_wconf 86' lang='lat' dir='ltr'>sors</span> <span class='ocrx_word' id='word_1_920' title='bbox 2092 1138 2138 1167; x_wconf 59' lang='lat' dir='ltr'>di&lt;</span> 
     </span>
     <span class='ocr_line' id='line_1_102' title="bbox 1181 1167 2136 1211; baseline 0.01 -10"><span class='ocrx_word' id='word_1_921' title='bbox 1181 1173 1250 1201; x_wconf 88' lang='lat' dir='ltr'>vina</span> <span class='ocrx_word' id='word_1_922' title='bbox 1260 1171 1407 1202; x_wconf 68' lang='lat' dir='ltr'>deiceret?</span> <span class='ocrx_word' id='word_1_923' title='bbox 1429 1167 1442 1191; x_wconf 86' lang='lat'><em>8</em></span> <span class='ocrx_word' id='word_1_924' title='bbox 1452 1174 1489 1203; x_wconf 87' lang='lat' dir='ltr'>L.</span> <span class='ocrx_word' id='word_1_925' title='bbox 1503 1174 1655 1203; x_wconf 83' lang='lat' dir='ltr'>Antonius</span> <span class='ocrx_word' id='word_1_926' title='bbox 1666 1193 1674 1205; x_wconf 91' lang='lat'>.</span> <span class='ocrx_word' id='word_1_927' title='bbox 1691 1173 1724 1203; x_wconf 89' lang='lat'>&amp;</span> <span class='ocrx_word' id='word_1_928' title='bbox 1734 1175 1780 1204; x_wconf 89' lang='grc' dir='ltr'>Μ.</span> <span class='ocrx_word' id='word_1_929' title='bbox 1792 1177 1954 1206; x_wconf 82' lang='lat' dir='ltr'>Antonius.</span> <span class='ocrx_word' id='word_1_930' title='bbox 1978 1180 2004 1208; x_wconf 95' lang='grc' dir='ltr'>Ο</span> <span class='ocrx_word' id='word_1_931' title='bbox 2013 1177 2136 1211; x_wconf 84' lang='lat' dir='ltr'>felicem</span> 
     </span>
     <span class='ocr_line' id='line_1_103' title="bbox 1179 1214 2137 1255; baseline 0.009 -12"><span class='ocrx_word' id='word_1_932' title='bbox 1179 1216 1325 1255; x_wconf 84' lang='lat' dir='ltr'>uti·umq;&#39;.</span> <span class='ocrx_word' id='word_1_933' title='bbox 1335 1214 1414 1244; x_wconf 87' lang='lat' dir='ltr'>nihil</span> <span class='ocrx_word' id='word_1_934' title='bbox 1424 1216 1508 1244; x_wconf 88' lang='lat' dir='ltr'>enim</span> <span class='ocrx_word' id='word_1_935' title='bbox 1520 1214 1698 1245; x_wconf 86' lang='lat' dir='ltr'>maluerunt.</span> <span class='ocrx_word' id='word_1_936' title='bbox 1714 1218 1904 1247; x_wconf 87' lang='lat' dir='ltr'>C.Antonius</span> <span class='ocrx_word' id='word_1_937' title='bbox 1912 1219 2137 1252; x_wconf 65' lang='lat' dir='ltr'>Macedoniam.</span> 
     </span>
     <span class='ocr_line' id='line_1_104' title="bbox 1179 1255 2136 1298; baseline 0.01 -14"><span class='ocrx_word' id='word_1_938' title='bbox 1179 1256 1260 1285; x_wconf 90' lang='lat' dir='ltr'>hunc</span> <span class='ocrx_word' id='word_1_939' title='bbox 1277 1265 1398 1297; x_wconf 88' lang='lat' dir='ltr'>quoque</span> <span class='ocrx_word' id='word_1_940' title='bbox 1415 1255 1536 1286; x_wconf 86' lang='lat' dir='ltr'>felicem</span> <span class='ocrx_word' id='word_1_941' title='bbox 1548 1276 1557 1290; x_wconf 89' lang='lat'>,</span> <span class='ocrx_word' id='word_1_942' title='bbox 1575 1257 1650 1286; x_wconf 86' lang='lat' dir='ltr'>hanc</span> <span class='ocrx_word' id='word_1_943' title='bbox 1658 1258 1745 1288; x_wconf 80' lang='lat' dir='ltr'>enim</span> <span class='ocrx_word' id='word_1_944' title='bbox 1761 1257 1878 1298; x_wconf 83' lang='lat' dir='ltr'>semper</span> <span class='ocrx_word' id='word_1_945' title='bbox 1895 1259 2021 1292; x_wconf 86' lang='lat' dir='ltr'>habebat</span> <span class='ocrx_word' id='word_1_946' title='bbox 2029 1263 2064 1293; x_wconf 89' lang='lat' dir='ltr'>in</span> <span class='ocrx_word' id='word_1_947' title='bbox 2081 1273 2136 1294; x_wconf 82' lang='lat' dir='ltr'>ore</span> 
     </span>
     <span class='ocr_line' id='line_1_105' title="bbox 1176 1297 2137 1336; baseline 0.01 -10"><span class='ocrx_word' id='word_1_948' title='bbox 1176 1298 1376 1336; x_wconf 88' lang='lat' dir='ltr'>provinciam.</span> <span class='ocrx_word' id='word_1_949' title='bbox 1411 1299 1443 1327; x_wconf 92' lang='lat' dir='ltr'>C.</span> <span class='ocrx_word' id='word_1_950' title='bbox 1456 1297 1598 1328; x_wconf 75' lang='lat' dir='ltr'>Calvisius</span> <span class='ocrx_word' id='word_1_951' title='bbox 1620 1297 1762 1329; x_wconf 88' lang='lat' dir='ltr'>Africam.</span> <span class='ocrx_word' id='word_1_952' title='bbox 1787 1301 1865 1329; x_wconf 82' lang='lat' dir='ltr'>nihil</span> <span class='ocrx_word' id='word_1_953' title='bbox 1885 1300 2015 1333; x_wconf 71' lang='lat' dir='ltr'>felicius.</span> <span class='ocrx_word' id='word_1_954' title='bbox 2039 1303 2137 1336; x_wconf 68' lang='lat' dir='ltr'>modo</span> 
     </span>
     <span class='ocr_line' id='line_1_106' title="bbox 1178 1337 2135 1381; baseline 0.01 -14"><span class='ocrx_word' id='word_1_955' title='bbox 1178 1339 1261 1368; x_wconf 87' lang='lat' dir='ltr'>enim</span> <span class='ocrx_word' id='word_1_956' title='bbox 1273 1348 1311 1368; x_wconf 87' lang='lat' dir='ltr'>ex</span> <span class='ocrx_word' id='word_1_957' title='bbox 1320 1338 1420 1370; x_wconf 87' lang='lat' dir='ltr'>Africa</span> <span class='ocrx_word' id='word_1_958' title='bbox 1430 1337 1604 1373; x_wconf 72' lang='lat' dir='ltr'>decesserat,</span> <span class='ocrx_word' id='word_1_959' title='bbox 1627 1340 1659 1371; x_wconf 68' lang='grc' dir='ltr'>δε</span> <span class='ocrx_word' id='word_1_960' title='bbox 1672 1339 1751 1381; x_wconf 80' lang='lat' dir='ltr'>quasi</span> <span class='ocrx_word' id='word_1_961' title='bbox 1762 1340 1901 1373; x_wconf 84' lang='lat' dir='ltr'>divinans</span> <span class='ocrx_word' id='word_1_962' title='bbox 1912 1344 1941 1373; x_wconf 90' lang='lat' dir='ltr'>se</span> <span class='ocrx_word' id='word_1_963' title='bbox 1954 1345 2135 1381; x_wconf 83' lang='lat' dir='ltr'>rediturum,</span> 
     </span>
     <span class='ocr_line' id='line_1_107' title="bbox 1177 1379 2134 1423; baseline 0.009 -14"><span class='ocrx_word' id='word_1_964' title='bbox 1177 1379 1253 1409; x_wconf 89' lang='lat' dir='ltr'>duos</span> <span class='ocrx_word' id='word_1_965' title='bbox 1264 1381 1373 1421; x_wconf 83' lang='lat' dir='ltr'>legatos</span> <span class='ocrx_word' id='word_1_966' title='bbox 1383 1382 1480 1411; x_wconf 80' lang='lat' dir='ltr'>Uticae</span> <span class='ocrx_word' id='word_1_967' title='bbox 1491 1382 1667 1423; x_wconf 85' lang='lat' dir='ltr'>reliquerat,</span> <span class='ocrx_word' id='word_1_968' title='bbox 1682 1383 1791 1414; x_wconf 89' lang='lat' dir='ltr'>deinde</span> <span class='ocrx_word' id='word_1_969' title='bbox 1804 1387 1819 1410; x_wconf 85' lang='lat'><em>9</em></span> <span class='ocrx_word' id='word_1_970' title='bbox 1832 1386 1975 1416; x_wconf 79' lang='lat' dir='ltr'>M-Iccius</span> <span class='ocrx_word' id='word_1_971' title='bbox 1985 1388 2134 1422; x_wconf 79' lang='lat' dir='ltr'>Siciliam,</span> 
     </span>
     <span class='ocr_line' id='line_1_108' title="bbox 1179 1420 2134 1467; baseline 0.009 -16"><span class='ocrx_word' id='word_1_972' title='bbox 1179 1420 1332 1461; x_wconf 82' lang='lat' dir='ltr'>QCaflius</span> <span class='ocrx_word' id='word_1_973' title='bbox 1344 1423 1530 1463; x_wconf 87' lang='lat' dir='ltr'>Hispaniam.</span> <span class='ocrx_word' id='word_1_974' title='bbox 1554 1433 1619 1454; x_wconf 90' lang='lat' dir='ltr'>non</span> <span class='ocrx_word' id='word_1_975' title='bbox 1630 1423 1725 1454; x_wconf 88' lang='lat' dir='ltr'>habeo</span> <span class='ocrx_word' id='word_1_976' title='bbox 1736 1444 1744 1458; x_wconf 90' lang='lat'>‚</span> <span class='ocrx_word' id='word_1_977' title='bbox 1764 1425 1836 1466; x_wconf 87' lang='lat' dir='ltr'>quid</span> <span class='ocrx_word' id='word_1_978' title='bbox 1846 1426 1984 1467; x_wconf 81' lang='lat' dir='ltr'>suspicer.</span> <span class='ocrx_word' id='word_1_979' title='bbox 2006 1428 2134 1460; x_wconf 83' lang='lat' dir='ltr'>duarum</span> 
     </span>
     <span class='ocr_line' id='line_1_109' title="bbox 1177 1463 2135 1503; baseline 0.01 -11"><span class='ocrx_word' id='word_1_980' title='bbox 1177 1463 1265 1493; x_wconf 88' lang='lat' dir='ltr'>credo</span> <span class='ocrx_word' id='word_1_981' title='bbox 1274 1466 1499 1503; x_wconf 89' lang='lat' dir='ltr'>provinciarum</span> <span class='ocrx_word' id='word_1_982' title='bbox 1510 1465 1613 1495; x_wconf 89' lang='lat' dir='ltr'>sorteis</span> <span class='ocrx_word' id='word_1_983' title='bbox 1623 1465 1726 1496; x_wconf 72' lang='lat' dir='ltr'>minus</span> <span class='ocrx_word' id='word_1_984' title='bbox 1735 1466 1854 1497; x_wconf 86' lang='lat' dir='ltr'>divinas</span> <span class='ocrx_word' id='word_1_985' title='bbox 1863 1466 2022 1500; x_wconf 54' lang='lat' dir='ltr'>furflzesoo</span> <span class='ocrx_word' id='word_1_986' title='bbox 2032 1472 2135 1501; x_wconf 76' lang='lat' dir='ltr'>C.Cae—</span> 
     </span>
     <span class='ocr_line' id='line_1_110' title="bbox 1177 1505 2135 1550; baseline 0.009 -16"><span class='ocrx_word' id='word_1_987' title='bbox 1177 1505 1221 1534; x_wconf 87' lang='lat' dir='ltr'>sar</span> <span class='ocrx_word' id='word_1_988' title='bbox 1231 1525 1239 1538; x_wconf 90' lang='lat'>‚</span> <span class='ocrx_word' id='word_1_989' title='bbox 1260 1505 1491 1544; x_wconf 86' lang='lat' dir='ltr'>(adolescentem</span> <span class='ocrx_word' id='word_1_990' title='bbox 1502 1507 1632 1548; x_wconf 85' lang='lat' dir='ltr'>appello)</span> <span class='ocrx_word' id='word_1_991' title='bbox 1645 1517 1733 1547; x_wconf 89' lang='lat' dir='ltr'>quam</span> <span class='ocrx_word' id='word_1_992' title='bbox 1745 1516 1777 1538; x_wconf 91' lang='lat' dir='ltr'>tu</span> <span class='ocrx_word' id='word_1_993' title='bbox 1780 1508 1906 1549; x_wconf 66' lang='lat' dir='ltr'>sklurem</span> <span class='ocrx_word' id='word_1_994' title='bbox 1915 1510 1983 1550; x_wconf 81' lang='lat' dir='ltr'>reip.</span> <span class='ocrx_word' id='word_1_995' title='bbox 1994 1511 2135 1543; x_wconf 80' lang='lat' dir='ltr'>attulisti?</span> 
     </span>
     <span class='ocr_line' id='line_1_111' title="bbox 1176 1545 2136 1591; baseline 0.008 -15"><span class='ocrx_word' id='word_1_996' title='bbox 1176 1545 1267 1586; x_wconf 72' lang='lat' dir='ltr'>quam</span> <span class='ocrx_word' id='word_1_997' title='bbox 1284 1547 1503 1587; x_wconf 71' lang='lat' dir='ltr'>improvisam-²</span> <span class='ocrx_word' id='word_1_998' title='bbox 1520 1548 1611 1588; x_wconf 73' lang='lat' dir='ltr'>quam</span> <span class='ocrx_word' id='word_1_999' title='bbox 1627 1551 1816 1588; x_wconf 86' lang='lat' dir='ltr'>repentinam</span> <span class='ocrx_word' id='word_1_1000' title='bbox 1827 1554 1838 1576; x_wconf 73' lang='grc' dir='ltr'><em>ἒ</em></span> <span class='ocrx_word' id='word_1_1001' title='bbox 1855 1553 1908 1591; x_wconf 92' lang='lat' dir='ltr'>qui</span> <span class='ocrx_word' id='word_1_1002' title='bbox 1919 1554 2003 1582; x_wconf 86' lang='lat' dir='ltr'>enim</span> <span class='ocrx_word' id='word_1_1003' title='bbox 2013 1554 2076 1584; x_wconf 82' lang='lat' dir='ltr'>haec</span> <span class='ocrx_word' id='word_1_1004' title='bbox 2085 1553 2136 1584; x_wconf 81' lang='lat' dir='ltr'>fu·-</span> 
     </span>
     <span class='ocr_line' id='line_1_112' title="bbox 1175 1587 2134 1631; baseline 0.01 -14"><span class='ocrx_word' id='word_1_1005' title='bbox 1175 1590 1258 1628; x_wconf 87' lang='lat' dir='ltr'>giens</span> <span class='ocrx_word' id='word_1_1006' title='bbox 1269 1587 1372 1619; x_wconf 87' lang='lat' dir='ltr'>fecerit</span> <span class='ocrx_word' id='word_1_1007' title='bbox 1382 1610 1391 1622; x_wconf 90' lang='lat'>,</span> <span class='ocrx_word' id='word_1_1008' title='bbox 1412 1589 1485 1630; x_wconf 88' lang='lat' dir='ltr'>quid</span> <span class='ocrx_word' id='word_1_1009' title='bbox 1498 1588 1605 1620; x_wconf 86' lang='lat' dir='ltr'>faceret</span> <span class='ocrx_word' id='word_1_1010' title='bbox 1616 1591 1796 1631; x_wconf 84' lang='lat' dir='ltr'>insequens?</span> <span class='ocrx_word' id='word_1_1011' title='bbox 1814 1593 1931 1623; x_wconf 89' lang='lat' dir='ltr'>etenim</span> <span class='ocrx_word' id='word_1_1012' title='bbox 1940 1595 1974 1623; x_wconf 87' lang='lat' dir='ltr'>in</span> <span class='ocrx_word' id='word_1_1013' title='bbox 1983 1597 2134 1627; x_wconf 86' lang='lat' dir='ltr'>concione</span> 
     </span>
     <span class='ocr_line' id='line_1_113' title="bbox 1175 1630 2134 1674; baseline 0.009 -14"><span class='ocrx_word' id='word_1_1014' title='bbox 1175 1630 1310 1664; x_wconf 80' lang='lat' dir='ltr'>dixerat,</span> <span class='ocrx_word' id='word_1_1015' title='bbox 1330 1631 1359 1660; x_wconf 85' lang='lat' dir='ltr'>se</span> <span class='ocrx_word' id='word_1_1016' title='bbox 1369 1630 1524 1662; x_wconf 87' lang='lat' dir='ltr'>custodem</span> <span class='ocrx_word' id='word_1_1017' title='bbox 1542 1630 1680 1661; x_wconf 83' lang='lat' dir='ltr'>futurum</span> <span class='ocrx_word' id='word_1_1018' title='bbox 1695 1632 1778 1663; x_wconf 84' lang='lat' dir='ltr'>urbis</span> <span class='ocrx_word' id='word_1_1019' title='bbox 1795 1644 1802 1662; x_wconf 89' lang='lat'>:</span> <span class='ocrx_word' id='word_1_1020' title='bbox 1826 1633 1917 1674; x_wconf 88' lang='lat' dir='ltr'>usque</span> <span class='ocrx_word' id='word_1_1021' title='bbox 1935 1634 1971 1665; x_wconf 85' lang='lat' dir='ltr'>ad</span> <span class='ocrx_word' id='word_1_1022' title='bbox 1980 1637 2134 1669; x_wconf 77' lang='lat' dir='ltr'>Kalendas</span> 
     </span>
     <span class='ocr_line' id='line_1_114' title="bbox 1174 1672 2135 1715; baseline 0.005 -14"><span class='ocrx_word' id='word_1_1023' title='bbox 1174 1672 1268 1710; x_wconf 86' lang='lat' dir='ltr'>Majas</span> <span class='ocrx_word' id='word_1_1024' title='bbox 1277 1672 1313 1703; x_wconf 88' lang='lat' dir='ltr'>ad</span> <span class='ocrx_word' id='word_1_1025' title='bbox 1326 1672 1431 1703; x_wconf 85' lang='lat' dir='ltr'>urbem</span> <span class='ocrx_word' id='word_1_1026' title='bbox 1441 1674 1606 1704; x_wconf 83' lang='lat' dir='ltr'>exercitum</span> <span class='ocrx_word' id='word_1_1027' title='bbox 1619 1674 1800 1705; x_wconf 84' lang='lat' dir='ltr'>habiturum.</span> <span class='ocrx_word' id='word_1_1028' title='bbox 1824 1678 1851 1704; x_wconf 93' lang='lat' dir='ltr'>O</span> <span class='ocrx_word' id='word_1_1029' title='bbox 1860 1676 2033 1715; x_wconf 86' lang='lat' dir='ltr'>praeclarum</span> <span class='ocrx_word' id='word_1_1030' title='bbox 2046 1677 2135 1715; x_wconf 74' lang='lat' dir='ltr'>custo..</span> 
     </span>
     <span class='ocr_line' id='line_1_115' title="bbox 1174 1713 2133 1761; baseline 0.01 -19"><span class='ocrx_word' id='word_1_1031' title='bbox 1174 1713 1236 1743; x_wconf 88' lang='lat' dir='ltr'>dem</span> <span class='ocrx_word' id='word_1_1032' title='bbox 1253 1715 1351 1744; x_wconf 79' lang='lat' dir='ltr'>ovium</span> <span class='ocrx_word' id='word_1_1033' title='bbox 1367 1713 1413 1753; x_wconf 92' lang='lat' dir='ltr'>(ut</span> <span class='ocrx_word' id='word_1_1034' title='bbox 1421 1715 1515 1756; x_wconf 79' lang='lat' dir='ltr'>ajunt)</span> <span class='ocrx_word' id='word_1_1035' title='bbox 1526 1715 1643 1755; x_wconf 88' lang='lat' dir='ltr'>lupum.</span> <span class='ocrx_word' id='word_1_1036' title='bbox 1669 1715 1805 1746; x_wconf 86' lang='lat' dir='ltr'>custosne</span> <span class='ocrx_word' id='word_1_1037' title='bbox 1820 1717 1901 1748; x_wconf 87' lang='lat' dir='ltr'>urbis</span> <span class='ocrx_word' id='word_1_1038' title='bbox 1913 1738 1922 1751; x_wconf 90' lang='lat'>,</span> <span class='ocrx_word' id='word_1_1039' title='bbox 1942 1729 1979 1749; x_wconf 87' lang='lat' dir='ltr'>an</span> <span class='ocrx_word' id='word_1_1040' title='bbox 1988 1719 2133 1761; x_wconf 83' lang='lat' dir='ltr'>direptor,</span> 
     </span>
     <span class='ocr_line' id='line_1_116' title="bbox 1175 1755 2133 1799; baseline 0.009 -14"><span class='ocrx_word' id='word_1_1041' title='bbox 1175 1755 1209 1785; x_wconf 75' lang='grc' dir='ltr'>δε</span> <span class='ocrx_word' id='word_1_1042' title='bbox 1222 1766 1345 1787; x_wconf 83' lang='lat' dir='ltr'>vexator</span> <span class='ocrx_word' id='word_1_1043' title='bbox 1361 1755 1432 1787; x_wconf 82' lang='lat' dir='ltr'>efl&#39;et</span> <span class='ocrx_word' id='word_1_1044' title='bbox 1441 1758 1616 1787; x_wconf 81' lang='lat' dir='ltr'>Antonius?</span> <span class='ocrx_word' id='word_1_1045' title='bbox 1637 1760 1674 1788; x_wconf 90' lang='lat' dir='ltr'>Et</span> <span class='ocrx_word' id='word_1_1046' title='bbox 1692 1758 1817 1799; x_wconf 87' lang='lat' dir='ltr'>quidem</span> <span class='ocrx_word' id='word_1_1047' title='bbox 1835 1759 1864 1789; x_wconf 88' lang='lat' dir='ltr'>se</span> <span class='ocrx_word' id='word_1_1048' title='bbox 1883 1761 2078 1793; x_wconf 87' lang='lat' dir='ltr'>introiturum</span> <span class='ocrx_word' id='word_1_1049' title='bbox 2097 1764 2133 1794; x_wconf 78' lang='lat' dir='ltr'>in</span> 
     </span>
     <span class='ocr_line' id='line_1_117' title="bbox 1175 1797 2130 1842; baseline 0.007 -15"><span class='ocrx_word' id='word_1_1050' title='bbox 1175 1797 1282 1827; x_wconf 89' lang='lat' dir='ltr'>urbem</span> <span class='ocrx_word' id='word_1_1051' title='bbox 1294 1799 1373 1829; x_wconf 85' lang='lat' dir='ltr'>dixit</span> <span class='ocrx_word' id='word_1_1052' title='bbox 1382 1818 1391 1833; x_wconf 92' lang='lat'>,</span> <span class='ocrx_word' id='word_1_1053' title='bbox 1410 1800 1624 1839; x_wconf 84' lang='lat' dir='ltr'>exiturumque</span> <span class='ocrx_word' id='word_1_1054' title='bbox 1635 1798 1706 1829; x_wconf 70' lang='lat' dir='ltr'>curn</span> <span class='ocrx_word' id='word_1_1055' title='bbox 1719 1799 1818 1830; x_wconf 88' lang='lat' dir='ltr'>vellet.</span> <span class='ocrx_word' id='word_1_1056' title='bbox 1842 1800 1923 1842; x_wconf 85' lang='lat' dir='ltr'>Qid</span> <span class='ocrx_word' id='word_1_1057' title='bbox 1935 1801 2032 1833; x_wconf 80' lang='lat' dir='ltr'>illud?</span> <span class='ocrx_word' id='word_1_1058' title='bbox 2050 1814 2130 1835; x_wconf 85' lang='lat' dir='ltr'>non-</span> 
     </span>
     <span class='ocr_line' id='line_1_118' title="bbox 1173 1839 2129 1880; baseline 0.008 -11"><span class='ocrx_word' id='word_1_1059' title='bbox 1173 1848 1210 1868; x_wconf 88' lang='lat' dir='ltr'>ne</span> <span class='ocrx_word' id='word_1_1060' title='bbox 1220 1839 1359 1870; x_wconf 87' lang='lat' dir='ltr'>audiente</span> <span class='ocrx_word' id='word_1_1061' title='bbox 1377 1841 1492 1880; x_wconf 88' lang='lat' dir='ltr'>populo</span> <span class='ocrx_word' id='word_1_1062' title='bbox 1503 1860 1511 1875; x_wconf 91' lang='lat'>‚</span> <span class='ocrx_word' id='word_1_1063' title='bbox 1531 1841 1635 1870; x_wconf 83' lang='lat' dir='ltr'>sedens</span> <span class='ocrx_word' id='word_1_1064' title='bbox 1649 1851 1703 1880; x_wconf 87' lang='lat' dir='ltr'>pro</span> <span class='ocrx_word' id='word_1_1065' title='bbox 1717 1841 1778 1872; x_wconf 82' lang='lat' dir='ltr'>aede</span> <span class='ocrx_word' id='word_1_1066' title='bbox 1789 1840 1933 1876; x_wconf 84' lang='lat' dir='ltr'>Castoris,</span> <span class='ocrx_word' id='word_1_1067' title='bbox 1953 1842 2052 1879; x_wconf 86' lang='lat' dir='ltr'>dixit,</span> <span class='ocrx_word' id='word_1_1068' title='bbox 2072 1845 2129 1877; x_wconf 75' lang='lat' dir='ltr'>nisi</span> 
     </span>
     <span class='ocr_line' id='line_1_119' title="bbox 1171 1880 2129 1926; baseline 0.008 -16"><span class='ocrx_word' id='word_1_1069' title='bbox 1171 1882 1223 1920; x_wconf 88' lang='lat' dir='ltr'>qui</span> <span class='ocrx_word' id='word_1_1070' title='bbox 1234 1880 1366 1916; x_wconf 83' lang='lat' dir='ltr'>vicisset,</span> <span class='ocrx_word' id='word_1_1071' title='bbox 1385 1881 1538 1912; x_wconf 64' lang='lat' dir='ltr'>victurum</span> <span class='ocrx_word' id='word_1_1072' title='bbox 1548 1884 1728 1912; x_wconf 84' lang='lat' dir='ltr'>neminem?</span> <span class='ocrx_word' id='word_1_1073' title='bbox 1751 1882 1910 1913; x_wconf 89' lang='lat' dir='ltr'>Hodierno</span> <span class='ocrx_word' id='word_1_1074' title='bbox 1920 1883 1969 1914; x_wconf 87' lang='lat' dir='ltr'>die</span> <span class='ocrx_word' id='word_1_1075' title='bbox 1977 1880 2129 1926; x_wconf 72' lang='lat' dir='ltr'>primum.</span> 
     </span>
     <span class='ocr_line' id='line_1_120' title="bbox 1171 1922 2130 1971; baseline 0.006 -18"><span class='ocrx_word' id='word_1_1076' title='bbox 1171 1923 1245 1953; x_wconf 72' lang='lat' dir='ltr'>Rc.</span> <span class='ocrx_word' id='word_1_1077' title='bbox 1265 1923 1359 1963; x_wconf 86' lang='lat' dir='ltr'>longo</span> <span class='ocrx_word' id='word_1_1078' title='bbox 1378 1924 1537 1953; x_wconf 84' lang='lat' dir='ltr'>intervallo</span> <span class='ocrx_word' id='word_1_1079' title='bbox 1557 1925 1588 1953; x_wconf 87' lang='lat' dir='ltr'>in</span> <span class='ocrx_word' id='word_1_1080' title='bbox 1602 1922 2130 1971; x_wconf 72' lang='lat' dir='ltr'>possessionemlibertatispedempo-</span> 
     </span>
     <span class='ocr_line' id='line_1_121' title="bbox 1169 1962 2128 2005; baseline 0.009 -14"><span class='ocrx_word' id='word_1_1081' title='bbox 1169 1962 1284 1992; x_wconf 66' lang='lat' dir='ltr'>nimus:</span> <span class='ocrx_word' id='word_1_1082' title='bbox 1304 1965 1389 2004; x_wconf 89' lang='lat' dir='ltr'>cujus</span> <span class='ocrx_word' id='word_1_1083' title='bbox 1401 1964 1526 2004; x_wconf 88' lang='lat' dir='ltr'>quidem</span> <span class='ocrx_word' id='word_1_1084' title='bbox 1541 1975 1555 1994; x_wconf 90' lang='lat' dir='ltr'>e</span> <span class='ocrx_word' id='word_1_1085' title='bbox 1577 1974 1595 1994; x_wconf 94' lang='lat' dir='ltr'>o</span> <span class='ocrx_word' id='word_1_1086' title='bbox 1607 1984 1615 1998; x_wconf 88' lang='lat'>,</span> <span class='ocrx_word' id='word_1_1087' title='bbox 1635 1965 1732 2005; x_wconf 81' lang='lat' dir='ltr'>quoad</span> <span class='ocrx_word' id='word_1_1088' title='bbox 1748 1967 1852 2005; x_wconf 89' lang='lat' dir='ltr'>potui,</span> <span class='ocrx_word' id='word_1_1089' title='bbox 1874 1976 1939 1997; x_wconf 90' lang='lat' dir='ltr'>non</span> <span class='ocrx_word' id='word_1_1090' title='bbox 1958 1969 2055 2000; x_wconf 74' lang='lat' dir='ltr'>modo</span> <span class='ocrx_word' id='word_1_1091' title='bbox 2073 1971 2128 2000; x_wconf 86' lang='lat' dir='ltr'>de-</span> 
     </span>
     <span class='ocr_line' id='line_1_122' title="bbox 1167 2002 2124 2042; baseline 0.011 -10"><span class='ocrx_word' id='word_1_1092' title='bbox 1167 2002 1288 2038; x_wconf 84' lang='lat' dir='ltr'>fensor,</span> <span class='ocrx_word' id='word_1_1093' title='bbox 1307 2005 1358 2036; x_wconf 81' lang='lat' dir='ltr'>sed</span> <span class='ocrx_word' id='word_1_1094' title='bbox 1376 2008 1467 2036; x_wconf 90' lang='lat' dir='ltr'>etiam</span> <span class='ocrx_word' id='word_1_1095' title='bbox 1485 2016 1545 2036; x_wconf 91' lang='lat' dir='ltr'>con</span> <span class='ocrx_word' id='word_1_1096' title='bbox 1560 2015 1676 2036; x_wconf 85' lang='lat' dir='ltr'>ervator</span> <span class='ocrx_word' id='word_1_1097' title='bbox 1687 2005 1741 2036; x_wconf 84' lang='lat' dir='ltr'>fui.</span> <span class='ocrx_word' id='word_1_1098' title='bbox 1764 2006 1837 2036; x_wconf 73' lang='lat' dir='ltr'>cum</span> <span class='ocrx_word' id='word_1_1099' title='bbox 1855 2017 1955 2039; x_wconf 87' lang='lat' dir='ltr'>autem</span> <span class='ocrx_word' id='word_1_1100' title='bbox 1974 2010 2006 2040; x_wconf 91' lang='lat' dir='ltr'>id</span> <span class='ocrx_word' id='word_1_1101' title='bbox 2024 2010 2124 2042; x_wconf 82' lang='lat' dir='ltr'>facere</span> 
     </span>
     <span class='ocr_line' id='line_1_123' title="bbox 1170 2045 2128 2094; baseline 0.008 -18"><span class='ocrx_word' id='word_1_1102' title='bbox 1170 2049 1197 2065; x_wconf 86' lang='lat'>¹²</span> <span class='ocrx_word' id='word_1_1103' title='bbox 1207 2056 1271 2076; x_wconf 91' lang='lat' dir='ltr'>non</span> <span class='ocrx_word' id='word_1_1104' title='bbox 1282 2045 1397 2086; x_wconf 81' lang='lat' dir='ltr'>poffem</span> <span class='ocrx_word' id='word_1_1105' title='bbox 1409 2067 1417 2080; x_wconf 91' lang='lat'>‚</span> <span class='ocrx_word' id='word_1_1106' title='bbox 1430 2048 1532 2088; x_wconf 88' lang='lat' dir='ltr'>quievi</span> <span class='ocrx_word' id='word_1_1107' title='bbox 1545 2058 1550 2076; x_wconf 90' lang='lat'>:</span> <span class='ocrx_word' id='word_1_1108' title='bbox 1570 2057 1625 2077; x_wconf 90' lang='lat' dir='ltr'>nec</span> <span class='ocrx_word' id='word_1_1109' title='bbox 1634 2047 1748 2087; x_wconf 74' lang='lat' dir='ltr'>abjecte</span> <span class='ocrx_word' id='word_1_1110' title='bbox 1760 2069 1770 2082; x_wconf 61' lang='lat'><em>0</em></span> <span class='ocrx_word' id='word_1_1111' title='bbox 1782 2059 1838 2079; x_wconf 91' lang='lat' dir='ltr'>nec</span> <span class='ocrx_word' id='word_1_1112' title='bbox 1848 2047 1908 2080; x_wconf 84' lang='lat' dir='ltr'>fine</span> <span class='ocrx_word' id='word_1_1113' title='bbox 1917 2051 2015 2092; x_wconf 87' lang='lat' dir='ltr'>aliqua</span> <span class='ocrx_word' id='word_1_1114' title='bbox 2025 2052 2128 2094; x_wconf 90' lang='lat' dir='ltr'>digni-</span> 
     </span>
     <span class='ocr_line' id='line_1_124' title="bbox 1168 2089 2122 2129; baseline 0.009 -13"><span class='ocrx_word' id='word_1_1115' title='bbox 1168 2095 1224 2118; x_wconf 84' lang='lat' dir='ltr'>tate</span> <span class='ocrx_word' id='word_1_1116' title='bbox 1236 2089 1337 2119; x_wconf 88' lang='lat' dir='ltr'>casum</span> <span class='ocrx_word' id='word_1_1117' title='bbox 1353 2089 1442 2119; x_wconf 90' lang='lat' dir='ltr'>illurn</span> <span class='ocrx_word' id='word_1_1118' title='bbox 1458 2097 1629 2129; x_wconf 88' lang='lat' dir='ltr'>temporum</span> <span class='ocrx_word' id='word_1_1119' title='bbox 1642 2109 1650 2122; x_wconf 82' lang='grc'><strong><em>.</em></strong></span> <span class='ocrx_word' id='word_1_1120' title='bbox 1671 2089 1704 2119; x_wconf 87' lang='lat'>&amp;</span> <span class='ocrx_word' id='word_1_1121' title='bbox 1714 2089 1853 2120; x_wconf 89' lang='lat' dir='ltr'>dolorem</span> <span class='ocrx_word' id='word_1_1122' title='bbox 1864 2092 1929 2122; x_wconf 88' lang='lat' dir='ltr'>tuli.</span> <span class='ocrx_word' id='word_1_1123' title='bbox 1953 2095 2039 2124; x_wconf 87' lang='lat' dir='ltr'>Hanc</span> <span class='ocrx_word' id='word_1_1124' title='bbox 2049 2093 2122 2125; x_wconf 71' lang='lat' dir='ltr'>verb</span> 
     </span>
     <span class='ocr_line' id='line_1_125' title="bbox 1166 2130 2122 2177; baseline 0.008 -18"><span class='ocrx_word' id='word_1_1125' title='bbox 1166 2132 1356 2160; x_wconf 68' lang='lat' dir='ltr'>taeterrimam</span> <span class='ocrx_word' id='word_1_1126' title='bbox 1366 2130 1496 2160; x_wconf 90' lang='lat' dir='ltr'>belluam</span> <span class='ocrx_word' id='word_1_1127' title='bbox 1508 2150 1516 2164; x_wconf 90' lang='lat'>‚</span> <span class='ocrx_word' id='word_1_1128' title='bbox 1527 2132 1594 2171; x_wconf 88' lang='lat' dir='ltr'>quis</span> <span class='ocrx_word' id='word_1_1129' title='bbox 1604 2130 1679 2160; x_wconf 82' lang='lat' dir='ltr'>ferre</span> <span class='ocrx_word' id='word_1_1130' title='bbox 1687 2130 1792 2170; x_wconf 76' lang='lat' dir='ltr'>posset,</span> <span class='ocrx_word' id='word_1_1131' title='bbox 1804 2142 1853 2162; x_wconf 90' lang='lat' dir='ltr'>aut</span> <span class='ocrx_word' id='word_1_1132' title='bbox 1861 2135 2040 2174; x_wconf 82' lang='lat' dir='ltr'>quomodo?</span> <span class='ocrx_word' id='word_1_1133' title='bbox 2049 2137 2122 2177; x_wconf 70' lang='lat' dir='ltr'>quid</span> 
     </span>
    </p>
   </div>
   <div class='ocr_carea' id='block_1_22' title="bbox 1142 2170 2122 2216">
    <p class='ocr_par' dir='ltr' id='par_1_25' title="bbox 1142 2170 2122 2216">
     <span class='ocr_line' id='line_1_126' title="bbox 1142 2170 2122 2216; baseline 0.008 -16"><span class='ocrx_word' id='word_1_1134' title='bbox 1142 2177 1144 2187; x_wconf 77' lang='lat'>¹</span> <span class='ocrx_word' id='word_1_1135' title='bbox 1166 2170 1251 2201; x_wconf 80' lang='lat' dir='ltr'>estin</span> <span class='ocrx_word' id='word_1_1136' title='bbox 1263 2174 1400 2202; x_wconf 86' lang='lat' dir='ltr'>Antonio</span> <span class='ocrx_word' id='word_1_1137' title='bbox 1413 2191 1421 2206; x_wconf 90' lang='lat'>,</span> <span class='ocrx_word' id='word_1_1138' title='bbox 1432 2180 1535 2212; x_wconf 80' lang='lat' dir='ltr'>praeter</span> <span class='ocrx_word' id='word_1_1139' title='bbox 1545 2171 1707 2202; x_wconf 85' lang='lat' dir='ltr'>libidinem</span> <span class='ocrx_word' id='word_1_1140' title='bbox 1720 2193 1728 2206; x_wconf 90' lang='lat'>,</span> <span class='ocrx_word' id='word_1_1141' title='bbox 1743 2173 1947 2206; x_wconf 87' lang='lat' dir='ltr'>crudelitatem</span> <span class='ocrx_word' id='word_1_1142' title='bbox 1961 2197 1969 2210; x_wconf 93' lang='lat'><em>‚</em></span> <span class='ocrx_word' id='word_1_1143' title='bbox 1984 2179 2122 2216; x_wconf 46' lang='lat' dir='ltr'>perulam„</span> 
     </span>
    </p>
   </div>
   <div class='ocr_carea' id='block_1_23' title="bbox 1163 2213 2122 2260">
    <p class='ocr_par' dir='ltr' id='par_1_26' title="bbox 1163 2213 2122 2260">
     <span class='ocr_line' id='line_1_127' title="bbox 1163 2213 2122 2260; baseline 0.009 -19"><span class='ocrx_word' id='word_1_1144' title='bbox 1163 2213 1236 2243; x_wconf 87' lang='lat' dir='ltr'>tiam</span> <span class='ocrx_word' id='word_1_1145' title='bbox 1247 2233 1256 2246; x_wconf 89' lang='lat'>‚</span> <span class='ocrx_word' id='word_1_1146' title='bbox 1272 2213 1421 2244; x_wconf 85' lang='lat' dir='ltr'>audaciam</span> <span class='ocrx_word' id='word_1_1147' title='bbox 1434 2218 1444 2239; x_wconf 65' lang='grc' dir='ltr'><strong><em>ἓ</em></strong></span> <span class='ocrx_word' id='word_1_1148' title='bbox 1457 2223 1495 2243; x_wconf 88' lang='lat' dir='ltr'>ex</span> <span class='ocrx_word' id='word_1_1149' title='bbox 1505 2214 1552 2243; x_wconf 88' lang='lat' dir='ltr'>his</span> <span class='ocrx_word' id='word_1_1150' title='bbox 1561 2222 1639 2243; x_wconf 86' lang='lat' dir='ltr'>totus</span> <span class='ocrx_word' id='word_1_1151' title='bbox 1649 2215 1859 2255; x_wconf 72' lang='lat' dir='ltr'>conglutinatus</span> <span class='ocrx_word' id='word_1_1152' title='bbox 1867 2215 1922 2246; x_wconf 63' lang='lat' dir='ltr'>eft.</span> <span class='ocrx_word' id='word_1_1153' title='bbox 1946 2219 2024 2248; x_wconf 80' lang='lat' dir='ltr'>nihil</span> <span class='ocrx_word' id='word_1_1154' title='bbox 2034 2230 2122 2260; x_wconf 59' lang='lat' dir='ltr'>appi-</span> 
     </span>
    </p>
   </div>
   <div class='ocr_carea' id='block_1_24' title="bbox 1159 2295 2120 2464">
    <p class='ocr_par' dir='ltr' id='par_1_27' title="bbox 1159 2295 2120 2464">
     <span class='ocr_line' id='line_1_128' title="bbox 1160 2295 2120 2338; baseline 0.009 -14"><span class='ocrx_word' id='word_1_1155' title='bbox 1160 2295 1203 2324; x_wconf 91' lang='lat' dir='ltr'>hil</span> <span class='ocrx_word' id='word_1_1156' title='bbox 1214 2296 1370 2335; x_wconf 85' lang='lat' dir='ltr'>pudicum.</span> <span class='ocrx_word' id='word_1_1157' title='bbox 1393 2299 1588 2338; x_wconf 87' lang='lat' dir='ltr'>Qapropter,</span> <span class='ocrx_word' id='word_1_1158' title='bbox 1598 2299 1743 2337; x_wconf 88' lang='lat' dir='ltr'>quoniam</span> <span class='ocrx_word' id='word_1_1159' title='bbox 1753 2308 1798 2328; x_wconf 88' lang='lat' dir='ltr'>res</span> <span class='ocrx_word' id='word_1_1160' title='bbox 1806 2300 1840 2329; x_wconf 87' lang='lat' dir='ltr'>in</span> <span class='ocrx_word' id='word_1_1161' title='bbox 1856 2299 1886 2330; x_wconf 91' lang='lat' dir='ltr'>id</span> <span class='ocrx_word' id='word_1_1162' title='bbox 1896 2299 2057 2332; x_wconf 59' lang='lat' dir='ltr'>discrimen</span> <span class='ocrx_word' id='word_1_1163' title='bbox 2069 2304 2120 2333; x_wconf 32' lang='lat' dir='ltr'>adr-</span> 
     </span>
     <span class='ocr_line' id='line_1_129' title="bbox 1161 2336 2116 2380; baseline 0.007 -13"><span class='ocrx_word' id='word_1_1164' title='bbox 1161 2336 1250 2368; x_wconf 66' lang='lat' dir='ltr'>dueta</span> <span class='ocrx_word' id='word_1_1165' title='bbox 1259 2337 1301 2368; x_wconf 90' lang='lat' dir='ltr'>est</span> <span class='ocrx_word' id='word_1_1166' title='bbox 1313 2358 1323 2371; x_wconf 85' lang='lat'><strong>‚</strong></span> <span class='ocrx_word' id='word_1_1167' title='bbox 1344 2337 1447 2368; x_wconf 70' lang='lat' dir='ltr'>utrum</span> <span class='ocrx_word' id='word_1_1168' title='bbox 1465 2338 1517 2368; x_wconf 86' lang='lat' dir='ltr'>ille</span> <span class='ocrx_word' id='word_1_1169' title='bbox 1533 2348 1636 2378; x_wconf 83' lang='lat' dir='ltr'>peenas</span> <span class='ocrx_word' id='word_1_1170' title='bbox 1646 2341 1717 2380; x_wconf 88' lang='lat' dir='ltr'>reip.</span> <span class='ocrx_word' id='word_1_1171' title='bbox 1730 2340 1810 2374; x_wconf 84' lang='lat' dir='ltr'>luat,</span> <span class='ocrx_word' id='word_1_1172' title='bbox 1831 2351 1868 2371; x_wconf 86' lang='lat' dir='ltr'>an</span> <span class='ocrx_word' id='word_1_1173' title='bbox 1879 2351 1935 2372; x_wconf 85' lang='lat' dir='ltr'>nos</span> <span class='ocrx_word' id='word_1_1174' title='bbox 1944 2343 2116 2374; x_wconf 64' lang='lat' dir='ltr'>serviminisu</span> 
     </span>
     <span class='ocr_line' id='line_1_130' title="bbox 1159 2379 2116 2422; baseline 0.007 -14"><span class='ocrx_word' id='word_1_1175' title='bbox 1159 2379 1321 2420; x_wconf 87' lang='lat' dir='ltr'>aliquando</span> <span class='ocrx_word' id='word_1_1176' title='bbox 1332 2400 1342 2413; x_wconf 85' lang='lat'>,</span> <span class='ocrx_word' id='word_1_1177' title='bbox 1356 2390 1408 2420; x_wconf 88' lang='lat' dir='ltr'>per</span> <span class='ocrx_word' id='word_1_1178' title='bbox 1417 2380 1490 2411; x_wconf 87' lang='lat' dir='ltr'>deos</span> <span class='ocrx_word' id='word_1_1179' title='bbox 1504 2381 1703 2411; x_wconf 86' lang='lat' dir='ltr'>immortaleis</span> <span class='ocrx_word' id='word_1_1180' title='bbox 1712 2402 1720 2415; x_wconf 92' lang='lat'>‚</span> <span class='ocrx_word' id='word_1_1181' title='bbox 1737 2384 1767 2412; x_wconf 89' lang='lat' dir='ltr'>P.</span> <span class='ocrx_word' id='word_1_1182' title='bbox 1781 2385 1814 2412; x_wconf 90' lang='lat' dir='ltr'>C.</span> <span class='ocrx_word' id='word_1_1183' title='bbox 1826 2385 1954 2422; x_wconf 81' lang='lat' dir='ltr'>patrium</span> <span class='ocrx_word' id='word_1_1184' title='bbox 1965 2387 2116 2419; x_wconf 62' lang='lat' dir='ltr'>animum.</span> 
     </span>
     <span class='ocr_line' id='line_1_131' title="bbox 1159 2422 2115 2464; baseline 0.007 -14"><span class='ocrx_word' id='word_1_1185' title='bbox 1159 2422 1364 2462; x_wconf 88' lang='lat' dir='ltr'>virtutemque</span> <span class='ocrx_word' id='word_1_1186' title='bbox 1372 2423 1536 2462; x_wconf 84' lang='lat' dir='ltr'>capiamus,</span> <span class='ocrx_word' id='word_1_1187' title='bbox 1547 2431 1580 2452; x_wconf 89' lang='lat' dir='ltr'>ut</span> <span class='ocrx_word' id='word_1_1188' title='bbox 1589 2432 1638 2453; x_wconf 88' lang='lat' dir='ltr'>aut</span> <span class='ocrx_word' id='word_1_1189' title='bbox 1647 2423 1812 2454; x_wconf 87' lang='lat' dir='ltr'>libertatem</span> <span class='ocrx_word' id='word_1_1190' title='bbox 1822 2428 1972 2464; x_wconf 83' lang='lat' dir='ltr'>propriam</span> <span class='ocrx_word' id='word_1_1191' title='bbox 1982 2429 2115 2457; x_wconf 81' lang='lat' dir='ltr'>Romani</span> 
     </span>
    </p>
   </div>
   <div class='ocr_carea' id='block_1_25' title="bbox 156 2458 2115 2505">
    <p class='ocr_par' dir='ltr' id='par_1_28' title="bbox 156 2458 2115 2505">
     <span class='ocr_line' id='line_1_132' title="bbox 156 2458 2115 2505; baseline 0.005 -16"><span class='ocrx_word' id='word_1_1192' title='bbox 156 2459 250 2500; x_wconf 69' lang='lat' dir='ltr'>quam</span> <span class='ocrx_word' id='word_1_1193' title='bbox 262 2460 369 2489; x_wconf 86' lang='lat' dir='ltr'>misera</span> <span class='ocrx_word' id='word_1_1194' title='bbox 376 2458 460 2500; x_wconf 87' lang='lat' dir='ltr'>fuga?</span> <span class='ocrx_word' id='word_1_1195' title='bbox 482 2460 572 2501; x_wconf 69' lang='lat' dir='ltr'>quam</span> <span class='ocrx_word' id='word_1_1196' title='bbox 583 2459 681 2490; x_wconf 82' lang='lat' dir='ltr'>foeda?</span> <span class='ocrx_word' id='word_1_1197' title='bbox 701 2460 790 2501; x_wconf 74' lang='lat' dir='ltr'>quam</span> <span class='ocrx_word' id='word_1_1198' title='bbox 804 2462 913 2500; x_wconf 86' lang='lat' dir='ltr'>turpis?</span> <span class='ocrx_word' id='word_1_1199' title='bbox 926 2460 1061 2500; x_wconf 76' lang='lat' dir='ltr'>praeclara</span> <span class='ocrx_word' id='word_1_1200' title='bbox 1071 2469 1113 2491; x_wconf 88' lang='lat' dir='ltr'>ta-</span> <span class='ocrx_word' id='word_1_1201' title='bbox 1136 2480 1138 2500; x_wconf 51' lang='lat'><em>2</em></span> <span class='ocrx_word' id='word_1_1202' title='bbox 1157 2465 1273 2502; x_wconf 75' lang='lat' dir='ltr'>generis</span> <span class='ocrx_word' id='word_1_1203' title='bbox 1284 2483 1292 2496; x_wconf 90' lang='lat'>,</span> <span class='ocrx_word' id='word_1_1204' title='bbox 1307 2464 1339 2493; x_wconf 90' lang='lat'>&amp;</span> <span class='ocrx_word' id='word_1_1205' title='bbox 1349 2465 1487 2494; x_wconf 87' lang='lat' dir='ltr'>nominis</span> <span class='ocrx_word' id='word_1_1206' title='bbox 1496 2474 1704 2503; x_wconf 81' lang='lat' dir='ltr'>recuperemus</span> <span class='ocrx_word' id='word_1_1207' title='bbox 1714 2485 1722 2498; x_wconf 92' lang='lat'>‚</span> <span class='ocrx_word' id='word_1_1208' title='bbox 1736 2474 1785 2495; x_wconf 90' lang='lat' dir='ltr'>aut</span> <span class='ocrx_word' id='word_1_1209' title='bbox 1794 2468 2053 2505; x_wconf 78' lang='lat' dir='ltr'>mortemscrvituti</span> <span class='ocrx_word' id='word_1_1210' title='bbox 2062 2479 2115 2499; x_wconf 78' lang='lat' dir='ltr'>an-</span> 
     </span>
    </p>
   </div>
   <div class='ocr_carea' id='block_1_26' title="bbox 1157 2506 2116 2587">
    <p class='ocr_par' dir='ltr' id='par_1_29' title="bbox 1157 2506 2116 2587">
     <span class='ocr_line' id='line_1_133' title="bbox 1157 2506 2116 2547; baseline 0.007 -13"><span class='ocrx_word' id='word_1_1211' title='bbox 1157 2513 1348 2545; x_wconf 78' lang='lat' dir='ltr'>teponamus.</span> <span class='ocrx_word' id='word_1_1212' title='bbox 1370 2506 1488 2540; x_wconf 82' lang='lat' dir='ltr'>Multa,</span> <span class='ocrx_word' id='word_1_1213' title='bbox 1507 2516 1572 2547; x_wconf 82' lang='lat' dir='ltr'>quae</span> <span class='ocrx_word' id='word_1_1214' title='bbox 1589 2507 1622 2536; x_wconf 86' lang='lat' dir='ltr'>in</span> <span class='ocrx_word' id='word_1_1215' title='bbox 1640 2506 1854 2537; x_wconf 68' lang='lat' dir='ltr'>liberacivitate</span> <span class='ocrx_word' id='word_1_1216' title='bbox 1863 2506 1985 2539; x_wconf 85' lang='lat' dir='ltr'>ferenda</span> <span class='ocrx_word' id='word_1_1217' title='bbox 1993 2520 2056 2540; x_wconf 88' lang='lat' dir='ltr'>non</span> <span class='ocrx_word' id='word_1_1218' title='bbox 2069 2511 2116 2541; x_wconf 80' lang='lat' dir='ltr'>es-</span> 
     </span>
     <span class='ocr_line' id='line_1_134' title="bbox 2034 2552 2114 2587; baseline 0 -4"><span class='ocrx_word' id='word_1_1219' title='bbox 2034 2552 2114 2587; x_wconf 86' lang='lat' dir='ltr'>sent.</span> 
     </span>
    </p>
   </div>
   <div class='ocr_carea' id='block_1_27' title="bbox 1405 2604 1920 2614">
    <p class='ocr_par' dir='ltr' id='par_1_30' title="bbox 1405 2604 1920 2614">
     <span class='ocr_line' id='line_1_135' title="bbox 1405 2604 1920 2614; baseline 0 0"><span class='ocrx_word' id='word_1_1220' title='bbox 1405 2604 1920 2614; x_wconf 95' lang='lat' dir='ltr'> </span> 
     </span>
    </p>
   </div>
   <div class='ocr_carea' id='block_1_28' title="bbox 1148 2631 2112 3239">
    <p class='ocr_par' dir='ltr' id='par_1_31' title="bbox 1154 2631 2112 2704">
     <span class='ocr_line' id='line_1_136' title="bbox 1191 2631 2112 2668; baseline 0.003 -10"><span class='ocrx_word' id='word_1_1221' title='bbox 1191 2633 1218 2659; x_wconf 87' lang='lat'>6.</span> <span class='ocrx_word' id='word_1_1222' title='bbox 1237 2635 1268 2659; x_wconf 81' lang='lat' dir='ltr'>P.</span> <span class='ocrx_word' id='word_1_1223' title='bbox 1281 2636 1381 2665; x_wconf 64' lang='lat' dir='ltr'>oppius.</span> <span class='ocrx_word' id='word_1_1224' title='bbox 1393 2632 1406 2666; x_wconf 91' lang='lat'>]</span> <span class='ocrx_word' id='word_1_1225' title='bbox 1430 2633 1470 2658; x_wconf 81' lang='lat' dir='ltr'>Ita</span> <span class='ocrx_word' id='word_1_1226' title='bbox 1487 2631 1607 2668; x_wconf 77' lang='lat' dir='ltr'>plerique</span> <span class='ocrx_word' id='word_1_1227' title='bbox 1625 2631 1724 2668; x_wconf 85' lang='lat' dir='ltr'>scripti.</span> <span class='ocrx_word' id='word_1_1228' title='bbox 1745 2632 1829 2667; x_wconf 62' lang='lat' dir='ltr'>prima</span> <span class='ocrx_word' id='word_1_1229' title='bbox 1848 2631 1930 2660; x_wconf 61' lang='lat' dir='ltr'>edicio</span> <span class='ocrx_word' id='word_1_1230' title='bbox 1947 2637 1978 2662; x_wconf 85' lang='lat' dir='ltr'>P.</span> <span class='ocrx_word' id='word_1_1231' title='bbox 1994 2638 2112 2668; x_wconf 46' lang='lat' dir='ltr'>omnim.</span> 
     </span>
     <span class='ocr_line' id='line_1_137' title="bbox 1154 2668 1666 2704; baseline -0.006 -9"><span class='ocrx_word' id='word_1_1232' title='bbox 1154 2668 1290 2704; x_wconf 79' lang='lat' dir='ltr'>sequentes</span> <span class='ocrx_word' id='word_1_1233' title='bbox 1301 2674 1339 2701; x_wconf 82' lang='lat' dir='ltr'>Sp.</span> <span class='ocrx_word' id='word_1_1234' title='bbox 1350 2671 1446 2701; x_wconf 75' lang='lat' dir='ltr'>oppim.</span> <span class='ocrx_word' id='word_1_1235' title='bbox 1459 2668 1488 2693; x_wconf 82' lang='lat' dir='ltr'>P.</span> <span class='ocrx_word' id='word_1_1236' title='bbox 1498 2677 1540 2703; x_wconf 88' lang='lat' dir='ltr'>pr.</span> <span class='ocrx_word' id='word_1_1237' title='bbox 1550 2668 1666 2700; x_wconf 69' lang='lat' dir='ltr'>Pappia-s.</span> 
     </span>
    </p>

    <p class='ocr_par' dir='ltr' id='par_1_32' title="bbox 1152 2703 2111 2811">
     <span class='ocr_line' id='line_1_138' title="bbox 1192 2703 2104 2738; baseline 0.002 -7"><span class='ocrx_word' id='word_1_1238' title='bbox 1192 2714 1218 2738; x_wconf 90' lang='lat'>7.</span> <span class='ocrx_word' id='word_1_1239' title='bbox 1238 2708 1266 2730; x_wconf 83' lang='lat' dir='ltr'>C.</span> <span class='ocrx_word' id='word_1_1240' title='bbox 1277 2704 1407 2738; x_wconf 53' lang='lat' dir='ltr'>Cosmus]</span> <span class='ocrx_word' id='word_1_1241' title='bbox 1430 2703 1513 2729; x_wconf 74' lang='lat' dir='ltr'>Malui</span> <span class='ocrx_word' id='word_1_1242' title='bbox 1525 2703 1590 2729; x_wconf 82' lang='lat' dir='ltr'>istud</span> <span class='ocrx_word' id='word_1_1243' title='bbox 1601 2705 1681 2738; x_wconf 77' lang='lat' dir='ltr'>quain</span> <span class='ocrx_word' id='word_1_1244' title='bbox 1694 2703 1831 2738; x_wconf 76' lang='lat' dir='ltr'>vulgatum</span> <span class='ocrx_word' id='word_1_1245' title='bbox 1842 2705 1967 2737; x_wconf 62' lang='lat' dir='ltr'>Ceffelitrr,</span> <span class='ocrx_word' id='word_1_1246' title='bbox 1981 2704 2033 2732; x_wconf 73' lang='lat' dir='ltr'>fide</span> <span class='ocrx_word' id='word_1_1247' title='bbox 2043 2706 2104 2734; x_wconf 67' lang='lat' dir='ltr'>Pal.</span> 
     </span>
     <span class='ocr_line' id='line_1_139' title="bbox 1152 2739 2111 2778; baseline 0.005 -13"><span class='ocrx_word' id='word_1_1248' title='bbox 1152 2739 1268 2766; x_wconf 78' lang='lat' dir='ltr'>secundi.</span> <span class='ocrx_word' id='word_1_1249' title='bbox 1290 2740 1398 2766; x_wconf 60' lang='lat' dir='ltr'>Fulvius</span> <span class='ocrx_word' id='word_1_1250' title='bbox 1410 2739 1603 2772; x_wconf 59' lang='lat' dir='ltr'>nostercqfium</span> <span class='ocrx_word' id='word_1_1251' title='bbox 1614 2739 1703 2775; x_wconf 81' lang='lat' dir='ltr'>reponi</span> <span class='ocrx_word' id='word_1_1252' title='bbox 1715 2739 1820 2767; x_wconf 79' lang='lat' dir='ltr'>volebat</span> <span class='ocrx_word' id='word_1_1253' title='bbox 1839 2748 1892 2769; x_wconf 80' lang='lat' dir='ltr'>tani</span> <span class='ocrx_word' id='word_1_1254' title='bbox 1903 2741 1961 2767; x_wconf 81' lang='lat' dir='ltr'>heic</span> <span class='ocrx_word' id='word_1_1255' title='bbox 1971 2751 2048 2778; x_wconf 81' lang='lat' dir='ltr'>quarn</span> <span class='ocrx_word' id='word_1_1256' title='bbox 2061 2752 2111 2778; x_wconf 81' lang='lat' dir='ltr'>pro</span> 
     </span>
     <span class='ocr_line' id='line_1_140' title="bbox 1155 2776 1431 2811; baseline 0 -10"><span class='ocrx_word' id='word_1_1257' title='bbox 1155 2777 1188 2801; x_wconf 90' lang='lat' dir='ltr'>L.</span> <span class='ocrx_word' id='word_1_1258' title='bbox 1201 2776 1305 2806; x_wconf 74' lang='lat' dir='ltr'>Flacco,</span> <span class='ocrx_word' id='word_1_1259' title='bbox 1317 2785 1375 2811; x_wconf 80' lang='lat' dir='ltr'>cap.</span> <span class='ocrx_word' id='word_1_1260' title='bbox 1389 2784 1431 2811; x_wconf 63' lang='grc' dir='ltr'>ις.</span> 
     </span>
    </p>

    <p class='ocr_par' dir='ltr' id='par_1_33' title="bbox 1152 2811 2109 2920">
     <span class='ocr_line' id='line_1_141' title="bbox 1189 2811 2109 2851; baseline 0.004 -15"><span class='ocrx_word' id='word_1_1261' title='bbox 1189 2811 1215 2837; x_wconf 78' lang='grc'>8,</span> <span class='ocrx_word' id='word_1_1262' title='bbox 1229 2814 1419 2845; x_wconf 65' lang='lat' dir='ltr'>L.2A11torii:15.]</span> <span class='ocrx_word' id='word_1_1263' title='bbox 1433 2813 1518 2838; x_wconf 77' lang='lat' dir='ltr'>Locus</span> <span class='ocrx_word' id='word_1_1264' title='bbox 1529 2819 1677 2848; x_wconf 79' lang='lat' dir='ltr'>corruptus.</span> <span class='ocrx_word' id='word_1_1265' title='bbox 1696 2813 1763 2839; x_wconf 73' lang='lat' dir='ltr'>Pali.</span> <span class='ocrx_word' id='word_1_1266' title='bbox 1774 2815 1930 2843; x_wconf 55' lang='lat' dir='ltr'>Tem-tonius,</span> <span class='ocrx_word' id='word_1_1267' title='bbox 1941 2821 1971 2840; x_wconf 90' lang='lat' dir='ltr'>ut</span> <span class='ocrx_word' id='word_1_1268' title='bbox 1981 2814 2008 2840; x_wconf 64' lang='grc' dir='ltr'>ὃς</span> <span class='ocrx_word' id='word_1_1269' title='bbox 2021 2814 2109 2851; x_wconf 77' lang='lat' dir='ltr'>scripti</span> 
     </span>
     <span class='ocr_line' id='line_1_142' title="bbox 1154 2847 2107 2884; baseline 0.006 -12"><span class='ocrx_word' id='word_1_1270' title='bbox 1154 2848 1314 2874; x_wconf 61' lang='lat' dir='ltr'>Ferrariami.</span> <span class='ocrx_word' id='word_1_1271' title='bbox 1328 2849 1414 2873; x_wconf 83' lang='lat' dir='ltr'>Maur.</span> <span class='ocrx_word' id='word_1_1272' title='bbox 1425 2851 1456 2874; x_wconf 85' lang='lat' dir='ltr'>L.</span> <span class='ocrx_word' id='word_1_1273' title='bbox 1467 2850 1572 2879; x_wconf 68' lang='lat' dir='ltr'>Annius,</span> <span class='ocrx_word' id='word_1_1274' title='bbox 1584 2849 1655 2883; x_wconf 80' lang='lat' dir='ltr'>quod</span> <span class='ocrx_word' id='word_1_1275' title='bbox 1665 2849 1762 2884; x_wconf 84' lang='lat' dir='ltr'>placuit</span> <span class='ocrx_word' id='word_1_1276' title='bbox 1772 2847 1912 2876; x_wconf 78' lang='lat' dir='ltr'>Lambino.</span> <span class='ocrx_word' id='word_1_1277' title='bbox 1926 2849 2008 2877; x_wconf 83' lang='lat' dir='ltr'>iidem</span> <span class='ocrx_word' id='word_1_1278' title='bbox 2019 2858 2107 2878; x_wconf 74' lang='lat' dir='ltr'>tamen</span> 
     </span>
     <span class='ocr_line' id='line_1_143' title="bbox 1152 2883 1812 2920; baseline 0.005 -12"><span class='ocrx_word' id='word_1_1279' title='bbox 1152 2883 1233 2909; x_wconf 76' lang='lat' dir='ltr'>nostri</span> <span class='ocrx_word' id='word_1_1280' title='bbox 1244 2884 1311 2919; x_wconf 84' lang='lat' dir='ltr'>post,</span> <span class='ocrx_word' id='word_1_1281' title='bbox 1322 2893 1369 2920; x_wconf 89' lang='lat' dir='ltr'>pro</span> <span class='ocrx_word' id='word_1_1282' title='bbox 1380 2886 1525 2915; x_wconf 77' lang='lat' dir='ltr'>maluerunt,</span> <span class='ocrx_word' id='word_1_1283' title='bbox 1535 2884 1662 2911; x_wconf 79' lang='lat' dir='ltr'>exhibent</span> <span class='ocrx_word' id='word_1_1284' title='bbox 1672 2892 1812 2911; x_wconf 68' lang='lat' dir='ltr'>mmmmm.</span> 
     </span>
    </p>

    <p class='ocr_par' dir='ltr' id='par_1_34' title="bbox 1151 2919 2105 2981">
     <span class='ocr_line' id='line_1_144' title="bbox 1153 2919 2105 2980; baseline 0.006 -36"><span class='ocrx_word' id='word_1_1285' title='bbox 1153 2927 1222 2980; x_wconf 34' lang='lat' dir='ltr'>&#39;st9i-</span> <span class='ocrx_word' id='word_1_1286' title='bbox 1236 2919 1396 2980; x_wconf 60' lang='lat' dir='ltr'>fl(.llcc1ctn1.]</span> <span class='ocrx_word' id='word_1_1287' title='bbox 1418 2919 1528 2946; x_wconf 79' lang='lat' dir='ltr'>Ursinus</span> <span class='ocrx_word' id='word_1_1288' title='bbox 1539 2919 1632 2947; x_wconf 79' lang='lat' dir='ltr'>mallet</span> <span class='ocrx_word' id='word_1_1289' title='bbox 1642 2921 1669 2947; x_wconf 58' lang='grc' dir='ltr'>ἃ</span> <span class='ocrx_word' id='word_1_1290' title='bbox 1681 2920 1738 2948; x_wconf 84' lang='lat' dir='ltr'>heic</span> <span class='ocrx_word' id='word_1_1291' title='bbox 1747 2925 1788 2948; x_wconf 76' lang='lat' dir='ltr'>M.</span> <span class='ocrx_word' id='word_1_1292' title='bbox 1797 2924 1878 2948; x_wconf 76' lang='lat' dir='ltr'>Itium.</span> <span class='ocrx_word' id='word_1_1293' title='bbox 1889 2922 1934 2958; x_wconf 87' lang='lat' dir='ltr'>qui</span> <span class='ocrx_word' id='word_1_1294' title='bbox 1946 2921 2067 2950; x_wconf 74' lang='lat' dir='ltr'>videatur</span> <span class='ocrx_word' id='word_1_1295' title='bbox 2076 2922 2105 2951; x_wconf 88' lang='lat' dir='ltr'>in</span> 
     </span>
     <span class='ocr_line' id='line_1_145' title="bbox 1151 2963 1319 2981; baseline 0.006 -1"><span class='ocrx_word' id='word_1_1296' title='bbox 1151 2963 1159 2980; x_wconf 66' lang='lat' dir='ltr'>t</span> <span class='ocrx_word' id='word_1_1297' title='bbox 1184 2964 1197 2980; x_wconf 72' lang='lat' dir='ltr'>a</span> <span class='ocrx_word' id='word_1_1298' title='bbox 1220 2964 1269 2981; x_wconf 80' lang='lat' dir='ltr'>ami</span> <span class='ocrx_word' id='word_1_1299' title='bbox 1285 2964 1319 2981; x_wconf 80' lang='lat' dir='ltr'>ia.</span> 
     </span>
    </p>

    <p class='ocr_par' dir='ltr' id='par_1_35' title="bbox 1148 2991 2108 3095">
     <span class='ocr_line' id='line_1_146' title="bbox 1191 2991 2108 3029; baseline 0.007 -14"><span class='ocrx_word' id='word_1_1300' title='bbox 1191 2999 1231 3015; x_wconf 85' lang='lat'>10.</span> <span class='ocrx_word' id='word_1_1301' title='bbox 1254 2996 1271 3016; x_wconf 91' lang='grc'>0</span> <span class='ocrx_word' id='word_1_1302' title='bbox 1281 2994 1309 3016; x_wconf 89' lang='lat' dir='ltr'>C.</span> <span class='ocrx_word' id='word_1_1303' title='bbox 1320 2992 1395 3022; x_wconf 77' lang='lat' dir='ltr'>Cesar</span> <span class='ocrx_word' id='word_1_1304' title='bbox 1408 2991 1576 3024; x_wconf 64' lang='lat' dir='ltr'>‘adoleftcntem</span> <span class='ocrx_word' id='word_1_1305' title='bbox 1586 2992 1707 3027; x_wconf 67' lang='lat' dir='ltr'>appeffo.)]</span> <span class='ocrx_word' id='word_1_1306' title='bbox 1731 2993 1853 3021; x_wconf 78' lang='lat' dir='ltr'>Lilietisss</span> <span class='ocrx_word' id='word_1_1307' title='bbox 1866 3014 1874 3025; x_wconf 90' lang='lat'><strong>‚</strong></span> <span class='ocrx_word' id='word_1_1308' title='bbox 1884 2994 1961 3028; x_wconf 77' lang='lat' dir='ltr'>Caesnr</span> <span class='ocrx_word' id='word_1_1309' title='bbox 1970 2995 2108 3029; x_wconf 76' lang='lat' dir='ltr'>adolefiem!</span> 
     </span>
     <span class='ocr_line' id='line_1_147' title="bbox 1149 3026 2104 3062; baseline 0.009 -13"><span class='ocrx_word' id='word_1_1310' title='bbox 1149 3032 1169 3049; x_wconf 71' lang='lat' dir='ltr'>re</span> <span class='ocrx_word' id='word_1_1311' title='bbox 1180 3028 1274 3058; x_wconf 73' lang='lat' dir='ltr'>appello,</span> <span class='ocrx_word' id='word_1_1312' title='bbox 1285 3036 1336 3053; x_wconf 87' lang='lat' dir='ltr'>nou</span> <span class='ocrx_word' id='word_1_1313' title='bbox 1349 3026 1537 3062; x_wconf 79' lang='lat' dir='ltr'>improbarem,</span> <span class='ocrx_word' id='word_1_1314' title='bbox 1549 3028 1594 3055; x_wconf 82' lang='lat' dir='ltr'>nifi</span> <span class='ocrx_word' id='word_1_1315' title='bbox 1604 3028 1667 3056; x_wconf 84' lang='lat' dir='ltr'>esset</span> <span class='ocrx_word' id='word_1_1316' title='bbox 1676 3030 1704 3055; x_wconf 88' lang='lat' dir='ltr'>in</span> <span class='ocrx_word' id='word_1_1317' title='bbox 1715 3031 1844 3057; x_wconf 79' lang='lat' dir='ltr'>memoria</span> <span class='ocrx_word' id='word_1_1318' title='bbox 1852 3030 1925 3057; x_wconf 88' lang='lat' dir='ltr'>locus</span> <span class='ocrx_word' id='word_1_1319' title='bbox 1934 3030 2003 3058; x_wconf 79' lang='lat' dir='ltr'>alter</span> <span class='ocrx_word' id='word_1_1320' title='bbox 2015 3041 2021 3058; x_wconf 69' lang='grc' dir='ltr'><strong><em>ι</em></strong></span> <span class='ocrx_word' id='word_1_1321' title='bbox 2033 3034 2104 3058; x_wconf 87' lang='grc' dir='ltr'><em>0.Μ.</em></span> 
     </span>
     <span class='ocr_line' id='line_1_148' title="bbox 1148 3064 1451 3095; baseline 0.003 -8"><span class='ocrx_word' id='word_1_1322' title='bbox 1148 3064 1223 3094; x_wconf 68' lang='lat' dir='ltr'>Druse</span> <span class='ocrx_word' id='word_1_1323' title='bbox 1232 3066 1242 3087; x_wconf 89' lang='lat'>.&#39;</span> <span class='ocrx_word' id='word_1_1324' title='bbox 1255 3070 1348 3094; x_wconf 72' lang='lat' dir='ltr'>patrem</span> <span class='ocrx_word' id='word_1_1325' title='bbox 1359 3065 1451 3095; x_wconf 68' lang='lat' dir='ltr'>appello.</span> 
     </span>
    </p>

    <p class='ocr_par' dir='ltr' id='par_1_36' title="bbox 1148 3099 2106 3237">
     <span class='ocr_line' id='line_1_149' title="bbox 1167 3099 2106 3139; baseline 0.007 -17"><span class='ocrx_word' id='word_1_1326' title='bbox 1167 3106 1176 3123; x_wconf 88' lang='lat'>1</span> <span class='ocrx_word' id='word_1_1327' title='bbox 1186 3106 1194 3122; x_wconf 88' lang='grc' dir='ltr'>ι</span> <span class='ocrx_word' id='word_1_1328' title='bbox 1202 3101 1262 3123; x_wconf 78' lang='grc' dir='ltr'>,Νοη</span> <span class='ocrx_word' id='word_1_1329' title='bbox 1269 3099 1490 3138; x_wconf 52' lang='grc' dir='ltr'>ῃψὲιῃμμιίενιξηεο</span> <span class='ocrx_word' id='word_1_1330' title='bbox 1498 3100 1608 3134; x_wconf 63' lang='grc' dir='ltr'>αὐ]εέ7ὲ,Ἱ</span> <span class='ocrx_word' id='word_1_1331' title='bbox 1631 3099 1718 3128; x_wconf 61' lang='lat' dir='ltr'>Reae</span> <span class='ocrx_word' id='word_1_1332' title='bbox 1729 3100 1796 3128; x_wconf 87' lang='lat' dir='ltr'>istud</span> <span class='ocrx_word' id='word_1_1333' title='bbox 1806 3101 1913 3137; x_wconf 85' lang='lat' dir='ltr'>quidem</span> <span class='ocrx_word' id='word_1_1334' title='bbox 1924 3109 2034 3139; x_wconf 82' lang='lat' dir='ltr'>occupat</span> <span class='ocrx_word' id='word_1_1335' title='bbox 2044 3102 2106 3128; x_wconf 88' lang='lat' dir='ltr'>edd.</span> 
     </span>
     <span class='ocr_line' id='line_1_150' title="bbox 1148 3133 2105 3170; baseline 0.007 -12"><span class='ocrx_word' id='word_1_1336' title='bbox 1148 3134 1293 3160; x_wconf 71' lang='lat' dir='ltr'>neotericus</span> <span class='ocrx_word' id='word_1_1337' title='bbox 1305 3145 1311 3160; x_wconf 89' lang='lat'>:</span> <span class='ocrx_word' id='word_1_1338' title='bbox 1325 3133 1366 3161; x_wconf 81' lang='lat' dir='ltr'>led</span> <span class='ocrx_word' id='word_1_1339' title='bbox 1378 3142 1464 3161; x_wconf 83' lang='lat' dir='ltr'>tamen</span> <span class='ocrx_word' id='word_1_1340' title='bbox 1475 3135 1510 3162; x_wconf 77' lang='lat' dir='ltr'>est</span> <span class='ocrx_word' id='word_1_1341' title='bbox 1520 3136 1818 3170; x_wconf 61' lang='lat' dir='ltr'>conjefflneumVift„</span> <span class='ocrx_word' id='word_1_1342' title='bbox 1851 3139 1877 3165; x_wconf 85' lang='lat' dir='ltr'>ui</span> <span class='ocrx_word' id='word_1_1343' title='bbox 1890 3138 2042 3165; x_wconf 81' lang='lat' dir='ltr'>consulatur</span> <span class='ocrx_word' id='word_1_1344' title='bbox 2056 3139 2105 3165; x_wconf 83' lang='lat' dir='ltr'>l.1.</span> 
     </span>
     <span class='ocr_line' id='line_1_151' title="bbox 1148 3168 2104 3237; baseline 0.002 -40"><span class='ocrx_word' id='word_1_1345' title='bbox 1148 3168 1333 3199; x_wconf 69' lang='lat' dir='ltr'>x‘ar.1e6t.c.6.</span> <span class='ocrx_word' id='word_1_1346' title='bbox 1344 3170 1416 3208; x_wconf 84' lang='lat' dir='ltr'>prius</span> <span class='ocrx_word' id='word_1_1347' title='bbox 1428 3170 1647 3237; x_wconf 42' lang='lat' dir='ltr'>vnlgam&#39;g‘fi&#39;xffi?</span> <span class='ocrx_word' id='word_1_1348' title='bbox 1658 3175 1673 3201; x_wconf 77' lang='grc' dir='ltr'><strong>·.“ι</strong></span> <span class='ocrx_word' id='word_1_1349' title='bbox 1684 3183 1735 3211; x_wconf 77' lang='lat' dir='ltr'>qua</span> <span class='ocrx_word' id='word_1_1350' title='bbox 1744 3174 1794 3202; x_wconf 78' lang='lat' dir='ltr'>stat</span> <span class='ocrx_word' id='word_1_1351' title='bbox 1803 3174 1845 3202; x_wconf 62' lang='lat' dir='ltr'>lei.</span> <span class='ocrx_word' id='word_1_1352' title='bbox 1860 3175 1886 3202; x_wconf 88' lang='lat' dir='ltr'>io</span> <span class='ocrx_word' id='word_1_1353' title='bbox 1897 3175 1983 3203; x_wconf 82' lang='lat' dir='ltr'>omnis</span> <span class='ocrx_word' id='word_1_1354' title='bbox 2000 3173 2104 3210; x_wconf 51' lang='lat' dir='ltr'>scripta.</span> 
     </span>
    </p>

    <p class='ocr_par' dir='ltr' id='par_1_37' title="bbox 1983 3213 2097 3239">
     <span class='ocr_line' id='line_1_152' title="bbox 1983 3213 2097 3239; baseline 0.009 -4"><span class='ocrx_word' id='word_1_1355' title='bbox 1983 3218 2008 3239; x_wconf 73' lang='grc' dir='ltr'>ι.</span> <span class='ocrx_word' id='word_1_1356' title='bbox 2021 3213 2097 3236; x_wconf 65' lang='lat' dir='ltr'>Sena·-</span> 
     </span>
    </p>
   </div>
   <div class='ocr_carea' id='block_1_29' title="bbox 2158 1479 2197 1505">
    <p class='ocr_par' dir='ltr' id='par_1_38' title="bbox 2158 1479 2197 1505">
     <span class='ocr_line' id='line_1_153' title="bbox 2158 1479 2197 1505; baseline 0.026 -1"><span class='ocrx_word' id='word_1_1357' title='bbox 2158 1479 2197 1505; x_wconf 74' lang='lat' dir='ltr'>tl.</span> 
     </span>
    </p>
   </div>
  </div>
 </body>
</html>
