2297 3389
333 134 598 191 ORA'rm’
631 153 703 187 DE
741 141 911 189 LEGE
943 140 1276 203 AortARrA,
1304 159 1565 194 CONTRA
1600 145 1896 196 Romen.

133 230 206 257 runt
214 243 224 259 ‚
249 230 284 256 ut
300 223 359 255 effe
367 234 433 255 non
441 222 549 264 oppida
556 221 662 257 Imliae,
681 222 731 254 sed
742 225 964 265 propugnacula
972 226 1095 265 imperii

132 268 318 299 viderentur.
343 268 386 297 Hi
396 265 545 296 deducent
553 264 689 294 colonias
699 266 732 295 in
744 275 796 295 eos
806 276 907 307 agros,
921 276 999 307 quos
1008 277 1094 297 eme-

132 311 207 339 rint.
226 311 370 340 Etiamne
380 305 400 336 fi
411 306 538 346 reipubl.
550 315 615 337 non
625 306 783 346 expediat?
806 310 853 338 Ετ
873 317 910 337 xN
930 317 1011 348 QAE
1034 318 1090 338 Lo-

134 360 180 381 CA
201 357 390 380 enisi-naza
410 357 615 378 VIDRBITUR-
639 347 722 388 Qid
734 349 826 389 igitur
835 347 878 379 est
888 349 980 379 causae
992 368 1001 383 ,
1015 352 1091 390 quin

131 393 287 424 coloniam
296 393 329 421 in
336 389 511 431 Janiculum
520 387 804 429 poffintdeducere3
830 390 864 421 &
884 390 973 420 suum
991 389 1090 430 pra-:si—

131 434 219 465 dium
238 435 272 463 in
289 434 383 472 capite
395 451 404 465 ‚
420 440 506 471 atque
526 435 536 450 ¹
547 431 713 461 cervicibus
731 430 836 462 vestris
849 432 1017 462 collocare?
1036 435 1087 463 Tu

129 484 195 505 non
203 472 328 504 definias
338 493 346 506 ,
365 477 380 493 2
391 481 466 513 quot
476 472 611 503 colonias
621 492 630 507 ,
648 474 682 502 in
693 483 757 514 quae
771 473 837 504 loca
846 493 856 507 ‚
875 483 938 514 quo
957 483 1087 504 numero

125 516 310 546 colonorum
330 514 438 545 deduci
455 514 552 544 velis?
571 524 604 544 tu
624 524 750 554 occupes
769 515 873 545 locum
883 535 893 550 ‚
915 525 1008 556 quem
1019 515 1087 546 ido-

127 566 222 587 neum
240 557 278 586 ad
291 558 352 585 vim
365 564 447 586 ruam
462 556 627 596 judicaris.>
643 557 797 596 compleas
807 560 957 587 numero?
973 556 1086 588 confir-

125 608 191 629 mes
203 598 349 639 praefidio‚
361 608 422 639 quo
431 599 526 628 velis?
543 599 649 638 populi
658 597 958 637 Rom.ve&.igalibus
968 618 976 633 ‚
998 608 1085 640 atque

125 640 270 671 omnibus
289 642 384 680 copiis
402 640 502 679 ipsum
522 640 672 680 populum
691 642 784 672 Rom.
804 642 962 671 co'e'rceas?
982 643 1084 680 oppri-

125 691 190 712 mas
201 685 211 711 ?
221 682 334 723 redigas
345 683 378 711 in
390 681 475 712 istam
487 681 718 712 decemviralem
728 681 877 711 ditionem
889 701 897 714 ‚
913 692 945 711 ac
953 682 1081 721 potesta-

57 730 103 764 28
122 727 208 754 tem?
247 727 291 754 Ut
299 722 372 753 verb
383 732 476 754 totam
491 724 607 753 Italiam
618 723 636 753 s
632 724 677 753 uis
686 721 829 762 praefidiis
839 722 980 757 obsidere,
993 732 1081 764 atque

122 775 267 806 occupare
276 767 387 807 cogitet
398 785 407 798 ‚
418 766 519 806 quaeso
531 785 539 798 ‚
554 766 686 806 Qirites
697 784 706 798 ‚
717 764 896 805 cognoscite.
928 767 1081 796 Permittit

120 807 300 838 decemviris
311 827 320 842 ‚
338 809 413 837 utin
423 809 527 837 omnia
545 807 711 845 municipia
722 825 730 839 ‚
750 808 784 835 in
804 807 923 836 omneis
939 807 1077 837 colonias

118 852 213 880 totius
223 850 314 879 {taliae
325 849 452 879 colonos
462 848 609 878 deducant
618 867 626 880 ‚
638 856 714 887 quos
725 848 835 878 velint:
857 848 952 888 iisque
961 849 1079 879 colonis

118 900 223 933 agrum
231 891 395 931 darijubet.
417 892 504 919 Num
514 889 638 919 obscure
650 889 779 928 majores
788 899 872 929 opes,-
883 893 976 930 quam
987 890 1078 920 liber-

117 941 161 963 tas
179 932 273 964 vestra
282 934 340 971 pati
350 931 444 971 potest
454 950 462 963 ‚
485 931 518 961 &
528 931 640 970 majora
648 929 777 970 praefidia
785 941 959 972 quaeruntur
970 935 981 961 ?
999 942 1075 963 num

116 973 243 1005 obscure
259 983 376 1013 regnum
395 971 595 1008 constituitur?
619 982 696 1002 num
714 972 840 1003 obscure
854 973 973 1003 libertas
983 973 1078 1004 vestra

114 1017 242 1047 tollitur.
266 1018 348 1045 Nam
359 1035 368 1049 ‚
378 1013 452 1044 cum
465 1014 559 1044 iidem
569 1023 697 1044 omnem
707 1016 867 1054 pecuniam
875 1035 883 1049 ‚
908 1017 1075 1046 maximam

115 1056 346 1088 multitudinem
356 1076 365 1090 ‚
386 1056 416 1086 id
428 1055 471 1086 est
481 1075 489 1089 ‚
509 1064 603 1086 totam
612 1055 732 1086 Italiam
744 1076 753 1090 ,
772 1057 832 1086 suis
842 1056 948 1096 opibus
958 1056 1074 1087 obside-

113 1099 204 1129 bunt:
227 1098 323 1128 iidem
338 1097 466 1128 vestram
477 1097 644 1128 libertatem
654 1099 714 1127 suis
727 1097 866 1138 praesidiis
879 1118 887 1132 ,
901 1098 933 1129 &
943 1099 1075 1129 coloniis

112 1141 306 1170 interclusam
317 1139 479 1170 tenebunt:
503 1149 568 1180 quae
580 1139 641 1179 spes
655 1139 775 1170 tandem
789 1160 798 1173 ‚
819 1150 884 1181 quae
897 1139 1074 1172 facultas-re-

108 1182 285 1222 cuperandae
294 1181 395 1212 vestra:
406 1181 549 1211 libertatis
559 1182 757 1222 relinquetur?
768 1184 897 1212 Atenim
909 1192 975 1223 agei·
984 1185 1073 1213 Cam-

110 1233 205 1264 panus
215 1225 269 1254 hac
278 1225 342 1265 lege
355 1223 519 1255 dividetur,
534 1223 615 1252 orbis
626 1232 708 1253 terrae
718 1224 940 1263 pulcherrimus
953 1234 958 1252 z
973 1225 1006 1254 &
1018 1227 1072 1255 Ca-

109 1275 201 1305 puam
212 1266 334 1296 colonia
343 1265 522 1297 deducetur,
543 1265 648 1294 urbem
668 1264 879 1304 amplissimam
890 1285 899 1299 ‚
922 1275 1008 1306 atque
1022 1276 1072 1296 or-

109 1306 304 1338 natiffimam.
327 1308 421 1347 Atqui
430 1306 503 1347 quid
514 1305 549 1336 ad
558 1307 620 1336 haec
630 1305 786 1346 possumus
798 1307 894 1337 dicere
905 1309 915 1336 ?
925 1310 973 1338 De
983 1318 1069 1338 com-

109 1349 206 1379 modo
214 1348 313 1379 vestro
322 1350 404 1388 prius
417 1348 513 1378 dicam
526 1368 534 1380 ‚
553 1349 686 1388 Qirites
700 1358 705 1377 :
728 1348 837 1378 deinde
847 1348 882 1379 ad
894 1350 1070 1389 amplitudi—

106 1401 192 1424 nem,
204 1392 237 1421 Sc.
246 1391 421 1431 dignitatem
432 1398 558 1419 revertar
568 1400 573 1418 z
588 1398 631 1422 ut,
644 1388 665 1418 fi
676 1391 743 1430 quis
753 1392 822 1430 agri,
833 1399 884 1421 aut
896 1391 998 1431 oppidi
1010 1392 1065 1421 bo-

104 1429 199 1463 nitate
216 1431 379 1461 deletitetur
392 1452 400 1464 ,
420 1441 458 1460 ne
475 1431 548 1471 quid
563 1430 728 1471 exspmster:
749 1430 770 1461 si
783 1442 874 1472 quem
885 1434 927 1462 rei
939 1432 1066 1473 dignitas

105 1481 283 1504 commovet
296 1483 301 1502 :
313 1481 346 1503 ut
356 1472 570 1513 hui-:fimulatae
579 1473 726 1513 largitioni
735 1472 853 1504 resistat.
877 1477 920 1504 Ac
929 1476 1063 1514 primum

104 1516 143 1545 de
151 1515 265 1556 oppido
275 1514 384 1548 dicam,
395 1513 416 1544 fi
426 1517 493 1556 quis
502 1513 545 1544 est
552 1513 643 1549 forte,
654 1525 745 1556 quern
756 1517 855 1556 Capua
865 1518 1063 1558 magis,quam

102 1555 353 1588 Romadelee‘tat.
376 1559 519 1598 Qinque
531 1556 629 1586 millia
638 1557 819 1587 colonorum
835 1560 966 1598 Capuam
975 1559 1062 1589 scribi

97 1598 194 1640 jubet.
217 1599 252 1629 ad
270 1600 350 1629 hunc
363 1608 528 1628 numerum
547 1601 559 1625 3
570 1599 738 1640 quingenos
749 1598 802 1629 fibi
813 1597 921 1641 singuli
932 1600 1060 1630 sument.

99 1641 210 1680 Quaeso
219 1661 229 1676 2
249 1641 346 1672 nolite
365 1641 563 1680 vosmetipsos
581 1641 730 1671 consolari
745 1651 751 1671 ε
769 1640 839 1672 vere
860 1642 894 1671 ὃς
904 1641 1063 1683 diligenter

99 1682 292 1714 considerate.
315 1692 391 1714 num
401 1682 499 1716 vobis,
512 1691 560 1713 aut
570 1681 661 1713 vestri
670 1682 819 1714 similibus
828 1685 964 1725 integris,
977 1686 1062 1724 quie-

99 1727 139 1755 tis
145 1744 157 1762 2
170 1723 271 1755 otiofis
281 1724 459 1755 hominibus
470 1744 480 1759 ,
491 1726 524 1754 in
533 1725 593 1754 hoc
602 1734 731 1755 numero
743 1725 847 1755 locum
857 1724 922 1756 fore
931 1728 1040 1766 putatis
1051 1729 1061 1755 ?

98 1767 130 1798 Si
140 1765 184 1796 est
193 1766 338 1797 omnibus
345 1766 443 1799 vobis,
456 1775 506 1797 aut
516 1767 623 1806 majori
633 1765 767 1797 vestrum
778 1770 850 1807 parti
860 1778 866 1796 :
876 1778 1059 1809 quamquam

100 1817 154 1838 me
171 1807 266 1838 vester
283 1809 382 1839 honos
400 1809 522 1850 vigilare
532 1808 596 1839 dies
607 1828 616 1842 ,
635 1817 722 1850 atque
730 1808 868 1843 meleis,
891 1810 1060 1841 &intentis

100 1850 198 1880 oculis
208 1851 329 1880 omneis
338 1851 410 1890 reip.
422 1852 529 1890 parteis
540 1852 651 1881 intueri
657 1851 745 1891 jubet
756 1862 762 1880 :
774 1860 876 1882 tamen
885 1852 1057 1892 paullisper,

99 1890 123 1921 fi
134 1894 175 1922 ita
183 1891 387 1922 commodum
396 1891 528 1922 vestrum
539 1891 622 1926 feret,
634 1893 820 1923 connivebo.
834 1893 883 1924 sed
894 1891 914 1923 fi
924 1895 1060 1934 quinque

98 1934 266 1964 hominum
276 1933 413 1963 millibus
425 1953 434 1966 ‚
445 1933 480 1963 ad
491 1935 555 1963 vim
565 1953 575 1967 ‚
590 1934 706 1964 facinus
715 1954 724 1968 ‚
739 1935 910 1975 caedemque
921 1935 1057 1969 dele6t1s‚

99 1974 184 2006 locus
193 1995 201 2009 ‚
223 1984 309 2016 atque
320 1973 401 2008 urbs,
416 1985 474 2016 qua
485 1973 584 2004 bellum
586 1975 696 2014 facere,
707 1985 794 2016 atque
805 1975 948 2006 instruere
959 1975 1057 2015 poffit,

118 2019 255 2048 iiaeritur:
277 2026 418 2047 tamenne
428 2017 602 2056 patiemini,
617 2020 635 2043 ⁴¹·-
643 2016 741 2047 vestro
752 2020 879 2047 nomine
890 2026 992 2047 contra
1002 2027 1058 2048 vos

97 2027 212 2089 armati
222 2067 293 2098 opes
305 2063 314 2089 ?
331 2062 437 2089 armari
444 2056 598 2099 praefidia?
618 2058 716 2088 urbeis
726 2079 734 2092 ,
746 2068 829 2099 agros
840 2079 848 2092 ,
860 2061 959 2099 copias
969 2068 1056 2089 com-

96 2103 190 2142 parari
200 2106 210 2132 ?
220 2110 291 2131 nam
302 2110 405 2141 agrum
415 2099 540 2141 quidem
552 2102 844 2141 Campanum,quem
855 2102 944 2130 vobis
952 2100 1053 2130 osten-

96 2151 170 2176 tant,
182 2140 234 2182 ipfi
243 2144 494 2182 concupiverunt:
510 2141 657 2171 deducent
668 2142 747 2175 suos,
758 2152 879 2183 quorum
889 2143 996 2171 nomine
1003 2142 1057 2183 ipsi

92 2192 207 2214 teneant
218 2204 227 2216 ,
249 2183 282 2212 ὅτ,
301 2181 438 2212 fruantur
451 2194 456 2212 :
476 2184 617 2212 coe'ment
633 2192 787 2222 praeterea:
808 2183 862 2213 ista
872 2184 947 2214 dena
954 2185 1055 2225 jugera

92 2225 327 2257 continuabunt.
351 2227 443 2258 Nam,
459 2222 480 2253 fi
493 2224 594 2254 dicent
602 2224 758 2264 perlegem
769 2224 799 2254 id
810 2235 875 2255 non
885 2226 973 2256 licere
988 2237 993 2254 ·.
1014 2235 1052 2255 ne

93 2278 145 2308 per
155 2267 326 2298 Corneliam
337 2267 462 2306 quidem
473 2266 550 2296 licet.
567 2274 595 2295 at
604 2265 744 2295 videmus
755 2266 800 2303 (ut
808 2267 972 2308 longinqua
980 2268 1053 2296 mit-

92 2310 203 2349 tamus)
220 2317 322 2349 agrum
332 2307 548 2338 Piaenestinum
559 2306 574 2337 ὲ
583 2308 684 2346 paucis
695 2306 833 2346 possideri
845 2319 851 2337 ς
871 2318 969 2349 neque
979 2308 1050 2338 isto-

89 2352 303 2391 rumpecuniis
313 2349 479 2391 quidquam
488 2349 570 2380 aliud
583 2347 680 2380 deesse
692 2349 781 2380 video
794 2369 804 2384 ,
823 2348 879 2381 mfi
898 2349 1050 2390 ejusmodi

127 2537 137 2554 i
145 2548 152 2553 .
169 2529 308 2554 cervicibus
316 2528 400 2559 vestris
410 2530 515 2553 collocare
526 2527 551 2561 3]
569 2526 663 2561 Abjeci
676 2526 785 2554 verbum
790 2529 883 2561 poffias,

86 2571 161 2591 tanto
173 2563 274 2590 facilius
287 2583 295 2595 ‚
306 2562 376 2599 quod
387 2573 449 2590 mox
460 2563 634 2599 praeceffiffct.

124 2608 152 2626 2.
171 2601 232 2632 Qut
240 2602 338 2625 colonias
350 2619 357 2630 ,
370 2602 395 2625 in
405 2609 453 2634 quie
461 2600 535 2634 leem]
555 2600 598 2625 Sic
608 2598 752 2625 Lambinus
763 2598 861 2634 aliique
873 2618 882 2630 ‚
899 2599 1042 2626 admodum

1112 228 1118 288 Ι
1131 226 1257 262 fundos,
1267 237 1397 270 quorum
1407 228 1537 259 subsidio
1546 227 1731 259 familiarum
1743 228 1980 271 magnitudines,
1994 232 2024 262 δε
2038 236 2098 264 Cu-

1131 278 1293 300 manorum
1306 290 1317 304 ,
1336 281 1369 301 ac
1379 271 1613 301 Puteolanorum
1621 271 1790 313 praea'iorum
1801 271 1916 311 ficmtm
1933 273 1952 302 s
1950 282 1965 301 u
1971 272 2098 306 stentare

1128 309 1247 349 possint.
1275 310 1366 353 Qod
1377 310 1539 343 fivestrum
1551 312 1752 343 commodum
1765 313 1897 353 spe-stat:
1922 316 2021 345 veniat
2032 335 2040 349 a
2064 318 2097 347 δ(-

1126 360 1227 381 coram
1238 362 1358 383 mecum
1369 354 1406 383 de
1415 356 1475 395 agri
1485 357 1628 394 Campani
1637 354 1786 385 divisione
1796 355 1938 395 disputet.
1964 356 2093 399 Qaesivi

1127 401 1166 421 ex
1178 402 1214 422 eo
1225 394 1369 424 Kalendis
1376 396 1441 440 Jan.
1451 396 1559 436 quibus
1571 396 1751 426 hominibus
1763 417 1770 430 ,
1783 398 1815 427 &
1825 397 2093 438 quemadmodum

1127 433 1216 463 illum
1227 443 1330 475 agrum
1341 435 1410 465 esset
1419 436 1639 467 distributurus.
1660 439 1820 478 respondit,
1833 440 1849 469 a
1859 441 1908 469 Ro
1916 440 2001 470 milia
2013 441 2092 472 tribu

1125 474 1155 504 se
1169 476 1295 505 initium
1305 475 1362 505 esse
1371 475 1528 508 faciurum.
1556 479 1693 509 Primum
1704 500 1712 513 ,
1733 490 1798 520 quae
1815 480 1857 511 est
1869 480 2086 521 istasupeilii-s,

1126 515 1160 546 &
1169 517 1355 547 contumelia
1367 537 1374 550 ,
1389 527 1420 547 ut
1429 520 1533 558 populi
1542 529 1606 559 pars
1616 530 1803 560 amputetur,
1824 523 1889 552 ordo
1903 522 2032 552 rri'i'nmm
2041 535 2087 554 ne-

1118 557 1276 598 gligatur?
1295 568 1331 588 an
1337 558 1363 588 te
1374 559 1490 588 rusticis
1501 560 1586 590 detur
1594 571 1659 601 ager
1669 582 1677 595 ,
1692 565 1742 602 qui
1754 564 1863 596 haben:
1873 585 1882 596 ‚
1898 575 1987 606 quam
2000 566 2089 597 urba=

1123 602 1182 632 nis,
1193 600 1303 641 quibus
1314 600 1366 631 ista
1377 603 1437 641 agri
1448 601 1519 640 spes,
1532 602 1742 640 &jucunditas
1762 605 1935 636 ostenditur
1949 612 1960 637 ?
1976 617 2024 637 aui·
2037 629 2046 640 ,
2066 607 2087 638 li

1121 642 1181 670 hoc
1199 642 1234 672 ab
1252 642 1279 672 se
1299 641 1416 672 dictum
1439 651 1543 682 negat,
1563 643 1766 674 &satisfacere
1778 647 1924 678 omnibus
1935 649 2022 678 vobis
2032 660 2084 680 co==

1119 691 1209 722 gitat:
1233 683 1402 723 fproferat:
1423 685 1456 714 in
1472 694 1575 725 jugera
1594 684 1669 715 dena
1689 685 1850 718 describat:
1871 687 1910 719 Ga
1930 690 2083 722 Suburana

1122 724 1213 765 usque
1224 724 1258 755 ad
1270 726 1447 755 Arniensem
1461 727 1588 756 nomina
1599 726 1693 756 vestra
1700 736 1857 767 proponat:
1868 733 1897 760 Si
1911 742 1973 761 non
1985 733 2084 763 modo

1120 765 1197 796 dena
1209 766 1310 808 jugera
1327 767 1388 797 dari
1408 767 1516 800 vobis,
1537 767 1585 798 sed
1602 777 1640 797 ne
1656 767 1814 807 constipari
1826 772 1951 811 quidem
1964 782 2080 805 tantum

1119 817 1284 838 numerum
1302 810 1467 839 hominum
1484 808 1565 848 pofl'e
1577 811 1610 839 iu
1621 819 1724 850 agrum
1736 813 1919 851 Campanum
1934 816 2084 856 intellige-

1117 857 1177 878 tis:
1198 859 1339 880 tamenne
1357 853 1459 880 vexari
1481 860 1574 891 remp*
1596 853 1755 881 contemni
1774 853 1957 892 majestatem
1977 859 2080 896 populi

1117 892 1212 920 Rom.
1234 891 1337 922 deludi
1347 892 1547 931 vosmetipsos
1558 891 1670 923 diutius
1680 893 1696 923 a
1707 893 1833 924 tribuno
1846 896 1887 934 pl.
1901 901 2082 936 patiemini?

1118 931 1208 974 Qiod
1229 932 1250 962 fi
1269 933 1366 973 posset
1384 944 1450 975 ager
1468 933 1523 964 iste
1539 934 1575 964 ad
1586 944 1638 964 vos
1649 937 1823 974 pervenire:
1844 947 1947 967 nonne
1957 949 2026 968 cum
2038 950 2081 970 ta—

1117 984 1189 1004 men
1208 976 1241 1004 in
1260 978 1447 1014 patrimonio
1464 975 1562 1006 vestro
1585 986 1737 1006 remanere
1764 978 1914 1008 malletis?
1941 989 2077 1011 unumne

1114 1014 1246 1047 fundum
1254 1018 1493 1057 pulcherrimum
1505 1018 1610 1057 populi
1620 1020 1713 1048 Rom.
1731 1027 1817 1059 caput
1839 1019 1930 1055 vestris
1943 1023 2074 1062 pecunia,

1112 1059 1191 1097 pacis
1201 1068 1416 1089 ornamentum
1429 1079 1436 1092 ‚
1450 1058 1614 1089 subsidium
1626 1060 1715 1093 belli,
1735 1060 1968 1092 fundamentum
1983 1063 2077 1093 veui*

1110 1099 1224 1139 galium
1234 1120 1242 1134 ‚
1263 1101 1406 1131 horreum
1419 1102 1578 1142 legionum
1591 1122 1600 1134 ‚
1615 1102 1753 1132 solatium
1764 1113 1894 1133 annona:
1906 1124 1914 1136 ‚
1935 1104 2077 1143 disperire

1110 1142 1290 1180 patiemini?
1311 1146 1359 1173 An
1371 1143 1459 1173 obliti
1469 1142 1537 1173 estis
1549 1163 1557 1176 ‚
1571 1144 1673 1173 Italico
1686 1144 1777 1177 bello,
1787 1143 1896 1174 amissis
1907 1155 2012 1176 ceteris
2023 1157 2076 1176 ve·-

1111 1181 1268 1224 Ctigalibus
1278 1203 1287 1217 ‚
1306 1194 1432 1226 quantos
1443 1186 1503 1225 agri
1515 1187 1659 1224 Campani
1669 1184 1817 1216 frufilibus
1831 1196 1979 1217 exereitus
1989 1190 2074 1218 alue-

1109 1226 1195 1256 ritis?
1217 1229 1266 1256 An
1284 1228 1426 1267 ignoratis
1436 1247 1444 1260 ‚
1463 1236 1558 1256 cetera
1569 1228 1620 1257 illa
1631 1226 1788 1267 magnifica
1797 1229 1902 1269 populi
1913 1231 2008 1259 Rom.
2020 1241 2074 1260 ve-

1110 1265 1227 1308 stigalia
1236 1287 1244 1301 ,
1262 1273 1280 1296 7
1288 1269 1403 1308 perlevi
1421 1269 1494 1308 saepe
1515 1278 1674 1298 momento
1693 1269 1822 1300 fortunae
1832 1291 1839 1302 ‚
1871 1272 2073 1302 inclinatione

1109 1311 1254 1348 temporis
1264 1310 1392 1350 pendere
1404 1315 1415 1340 ,²
1434 1310 1515 1349 Qid
1529 1320 1586 1340 nos
1597 1309 1669 1341 Asiae
1680 1320 1793 1350 portus,
1810 1312 1883 1353 quid
1891 1315 1981 1352 Syria:
1992 1323 2072 1347 rura,

1107 1351 1179 1389 quid
1201 1353 1305 1382 omnia
1325 1353 1518 1382 transmarina
1537 1352 1692 1394 vefflgalia
1706 1354 1876 1392 juvabunt,
1902 1353 2074 1386 tenuissima

1099 1391 1414 1435 ficspicionepraedonum
1426 1414 1434 1427 ‚
1452 1403 1502 1424 aut
1512 1393 1643 1424 hostium
1660 1394 1788 1434 injtha?
1807 1398 1847 1425 At
1858 1395 1928 1425 verb
1940 1397 1998 1426 hoc
2007 1400 2066 1438 agri

1107 1435 1250 1474 Campani
1261 1435 1387 1476 vestigal
1397 1435 1469 1465 cum
1481 1436 1631 1475 ejusmodi
1641 1436 1683 1466 est
1694 1457 1701 1469 ‚
1716 1445 1747 1466 ut
1757 1436 1841 1467 dorni
1853 1435 1887 1466 sit
1897 1457 1905 1470 ‚
1919 1438 1951 1467 δε
1964 1447 2070 1469 omni-

1104 1475 1160 1504 bus
1182 1475 1321 1515 praesidiis
1340 1478 1524 1517 oppidorum
1544 1487 1656 1519 tegitur
1672 1488 1677 1507 z
1700 1487 1762 1508 tum
1782 1488 1878 1519 neque
1892 1479 1976 1508 bellis
1988 1479 2067 1509 infe-

1109 1516 1199 1550 stum,
1213 1513 1226 1536 S
1236 1527 1292 1549 nec
1302 1517 1451 1549 fructibus
1461 1522 1648 1553 variummec
1658 1520 1732 1549 caelo
1740 1530 1772 1550 ac
1781 1520 1849 1550 loco
1858 1520 2069 1553 calamitosum

1104 1557 1162 1588 effe
1172 1558 1256 1590 solet.
1288 1562 1419 1599 Maiores
1433 1560 1526 1591 nostri
1537 1572 1601 1591 non
1612 1561 1713 1591 solum
1723 1560 1754 1591 id
1766 1582 1775 1595 ,
1790 1562 1895 1602 quoda
1906 1565 2067 1603 Campanis

1102 1610 1250 1640 ceperant,
1261 1611 1325 1632 non
1336 1604 1571 1636 imminuerunt,
1582 1613 1689 1633 verum
1701 1606 1791 1633 etiam
1802 1623 1809 1636 ‚
1830 1608 1846 1629 9
1856 1604 1937 1644 quod
1947 1606 1973 1633 ei
1982 1614 2066 1635 tene-

1104 1642 1190 1676 bant,
1209 1643 1318 1684 quibus
1338 1644 1431 1674 adimi
1447 1646 1513 1684 jure
1528 1655 1591 1675 non
1602 1653 1725 1684 poterat,
1737 1646 1925 1676 coemerunt.
1950 1648 2017 1687 Qa
2027 1647 2065 1678 de.

1100 1684 1184 1714 causa
1203 1695 1259 1715 nec
1277 1686 1340 1716 duo
1358 1687 1483 1717 Gracchi
1495 1707 1504 1720 ‚
1533 1689 1585 1727 qui
1604 1686 1640 1716 de
1660 1687 1755 1726 plebis
1776 1688 1872 1717 Rom.
1890 1688 2066 1719 commodis

1098 1727 1266 1765 plurimum
1278 1730 1483 1769 cogitaverunt
1493 1748 1502 1762 ‚
1523 1738 1579 1758 nec
1589 1730 1623 1758 L.
1637 1729 1719 1758 Sulla
1730 1748 1738 1762 ,
1750 1730 1804 1769 qui
1816 1731 1922 1759 omnia
1931 1728 1991 1759 sine
2002 1730 2065 1761 ulla

1098 1768 1261 1809 religione,
1279 1770 1387 1811 quibus
1398 1770 1514 1804 voluit,
1528 1769 1570 1801 est
1580 1770 1747 1812 dilargitus,
1760 1780 1864 1813 agrum
1876 1774 2065 1817 Campanum

1099 1812 1242 1851 attingere
1260 1812 1345 1841 ausus
1363 1811 1418 1842 est.
1450 1812 1562 1842 Rullus
1579 1811 1695 1842 exstitit
1711 1832 1720 1846 ,
1735 1822 1835 1853 quiex
1845 1811 2063 1853 eaposseffione

1097 1861 1192 1892 remp.
1204 1852 1379 1884 demoveret
1390 1864 1395 1882 τ
1407 1863 1445 1883 ex
1454 1864 1510 1895 qua
1519 1864 1576 1884 nec
1586 1854 1790 1885 Gracchorum
1801 1854 1970 1896 benignitas
1981 1865 2059 1890 eam,

1096 1902 1152 1923 nec
1162 1894 1252 1924 Sullae
1262 1894 1434 1925 dominatio
1445 1894 1604 1935 dejecisset.
1624 1898 1725 1935 Qem
1733 1906 1836 1937 agrum
1849 1907 1930 1927 nunc
1940 1906 2058 1936 praeter—

1097 1944 1202 1965 euntes
1210 1935 1345 1967 vestrum
1355 1935 1414 1966 effe
1425 1937 1524 1967 dicitis
1535 1957 1543 1971 ,
1557 1940 1587 1956 ¹0
1596 1937 1629 1968 &
1640 1948 1731 1979 quem
1742 1948 1794 1978 per
1804 1939 1861 1967 iter
1870 1939 1922 1979 qui
1932 1938 2055 1973 faciunt,

1096 1979 1215 2007 externi
1225 1978 1368 2008 homines
1379 1998 1387 2011 ,
1413 1978 1545 2009 vestrum
1556 1977 1614 2008 effe
1624 1979 1766 2009 audiunt:
1788 1981 1813 2009 is
1825 1978 1897 2009 cum
1912 1982 1967 2009 erit
1976 1980 2059 2011 divi—

1096 2017 1142 2047 sus
1153 2037 1161 2051 ,
1180 2022 1205 2037 ¹¹
1218 2028 1316 2059 neque
1326 2022 1382 2049 erit
1392 2039 1400 2052 ,
1412 2030 1508 2061 neque
1517 2019 1614 2049 vester
1622 2018 1681 2049 effe
1691 2020 1814 2050 dicetur.
1837 2023 1878 2050 At
1890 2023 1940 2061 qui
1952 2022 2056 2052 homi-

1095 2068 1147 2088 nes
1156 2058 1346 2099 possidebunt
1356 2065 1367 2091 ?
1384 2060 1487 2091 Primo
1501 2061 1625 2101 quidem
1637 2071 1726 2095 acres,
1737 2061 1773 2092 ad
1781 2063 1846 2091 vim
1857 2065 2001 2102 prompti,
2019 2063 2054 2094 ad

1094 2100 1275 2131 seditionem
1288 2104 1376 2141 parati
1386 2122 1395 2134 ,
1414 2104 1466 2143 qui
1485 2101 1606 2132 simulac
1624 2102 1789 2133 decemviri
1808 2107 2048 2143 concrepuerint,

1092 2145 1197 2172 armati
1206 2145 1240 2173 in
1257 2145 1349 2174 civeis
1358 2163 1366 2177 ,
1386 2145 1419 2174 &
1430 2144 1561 2184 expediti
1569 2144 1605 2175 ad
1614 2144 1728 2175 caedem
1738 2143 1795 2175 effe
1804 2143 1922 2184 possint.
1945 2145 2056 2177 deinde

1092 2184 1130 2212 ad
1134 2192 1246 2224 paucos,
1257 2185 1377 2226 opibus,
1392 2185 1526 2224 &copiis
1536 2184 1585 2214 affl
1591 2188 1704 2216 uenteis
1714 2207 1722 2220 ‚
1738 2195 1836 2217 totum
1847 2197 1950 2228 agrurn
1962 2190 2052 2218 Cam-

1090 2234 1203 2264 panum
1213 2228 1334 2266 perferri
1345 2227 1496 2256 videbitis.
1518 2228 1614 2257 Vobis
1630 2229 1751 2262 interea,
1760 2230 1813 2269 qui
1828 2229 1892 2258 illas
1903 2229 1917 2258 a
1928 2230 2055 2269 majori-

1090 2267 1146 2296 bus
1154 2268 1370 2307 pulcherrimas
1380 2267 1575 2309 veffigaiium
1586 2269 1667 2299 sedes
1687 2274 1714 2290 ¹²
1728 2272 1817 2300 armis
1828 2280 1922 2309 captas
1933 2273 2052 2312 accepi-

1093 2307 1155 2341 stis,
1166 2309 1258 2350 glaeba
1267 2310 1351 2340 nulla
1359 2309 1395 2340 de
1403 2312 1532 2350 paternis
1543 2330 1553 2344 ‚
1573 2319 1660 2354 atque
1673 2313 1760 2342 avitis
1770 2310 1995 2351 poss'effionibus
2005 2324 2053 2343 re·-

1092 2351 1264 2391 linquetur:
1283 2362 1315 2383 ac
1334 2361 1450 2383 tantum
1466 2353 1602 2384 intererit
1620 2361 1700 2384 inter
1708 2352 1833 2385 vestram
1844 2373 1853 2389 ‚
1877 2354 2052 2396 &privato-

1980 2407 2049 2428 rum

894 2526 965 2554 suasu
976 2527 1045 2555 Pau.
1064 2530 1070 2588 s
1086 2536 1149 2591 lit7.
1169 2531 1265 2554 Perit-vi·
1276 2528 1333 2562 sap&
1351 2536 1457 2555 momento
1469 2530 1596 2563 fortuma]
1616 2530 1707 2557 Aliter
1718 2529 1874 2561 Lambinus,
1885 2528 1927 2556 sed
1938 2529 2047 2566 propius

1121 2573 1190 2590 teras
1201 2565 1363 2591 Gulielmius
1375 2584 1382 2596 ,
1395 2564 1508 2598 fiper-levi
1521 2585 1528 2596 ,
1539 2566 1590 2595 dvc,

1122 2600 1149 2627 8.
1169 2602 1348 2635 Qcftuffibm
1357 2604 1466 2632 varium,
1477 2610 1516 2627 nec
1527 2603 1575 2626 roelo
1585 2609 1613 2627 ac
1624 2601 1691 2634 loto]
1710 2600 1854 2627 Lambinus
1865 2608 1962 2631 tentat,
1973 2611 2047 2636 neque

87 2635 272 2662 verosimiliter
284 2655 292 2666 ,
312 2634 355 2660 sed
373 2645 424 2661 non
443 2634 469 2661 id
479 2635 626 2662 admittunt
636 2634 693 2661 nus.
705 2635 785 2661 nostri
795 2643 841 2661 aut
851 2635 915 2661 olim
926 2636 977 2662 culi
991 2655 998 2668 ,
1018 2637 1044 2663 in
1077 2637 1197 2669 frui‘lihm
1207 2646 1278 2670 neque
1288 2639 1345 2662 caelo.
1366 2638 1465 2672 inepte.
1485 2647 1529 2662 non
1539 2641 1639 2662 vai-inm
1651 2638 1770 2670 fiitc'libtes
1781 2655 1789 2669 ‚
1810 2637 1837 2662 in
1848 2646 1900 2672 quo
1910 2646 1955 2673 pai·
1965 2645 2046 2673 atque

86 2671 180 2708 quibus
190 2681 244 2705 qno.
263 2670 371 2697 adeatur
382 2671 413 2697 P.
424 2672 559 2697 Manutius
569 2672 691 2698 oratione
700 2671 787 2707 priore
799 2680 853 2706 cap.
867 2680 893 2705 5.

122 2716 148 2744 3.
167 2709 296 2741 Qingenos
299 2709 346 2741 fibi
348 2709 434 2741 singuli
443 2708 564 2741 stomun]
585 2707 654 2734 Pall.
665 2717 717 2734 non
727 2707 823 2733 abeunt
833 2706 865 2733 ab
874 2707 939 2734 olim
950 2706 1040 2739 editis,

83 2743 110 2771 in
123 2743 217 2780 quibus
228 2748 399 2777 quinquagenos
409 2754 418 2775 ‚-
436 2742 520 2778 licque
529 2744 606 2769 restat
617 2743 680 2769 item
692 2744 717 2769 in
732 2742 842 2769 Erfurd.

121 2788 150 2813 4.
172 2782 243 2813 Vestro
252 2783 340 2806 nomine
349 2786 431 2805 contra
439 2780 509 2814 -vos.]
529 2780 593 2806 Non
605 2779 712 2806 videtur
721 2778 829 2816 insipida
839 2778 922 2806 lectio
932 2778 989 2806 Pal.
1001 2788 1043 2815 pr.

82 2823 168 2842 ‘entra
176 2825 228 2842 nus.

123 2860 149 2885 5.
167 2853 293 2885 Pioftrat:
309 2853 422 2885 injugerti
432 2853 492 2877 dena
502 2851 641 2886 describat]
666 2850 809 2878 Lambinus
820 2850 894 2878 addit
907 2853 1044 2885 ,proferats

82 2887 108 2912 ln
118 2889 218 2920 fingulos
227 2889 313 2923 jugera
322 2888 383 2913 dena
400 2888 525 2921 describat,
543 2897 594 2914 non
606 2897 640 2914 ex
651 2886 751 2923 scriptis
765 2907 773 2919 ,
793 2887 835 2913 sed
847 2896 880 2915 ex
892 2887 950 2913 loco
960 2887 1042 2918 infra,

84 2931 162 2984 qugrn
172 2924 194 2950 ei
205 2923 319 2951 ostendit
328 2925 476 2951 Manutius.
496 2922 570 2950 nobis
581 2923 677 2959 religio
688 2924 723 2950 est
742 2922 873 2951 discedere
884 2924 900 2950 a.
910 2923 985 2950 libris
996 2932 1043 2950 ve-

84 2965 112 2985 tu
139 2967 170 2985 is.

119 2995 147 3019 6.
166 2997 192 3020 A
197 2995 324 3021 Suburana
343 2996 412 3030 ufique
421 2995 454 3021 ad
461 2995 624 3030 Arniensem]
649 2995 850 3022 Emendationis
860 2994 937 3030 hujus
948 2994 1042 3022 aueto-

83 3038 136 3062 κε,
147 3031 174 3056 iu
185 3030 262 3056 Italia
271 3033 419 3064 Manutius,
431 3032 457 3058 in
469 3031 558 3057 Gallia
567 3031 719 3063 Turnebus,
730 3032 774 3068 qui
788 3031 908 3058 videatur
918 3031 983 3060 libi
991 3040 1040 3058 xx.

86 3065 301 3102 Adrerscap.i7.
311 3066 486 3103 :illuduntque
497 3067 607 3094 omnino
617 3067 684 3093 I’all.
701 3069 766 3094 item
778 3068 857 3094 nostri
868 3068 895 3093 &
908 3066 1040 3094 vett.edd.

1083 2671 1173 2698 eadem
1186 2671 1286 2708 lemper
1297 2673 1412 2698 ubertas.
1424 2672 1492 2698 unde
1503 2672 1591 2708 paullo
1600 2672 1655 2708 post
1666 2672 1774 2703 dicit‚ex
1784 2682 1837 2706 agro
1845 2675 1964 2705 Campano
1972 2683 2045 2699 num-

1082 2717 1155 2742 quam
1172 2711 1258 2733 malum
1277 2711 1388 2734 nuncium
1415 2709 1506 2734 audii-i.
1531 2708 1635 2734 monuit
1663 2708 1787 2734 menotis
1798 2709 1880 2745 patris
1892 2708 1930 2735 sui
1942 2719 2042 2736 novun-i

1084 2744 1178 2770 Gallie
1191 2743 1257 2771 lidus
1277 2746 1308 2770 Ρ,
1319 2745 1450 2771 Puteanus
1464 2763 1473 2777 ,
1491 2744 1595 2771 Gallice
1606 2743 1686 2771 talem
1696 2753 1789 2780 agrum
1801 2745 1888 2772 vocari
1901 2764 1908 2777 ,
1927 2748 1969 2780 qui
1986 2756 2043 2771 rca-

1083 2787 1160 2805 comre
1170 2787 1221 2805 rous
1230 2782 1263 2805 les
1273 2789 1330 2809 aiis.

1117 2823 1146 2850 9.
1165 2817 1259 2849 Qodei
1269 2817 1377 2841 tenebant
1391 2835 1397 2846 ,
1408 2816 1474 2850 efran]
1496 2815 1539 2841 Sic
1549 2815 1698 2843 Lauredani
1708 2815 1786 2842 liber.
1808 2816 1887 2842 nostri
1906 2816 2041 2843 adliaerent

1084 2851 1197 2887 vulgata:
1208 2871 1216 2884 ,
1234 2852 1295 2886 quod
1300 2854 1447 2883 &tenebant
1459 2870 1467 2882 ‚
1486 2861 1542 2887 qua:
1553 2852 1639 2879 nescio
1657 2862 1688 2879 an
1708 2851 1830 2880 debuerit
1839 2853 1937 2880 mutari
1950 2862 1958 2885 3
1979 2863 2040 2880 cum

1082 2897 1133 2914 non
1144 2887 1253 2914 obscure
1264 2887 1423 2922 subintelligi
1436 2887 1518 2922 poisct
1530 2907 1538 2919 ‚
1549 2891 1575 2914 hi
1585 2908 1593 2920 ,
1603 2896 1650 2915 aut
1659 2890 1704 2914 illi.

1122 2932 1163 2950 10.
1175 2927 1207 2949 Et
1215 2933 1281 2958 quem
1293 2926 1388 2956 puriter
1397 2924 1564 2958 qitifaciunt]
1585 2925 1707 2951 [mi-cete
1720 2925 1750 2949 P.
1761 2924 1897 2950 Manutius
1909 2933 1942 2951 ex
1955 2924 2040 2951 veteri

1081 2958 1209 2991 leftione,
1219 2970 1248 2990 U·
1257 2962 1423 2993 quemparitei·
1433 2962 1474 2993 iqui
1483 2961 1587 2991 faciunt.
1600 2960 1672 2997 quod
1681 2959 1776 2987 deinde
1787 2960 1855 2987 male
1865 2961 2041 2997 degenerant:

1080 2995 1120 3028 in,
1132 2996 1161 3025 ὠ·
1170 3005 1237 3029 quem
1243 2998 1336 3027 pariter
1345 2998 1386 3028 qui
1396 2997 1552 3028 iterfaciimt.

1122 3040 1130 3057 1
1140 3040 1148 3057 i
1157 3052 1162 3057 .
1172 3035 1259 3065 Qque
1269 3034 1324 3060 crit,
1337 3040 1408 3064 neque
1417 3032 1492 3063 vester
1501 3031 1541 3064 effi
1550 3032 1666 3067 dicetur]
1680 3031 1770 3058 Hodie
1782 3031 1814 3059 fic
1824 3031 1932 3068 quidem
1943 3032 2039 3067 vulga-

1081 3073 1135 3094 tur.
1155 3067 1196 3092 sed
1208 3067 1278 3092 enim
1290 3066 1359 3092 Pau.
1379 3067 1442 3092 item
1455 3067 1520 3093 olim
1530 3068 1644 3104 impreffi
1664 3075 1767 3095 tantum
1787 3067 1931 3104 agnoscunt
1942 3087 1949 3099 ,
1969 3078 2042 3102 neque

81 3103 108 3128 in
120 3101 213 3137 quibus
224 3104 254 3127 ab
263 3103 335 3135 usura
344 3112 398 3129 nam
407 3103 518 3137 adusque
527 3104 561 3129 ad
567 3104 721 3137 Armenfim‚·
731 3113 783 3130 non
795 3104 833 3130 uti
844 3103 965 3139 deinceps
978 3103 1041 3135 culi,
1080 3105 1183 3135 vestrum
1193 3103 1293 3127 dicetur.
1307 3101 1451 3141 maluissem
1463 3112 1513 3138 ego
1525 3113 1532 3134 3
1544 3114 1616 3139 neque
1626 3107 1672 3130 erit
1680 3106 1767 3135 wan..
1777 3114 1850 3137 mque
1860 3105 1959 3130 dicetur.

80 3140 112 3164 ab
120 3140 262 3163 otriculum
270 3138 340 3171 ufique
349 3139 382 3164 ad
389 3139 553 3174 narniensem.
570 3140 660 3175 agitur
679 3140 751 3169 enim
760 3139 794 3166 de
803 3139 923 3167 tribubus
934 3140 1038 3167 Roma-

80 3174 122 3204 nis
133 3193 142 3210 ,
153 3184 205 3203 nnn
215 3172 248 3202 de
259 3173 366 3209 regione
375 3174 475 3210 aliqua.

1119 3147 1160 3164 η,
1173 3142 1266 3166 ιΛνιηις
1275 3138 1383 3172 capum]
1403 3138 1549 3167 Lambinus
1561 3160 1569 3173 ,
1577 3148 1664 3174 partas
1676 3150 1685 3173 3
1701 3148 1825 3179 tanqu-,cn
1838 3139 1854 3167 si
1863 3140 1977 3168 alterum
1990 3139 2041 3166 ini·-

1078 3182 1126 3201 nus
1136 3173 1189 3201 dici
1198 3173 1292 3211 pollet.
1314 3173 1329 3200 ὂ
1339 3173 1474 3202 cerebrum
1487 3176 1494 3204 l
1533 3212 1556 3239 C

1567 3220 1580 3239 c
1594 3221 1608 3239 c

1911 3220 1934 3238 1.
1944 3213 1983 3239 <A
1989 3218 2043 3236 11:15⁹

2115 371 2157 402 ἒξ)

2081 1914 2125 1946 30
