2337 3400
154 103 252 150 712
559 84 627 132 M.
698 79 749 127 T
777 94 818 124 υ
855 94 883 124 r.
913 92 952 123 -L
982 85 1009 123 „1
1048 84 1065 123 i

155 171 166 187 ¹
185 176 346 210 pergratam
362 163 634 204 tibi‘perspcSmm
648 160 703 192 effe
713 160 836 203 gaudeo.
856 159 1112 194 Sed,mihicrede,

155 219 223 240 non
238 209 365 250 perinde
379 228 388 241 ‚
398 211 422 227 '²
434 215 466 236 ut
475 205 517 235 est
528 205 635 245 reapse,
646 214 684 234 cx
694 205 798 233 litteris
807 203 969 243 perspicere
979 201 1111 242 potuisti.

159 253 239 281 Nam
261 251 330 280 cum
353 250 369 279 a
379 249 445 279 satis
457 249 563 277 multis
585 250 668 286 (non
679 247 763 275 enim
775 243 893 285 possum
903 244 1093 275 :interdicere
1104 244 1114 284 )

158 293 194 322 &
210 293 270 322 coli
282 301 331 321 me
345 290 463 320 videam
478 309 486 322 ,
509 289 542 326 &
554 288 658 330 diligi:
679 297 772 317 nemo
782 286 825 317 est
836 288 959 317 illorum
969 287 1113 316 omnium

162 335 241 364 mihi
261 332 469 372 tejucundior.
494 333 573 360 Nam
584 330 666 371 quod
678 340 727 360 me
737 339 834 359 amas:
859 327 980 369 quodid
993 328 1114 368 &jam-

157 375 276 415 pridem
289 394 297 408 ,
310 375 342 405 &
351 373 520 404 constanter
529 371 602 402 facis
616 371 674 402 :est
684 371 714 401 id
724 371 849 412 quidem
863 380 1019 412 magnum,
1030 379 1116 410 atque

158 417 239 446 haud
258 417 317 446 scio
337 426 374 446 an
395 416 588 445 maximum:
611 414 659 444 sed
678 414 910 443 tibicommune
920 423 990 443 curn
1001 413 1117 442 multis.

163 457 247 499 quod
258 467 288 488 tu
299 458 360 498 ipse
371 467 430 488 tam
443 456 588 486 amandus
598 466 629 485 es
641 476 649 489 ‚
676 464 797 496 tamque
814 455 911 485 dulcis
922 475 930 489 ‚
949 464 1068 495 tamque
1083 456 1117 484 in

161 502 250 530 omni
264 510 372 541 genere
380 498 576 539 jucundus‚id
587 496 628 528 est
638 499 756 538 proprie
768 506 865 527 tuum.
889 496 1119 529 Acceduntnon

160 543 321 575 Attici,sed
332 540 460 572 salsiores
473 560 481 575 ‚
495 540 584 581 quam
596 540 641 569 illi
653 541 972 572 Atticorum,Romani
983 547 1097 569 veteres
1110 557 1118 571 ,

163 593 252 625 atque
273 584 376 614 urbani
388 583 469 614 sales.
494 586 557 624 Ego
567 592 667 612 autem
686 580 863 621 (existimes
873 581 962 615 licet,
980 579 1121 621 quodlu—

162 626 235 665 bet)
255 625 383 656 mirifice
402 627 502 664 capior
522 624 656 658 facetiis,
681 624 816 654 maxime
827 622 1027 655 nostratibus,
1045 631 1120 662 prae-

163 668 264 698 sertim
275 667 347 698 cum
359 677 404 697 cas
415 666 535 696 Videam
546 666 681 707 primum
692 666 801 695 oblitas
811 666 899 694 Latio
909 684 918 698 ,
939 673 1003 694 tum
1015 683 1023 697 ,
1046 663 1119 693 ct‘im

160 712 196 740 in
217 711 322 739 usnem
345 708 477 739 nostram
496 708 538 738 est
558 708 655 738 infusa
673 708 865 748 peregrinitas
882 725 891 740 ,
922 709 934 733 3
947 715 1027 735 nunc
1047 704 1119 736 vero

163 761 255 782 etiam
266 753 390 781 Bracaris
402 771 411 784 ‚
431 751 464 781 δε
474 751 680 790 Tmnfiilpinis
690 749 865 779 nationibus
875 767 884 781 ‚
896 757 927 778 ut
936 748 1058 777 nullum
1068 757 1121 777 ve-

162 796 236 824 teris
253 795 363 834 leporis
380 792 542 835 vestigium
561 801 703 832 appareat.
726 793 829 830 Itaque
850 809 858 822 ‚
880 799 906 819 te
923 789 995 819 cum
1010 789 1119 822 video,
1139 825 1140 836 ἵ

160 839 179 862 4
190 845 311 865 omneis
321 836 399 865 milii
412 836 550 868 Granios,
564 835 684 864 omneis
695 833 844 865 Lucilios,
860 831 950 870 (vere
960 841 992 861 ut
1001 832 1099 861 dicam
1112 831 1122 871 )

163 877 278 908 Crass‘os
288 887 408 918 quoque
420 897 429 911 ‚
442 877 474 906 &
489 877 601 907 Laelios
611 875 711 905 videre
721 874 838 903 videor.
862 876 975 903 Moriar
985 893 993 906 ,
1005 872 1038 906 fi,
1048 883 1121 913 prae-

161 929 207 950 ter
218 929 245 950 te
256 939 265 953 ‚
288 929 472 960 quemquam
483 919 633 958 reliquum
644 917 740 947 habeo
750 935 758 950 ‚
778 917 812 945 in
820 925 880 956 quo
894 914 1001 955 poffim
1013 917 1121 956 imagi-

160 971 236 992 nem
258 964 388 1002 antiquae
406 962 439 991 δε
458 960 623 990 vernaculae
640 957 808 989 festivitatis
817 958 983 999 agnoscere.
1007 958 1053 987 Ad
1065 958 1120 987 hos

162 1003 283 1043 lepores
304 1003 376 1033 cum
397 1012 482 1032 amor
499 1011 566 1042 erga
582 1011 633 1030 me
642 1009 741 1030 tantus
751 1000 866 1030 accedat
877 1020 886 1033 ,
910 1001 1027 1030 miraris
1038 1019 1047 1033 ‚
1069 1009 1120 1029 me
1138 1033 1140 1038 Ι

162 1053 245 1076 tanta
266 1045 487 1086 perturbatione
505 1043 681 1073 valitudinis
691 1051 747 1072 tuae
758 1051 818 1071 tam
829 1043 956 1083 graviter
964 1043 1121 1072 exanima-

163 1096 232 1117 tum
243 1086 328 1116 fuisse
340 1092 351 1113 ,²
374 1085 464 1125 Qiod
479 1094 579 1115 autem
589 1085 678 1115 altera
688 1083 812 1124 epistola
820 1094 924 1125 purgas
933 1092 973 1117 te,
986 1093 1049 1113 non
1059 1082 1121 1113 dis-

162 1129 311 1159 suasorem
334 1129 412 1157 mihi
427 1129 573 1157 emtionis
587 1127 793 1166 Neapolitanae
811 1125 915 1160 fuisse,
937 1125 984 1156 sed
997 1124 1122 1156 raudo-

161 1181 228 1201 1-em
239 1170 456 1200 moderationis
469 1169 597 1199 urbanae:
607 1179 705 1210 neque
715 1178 770 1210 ego
780 1168 862 1198 aliter
871 1165 1123 1208 accepi.intellexi

162 1221 268 1242 tamen
284 1212 366 1242 idem
378 1232 386 1245 ,
405 1211 487 1252 quod
506 1212 553 1241 his
571 1211 710 1252 intelligo
719 1212 843 1244 litteris,
865 1220 929 1240 non
938 1206 1122 1239 existimasse

161 1263 190 1284 te
203 1275 211 1288 ,
237 1255 315 1284 mihi
334 1254 423 1284 licere
434 1273 443 1287 ‚
464 1253 593 1294 id-quod
612 1263 666 1294 ego
683 1253 841 1283 arbitrabar
852 1272 860 1286 ‚
877 1262 923 1282 res
943 1253 994 1281 has
1005 1261 1070 1281 non
1088 1260 1124 1280 o-

163 1298 278 1326 mnino
300 1296 426 1337 quidem
442 1316 452 1329 ,
482 1295 530 1326 sed
550 1305 690 1338 magnam
711 1304 823 1335 partem
835 1294 1011 1334 relinquere.
1035 1295 1141 1337 Catuq

162 1339 233 1368 lum
253 1339 333 1368 mihi
353 1347 450 1368 narras
465 1358 477 1372 ,
499 1338 531 1368 &
548 1339 599 1368 illa
616 1347 758 1377 tempora.
782 1336 865 1378 Qid
884 1335 1004 1366 simile?
1022 1345 1060 1365 ne
1078 1335 1123 1364 mi

160 1380 290 1422 quidem
312 1378 365 1420 ipsi
385 1389 457 1410 tunc
475 1379 606 1420 placebat
624 1379 736 1409 diutius
746 1378 841 1409 abefl'e
850 1378 886 1407 ab
896 1376 1122 1418 reip.custodia.

163 1422 341 1453 sedebamus
360 1424 444 1452 enim
461 1423 493 1452 in
503 1421 638 1462 puppi&
649 1422 768 1452 clavum
781 1420 966 1451 tenebamus.
977 1429 1058 1449 nunc
1069 1428 1123 1449 au-

159 1474 224 1495 tern
242 1466 295 1494 vix
313 1463 397 1494 estin
408 1465 524 1494 sentina
537 1465 632 1494 locus.
657 1462 818 1494 Ariminus
829 1461 1124 1493 multasenatuscon-

159 1506 240 1537 fult-a
257 1505 358 1536 futura
369 1514 454 1546 putas
464 1525 472 1539 ‚
498 1504 518 1535 fi
528 1516 584 1546 ego
595 1505 648 1536 sim
660 1506 790 1545 Neapoli
803 1512 813 1533 ,ἓ
830 1507 938 1535 Romae
952 1503 1023 1534 curn
1034 1503 1099 1534 sum
1116 1521 1125 1536 ,

160 1548 198 1578 &
207 1557 298 1589 urgeo
306 1547 420 1580 forum,
435 1548 683 1577 senatusconsulta
693 1547 861 1577 scribuntur
870 1546 946 1586 apud
957 1554 1123 1576 amatorem

162 1594 272 1624 tuum,
290 1588 471 1620 familiarem
490 1599 606 1619 meum.
632 1592 669 1620 Et
694 1589 817 1630 quidem
835 1587 908 1619 cum
928 1590 961 1618 in
987 1595 1124 1617 mentem

158 1634 248 1662 venit
262 1641 384 1671 ‚ponor
394 1630 430 1661 ad
442 1631 632 1661 scribendum
646 1656 650 1660 .
663 1631 695 1661 &
706 1631 774 1661 ante
789 1631 879 1661 audio
888 1629 1126 1661 senatusconsul-

162 1682 230 1704 tum
242 1675 273 1703 in
283 1674 475 1706 Armeniam,
486 1673 520 1702 ὃς
529 1675 644 1713 Syriam
656 1672 714 1703 effe
724 1672 966 1713 perlatum‚quod
980 1673 1013 1702 iri
1025 1680 1124 1701 meam

162 1716 344 1747 sententiam
365 1714 478 1744 fai-{tum
490 1713 548 1744 effe
561 1716 779 1756 dicatunquinn
790 1718 922 1744 omnino
932 1714 1125 1744 mentionem

159 1758 255 1787 ullam
268 1757 304 1786 de
314 1766 346 1786 ea
360 1766 390 1785 re
400 1754 458 1785 effe
467 1755 586 1786 fafimm.
611 1761 709 1797 Atque
720 1758 778 1787 hoc
786 1757 884 1786 nolim
900 1766 949 1785 me
960 1757 1052 1796 jocari
1070 1764 1127 1794 pu-

164 1808 221 1829 tes.
244 1801 324 1828 Nam
336 1798 414 1827 mihi
432 1798 505 1828 scito
515 1799 574 1838 jam
586 1799 601 1828 a
614 1799 732 1838 regibus
743 1799 860 1828 ultimis
869 1799 968 1828 allatas
978 1796 1035 1826 effe
1045 1796 1127 1826 litte-

161 1850 221 1874 κᾶε,
235 1840 345 1881 quibus
355 1840 432 1868 mihi
445 1841 548 1880 gratias
557 1849 644 1880 agant
656 1860 663 1873 ,
674 1839 756 1880 quod
769 1841 798 1870 se
808 1849 873 1869 mea
883 1840 1028 1870 sententia
1044 1847 1126 1878 reges

160 1883 373 1922 appellaverim
388 1891 484 1922 :quos
495 1892 551 1922 ego
569 1892 632 1911 non
650 1880 745 1911 modo
762 1891 843 1923 reges
856 1881 1018 1921 appellatos
1040 1898 1049 1913 ,
1077 1878 1125 1909 scd

160 1926 294 1954 omnino
318 1932 409 1953 natos
427 1923 605 1953 nesciebam.
629 1923 712 1965 Qid
731 1933 800 1964 ergo
817 1921 861 1953 est
882 1926 892 1952 ?
911 1931 1011 1952 tamen
1034 1930 1125 1961 quam

160 1966 215 1996 diu
234 1964 284 1996 hic
294 1967 349 1995 erit
359 1963 459 1995 noster
469 1966 518 1996 hic
530 1964 689 2005 praefe&us
701 1965 838 1995 moribus
849 1985 857 1999 ,
877 1964 987 2005 parebo
996 1963 1127 1994 auetori-

160 2009 214 2038 tati
239 2017 308 2038 tuae.
326 2006 398 2037 cum
419 2007 490 2037 vero
510 2008 603 2038 aberit
617 2027 625 2041 ‚
645 2007 680 2037 ad
700 2006 810 2048 fungos
822 2005 1126 2037 metuosconferam.

161 2051 304 2080 Domum
322 2048 342 2078 fi
361 2048 478 2079 habebo
503 2049 519 2069 ⁶
536 2052 568 2079 in
587 2050 685 2079 denos
706 2049 788 2083 dies,
813 2048 945 2090 singulos
957 2049 1125 2078 sumcuariae

161 2092 238 2132 legis
251 2092 315 2121 dies
325 2090 490 2121 conferam.
513 2094 565 2122 Sin
575 2100 673 2122 autem
686 2093 790 2121 minus
800 2093 959 2124 invenero,
971 2090 1052 2132 quod
1063 2089 1126 2129 pla-

161 2142 243 2163 ceat:
263 2133 381 2164 decrevi
402 2133 534 2163 habitare
552 2133 630 2174 apud
649 2142 686 2163 te.
710 2135 779 2163 Scio
797 2135 882 2163 enirn
902 2142 952 2162 me
972 2132 1051 2162 nihil
1068 2131 1125 2161 tibi
1142 2140 1143 2144 ¹

161 2176 273 2217 gratius
289 2174 386 2205 facere
405 2173 500 2214 poss'e.
524 2178 665 2206 Domum
676 2176 830 2207 Sullanam
842 2173 1030 2215 desperabam
1038 2174 1100 2214 jam
1112 2193 1122 2207 ‚
1138 2185 1141 2213 j

203 2294 212 2312 1
221 2306 227 2312 .
247 2289 388 2320 Pergratum
398 2287 442 2311 tibi
459 2288 473 2301 ⁴⁸
493 2288 637 2319 pov-spefi‘um
655 2288 696 2320 effi·
710 2287 823 2321 gardra]
847 2288 949 2313 Locum
969 2286 1086 2312 hiantem
1097 2295 1127 2311 ac

161 2321 279 2349 lacerum
291 2331 325 2348 ex
339 2321 395 2348 Pal.
411 2322 497 2357 primo
508 2331 537 2348 ac
548 2321 671 2348 Vitiatio
682 2323 762 2349 malui
774 2324 889 2349 sotii-,ere
902 2342 910 2353 ,
921 2324 1002 2357 quam
1013 2322 1127 2348 aliorum

162 2359 271 2394 ingenio
281 2357 442 2394 suppletum.
454 2357 599 2384 Lambinus
611 2358 746 2385 strenuum
758 2357 781 2384 se
793 2358 835 2383 liic
845 2357 920 2383 dedit
930 2357 1043 2392 legendo
1055 2365 1128 2390 :per-

157 2401 257 2428 gratam
266 2395 308 2420 ribi
318 2395 359 2428 effe
371 2395 515 2427 sententiam
525 2403 598 2419 meam
607 2395 635 2425 ὼ
648 2403 730 2419 curam
740 2394 884 2419 valitudinis
894 2401 939 2419 1:1ae
949 2412 956 2424 ,
981 2396 1131 2426 animumque

165 2440 221 2464 erga
233 2438 255 2455 re
273 2440 364 2455 meum.-
391 2439 456 2464 quem
466 2431 510 2454 tihi
525 2433 604 2463 persp.
624 2431 681 2456 Pal.
693 2437 780 2457 tamen
792 2429 881 2456 {extus
893 2431 918 2455 δε
932 2427 1013 2465 prisc-i
1024 2428 1126 2455 editio:

158 2474 300 2500 pergratam
309 2467 352 2491 ribi
363 2475 444 2491 curam
456 2474 530 2491 meam
538 2467 697 2493 vamusim).

202 2516 231 2533 2.
252 2510 281 2532 Ut
290 2509 325 2532 ef?
334 2507 422 2540 reapse,
433 2516 461 2532 cx
471 2507 544 2532 literis
551 2509 680 2539 perspicere
686 2507 807 2541 potmffi]
832 2507 896 2533 Haec
906 2505 989 2533 lenffio
1000 2512 1131 2541 corruptae

167 2543 193 2569 iu
208 2543 329 2569 Palatino
347 2544 434 2578 primo
453 2543 481 2568 Sc
502 2541 651 2568 editionum
663 2543 788 2579 primaria
806 2542 892 2569 ansam
911 2542 986 2568 dedit
997 2551 1005 2572 3
1025 2549 1053 2567 ut
1062 2544 1130 2567 effre

167 2580 250 2611 absens
264 2581 321 2604 littei
329 2579 358 2604 ic.
380 2578 437 2604 Pal.
449 2578 537 2604 sextus
549 2587 557 2608 3
580 2586 606 2603 ut
617 2582 653 2604 eff
661 2580 736 2613 reipsa
756 2589 784 2605 ex
794 2579 888 2605 limeris.
907 2579 1054 2613 Vulgarum
1068 2586 1130 2603 vcro

168 2616 204 2641 est
217 2624 224 2645 5
236 2623 262 2640 ut
272 2617 306 2640 cfl
316 2616 401 2648 scipsa,
413 2615 494 2647 absens
504 2624 533 2640 ex
542 2615 626 2640 littei-is
633 2617 870 2649 perspiccrcpotuisti.
891 2614 934 2641 sed
947 2622 976 2641 ut
986 2612 1131 2651 edidimus,

168 2652 288 2677 correxit
298 2660 331 2677 cx
346 2650 473 2677 Medicaeo
484 2650 630 2677 Victorius.

206 2699 232 2726 3.
249 2694 327 2725 ch
337 2692 392 2716 verb
401 2694 473 2717 etiam
483 2691 595 2716 Bracaris
604 2691 633 2721 ἐν
641 2692 803 2725 Transalpinis
813 2691 975 2725 nationibus]
994 2692 1059 2717 Haec
1070 2689 1133 2716 sci-i-

169 2733 246 2762 ptura
257 2727 392 2753 'invenitur
404 2728 429 2753 in
443 2727 510 2753 Pall.
520 2727 722 2759 Gulidmianis,
732 2727 849 2754 editione
863 2728 948 2763 prima
958 2736 987 2753 ac
997 2726 1129 2753 Victorii:
1152 2743 1154 2758 t

169 2762 217 2787 alii
229 2763 378 2788 Bracrhan‘s.
404 2763 504 2790 Peckio
516 2764 578 2789 vero
591 2771 716 2799 excerpta
727 2764 833 2795 volunt,
842 2773 905 2789 nunc
913 2765 1054 2795 veroplaccr
1063 2765 1134 2788 etiam

171 2799 299 2824 Bracara:
320 2798 387 2825 unde
398 2799 560 2826 Gulielmius
579 2809 630 2826 non
643 2801 731 2836 inepte.
743 2819 752 2832 ‚
772 2799 790 2826 si
801 2799 931 2826 necessum
952 2799 1024 2825 foret
1034 2798 1135 2835 aliquid
1154 2807 1155 2813 ¹

170 2833 362 2866 interficitere,
372 2845 434 2862 nime
443 2845 500 2861 vero
510 2837 579 2870 jam
588 2838 661 2861 etiam
673 2839 748 2863 Brnc.

208 2880 237 2906 4.
258 2877 340 2901 omnes
355 2877 412 2902 mlhl
421 2879 523 2902 Granios
536 2895 544 2907 ,
561 2885 637 2902 onmes
647 2879 754 2903 Lucilios
766 2877 831 2902 (verb
840 2883 869 2902 ut
878 2875 964 2902 dicam*
976 2876 1069 2909 Craffiis
1078 2885 1136 2910 quo-

169 2918 227 2944 que,
236 2910 304 2943 &eff
326 2911 463 2938 Concinne
475 2911 507 2938 iic
517 2913 600 2948 magis
611 2922 643 2939 ex
657 2913 776 2940 Palatino
786 2913 873 2949 primo
885 2932 893 2944 ,
913 2911 1036 2938 Vicini-io
1045 2921 1075 2937 :ic
1085 2912 1135 2937 tri-

173 2945 221 2971 bus
234 2945 419 2972 Gulielinianis
430 2947 540 2983 legitur.
560 2949 646 2984 prima
659 2948 743 2975 editio
754 2949 781 2974 8<
794 2949 894 2975 Peckio
903 2955 1044 2984 excerpta3
1061 2957 1137 2973 omnes

170 2983 340 3014 mihigraricu.
360 2982 502 3017 Vulgarum
515 2984 549 3010 est
557 2985 587 3011 in
607 2985 708 3011 exeniis
720 2994 728 3015 3
744 2985 831 3011 omneis
841 2987 899 3011 mihi
908 2986 1024 3010 Gracchos
1037 3003 1045 3016 ,
1055 2984 1137 3010 omneis

168 3019 287 3049 Lucilios,
295 3018 333 3051 s&
342 3025 370 3043 m
379 3020 435 3044 vere}
445 3019 531 3052 dicam)
548 3022 639 3053 Crafflis
648 3030 737 3056 quoque
744 3022 772 3052 &-
781 3023 863 3048 Laelt'os
872 3022 926 3047 vid.
937 3030 967 3046 v.

209 3067 235 3091 5.
253 3059 389 3086 <AuHorem
399 3059 561 3085 moderationis
571 3062 692 3096 urbana]
715 3064 826 3088 Secutus
846 3061 892 3088 hic
903 3060 1010 3098 quidem
1032 3060 1086 3087 sum
1099 3060 1140 3087 le—

167 3091 286 3133 &ionem
299 3103 395 3135 ³¹*quani
407 3093 460 3130 ipse
471 3105 521 3121 non
536 3114 543 3126 ,
558 3102 587 3121 ut
599 3097 660 3123 volo
673 3116 680 3128 ,
691 3097 817 3133 intelligo
827 3097 962 3135 praebitam
975 3097 1078 3123 milii&
1092 3106 1138 3123 va-

169 3127 225 3159 lide
236 3132 305 3173 quali
315 3130 445 3167 ingestam
457 3131 472 3160 fa
483 3130 568 3161 Palat.
583 3139 698 3169 quatuor
711 3134 900 3164 Gulielmianis
911 3141 1146 3171 receptarum-quae

1130 74 1678 126 Cir-:nizonis

1151 167 1184 188 ut
1201 158 1256 189 tibi
1274 157 1416 198 proxime
1436 153 1530 200 scripfi
1549 170 1556 190 :
1583 159 1631 191 sed
1652 167 1753 190 tamen
1772 165 1837 191 non
1855 157 1958 201 abjeci.
1987 162 2038 192 Tu
2057 166 2113 193 ire-‘⁶

1153 201 1207 230 lim
1220 221 1229 234 ,
1261 209 1294 230 ut
1312 200 1432 234 sci·ibi5‚
1454 210 1524 231 cum
1535 201 1624 232 fabris
1633 211 1699 232 eam
1719 202 1885 242 perspicias.
1909 204 1940 233 Si
1957 212 2041 232 enim
2060 205 2111 234 ni-

1151 243 1208 315 ξιξ)
1216 241 1264 314 estt
1278 244 1310 272 in
1328 241 1488 282 parietibus
1504 262 1513 275 ,
1530 252 1580 273 aur
1599 245 1632 273 in
1644 243 1723 274 teeto
1739 246 1825 279 vitii,
1848 253 1944 275 cetera
1953 245 2031 274 mihi
2039 254 2111 286 pro·

1172 295 1187 315 a
1211 294 1251 314 un
1267 294 1309 314 ur.
1821 295 1825 298 ’

1308 327 1500 357 CICERO
1521 328 1732 359 PAPIRIO
1753 331 1918 363 PAETO2
1937 331 1968 359 S.

1159 366 1244 442 D
1260 370 1284 398 E
1297 378 1316 397 L
1328 376 1346 396 E
1358 377 1376 396 c
1387 378 1407 398 τ
1417 377 1439 397 Α
1449 377 1471 397 R
1482 378 1503 398 υ
1515 377 1537 396 N
1547 378 1567 397 τ
1586 377 1637 398 me
1656 378 1711 400 tuae
1732 371 1851 401 litterae:
1867 373 1901 400 in
1917 369 2030 411 quibus
2047 370 2110 411 pri-

1158 430 1164 433 -
1251 408 1339 440 mum
1350 411 1448 440 amavi
1456 419 1592 439 amorem
1603 419 1701 440 tuum.
1712 413 1765 451 qui
1775 421 1801 442 te
1812 413 1847 443 ad
1857 412 2048 442 scribendum
2060 421 2111 442 in-

1152 453 1264 485 citavit,
1277 460 1432 481 verentem
1444 471 1452 484 ,
1478 461 1515 480 ne
1526 452 1617 482 Silius
1628 452 1680 482 suo
1690 455 1798 483 nuntio
1807 455 1921 494 aliquid
1934 455 2011 483 mihi
2025 454 2110 484 solli-

1155 494 1298 525 citudinis
1313 491 1471 523 attulisset:
1487 493 1594 533 dequo
1605 493 1638 523 ὃς
1648 503 1680 523 tu
1692 495 1769 523 mihi
1778 498 1863 525 antea
1871 496 2040 535 scripseras,
2062 496 2109 526 bis

1155 536 1278 578 quidem
1296 535 1405 565 eodem
1425 536 1568 575 exemplo
1579 546 1585 564 τ
1596 534 1683 565 facile
1704 545 1737 565 ut
1756 537 1958 577 intelligerem
1969 557 1978 571 ,
2002 546 2030 567 te
2050 535 2109 568 esse

1155 588 1223 608 com
1230 586 1353 608 morum
1366 588 1370 606 :
1383 577 1417 607 δε
1436 587 1491 618 ego
1501 578 1556 606 tibi
1565 577 1699 607 accurate
1708 577 1911 617 rescripseram
1923 598 1931 612 ,
1945 588 1978 608 ut
1985 588 2110 621 quoquo

1157 620 1253 650 modo
1272 622 1305 649 in
1320 619 1370 649 tali
1387 629 1417 649 re
1428 638 1436 652 ,
1456 629 1543 660 arque
1553 628 1687 659 tempore
1697 619 1912 649 autliberarem
1921 629 1949 649 te
1959 619 2013 650 ista
2022 631 2088 651 cura
2097 640 2109 655 ‚

1156 671 1205 692 aut
1224 661 1300 692 certe
1320 661 1460 691 levarem.
1505 660 1561 691 Sed
1579 671 1674 701 quum
1696 663 1847 701 proximis
1866 671 1987 702 quoque
2003 662 2109 692 litteris

1158 703 1291 734 ostendis
1302 723 1309 737 ‚
1322 712 1439 743 quantae
1449 702 1502 732 tibi
1513 713 1589 733 curae
1600 702 1632 732 sit
1641 713 1674 732 ea
1684 713 1728 732 res
1742 701 1806 737 :fic‚
1819 705 1862 732 mi
1873 706 1947 733 Paete
1959 723 1967 736 ,
1981 703 2107 734 habeto:

1156 745 1303 787 quidquid
1317 754 1375 775 arte
1386 743 1448 774 fieri
1458 754 1569 784 poterit
1591 744 1676 783 (non
1686 746 1770 775 enirn
1787 746 1845 781 jam
1855 745 1922 775 satis
1930 744 1973 775 est
1984 743 2111 775 consilio

1156 797 1302 830 pugnare:
1321 785 1481 816 artificium
1500 786 1654 828 quoddam
1672 787 1908 829 excogitandum
1928 786 1989 827 est)
2009 787 2027 817 s
2023 787 2057 817 ed
2069 796 2113 817 ta-

1158 840 1231 859 men
1250 828 1399 870 quidquid
1416 829 1578 863 elaborari,
1600 837 1650 858 aut
1668 827 1747 859 effici
1764 831 1893 869 potuerit
1903 849 1911 862 ‚
1934 828 1970 859 ad
1980 828 2110 860 istorum

1157 872 1398 902 benivolentiam
1418 871 1647 901 conciliandum
1659 890 1668 904 ‚
1689 871 1722 901 &
1739 870 1946 911 colligendum
1958 891 1967 904 ,
1988 871 2110 901 summo

1157 913 1256 944 studio
1272 923 1322 943 me
1339 913 1535 943 consecutum
1554 911 1612 944 effe
1625 924 1630 941 :
1653 923 1709 942 nec
1727 911 1832 943 frustra
1842 933 1850 947 ‚
1871 921 1903 943 ut
1919 912 2055 943 arbitror.
2073 910 2112 942 fic

1155 957 1241 986 enim
1252 955 1346 987 color,
1359 954 1397 985 fic
1407 955 1549 985 observor
1558 955 1594 985 ab
1608 955 1754 985 omnibus
1764 955 1821 988 his,
1833 956 1908 995 quia
1919 955 2028 985 Caesare
2039 954 2113 984 dili-

1155 1006 1314 1038 guntur‚ut
1323 997 1359 1027 ab
1368 999 1414 1026 his
1425 1006 1475 1026 me
1484 999 1576 1026 amari
1585 1007 1701 1037 putem.
1727 999 1811 1026 ΝΛΜ
1823 1006 1896 1026 ετει
1909 1006 1974 1026 NON
1984 1005 2113 1026 FAciLss

1158 1048 1393 1077 DiJoorcAi-UR
1403 1048 1501 1068 AMOR
1513 1048 1621 1069 vanus
1631 1058 1639 1072 ‚
1659 1039 1691 1068 δε
1702 1037 1788 1068 Εξὲυε
1799 1058 1807 1071 ,
1829 1036 1883 1068 nisi
1897 1039 2020 1079 aliquod
2035 1040 2114 1068 iuci-

1158 1081 1207 1111 dat
1216 1079 1366 1117 ejusmodi
1378 1089 1506 1120 tempus,
1518 1089 1560 1113 ut,
1570 1079 1649 1120 quasi
1659 1090 1764 1110 aurum
1776 1082 1847 1122 igni,
1859 1079 1896 1110 sic
1906 1080 2113 1111 benivolentia

1160 1121 1257 1152 fidelis
1283 1122 1418 1161 periculo
1436 1122 1538 1161 aliquo
1558 1122 1683 1161 perspici
1700 1120 1787 1161 poffit
1807 1132 1813 1150 :
1834 1130 1928 1152 cetera
1947 1123 2015 1152 sunt
2034 1120 2113 1162 signa

1157 1165 1350 1195 communia:
1362 1162 1411 1192 sed
1419 1172 1473 1204 ego
1487 1173 1548 1192 uno
1557 1172 1623 1192 utor
1632 1172 1810 1203 argumento
1822 1183 1831 1196 ,
1852 1164 2050 1203 quamobrem
2061 1173 2113 1193 me

1158 1216 1197 1236 ex
1207 1206 1322 1238 animo,
1335 1214 1462 1245 vereque
1471 1204 1594 1235 arbitrer
1604 1204 1704 1246 diligi,
1714 1206 1784 1245 quia
1798 1204 1832 1234 ὃς
1842 1204 1941 1235 nostra
1949 1204 2071 1235 fortuna
2079 1215 2114 1236 ea

1160 1248 1214 1282 est,
1227 1247 1392 1278 &illorum
1407 1266 1414 1281 ‚
1436 1256 1468 1277 ut
1478 1245 1730 1277 simulandicausa
1739 1257 1803 1276 non
1813 1245 1846 1276 sit
1868 1249 1916 1276 De
1927 1247 1981 1276 illo
1990 1256 2088 1276 autem
2101 1265 2110 1281 ‚

1160 1300 1251 1331 quem
1262 1299 1353 1330 penes
1363 1288 1404 1319 est
1418 1291 1522 1319 omnis
1530 1288 1669 1329 potestas,
1681 1288 1865 1322 nihilvideo‚
1875 1288 1956 1330 quod
1967 1291 2093 1319 timeam
2106 1297 2114 1318 ε

1161 1331 1216 1363 nisi
1235 1331 1316 1373 quod
1335 1333 1441 1361 omnia
1459 1331 1529 1361 sunt
1546 1333 1657 1361 incerta
1666 1351 1674 1365 ‚
1696 1331 1767 1361 cum
1785 1330 1802 1361 ὲ
1815 1332 1881 1370 jure
1892 1329 2049 1361 discessum
2060 1329 2113 1360 est:

1160 1385 1214 1405 nec
1223 1372 1350 1414 praestari
1359 1373 1524 1414 quidquam
1535 1372 1632 1413 potest
1643 1393 1651 1406 ,
1663 1373 1749 1413 quale
1758 1371 1895 1402 futurum
1905 1371 1939 1403 sit
1947 1392 1956 1406 ,
1967 1372 2050 1414 quod
2060 1381 2118 1413 po-

1160 1415 1249 1446 fitum
1269 1414 1311 1445 est
1321 1418 1353 1445 in
1361 1416 1480 1445 alterius
1489 1416 1643 1445 voluntate
1657 1435 1666 1449 ‚
1685 1425 1723 1445 ne
1733 1414 1831 1444 dicam
1843 1414 1980 1445 libidine.
2003 1414 2060 1445 Sed
2070 1423 2116 1445 ta-

2132 325 2176 360 16

1163 1468 1237 1489 rnen
1258 1458 1321 1497 ejus
1343 1455 1432 1497 ipsius
1451 1457 1534 1488 nulla
1550 1467 1581 1486 re
1602 1458 1618 1487 a
1636 1467 1685 1487 me
1704 1455 1837 1486 offensus
1857 1456 1900 1486 est
1909 1458 2038 1487 animus.
2062 1455 2115 1487 Est
2156 1460 2159 1461 ’

1161 1503 1246 1531 enim
1261 1499 1394 1530 adhibita
1415 1501 1449 1529 in
1465 1509 1498 1529 ea
1506 1509 1538 1529 re
1547 1499 1608 1538 ipsa
1616 1499 1735 1529 summa
1744 1499 1760 1528 a
1769 1498 1860 1528 nobis
1872 1498 2048 1529 moderatio.
2072 1501 2117 1529 Ut

1163 1545 1246 1573 enim
1260 1543 1338 1572 olim
1348 1541 1506 1571 arbitrabar
1515 1539 1572 1570 ess'e
1583 1550 1687 1570 meum
1700 1540 1792 1570 libere
1803 1540 1887 1581 loqui
1898 1560 1907 1575 ‚
1927 1541 2013 1580 cujus
2026 1549 2116 1580 opera

1162 1583 1233 1615 esset
1242 1586 1274 1614 in
1285 1585 1405 1614 civitate
1420 1583 1537 1613 libertas
1550 1605 1556 1611 .
1578 1581 1617 1612 fic
1628 1602 1636 1616 ,
1657 1592 1689 1612 ea
1698 1592 1780 1612 nunc
1788 1581 1891 1612 arniss'a
1901 1602 1910 1615 ,
1927 1581 2006 1612 nihil
2017 1582 2115 1622 loqui,

1161 1626 1244 1668 quod
1254 1623 1388 1656 offendat
1396 1633 1445 1655 aut
1455 1625 1537 1654 illius
1546 1644 1557 1658 ‚
1569 1633 1619 1654 aut
1631 1634 1750 1658 eorum,
1761 1625 1814 1665 qui
1826 1623 1926 1654 abillo
1937 1623 2115 1664 diliguntur.

1161 1669 1364 1699 voluntatem.
1388 1665 1527 1708 Effugere
1536 1675 1636 1696 autem
1647 1664 1667 1696 fi
1677 1666 1771 1696 velim
1782 1666 2007 1695 nonnullorum
2017 1664 2114 1698 acute,

1161 1715 1176 1740 7
1187 1719 1235 1741 aut
1255 1709 1348 1740 facete
1368 1707 1521 1739 dictorum
1534 1707 1645 1738 famam
1657 1727 1666 1741 ,
1685 1707 1765 1738 fama
1774 1709 1890 1748 ingenii
1901 1707 1979 1736 mihi
1990 1705 2032 1736 est
2040 1706 2119 1746 abji-

1163 1752 1269 1783 cienda
1282 1761 1288 1780 t
1299 1750 1382 1791 quod
1393 1749 1414 1780 fi
1424 1750 1455 1780 id
1463 1748 1578 1790 poss‘etn
1589 1769 1597 1783 ,
1610 1759 1672 1779 non
1683 1750 1857 1780 recusarem.
1878 1748 1936 1779 Sed
1947 1757 2046 1778 tamen
2055 1748 2118 1787 ipse

1163 1794 1258 1825 Caesar
1273 1793 1361 1822 habet
1370 1801 1486 1832 peracre
1493 1791 1645 1831 judicium
1657 1802 1662 1820 ;
1683 1791 1733 1824 &,
1749 1799 1782 1820 ut
1792 1791 1910 1820 Servius
1921 1810 1929 1823 ,
1942 1789 2030 1819 frater
2038 1799 2118 1823 tuus,

1164 1845 1256 1877 quem
1267 1832 1509 1864 litteratiffimum
1519 1831 1606 1863 fuisse
1617 1834 1628 1871 j
1633 1831 1823 1867 udico‚facile
1833 1831 1953 1865 diceret,
1963 1832 2011 1861 hic
2020 1831 2121 1861 versus

1165 1879 1262 1908 Plauti
1280 1886 1345 1907 non
1354 1874 1408 1906 est.
1420 1877 1470 1906 hic
1480 1874 1523 1905 est
1531 1895 1543 1909 .‚
1561 1873 1644 1916 quod
1656 1875 1736 1906 tritas
1746 1875 1843 1905 aureis
1851 1873 1970 1904 haberet
1979 1872 2122 1903 notandis

1163 1918 1322 1961 generibus
1343 1919 1498 1958 po‘e‘tarum
1509 1937 1518 1951 ,
1537 1917 1570 1947 &
1585 1916 1805 1947 consuetudine
1826 1915 1944 1957 legendi
1955 1926 1961 1945 :
1982 1913 2022 1947 fic
2028 1915 2121 1946 audio

1162 1961 1329 1994 Caesareum
1341 1959 1413 1990 cum
1427 1955 1441 1979 8
1451 1960 1610 1991 volumina
1620 1959 1678 1995 iam
1689 1957 1856 1989 confecerit
1866 1960 2122 2000 &mo-Eieypffwv,

1165 2004 1186 2035 fi
1207 2005 1289 2046 quod
1306 2003 1444 2035 afferatur
1465 2003 1501 2034 ad
1519 2013 1589 2032 eum
1608 2012 1662 2043 pro
1673 2012 1742 2033 meo
1753 2023 1762 2037 ‚
1782 2003 1864 2043 quod
1877 2012 1982 2034 meum
1992 2012 2056 2033 non
2067 2000 2101 2033 fit
2112 2021 2122 2038 ‚

1164 2048 1286 2087 rejicere
1298 2048 1391 2078 solere
1405 2046 1502 2087 :quod
1514 2043 1550 2074 eo
1560 2054 1643 2075 nunc
1654 2047 1749 2086 magis
1759 2044 1830 2075 facit
1840 2065 1848 2079 ,
1860 2047 1929 2086 quia
1939 2047 2046 2076 vivunt
2056 2054 2124 2074 me-

1164 2099 1235 2119 cum
1253 2087 1315 2119 fere
1334 2090 1470 2130 quotidie
1488 2088 1571 2117 illius
1591 2086 1768 2117 familiai-cs.
1807 2087 1952 2118 Incidunt
1969 2096 2068 2117 autem
2087 2087 2123 2116 in

1163 2131 1302 2161 sermone
1313 2132 1396 2161 vario
1406 2130 1502 2160 multa
1511 2149 1519 2164 ‚
1530 2139 1596 2170 quae
1606 2127 1723 2159 fortasse
1734 2129 1796 2158 illis
1805 2139 1875 2159 cum
1884 2129 1950 2159 dixi
1960 2149 1968 2163 ‚
1983 2138 2038 2159 nec
2046 2128 2123 2158 illit-

1162 2181 1252 2203 terata
1262 2193 1271 2208 ‚
1292 2183 1348 2204 nec
1359 2172 1468 2203 insulsa
1478 2170 1535 2202 ess'e
1548 2171 1713 2202 videantur.
1739 2173 1814 2202 Haec
1823 2171 1859 2202 ad
1868 2172 1958 2201 illurn
1968 2180 2037 2201 cum
2053 2170 2125 2200 reIi-

2056 2219 2126 2252 quis

1168 2295 1219 2321 que
1230 2285 1342 2312 editioni
1352 2286 1497 2322 primariae,
1508 2284 1641 2317 Vitam-io,
1652 2286 1785 2311 Mamurio.
1806 2284 1869 2320 quid
1880 2284 1898 2311 fi
1908 2292 1994 2311 tamen
2007 2305 2014 2316 ,
2026 2294 2074 2321 pro
2085 2286 2127 2310 de-

1169 2322 1304 2347 morationis
1315 2341 1324 2353 ,
1342 2323 1368 2348 in
1379 2321 1500 2347 omnibns
1512 2320 1586 2347 libris
1596 2330 1630 2347 ex
1641 2320 1797 2356 compendio
1807 2321 1940 2356 scriptura:
1950 2329 2125 2357 propagatum

1169 2357 1205 2383 est
1215 2357 1377 2382 moderamina
1387 2361 1397 2383 ,ἓ
1417 2356 1524 2382 Editum
1536 2358 1584 2387 est,
1594 2356 1782 2382 commorationis.

1206 2393 1233 2418 6.
1244 2396 1281 2418 ,In
1294 2394 1362 2418 ‹It-nos
1371 2393 1421 2417 dies
1433 2411 1441 2423 ‚
1452 2393 1554 2425 singulos
1558 2393 1713 2425 fitmptuariae
1720 2393 1773 2426 legis
1782 2393 1831 2418 dies
1842 2393 1967 2425 conferam.
1971 2395 2011 2425 fin
2020 2393 2125 2428 autem]

1171 2428 1258 2454 Miror·
1268 2437 1313 2454 cur
1323 2428 1487 2454 cori‘efflores
1498 2428 1611 2454 offender
1619 2429 1640 2454 it
1650 2429 1775 2454 iteratum
1792 2429 1823 2454 τὸ
1833 2430 1882 2454 dies
1913 2428 2008 2455 sedhic
2023 2438 2080 2456 mos
2090 2431 2127 2458 est

1169 2464 1325 2500 impotentis
1345 2464 1485 2500 imperitia:
1496 2463 1612 2490 incidere
1622 2465 1707 2490 statim
1721 2484 1729 2496 ,
1747 2464 1818 2500 quod
1836 2465 1945 2491 illorum
1957 2472 2046 2501 captus
2056 2466 2129 2492 ferre

1170 2510 1222 2526 non
1235 2501 1327 2536 potest.
1348 2501 1391 2525 Sic
1401 2501 1473 2526 «stin
1487 2499 1572 2527 Palat.
1591 2499 1668 2526 sexto
1681 2510 1750 2527 inam
1763 2502 1962 2536 primusvtotum
1973 2501 2042 2528 hunc
2052 2511 2127 2528 com-

1168 2535 1278 2572 plexum
1288 2536 1399 2569 omittit,
1414 2535 1517 2562 duobus
1528 2537 1713 2562 Gulielmianis
1725 2556 1733 2568 ‚
1751 2537 1879 2563 Vaticano
1891 2557 1898 2569 ,
1914 2537 2036 2564 editione
2045 2537 2129 2573 prisca

1170 2573 1198 2598 δί
1210 2572 1363 2599 νὶὲΐοι·ῐαι];ι
1379 2583 1384 2599 :
1408 2573 1486 2606 vulgo
1499 2583 1504 2599 :
1519 2573 1766 2606 fingraeibssnmtuariae
1774 2574 1826 2606 legis
1837 2575 1961 2606 confi-ram.
1973 2575 2012 2608 fin
2021 2577 2110 2600 minus.

1206 2616 1234 2642 7.
1255 2613 1320 2636 ’,ΛΜ
1331 2609 1410 2642 facete
1420 2609 1533 2634 diHorum
1544 2611 1640 2642 famam
1651 2628 1660 2640 ,
1673 2610 1744 2642 filma
1754 2612 1840 2642 ingenii
1849 2612 1908 2635 milii
1924 2611 1960 2636 εξῖ
1967 2609 2126 2644 abjicienda]

1173 2645 1211 2670 Ita
1224 2643 1309 2671 edidit
1321 2644 1457 2671 vietor-ius
1469 2664 1477 2676 ,
1488 2646 1530 2671 cui
1541 2645 1604 2672 licet
1617 2652 1746 2681 repugnet
1757 2646 1913 2676 Manutius5
1934 2654 2029 2671 moneo
2039 2653 2128 2672 tamen

1173 2681 1301 2707 leustorem
1315 2700 1323 2712 ,
1344 2690 1376 2707 ne
1397 2681 1535 2708 attendat:
1560 2691 1619 2707 nam
1648 2681 1695 2708 ille
1714 2681 1797 2708 bonus
1818 2682 1859 2707 vii·
1877 2691 1927 2707 non
1947 2681 2006 2706 satis
2028 2680 2128 2716 ingenii

1172 2717 1203 2743 ad
1223 2716 1435 2744 emendationem
1456 2717 1539 2743 Tullii
1559 2717 1652 2744 attulit
1664 2737 1672 2749 ,
1693 2727 1777 2753 neque
1790 2737 1799 2749 ,
1820 2717 1902 2743 liber-‘e
1925 2717 2021 2752 loquor
2032 2735 2040 2748 ‚
2067 2716 2130 2744 stitis

1170 2752 1277 2787 judicii.
1297 2753 1420 2788 soleoque
1432 2754 1462 2779 P.
1474 2753 1588 2780 Victorii
1608 2763 1715 2789 operam
1727 2754 1818 2779 multis
1833 2750 1984 2788 parasangis
1995 2751 2130 2787 praeferre.

1175 2791 1246 2816 eruit
1257 2790 1321 2816 hanc
1331 2799 1436 2825 quoque
1448 2788 1590 2815 recchonem
1601 2799 1635 2815 ex
1648 2798 1672 2815 v.
1683 2799 1708 2815 c.
1719 2789 1758 2814 vii·
1767 2788 1874 2819 dotans,
1885 2789 1930 2823 qui
1940 2787 2014 2814 addit
2026 2788 2058 2814 sic
2071 2798 2094 2815 v.
2105 2799 2129 2816 c.

1176 2825 1248 2852 retstc
1263 2846 1270 2858 ,
1281 2826 1368 2852 inrito
1380 2845 1388 2857 ‚
1398 2825 1517 2861 quamvis
1529 2826 1661 2851 Manutio.
1680 2825 1718 2850 ait
1729 2823 1764 2855 sc,
1774 2831 1804 2850 ut
1815 2823 1931 2849 maxime
1943 2824 2019 2855 velit,
2030 2825 2128 2852 taniam

1174 2862 1249 2889 illam
1259 2866 1336 2889 acutn‘:
1348 2861 1482 2888 dierorum
1493 2860 1610 2896 effugere
1622 2870 1671 2886 non
1684 2859 1827 2895 possessum
1839 2859 1924 2886 subito
1934 2860 2037 2887 animad
2044 2868 2131 2888 vertat

1177 2897 1339 2934 Coeffirquid
1362 2900 1420 2924 vere
1432 2899 1447 2923 :i
1457 2896 1588 2922 Cicerone
1607 2895 1757 2931 profefflum
1771 2895 1809 2921 sit.
1831 2895 2016 2923 Palit.sextus
2029 2915 2038 2929 ,
2051 2898 2132 2931 facete
2175 2914 2177 2917 .

1176 2934 1289 2960 άὶέῖονιηη
1298 2937 1433 2968 opinionem.
1454 2932 1536 2968 vulgi)
1541 2934 1616 2965 facile
1625 2932 1737 2957 dierorum
1746 2931 1803 2964 affin
1813 2940 1894 2958 mmm.

1216 2977 1242 3003 8.
1263 2978 1384 3003 Volumina
1395 2976 1449 3008 jam
1459 2976 1580 3007 confit-erit
1591 2970 1777 3009 ὶζποιὲῑγμᾳ.
1787 2982 1837 3000 των
1851 2994 1859 3008 ‚
1874 2973 1899 3005 fi
1905 2973 1967 3007 quod
1973 2973 2093 3006 afferatur
2103 2973 2137 2999 ad

1178 3016 1255 3049 emm]
1277 3013 1442 3045 Intriidunt,
1459 3014 1503 3038 vel
1512 3013 1595 3046 fers&
1606 3031 1614 3044 ‚
1626 3013 1717 3047 fiquid
1732 3012 1777 3044 aff.
1795 3014 1956 3050 nequiter&
1975 3023 2008 3040 ex
2028 3012 2136 3049 putrida

1176 3054 1271 3092 gloll'a,
1281 3062 1359 3090 quam
1370 3053 1449 3087 ejicio
1461 3050 1602 3087 <piscibu-in
1614 3054 1682 3080 Pall.
1699 3055 1836 3081 Vaticano.
1855 3054 1956 3081 duobus
1975 3054 2138 3081 Gulielmia-

1179 3097 1230 3127 nis,
1242 3094 1360 3124 editione
1365 3094 1455 3132 prima
1466 3102 1533 3132 tquae
1544 3102 1632 3124 tamen
1642 3093 1706 3122 ficut
1717 3093 1817 3123 Peckio
1827 3101 1955 3131 excerpta
1963 3094 2093 3129 deseratur]
2101 3095 2138 3120 ae

1180 3131 1308 3164 Vistotii.
1469 3142 1473 3145 ²
2082 3137 2085 3141 ’
2119 3134 2125 3143 ”

2039 3165 2129 3193 neza

2212 3195 2222 3207 >-
