2360 3400
472 151 549 184 DE
594 137 871 182 Fiuirzus
917 137 1154 182 Borion.
1204 150 1284 182 ET
1319 136 1482 186 MAL.
1538 141 1672 188 Lrn.
1714 143 1780 189 ΙΙ.

145 222 245 257 bertreis
252 216 348 256 ladas,
363 219 397 252 &
406 228 473 261 quae
483 219 647 260 sequuntur
659 237 668 252 ‚
680 218 730 249 illa
740 230 749 253 5
761 217 871 259 quibus
880 216 1017 248 detractis
1027 236 1036 250 ,
1048 217 1109 247 cla-

143 267 364 306 mat-Epicurus
372 263 401 293 se
410 261 523 292 nescire
534 281 544 296 ‚
563 260 637 302 quid
647 259 678 290 fit
689 260 806 290 bonum
828 258 922 290 adsint
941 262 1032 290 etiam
1042 258 1107 288 for-

144 306 221 340 mofi
230 307 314 347 pueri
328 324 338 339 ‚
349 305 401 345 qui
412 302 584 333 ministrent
600 313 604 331 :
618 306 627 322 ¹
641 301 816 342 respondeat
826 302 873 331 his
882 300 971 331 vestis
982 319 990 334 ‚
1001 310 1104 340 argen—

144 358 210 381 tum
222 368 230 382 ‚
248 347 457 379 Corinthium,
468 345 553 375 locus
563 345 625 384 ipse
640 364 649 378 ‚
669 342 843 374 aedificium.
866 345 933 372 Hos
942 352 998 382 ego
1007 342 1106 372 asotos

142 390 209 421 bane
225 389 342 431 quidem
360 387 458 417 vivere
471 407 480 420 ‚
498 394 533 416 at
548 384 626 416 beate*
646 395 804 426 numquam
821 384 954 413 dixerim.
987 392 1024 414 ex
1041 393 1102 423 quo

142 430 273 463 efficitur
286 450 295 464 ‚
315 439 381 460 non
399 438 432 459 ut
441 429 579 469 voluptas
589 438 626 458 ne
637 425 670 458 sit
682 428 819 467 voluptas
832 445 841 460 ‚
862 425 909 456 sed
926 425 1102 464 utvoluptas

140 483 207 505 non
217 471 250 503 fit
261 473 415 504 summum
426 471 554 501 bonum.
575 480 631 500 nec
641 469 764 509 ille‚qui
773 469 948 508 Diogenem
960 468 1099 497 Stoicum

128 514 314 546 adolescens
326 534 335 548 ‚
353 512 421 554 post
437 522 537 544 autem
559 513 722 543 Panaetium
741 510 893 542 audierat,
911 509 1021 539 Laelius
1036 528 1044 542 ,
1065 506 1102 537 eo

142 555 244 587 dietus
262 555 304 586 est
324 556 440 595 sapiens
452 575 461 588 ‚
480 554 563 595 quod
588 563 653 584 non
664 552 843 592 intelligeret
855 571 864 584 ‚
883 551 956 590 quid
970 548 1100 595 suavisfi—

141 607 230 628 mum
241 596 313 628 effer
334 599 393 637 (nec
403 596 612 637 enimftquitur
622 615 631 630 ,
642 602 677 624 ut
687 594 732 623 cui
742 593 900 634 corfizpiaet,
912 593 938 621 ei
946 592 1100 634 nunftipiat

136 639 273 681 Palatua)
286 639 334 670 sed
343 641 412 680 quia
420 641 501 679 parvi
512 638 542 667 id
550 637 679 667 duceret.
896 675 901 680 .
1009 675 1013 679 .

235 684 260 710 Ο
280 681 410 722 lapathe‚
429 684 443 700 ²
454 688 488 709 ut
499 678 609 718 jaste're
627 676 723 715 necess&
740 675 783 706 eft'
793 697 803 710 ,
822 680 948 716 cognitu)
965 686 1012 705 cm
1027 674 1075 716 fis.

234 726 271 753 In
288 733 343 764 quo
361 722 463 761 Lea-liic
482 728 610 750 clamores
621 721 716 761 sophos
735 720 780 748 zlle
793 718 900 758 serebat

234 765 322 796 Edere
333 785 341 798 ‚
361 764 520 805 compeHans
534 763 651 803 gumias
668 771 702 789 ex
717 761 809 789 ordine
824 758 931 795 nostros.

234 807 335 837 Laeliu'
353 807 494 847 prierint-e,
515 804 550 835 ὼ·
568 801 639 832 reste
652 802 767 844 sbphos,
790 801 936 842 humique
957 798 1043 829 vere':
1065 841 1070 845 Ι

234 851 259 876 0
279 847 381 881 Publi,
403 845 415 875 ὃ
428 855 551 886 gurges,
573 846 684 874 Gallam
694 854 705 870 .·
723 853 749 872 es
766 844 843 872 homo
861 843 944 881 miser
957 862 966 875 ,
987 843 1097 882 inqua*-

233 889 340 925 Cenasti
358 890 387 917 in
408 890 472 917 vira
491 896 649 926 numquam
667 883 748 917 bene,
768 883 833 913 ciam
851 884 946 912 omnia
963 884 993 911 in
1012 881 1064 918 ista

236 932 372 971 Conficmu
383 930 509 971 squilla,
531 935 620 967 atque
636 926 786 967 aczPenJEre
803 923 868 954 cism
883 925 1042 954 decumano.

137 977 167 1005 Is
180 975 241 1004 haec
253 973 404 1013 loquitur,
416 972 468 1011 qui
478 972 511 1000 in
522 971 675 1008 voluptate
687 969 764 997 nihil
776 977 893 1007 ponens
906 987 914 999 ‚
927 975 1013 1006 negat
1023 975 1095 996 eum

138 1016 216 1047 bene
222 1023 338 1047 cenare,
349 1014 402 1054 qui
412 1013 516 1042 omnia
525 1019 616 1051 ponat
625 1012 658 1039 in
669 1010 835 1049 voluptate:
848 1012 866 1035 4
876 1008 907 1039 &
918 1018 1020 1038 tamen
1031 1018 1096 1038 non

136 1065 224 1098 negat
241 1055 370 1085 libenter
385 1063 528 1094 umquam
547 1051 660 1083 cenass'e
681 1051 860 1081 Gallonium
877 1062 882 1080 ;
906 1051 1096 1089 (mentiretur

137 1098 235 1135 enim)
245 1097 294 1127 sed
304 1096 390 1126 bene.
414 1099 456 1126 Ita
465 1097 608 1136 graviter,
621 1093 761 1124 &severe
773 1094 958 1132 voluptatem
972 1092 1095 1122 secernit

138 1135 259 1170 abono.
282 1148 321 1168 ex
330 1149 390 1179 quo
402 1139 476 1167 illud
490 1136 637 1169 efficitur,
657 1135 708 1177 qui
727 1133 791 1163 ben&
807 1141 900 1163 cenent
911 1153 919 1167 ‚
939 1135 1036 1163 omneis
1054 1134 1095 1162 li-

136 1180 228 1210 benter
246 1190 358 1209 cenare:
377 1180 429 1221 qui
448 1178 582 1211 libenter,
601 1188 653 1206 non
665 1175 793 1206 continu),
805 1175 876 1205 bene.
898 1176 1014 1215 semper
1026 1177 1094 1206 Lae-

133 1224 193 1253 lius
205 1223 290 1252 bene.
314 1224 396 1263 Qid
415 1221 512 1251 bene?
534 1219 606 1249 dicit
617 1219 772 1252 Lucilius,
785 1216 878 1251 costo,
902 1218 1020 1246 condito.
1045 1216 1094 1246 sed

133 1265 212 1296 cedo
222 1273 310 1303 caput
318 1273 399 1293 cenae
413 1264 547 1302 :sermone
556 1259 633 1290 bono.
659 1264 672 1288 5
682 1260 754 1301 quid
765 1270 803 1290 ex
814 1270 851 1290 eo
865 1259 1041 1300 ?fiquaeri',
1056 1259 1094 1287 li-

134 1306 236 1337 benter.
259 1305 401 1336 veniebat
416 1307 499 1334 enirn
515 1304 550 1334 ad
564 1312 669 1333 cenam
681 1322 689 1336 ,
712 1311 743 1331 ut
753 1304 857 1332 animo
866 1311 969 1342 quieto
980 1301 1093 1331 satiaret

134 1347 277 1378 desideria
287 1356 407 1377 naturae.
430 1345 508 1376 redte
521 1355 590 1386 ergo
600 1355 624 1374 rs
634 1353 718 1385 negat
732 1364 740 1377 ,
755 1354 898 1384 umquam
910 1343 1091 1373 benecenas-

132 1390 163 1420 se
174 1390 365 1421 Gallonium
376 1387 467 1421 ι-εὸὶέ,
479 1388 623 1417 miserum
634 1405 642 1418 ‚
653 1396 722 1415 cum
733 1386 895 1424 praeiisrtim
908 1395 940 1414 in
950 1394 988 1414 eo
998 1394 1092 1414 omne

134 1430 270 1461 studium
281 1430 471 1460 consumeret
502 1437 594 1469 quem
609 1427 735 1456 libenter
753 1425 865 1456 cenasse
886 1436 978 1455 uerno
994 1435 1091 1465 negat.

135 1475 196 1503 Cur
205 1474 294 1511 igitur
305 1481 369 1500 non
379 1470 478 1500 bene?
499 1470 570 1510 quia
585 1468 662 1509 quod
678 1467 759 1500 bene,
780 1467 810 1496 id
819 1466 908 1499 νεῐὲὲ,
924 1466 1090 1507 frugaliter,

132 1512 237 1549 honeste
247 1524 258 1540 .·
269 1513 319 1541 ille
328 1511 416 1551 porro
429 1511 507 1541 male
520 1530 528 1544 ‚
539 1510 627 1550 prave
639 1529 647 1542 ,
660 1518 796 1550 nequiter
807 1529 815 1542 ‚
828 1509 1088 1547 turpitercenabat.

135 1558 210 1586 Non
231 1557 319 1595 igitur
330 1564 385 1583 nec
400 1554 508 1593 lapathi
524 1553 697 1582 suavitatem
708 1551 866 1590 acipensem
878 1550 1013 1579 Gallonii
1025 1552 1090 1579 Lae-

129 1595 418 1635 iius‘ameponebat,
440 1595 489 1625 sed
508 1594 678 1624 suavitatem
697 1593 791 1633 ipsam
807 1591 982 1632 negligebat.
1006 1592 1088 1633 quod

91 1644 115 1676 9
132 1647 198 1669 non
208 1638 331 1671 faceret,
344 1635 365 1666 fi
378 1640 410 1667 in
420 1638 571 1677 voluptate
580 1636 736 1666 summum
749 1634 863 1664 bonum
876 1643 1011 1673 poneret.
1035 1636 1090 1663 SE-

133 1689 299 1711 MovENDA
317 1678 360 1709 est
377 1680 467 1720 igitur
485 1679 641 1718 voluptas,
667 1687 732 1706 non
747 1677 843 1707 solum
856 1684 888 1705 ut
901 1675 978 1705 reeta
988 1676 1090 1716 sequa-

128 1724 222 1752 mini.
252 1721 302 1751 sed
320 1723 411 1750 etiam
434 1729 466 1750 ut
482 1721 569 1761 loqui
588 1720 688 1749 deceat
707 1718 866 1759 frugaliter.
890 1716 1089 1748 Possumusne

129 1765 221 1804 igitur
241 1765 274 1793 in
289 1765 348 1792 vita
365 1763 521 1792 summum
534 1763 650 1792 bonum
661 1761 759 1790 dicere
769 1780 777 1793 ,
799 1758 870 1790 cum
880 1758 913 1788 id
926 1769 963 1788 ne
974 1761 1007 1788 in
1016 1769 1088 1790 cena

127 1805 254 1846 quidem
274 1802 356 1844 poffe
370 1804 546 1834 videamur?
568 1805 639 1844 Qo
657 1802 753 1831 modo
771 1810 871 1832 autem
890 1801 1089 1840 philosophus

128 1848 269 1888 loquitur
279 1848 332 1876 tria
339 1855 446 1887 genera
456 1845 671 1884 cupiditatum?
680 1843 850 1876 naturaleis,
863 1842 895 1872 &
906 1840 1087 1872 necessarias:

127 1889 288 1919 naturaleis
301 1908 309 1921 ,
331 1897 394 1917 non
413 1886 582 1917 neceffirias
596 1897 602 1915 ;
619 1895 677 1916 nec
691 1885 851 1915 naturaleis
862 1903 871 1917 ,
891 1893 946 1914 nec
957 1882 1088 1914 necessa-

125 1933 204 1961 rias?
221 1929 358 1970 primum
376 1927 476 1960 divifit
491 1929 684 1969 ineleganter.
714 1926 776 1956 duo
793 1927 879 1956 enim
898 1934 1004 1965 genera
1021 1935 1087 1966 quae

126 1982 210 2002 erant
219 1992 229 2006 ‚
241 1971 311 2002 fecit
321 1972 385 2001 tria.
411 1973 467 2002 hoc
476 1970 519 2001 est
529 1981 581 1999 non
590 1968 717 1999 dividere
726 1988 735 2002 ‚
747 1966 927 2008 sedfi‘angere
937 1977 1011 1997 rem.
1033 1970 1086 2008 qui

125 2013 148 2044 si
158 2014 288 2047 diceret,
303 2011 567 2052 cupiditatum-este
577 2012 638 2042 duo
647 2020 753 2052 genera
763 2030 773 2043 ‚
786 2011 944 2054 naturaleis
954 2028 963 2042 ‚
976 2010 1009 2040 &
1019 2010 1086 2039 ina—

126 2058 208 2086 neis:
230 2055 411 2086 naturalium
421 2075 432 2088 ‚
453 2064 574 2095 quoque
586 2055 661 2083 item
671 2052 732 2083 duo
744 2073 754 2086 ‚
767 2050 957 2085 necerim-ias,
979 2051 1013 2082 &
1023 2061 1088 2082 non

125 2096 296 2128 necess'arias
307 2117 316 2131 ,
339 2096 356 2117 ⁶
367 2095 506 2127 confecia
523 2105 568 2126 res
584 2094 665 2125 effer.
688 2096 740 2135 qui
753 2095 816 2124 haec
833 2093 1002 2124 didicerunt
1020 2103 1087 2134 quae

121 2140 175 2170 ille
184 2141 373 2171 contemnit,
395 2137 433 2169 fic
446 2139 552 2169 solent.
576 2137 716 2176 vitiosum
734 2134 770 2172 est
787 2136 860 2165 enim
878 2136 907 2164 in
924 2134 1085 2169 dividendo,

119 2189 231 2222 partem
242 2182 272 2210 in
282 2190 541 2221 generenumerare.
564 2179 620 2209 Sed
631 2180 689 2209 hoc
700 2179 768 2209 sane
779 2177 988 2208 concedamus.
1010 2186 1085 2207 con-

120 2225 326 2254 temnitenim
338 2221 498 2252 differendi
509 2223 705 2262 elegantiam:
723 2219 852 2250 confuse
867 2219 1010 2259 loquitur.
1033 2229 1085 2259 ge-

118 2265 231 2296 rendus
241 2264 284 2295 est
293 2274 372 2297 mos,
387 2263 482 2295 mode>
493 2263 574 2293 recte
582 2264 697 2293 sentiat.
712 2264 751 2292 Et
760 2261 885 2303 quidem
897 2260 972 2290 illud
985 2261 1083 2301 ipsum

118 2317 184 2337 non
202 2305 337 2337 nimium
352 2306 448 2346 probo
468 2307 502 2344 (7
513 2306 546 2336 &
558 2314 674 2336 tantum
685 2305 795 2344 patior)
807 2303 1024 2348 philosophum
1036 2303 1084 2332 10-

119 2351 173 2389 qui
190 2348 227 2379 de
243 2348 456 2387 cupiditatibus
474 2346 627 2378 finiendis.
652 2350 701 2376 An
710 2345 809 2385 potest
817 2344 964 2384 cupiditas
978 2346 1082 2374 liniri?

117 2390 236 2420 tollenda
252 2389 296 2420 es‘?
305 2410 314 2425 ‚
333 2398 423 2431 atque
435 2390 604 2419 extrahenda
617 2387 768 2418 radicitus.
790 2389 859 2428 quis
867 2386 910 2418 est
919 2387 1005 2416 enim
1017 2406 1028 2421 ‚
1050 2389 1084 2416 in

157 2506 167 2523 1
175 2518 180 2523 .
191 2497 332 2531 Respondeat
341 2498 377 2523 his
386 2499 468 2530 vestis,
478 2504 610 2531 argentum,
619 2498 777 2527 Corinthium,
786 2497 850 2521 luem
858 2495 914 2528 ipft,
924 2493 1073 2528 aedtfict'am]

113 2532 158 2559 {ta
170 2533 242 2559 nulla
254 2533 344 2560 littera
361 2533 420 2568 plus
431 2534 549 2560 minusve
561 2534 618 2559 Pal.
630 2542 670 2568 pr.
681 2539 745 2559 tert.
757 2531 846 2558 sextus
861 2550 869 2563 ‚
880 2532 945 2557 item
955 2530 987 2557 ad
997 2539 1073 2557 oram

114 2577 225 2604 quartus
237 2573 250 2595 'e
263 2569 371 2604 regione
389 2568 461 2595 illius
475 2569 573 2604 vulgati
583 2569 712 2594 odrilitium
723 2587 731 2600 ,
751 2567 823 2603 quod
838 2567 983 2594 monstrum
994 2566 1073 2592 etiam

114 2605 262 2632 extabatin
274 2605 324 2631 sec.
342 2614 372 2630 ac
383 2604 487 2639 quinto.
507 2607 631 2631 Muretus
641 2605 720 2631 etiam
741 2604 810 2630 hunc
828 2603 916 2630 locum
936 2603 1075 2630 restituere

114 2640 202 2667 voluit
213 2645 227 2667 c
239 2640 297 2667 mss.
316 2640 358 2666 sed
371 2648 463 2666 vereor
474 2647 503 2666 ut
512 2640 613 2675 aliquId
630 2639 771 2666 indulserit
781 2639 890 2675 iugenio
899 2638 956 2666 suo.
976 2637 1075 2666 Videa-

115 2684 161 2703 tur
180 2683 267 2705 tamen
289 2676 357 2703 libro
370 2685 411 2702 νι.
433 2677 536 2702 Variar.
556 2675 621 2702 left.
639 2685 696 2711 cap.
707 2684 755 2702 20.
784 2683 814 2701 ut
832 2676 913 2702 etiam
933 2674 1074 2702 Turnebus

115 2712 164 2739 lib.
176 2722 288 2740 xxviii.
300 2721 356 2748 cap.
368 2719 412 2747 34.
433 2712 496 2738 fine.
516 2710 559 2738 sed
570 2712 597 2736 &
608 2711 760 2742 consulatur
773 2711 882 2738 Paullus
893 2711 1030 2738 Manutius
1048 2711 1075 2737 in

114 2749 197 2775 Notis
209 2749 259 2775 filii
277 2748 310 2775 ad
325 2748 502 2775 hune-slocum.
524 2757 572 2783 pro
583 2748 716 2781 respondeat
727 2767 735 2779 ,
756 2746 826 2782 quod
837 2754 893 2773 erat
912 2748 939 2773 in
950 2745 1073 2773 omnibus

115 2784 242 2812 Palatinis
254 2805 261 2816 ,
270 2792 331 2811 rerat
341 2785 455 2819 vulgatis
467 2784 610 2817 resplendeas
622 2802 630 2814 ,
642 2784 728 2809 miuus
738 2783 863 2818 apposite.
884 2783 1000 2818 Scaliger
1014 2791 1074 2818 pm,

113 2819 239 2847 odrilitium
249 2821 359 2847 habebat
376 2822 510 2846 edificium.
529 2821 570 2846 cui
589 2819 648 2846 sanc
659 2819 717 2845 suus
738 2819 802 2845 heicv
813 2818 876 2846 essct
894 2819 968 2845 locus
981 2838 989 2851 ,
1008 2818 1027 2845 fi
1037 2819 1077 2846 ita

116 2854 206 2883 fuisset
216 2857 240 2884 in
253 2857 309 2884 ullo
319 2857 400 2883 libro.

153 2899 182 2918 2.
202 2894 323 2928 UtjaHere
331 2893 414 2926 necess}
423 2893 483 2927 effi]
497 2892 566 2919 Pall.
579 2902 604 2918 o.
615 2893 742 2925 utjfflare
752 2901 779 2917 ne
790 2890 889 2925 reffatis.
899 2889 980 2919 iidem
991 2891 1072 2920 etiam

118 2926 314 2962 habentgumu‚
324 2936 420 2966 praeter
429 2938 470 2965 pr.
482 2929 509 2955 in
521 2938 574 2964 quo
581 2931 686 2961 gumias,
698 2927 768 2963 qnod
782 2927 874 2955 malui.

153 2972 180 2999 3.
198 2965 299 2999 laurique
308 2966 390 2999 vera]
410 2966 453 2992 Sic
465 2974 557 2993 omnes
577 2963 635 2992 mss'.
655 2973 747 2995 omnes
766 2962 828 2991 edd.
846 2971 943 3000 praetei·
963 2964 1072 2992 Lambi-
1097 2975 1099 2986 ι

115 2999 221 3061 'dianam
234 3019 242 3031 ‚
262 3010 319 3036 quae
326 3004 416 3036 ducque.
435 3002 548 3036 Ursinus
559 3001 674 3029 malebat
683 3004 781 3036 illaque.
802 3000 922 3027 rideatur
931 3001 1073 3028 Turnebus

140 3056 146 3062 .
157 3045 184 3062 ca
208 3055 213 3061 .
268 3055 274 3062 .

148 3079 177 3112 4:
187 3043 319 3098 ΡΕιΞῑῗυῡιεκ
327 3082 372 3099 non
380 3080 450 3107 negat
461 3092 470 3106 ,
486 3074 585 3101 libenter
596 3093 604 3107 ‚
622 3073 690 3109 dinc]
713 3073 773 3100 Pal.
787 3073 866 3110 prim.
878 3083 928 3100 uon
941 3072 1017 3101 habet
1027 3082 1073 3100 nc-

135 3114 250 3134 ativaui.

114 3116 134 3144 g
152 3153 181 3176 5.
200 3143 268 3176 Qid
276 3147 357 3170 exeo?
377 3145 454 3179 quaei'
465 3145 573 3172 libenter.
592 3146 732 3181 veniebat]
754 3145 836 3172 Liber
855 3145 983 3181 Scaliger-i
996 3145 1073 3175 habet

105 3179 267 3209 adnotatum
279 3189 287 3212 3
304 3179 363 3216 quid
369 3189 398 3207 cx
408 3190 430 3208 eo
441 3184 451 3209 ?
464 3181 578 3216 [κειται.
595 3184 696 3210 libentrr
705 3183 816 3211 'veniebat
827 3185 899 3217 enlm,
909 3183 961 3215 dvc.

1985 161 2105 212 1009

1143 227 1205 257 quo
1216 217 1249 248 fit
1257 219 1402 259 cupiditas
1414 240 1423 254 ,
1444 222 1518 262 quIn
1536 220 1618 252 τεᾶὲ
1638 222 1764 263 cupidus
1776 223 1837 255 dici
1850 223 1959 265 poffit?
1981 229 2059 268 Ergo
2070 227 2105 259 δε

1143 269 1246 290 avarus
1257 263 1313 293 erit
1322 280 1330 295 ‚
1341 262 1391 292 sed
1402 262 1487 293 finite
1500 263 1632 294 :adulter
1640 284 1648 298 ,
1658 264 1767 296 verum
1778 267 1898 298 habebit
1909 268 2037 299 modum
2050 280 2056 298 :
2067 269 2103 300 δε

1143 300 1315 332 luxuriosus
1325 304 1432 333 eodem
1445 304 1550 335 modo.
1574 307 1679 346 Qalis
1690 306 1743 337 ista
1752 308 1941 349 philosophia
1951 309 1993 340 est
2003 330 2011 344 ‚
2032 319 2101 351 quae

1141 351 1205 372 non
1215 345 1369 375 interitum
1383 344 1482 376 afferat
1492 348 1640 386 pravitatis
1650 368 1659 382 ‚
1680 349 1729 379 sed
1741 348 1774 380 sit
1784 359 1926 382 contenta
1936 352 2102 383 mediocri·

1140 392 1197 413 tate
1207 387 1368 416 vitiorum?
1377 397 1559 428 quamquam
1572 390 1604 418 in
1616 390 1670 421 hac
1678 389 1827 421 divisione
1835 402 1899 422 rem
1909 393 2000 432 ipsam
2012 403 2099 434 pror·

1140 425 1186 455 sus
1205 427 1322 465 probo:
1343 428 1518 469 elegantiam
1533 429 1674 461 defidero.
1697 434 1895 472 appellethaec
1903 435 2038 466 desideria
2047 444 2102 465 na-

1139 473 1227 515 tzfrae:
1247 468 1416 508 cupiditatis
1427 481 1543 501 nomen
1554 472 1718 503 servetalio
1729 494 1737 508 ‚
1760 484 1809 508 ut,
1828 474 1900 505 cum
1914 476 1951 506 de
1964 479 2098 510 avaritia.

1137 518 1208 538 cum
1220 509 1257 539 de
1269 514 1516 550 intemperantia,
1534 512 1605 544 curn
1625 514 1662 545 de
1681 517 1826 546 maximis
1845 519 1927 547 vitiis
1942 518 2099 558 loquetur.

1138 545 1153 568 8
1163 560 1229 580 earn
1250 560 1402 592 tamquam
1427 556 1531 593 capitis
1552 556 1674 586 accuset.
1697 557 1753 588 Sed
1766 560 1827 588 haec
1835 559 1958 599 quidem
1972 560 2099 591 liberius

1136 591 1172 621 ab
1183 602 1220 621 eo
1229 592 1370 623 dicuntur
1379 614 1387 628 ,
1400 595 1433 624 &
1442 596 1556 635 saepius.
1579 597 1662 637 quod
1671 599 1811 639 equidem
1824 610 1888 630 non
1898 602 2099 641 reprehendo.

1138 632 1181 662 est
1198 636 1282 663 enirn
1301 638 1374 664 tanti
1391 637 1562 676 philosophi
1577 658 1586 672 ,
1609 648 1729 680 tamque
1742 641 1876 676 nobilis,
1896 642 2032 673 audaci&
2046 643 2097 674 sua

1136 675 1252 706 decreta
1261 675 1431 707 defendere.
1444 678 1492 708 sed
1503 688 1603 709 tamen
1613 691 1649 710 ex
1659 692 1695 711 eo
1707 701 1715 715 ,
1726 681 1809 723 quod
1820 693 1883 714 eam
1895 685 2095 725 voluptatem,

1137 716 1245 763 (quam.
1257 727 1365 748 omnes
1383 728 1486 759 gentes
1505 721 1564 749 hoc
1582 724 1708 752 nomine
1726 725 1886 766 appellant)
1898 725 2016 756 videtur
2027 736 2098 756 am·-

1135 760 1249 798 plexan
1266 760 1339 799 saepe
1358 760 1570 791 vehementius
1582 782 1590 795 ,
1615 765 1647 792 in
1665 769 1784 804 mag-nis
1796 767 1951 797 interdum
1964 768 2098 800 versatur

1135 800 1277 840 angustiis
1286 821 1297 834 ‚
1309 810 1342 831 ut
1351 823 1360 835 ,
1381 803 1524 831 nominum
1534 804 1699 842 confitentia
1713 815 1817 836 remota
1826 828 1834 842 ‚
1847 810 1927 838 nihil
1939 819 1999 840 tam
2011 818 2097 849 turpe

1135 839 1166 871 fit
1176 862 1185 875 ‚
1198 843 1278 883 quod
1288 845 1450 883 voluptatis
1460 845 1542 874 causa
1552 855 1616 874 non
1629 846 1761 877 videatur
1773 848 1830 878 effe
1841 849 1981 881 faciurus.
2006 850 2098 881 dein-

1133 883 1190 917 de,
1210 886 1262 915 ubi
1280 885 1394 914 embust
1411 886 1470 923 (vis
1484 888 1567 916 enim
1588 886 1631 917 est
1657 897 1818 929 permagna
1829 894 1949 932 naturae)
1959 892 2097 934 confugit

1133 926 1207 956 illuc
1217 946 1228 961 ,
1247 937 1279 957 ut
1292 937 1378 969 neget
1389 927 1524 958 accedere
1538 929 1701 969 quidquam
1713 930 1794 970 poss'e
1804 933 1838 962 ad
1850 934 2034 973 voluptatem
2045 936 2097 964 ni-

1135 968 1178 997 hil
1188 968 1331 1000 dolentis.
1355 973 1393 999 At
1412 969 1466 999 iste
1480 980 1544 1000 non
1557 970 1684 1001 dolendi
1700 972 1788 1003 status
1797 984 1862 1004 non
1873 984 1994 1005 vocatur
2003 976 2094 1007 volu·

1132 1019 1205 1049 pras.
1230 1014 1306 1042 Non
1318 1011 1420 1041 laboro
1430 1032 1438 1045 ‚
1452 1013 1549 1052 inquit
1560 1031 1568 1045 ‚
1580 1011 1742 1043 denomine.
1767 1015 1848 1055 Quid
1861 1035 1870 1050 ,
1892 1015 1974 1057 quod
1985 1027 2025 1046 res
2035 1018 2093 1051 alia

1134 1062 1195 1083 tota
1212 1053 1275 1083 est?
1307 1055 1469 1093 Reperiam
1489 1054 1603 1083 multos
1615 1073 1624 1088 ‚
1643 1056 1691 1085 vel
1710 1058 1959 1088 innumerabileis
1977 1058 2093 1097 potiuS.

1135 1104 1199 1124 non
1212 1104 1271 1125 tarn
1284 1096 1420 1125 curiosos
1429 1115 1437 1128 ,
1450 1105 1505 1125 nec
1518 1104 1578 1125 tam
1591 1096 1734 1128 molestos
1745 1118 1753 1131 ,
1763 1099 1854 1138 quam
1866 1110 1920 1130 vos
1930 1099 2010 1130 estis:
2024 1103 2094 1140 qui-

1135 1136 1190 1166 bus
1201 1156 1209 1171 ,
1224 1137 1371 1178 quidquid
1382 1138 1475 1167 velim
1486 1156 1494 1170 ‚
1512 1136 1599 1167 facile
1609 1139 1807 1177 persuadeam.
1832 1142 1913 1182 Qid
1923 1152 1993 1182 ergo
2004 1142 2097 1172 dubi-

1133 1187 1232 1209 tamus
1245 1199 1253 1213 ,
1264 1181 1340 1220 quin
1350 1199 1361 1212 ,
1375 1177 1396 1208 [ι
1407 1189 1472 1210 non
1481 1178 1601 1213 dolere,
1618 1181 1756 1220 voluptas
1767 1180 1799 1212 sit
1811 1183 1928 1213 summa
1938 1203 1946 1217 ‚
1959 1193 2022 1213 non
2035 1181 2094 1213 effe

1130 1222 1164 1249 in
1175 1222 1346 1261 voluptate,
1368 1221 1457 1251 dolor
1467 1219 1500 1251 sit
1512 1224 1686 1251 maximus?
1703 1223 1795 1253 curid
1809 1228 1925 1256 nonita
1936 1223 1991 1255 fit?
2012 1226 2094 1267 Qia

1131 1262 1230 1292 dolori
1249 1273 1313 1293 non
1329 1263 1468 1302 voluptas
1484 1265 1632 1293 contraria
1652 1263 1695 1303 est
1711 1285 1720 1298 ‚
1751 1265 1798 1296 sed
1817 1266 1931 1296 doloris
1949 1268 2092 1307 privatio.

1131 1308 1146 1330 9
1165 1302 1210 1318 *³⁵
1232 1307 1302 1335 Hoc
1321 1303 1393 1335 vero
1411 1314 1474 1335 non
1492 1305 1607 1338 videre,
1620 1308 1760 1337 maximo
1773 1318 1974 1349 argumento,
1996 1307 2092 1339 ¹0ess'e
2111 1316 2156 1343 10

1134 1346 1319 1386 voluptatem
1330 1347 1435 1381 illam3
1455 1357 1512 1387 qua
1521 1347 1631 1377 sublata
1643 1367 1652 1381 ,
1673 1350 1798 1389 negetse
1808 1351 1977 1391 intelligere
1986 1353 2093 1381 omni—

1131 1397 1173 1417 no
1183 1407 1191 1421 ,
1211 1389 1284 1428 quid
1297 1387 1329 1418 fit
1340 1388 1470 1418 bonum.
1493 1398 1559 1418 eam
1574 1398 1674 1419 autern
1690 1392 1728 1420 ita
1739 1392 1942 1432 persequitur,
1963 1403 2028 1432 quae
2038 1403 2090 1432 pa-

1129 1430 1188 1458 lato
1197 1432 1392 1469 percipiatur,
1403 1440 1469 1470 quae
1478 1430 1599 1460 auribus
1610 1441 1615 1459 2
1625 1440 1718 1465 cetera
1729 1433 1812 1463 addit
1822 1453 1831 1467 ‚
1843 1444 1908 1474 quae
1918 1432 1938 1462 fi
1948 1435 2092 1474 appelles,

1129 1471 1210 1499 honos
1222 1471 1379 1511 praefandus
1391 1471 1441 1511 fir.
1466 1473 1524 1501 hoc
1537 1473 1626 1511 igitur
1637 1493 1645 1506 ,
1665 1475 1747 1513 quod
1763 1475 1862 1504 solum
1874 1475 1989 1505 bonum
2006 1476 2092 1506 seve-

1130 1522 1179 1541 rus
1192 1532 1200 1544 ,
1212 1514 1348 1553 &gravis
1358 1513 1555 1552 philosophus
1567 1516 1654 1544 novit
1664 1536 1672 1548 ,
1687 1515 1768 1545 idem
1783 1526 1846 1546 non
1856 1516 1986 1546 videtne
1997 1527 2091 1556 expe-

1131 1553 1254 1583 tendum
1274 1554 1396 1594 quidem
1411 1552 1469 1583 effe
1481 1573 1489 1586 ,
1510 1553 1592 1594 quod
1612 1565 1678 1585 eam
1697 1557 1883 1596 voluptatem
1902 1558 1960 1587 hoc
1979 1558 2095 1591 eodem

1128 1594 1249 1624 austore
1259 1606 1322 1625 non
1331 1594 1533 1625 desideremus
1544 1615 1553 1628 ,
1565 1595 1637 1626 cum
1650 1597 1755 1627 dolore
1764 1608 1926 1628 careamuS.
1941 1602 1966 1618 ¹¹
1982 1609 2092 1639 quam-

1126 1646 1217 1677 quam
1228 1638 1291 1667 haec
1302 1637 1371 1667 sunt
1379 1639 1535 1667 contraria.
1561 1639 1621 1668 Hic
1634 1637 1653 1667 si
1670 1638 1800 1678 definire,
1822 1640 2003 1669 veldividere
2010 1640 2091 1670 didi-

1128 1677 1222 1716 ciffit‚
1244 1677 1265 1708 fi
1279 1679 1425 1720 loquendi
1438 1688 1502 1708 vim
1515 1698 1523 1712 ‚
1543 1677 1563 1708 si
1577 1678 1706 1722 denique
1715 1681 1967 1711 consuetudinem
1982 1683 2093 1712 verbo-

1129 1731 1196 1750 rum
1208 1730 1321 1750 tenerier
1332 1741 1341 1754 ‚
1362 1730 1530 1761 numquam
1542 1723 1575 1750 in
1587 1731 1681 1753 tantas
1691 1719 1982 1754 salebrasincidiflet.
2006 1734 2090 1755 nunc

1127 1763 1212 1792 vides
1223 1782 1232 1796 ‚
1253 1762 1327 1804 quid
1344 1761 1441 1793 faciat.
1465 1772 1555 1803 quam
1570 1772 1664 1794 nemo
1678 1774 1821 1805 umquam
1834 1766 2020 1805 voluptatem
2036 1776 2090 1806 ap-

1126 1804 1234 1843 pellat,
1248 1805 1280 1835 &
1291 1806 1369 1834 hanc
1379 1806 1411 1834 in
1422 1813 1509 1834 motu
1520 1805 1706 1845 voluptatem
1720 1827 1728 1839 ,
1742 1817 1807 1847 quae
1817 1806 1878 1836 duo
1890 1807 1956 1837 sunt
1966 1826 1974 1841 ‚
1991 1817 2090 1840 unum

1125 1845 1205 1875 facit.
1229 1845 1267 1875 fic
1281 1846 1368 1875 enim
1381 1847 1433 1875 has
1447 1846 1561 1876 suaveis
1571 1865 1580 1880 ‚
1601 1848 1634 1877 &
1644 1846 1722 1888 quasi
1734 1848 1847 1878 dulceis
1861 1849 2026 1888 voluptates
2036 1859 2089 1889 ap-

1124 1887 1225 1926 pellat.
1248 1887 1403 1917 interdum
1416 1889 1456 1917 ita
1468 1895 1627 1922 extenuat,
1649 1898 1681 1919 ut
1692 1892 1735 1919 M.
1748 1891 1874 1923 Curium
1884 1899 1971 1930 putes
1983 1891 2089 1932 loqui:

1126 1927 1278 1958 interdum
1292 1929 1333 1959 ita
1345 1928 1445 1959 laudat
1455 1948 1465 1962 ‚
1484 1938 1518 1959 ut
1529 1948 1537 1962 ,
1557 1930 1631 1970 quid
1643 1941 1780 1971 praeterea
1792 1931 1827 1961 fit
1839 1931 1958 1961 bonum
1969 1952 1978 1966 ,
2000 1941 2089 1973 neget

1124 1970 1153 2000 se
1170 1969 1251 2009 pofl'e
1267 1980 1306 2000 ne
1324 1970 1461 2010 suspicari
1475 1971 1613 2011 quidem.
1634 1983 1699 2013 quae
1709 1973 1771 2011 jam
1781 1975 1876 2004 oratio
1886 1984 1950 2004 non
1959 1975 1974 2004 a
1984 1975 2091 2013 philo-

1125 2012 1220 2051 sopho
1239 2012 1341 2053 aliquo
1352 2032 1361 2045 ,
1382 2011 1432 2042 sed
1449 2007 1469 2042 >i
1487 2012 1591 2052 censbre
1606 2015 1781 2056 opprimenda
1794 2013 1846 2045 εέῖ.
1870 2025 1935 2045 non
1948 2015 1992 2045 est
2000 2018 2088 2047 enim

1124 2056 1234 2084 vitium
1247 2056 1280 2083 in
1290 2056 1426 2084 oratione
1436 2053 1536 2085 solum
1545 2074 1554 2088 ‚
1565 2056 1614 2086 sed
1623 2059 1713 2086 etiam
1725 2059 1758 2085 in
1770 2057 1916 2087 moribus.
1931 2057 2088 2089 luxuriam

1125 2105 1189 2126 non
1200 2095 1410 2136 reprehendit,
1428 2095 1523 2126 modo
1534 2094 1568 2128 {it
1577 2107 1667 2128 vacua
1677 2096 1796 2128 infinita
1805 2098 1966 2138 cupiditate
1982 2119 1991 2133 ‚
2004 2099 2037 2129 δε
2048 2101 2090 2129 ri-

1125 2147 1223 2167 more.
1247 2140 1317 2168 Hoc
1326 2137 1394 2168 loco
1405 2137 1568 2177 discipulos
1577 2149 1708 2180 quaerere
1719 2140 1855 2174 videtur,
1876 2149 1926 2174 ut,
1947 2143 2000 2181 qui
2010 2141 2086 2172 asoti

1124 2178 1182 2209 ess'e
1200 2180 1320 2213 velint,
1336 2179 1514 2219 philosophi
1533 2191 1601 2211 ante
1622 2180 1702 2211 fiant.
1728 2184 1754 2211 A
1773 2184 1892 2220 primo,
1913 2191 1945 2213 ut
1961 2184 2084 2222 opinor,

1123 2223 1325 2251 animantium
1340 2231 1408 2251 ortu
1426 2223 1534 2261 petitur
1552 2224 1637 2263 origo
1654 2224 1767 2253 summi
1781 2223 1867 2253 boni.
1889 2226 2086 2265 Simulatque

1124 2271 1226 2293 natum
1247 2263 1360 2293 animal
1380 2262 1423 2292 est
1435 2283 1442 2296 2
1462 2263 1569 2304 gaudet
1586 2265 1756 2304 voluptate,
1776 2265 1809 2295 δε
1824 2275 1889 2296 eam
1901 2268 2031 2306 appetit,
2052 2275 2085 2298 ut

1124 2305 1260 2335 bonurn:
1275 2304 1443 2344 aspernatur
1454 2306 1590 2336 dolorem
1603 2327 1612 2340 ‚
1628 2316 1661 2336 ut
1673 2307 1799 2337 malum.
1822 2307 1858 2337 de
1870 2309 1956 2337 malis
1966 2318 2082 2343 autem,

1127 2346 1159 2376 ὃς
1171 2347 1261 2376 bonis
1272 2367 1281 2380 ,
1302 2347 1339 2376 ab
1353 2348 1389 2376 iis
1399 2347 1581 2377 animalibus
1593 2368 1601 2382 ,
1620 2359 1685 2389 quae
1699 2348 1838 2378 nondum
1849 2349 2003 2389 depravata
2014 2348 2084 2384 sint,

1125 2390 1166 2419 ait
1176 2389 1293 2429 optime
1302 2389 1313 2428 j
1319 2388 1441 2419 udicari.
1465 2391 1537 2421 Haec
1550 2390 1583 2421 ὃς
1592 2400 1623 2421 tu
1634 2393 1672 2421 ita
1681 2389 1805 2431 posuisti
1819 2411 1830 2424 ,
1851 2391 1883 2421 &
1896 2391 1981 2422 verba
1990 2391 2087 2426 vestra

2002 2433 2082 2465 sunt.

1155 2495 1183 2520 6.
1204 2496 1314 2528 Confeb‘t'a
1333 2505 1370 2521 res
1380 2496 1441 2529 effit.
1461 2498 1503 2530 qui
1511 2497 1555 2521 lm:
1565 2497 1697 2521 didicerunt
1706 2505 1756 2530 que
1772 2497 1809 2523 ille
1818 2501 1939 2523 contemnit
1948 2500 1984 2531 fic
1996 2500 2082 2531 sali-nr.

1118 2531 1228 2564 Vitiifitm
1237 2535 1309 2563 enim,
1322 2532 1389 2566 ἀνα]
1412 2531 1536 2558 Clausula
1546 2532 1608 2557 ueto
1628 2531 1769 2560 verborum
1791 2542 1859 2559 nunc
1877 2535 1991 2569 primuni
2008 2545 2023 2560 a
2037 2544 2080 2561 ine

1119 2566 1241 2593 redditur
1261 2568 1397 2594 Ciceroni.
1419 2577 1475 2594 eain
1495 2568 1550 2593 crui
1571 2571 1585 2593 e
1607 2567 1726 2596 Palatino
1745 2570 1835 2597 tertio.
1860 2570 2083 2607 compar-eburque

1096 2604 1098 2615 ¹
1116 2603 1182 2630 item
1194 2603 1220 2629 in
1232 2604 1332 2638 primo,
1344 2612 1434 2630 verum
1447 2603 1675 2639 polhstdftnngere
1685 2605 1769 2641 supra.

1153 2647 1182 2673 7.
1204 2641 1247 2673 (Et
1256 2640 1475 2673 tamumpartorq]
1497 2640 1540 2668 Sic
1551 2643 1651 2678 reposui
1663 2644 1677 2667 ir
1690 2642 1746 2668 Pal.
1757 2641 1855 2677 primo.
1875 2640 1940 2668 editi
1951 2649 2027 2669 antea
2037 2649 2080 2670 tae

1116 2684 1180 2706 men,
1190 2676 1278 2701 miuus
1291 2676 1390 2702 viride.
1411 2676 1478 2703 male.
1490 2678 1568 2704 etiam
1581 2679 1626 2714 qui
1638 2679 1734 2713 trigarii
1746 2678 1819 2704 iliam
1833 2677 1972 2703 verborum
1983 2688 2079 2713 paren·

1117 2710 1182 2737 thel}
1193 2712 1328 2742 eximunt,
1339 2711 1569 2750 distinguuntque,
1577 2715 1660 2747 probo.-
1680 2715 1709 2745 <ly
1719 2716 1896 2747 ramcnpalior,
1907 2715 2078 2749 Philosbphum,

1116 2747 1291 2776 Lambiniana
1300 2747 1395 2777 editio.

1154 2782 1181 2809 8.
1201 2787 1268 2812 Eam
1276 2794 1391 2820 tanquam
1402 2786 1487 2819 capiri,-
1498 2786 1616 2820 accusa]
1637 2787 1702 2812 Non
1713 2785 1834 2821 displicet
1852 2785 1922 2821 quod
1933 2785 2003 2813 estin
2018 2785 2078 2813 Pal.

1116 2828 1159 2858 pr.
1170 2829 1195 2847 ut
1206 2831 1256 2848 eam
1267 2823 1317 2848 crim
1328 2824 1353 2848 dt·
1363 2826 1486 2853 ziz-amia,
1499 2823 1550 2853 ὼε.
1572 2831 1608 2849 ita
1621 2830 1649 2848 ut
1660 2823 1708 2849 isto
1720 2822 1779 2848 loco
1790 2829 1969 2858 expungatur.
1980 2822 2077 2849 Laiub.

1117 2857 1202 2884 edidit
1214 2877 1222 2890 ‚
1241 2867 1267 2884 ea
1277 2866 1393 2892 tanquam
1404 2878 1412 2890 ,
1424 2859 1508 2893 licque
1520 2859 1602 2885 Palae.
1614 2857 1664 2884 sec.
1684 2857 1727 2884 sed
1748 2858 1829 2884 ceteri
1847 2857 1941 2885 favent
1953 2858 2073 2893 vulgato.

1152 2902 1182 2929 9.
1202 2897 1215 2910 '⁴‘
1227 2896 1240 2910 ’ἓ
1264 2898 1310 2920 Hoc
1327 2894 1383 2919 verb
1401 2903 1445 2919 non
1461 2895 1569 2928 ‹vido-e]
1590 2896 1692 2920 Locum
1711 2893 1831 2921 asterisco
1845 2901 1951 2921 notarat
1970 2894 2078 2921 Guliel-

1097 2934 1099 2955 ζ
1118 2930 1198 2961 mins,
1210 2939 1258 2964 nec
1269 2931 1382 2961 removi,
1392 2929 1462 2965 qnod
1475 2931 1501 2955 §c
1513 2930 1577 2956 mihi
1588 2930 1709 2966 quaedam
1721 2929 1805 2957 deesse
1818 2929 1981 2958 viderentur.

1157 2974 1197 2992 io.
1217 2963 1492 2999 Effl⁴2*0fupraien1illaz›1
1504 2985 1511 2997 ,
1532 2967 1605 3000 quat]
1629 2968 1670 2993 lta
1681 2966 1816 2993 Palatinus
1832 2975 1874 3001 pr.
1886 2976 1937 2993 non
1948 2967 2032 2999 ullam,
2045 2974 2077 2994 ut

1097 2997 1099 3009 ³
1119 3001 1212 3037 vulgg.
1223 3011 1257 3028 cx
1268 3011 1321 3037 quo
1333 3003 1416 3038 liquet
1426 3001 1458 3027 de
1471 3001 1585 3028 vanitate
1597 3002 1718 3029 leffionis
1731 3001 1922 3030 Lambinianae.

1156 3046 1165 3063 i
1176 3047 1183 3063 i
1193 3057 1198 3063 .
1217 3039 1368 3072 Qantqnam
1379 3039 1486 3070 haetfitnt
1497 3039 1647 3073 contraria]
1663 3038 1772 3065 Fortius
1783 3038 1869 3065 inulto
1884 3039 1941 3065 Pal.
1953 3048 1993 3074 pr.
2004 3038 2077 3073 quhm

1095 3087 1097 3092 ν
1115 3074 1223 3106 haecfisnt
1233 3077 1375 3104 contr-arim
1395 3073 1469 3100 Ideni
1482 3083 1544 3100 mox
1555 3084 1661 3110 quoque
1671 3077 1798 3108 appellavit
1807 3074 1915 3101 exhibet
1927 3094 1935 3106 ‚
1955 3075 2014 3101 loco
2027 3084 2076 3110 pu-

1094 3105 1096 3141 }
1116 3109 1207 3135 blicnti
1227 3112 1343 3142 appellat:
1364 3109 1436 3146 quod
1456 3109 1582 3137 hastenus
1602 3110 1685 3147 probo
1705 3118 1734 3137 ut
1752 3110 1867 3137 arbitrer
1885 3110 2076 3137 admittendam

1117 3151 1257 3180 utramque
1275 3144 1431 3181 scripturam
1445 3165 1454 3178 ,
1474 3145 1528 3177 sic;
1550 3155 1627 3182 quam
1648 3156 1727 3174 nenio
1741 3146 1904 3183 voluptatem
1922 3146 2077 3184 appellavit,

1092 3207 1095 3218 λ
1116 3181 1243 3219 appellat.
1263 3181 1400 3219 quomodo
1409 3181 1455 3247 {qo
1465 3180 1601 3218 adscripsit
1610 3182 1681 3212 libro
1693 3183 1822 3220 Scaliger.

1450 3227 1625 3249 mmmmm

1096 2843 1099 2864 l

1981 3216 2083 3251 &220
