2360 3400
506 121 582 156 na
627 107 899 156 Fuimus
949 107 1181 157 Bouon.
1226 118 1310 157 ’ΞΤ
1355 108 1512 158 MAL.

166 193 269 227 milcis
278 187 478 224 efficientibus
490 188 669 228 voluptates.
693 190 767 219 Eam
779 187 800 219 fi
810 190 981 220 varietatem
992 188 1118 223 diceres,

165 236 365 276 intelligerem
375 252 384 266 ,
410 240 459 265 ut,
472 232 562 261 etiam
575 240 638 260 non
650 230 768 261 dicente
778 240 805 261 te
816 251 825 265 ,
837 231 987 272 intelligo.
1006 230 1060 261 ista
1068 225 1120 261 fia-

164 278 253 308 rictas
265 285 330 317 quae
340 272 374 304 fit
388 293 397 308 ,
415 283 480 303 non
491 273 557 303 satis
569 272 716 313 perspicio
727 293 735 306 ‚
755 273 835 314 quod
847 275 888 303 ais
900 292 909 307 ,
929 272 1000 302 cum
1011 272 1117 303 dolore

163 326 314 349 careamus
324 336 333 350 ,
355 325 421 346 tum
432 315 465 345 in
475 314 593 345 summa
602 315 754 355 voluptate
767 325 826 346 nos
837 313 913 345 effe:
935 313 1006 344 cum
1018 322 1116 344 autem

134 363 139 379 ²
161 359 314 390 vescamur
332 360 368 388 iis
378 357 466 388 rebus
476 376 484 390 ‚
506 366 570 397 quae
579 356 699 387 dulcem
711 366 833 387 motum
843 355 966 387 afferant
976 354 1116 389 sensibus,

164 410 230 431 tum
250 399 307 430 effe
327 403 359 429 in
379 408 465 429 motu
484 399 669 438 voluptatem
682 418 690 432 ‚
712 408 777 439 quae
787 398 873 428 faciat
880 398 1053 428 varietatem
1063 406 1118 427 vo-

160 442 308 482 luptatum
323 451 329 471 τ
349 441 397 472 sed
416 451 480 471 non
499 442 597 482 augeri
608 441 692 470 illam
704 450 768 470 non
783 439 906 470 dolendi
917 438 1113 478 voluptatem.

124 493 148 524 4
161 494 251 524 quam
262 494 314 514 cur
322 484 508 523 voluptatem
522 482 651 522 appelles
662 502 670 516 ‚
696 482 811 512 nescio.
835 484 882 511 An
894 480 990 521 potest
999 501 1008 514 ‚
1019 482 1118 520 inquit

159 526 213 555 ille
225 546 233 559 ‚
252 525 415 566 quidquam
433 524 489 554 effe
504 525 627 564 suavius
645 519 733 565 quam
751 523 825 552 nebit
840 523 948 552 dolere?
969 521 1073 551 Immo
1084 521 1118 551 fit
1135 550 1136 554 ,

131 582 136 586 ·
159 567 229 598 sane
242 568 318 597 nihil
328 567 450 600 melius,
461 569 585 607 inquam
598 565 608 604 (
620 565 757 596 nondum
769 567 853 595 enim
864 565 894 594 id
904 574 1006 605 quaero
1018 564 1028 604 )
1039 573 1115 594 num
1134 598 1136 601 ¹

158 618 313 650 propterea
323 609 404 639 idem
416 609 553 648 voluptas
564 607 626 642 est,
649 607 730 648 quod
746 608 799 646 (ut
812 609 852 637 ita
861 607 979 646 dicam)
1002 609 1012 624 ¹
1024 606 1115 635 indo·
1133 639 1135 643 ¹

157 652 253 681 lentia
273 655 284 681 ?
312 651 403 682 Plane
429 650 511 681 idem
527 669 536 683 ,
554 651 672 690 inquit,
695 649 726 679 &
745 650 878 679 maxima
889 648 1013 689 quidem
1026 666 1034 682 ‚
1058 656 1115 688 qua
1133 653 1134 693 ζ

161 691 227 723 fieri
247 693 330 723 nulla
354 692 450 732 major
469 690 575 732 potest.
611 690 693 732 Qid
711 691 829 721 dubitas
846 693 955 731 igitur,
976 692 1113 730 inquam,

157 736 280 765 summo
291 735 373 765 bono
382 734 397 764 a
411 743 439 764 te
449 736 489 764 ita
498 732 675 766 constituto,
691 742 724 762 ut
735 732 765 762 id
776 741 875 762 totum
890 734 921 762 in
933 741 996 761 non
1007 731 1114 761 dolen-

159 776 199 806 do
212 775 256 810 sit,
267 776 297 807 id
310 786 410 807 tenere
422 785 528 809 unum,
540 774 570 804 id
581 776 658 804 tueri
672 794 680 808 ‚
705 773 734 803 id
744 773 923 804 defendere?
946 773 1019 814 quid
1028 775 1112 803 enim

155 817 270 849 necess'e
280 818 322 848 est
332 838 340 852 ‚
352 827 503 858 tamquam
518 817 690 845 meretricem
699 816 729 843 in
740 822 932 844 matronarum
942 821 1044 843 coctum
1055 834 1063 847 ,
1076 813 1113 845 fic

153 860 339 900 voluptatem
349 861 382 889 in
393 861 540 889 virtutum
551 855 712 887 confilium
725 859 739 875 ²
748 856 891 886 adducere
905 856 1111 900 ?invidi0sum

156 911 275 932 nomen
295 901 355 934 est,
378 899 492 930 infame
504 918 512 931 ‚
530 897 712 938 suspectum.
744 900 847 938 Itaque
864 899 922 927 hoc
940 903 1112 938 frequenter

154 943 216 974 dici
237 944 310 974 solet
333 942 348 972 a
368 941 456 971 vobis
470 960 478 973 ,
500 949 565 969 non
576 939 743 980 intelligere
754 949 810 969 nos
823 960 831 972 ,
850 949 940 979 quam
953 939 1030 970 dicat
1040 941 1111 979 Epi-

152 994 240 1015 curus
261 984 455 1023 voluptatem.
479 980 569 1023 Qod
588 980 713 1022 quidem
732 982 810 1011 mihi
829 979 1106 1022 siquandodicsslum
1130 1016 1131 1019 Ἰ

153 1025 196 1056 est
211 1036 217 1055 ε
235 1024 278 1055 est
296 1034 394 1055 autem
413 1022 530 1054 dietum
541 1033 606 1053 non
614 1032 717 1062 parum
728 1023 818 1063 saepe:
839 1022 888 1053 etsi
899 1024 966 1054 satis
975 1023 1110 1053 clemens

151 1067 217 1097 sum
229 1069 261 1097 in
271 1066 461 1107 disputando,
473 1075 572 1096 tamen
583 1064 733 1095 interdum
746 1066 826 1095 soleo
838 1065 974 1095 subirasci
987 1085 995 1098 ,
1011 1075 1105 1106 egone

149 1118 216 1139 non
227 1109 365 1149 intelligo
377 1129 385 1141 ,
396 1108 469 1149 quid
485 1106 589 1137 Γιιὲδῡνὴ
599 1106 714 1139 Graece,
727 1106 834 1137 Latine
843 1107 975 1148 voluptas
987 1110 998 1136 ἓ
1010 1116 1106 1137 utram

150 1150 272 1181 tandem
284 1151 416 1192 linguam
429 1150 551 1179 nescio?
569 1148 678 1178 deinde
689 1168 698 1181 ,
717 1147 768 1189 qui
783 1147 816 1178 fir
827 1168 835 1182 ,
855 1159 887 1179 ut
897 1158 952 1189 ego
962 1150 1104 1182 nesciam,

150 1192 244 1222 sciant
263 1202 371 1222 omnes
384 1212 392 1225 ,
411 1192 594 1232 quicumque
605 1192 742 1234 Epicurei
752 1189 809 1220 ess'e
824 1191 1007 1220 voluerunt?
1021 1191 1105 1231 quod
1127 1190 1128 1222 ζ

147 1233 371 1274 vestriquidem
382 1234 429 1263 vel
440 1234 557 1272 optime
569 1231 737 1271 disputant,
757 1233 844 1266 niln'l,
866 1240 931 1274 opus
942 1232 1007 1270 effe,
1029 1242 1102 1266 eum,

147 1276 201 1317 qui
208 1276 382 1316 philosophata·
392 1275 514 1314 futurus
518 1274 578 1315 sir,
594 1274 665 1313 scire
674 1274 797 1303 litteras.
820 1276 942 1314 Itaque,
963 1283 995 1304 ut
1008 1275 1104 1315 majo—

145 1327 191 1347 res
213 1317 306 1348 nostri
329 1321 341 1345 3
361 1317 398 1347 ab
415 1326 508 1347 aratro
517 1315 1030 1346 abduxeruntCincinnatumillum
1046 1336 1054 1351 ,
1074 1325 1106 1346 ut

146 1357 275 1389 dictator
285 1358 370 1389 effet:
392 1357 435 1388 sic
446 1368 499 1388 vos
512 1358 549 1387 de
559 1358 684 1406 Pelasgis
696 1358 841 1387 omnibus
849 1358 992 1398 colligitis
1004 1358 1102 1388 bonos

145 1401 217 1431 illos
239 1401 362 1442 quidem
379 1402 479 1433 viros,
498 1399 546 1429 sed
563 1408 642 1429 certe
660 1408 725 1428 non
747 1399 941 1439 pereruditos.
964 1402 1043 1441 Ergo
1054 1401 1101 1430 illi
1123 1430 1125 1439 ‚
1145 1417 1164 1447 p

143 1443 320 1482 intelligunt
333 1461 342 1475 ‚
365 1441 438 1481 quid
458 1442 604 1480 Epicurus
613 1439 712 1473 dicat,
733 1448 788 1482 ego
803 1449 867 1470 non
878 1442 1039 1482 intelligo?
1057 1444 1101 1472 Ut

143 1484 217 1515 scias
233 1494 283 1513 me
305 1483 488 1523 intelligere,
509 1481 646 1521 primum
660 1480 811 1516 idemeffe
820 1482 1005 1522 voluptatem
1019 1482 1098 1516 dico,

141 1524 222 1566 quod
234 1525 285 1554 ille
293 1524 418 1555 idum&
428 1522 554 1564 quidem
564 1523 639 1563 saepc
647 1524 809 1564 quaerimus
823 1523 1099 1555 verbumLatinum

141 1576 194 1607 par
216 1568 320 1597 Graeco
333 1586 342 1600 ,
364 1566 398 1597 &
416 1565 499 1606 quod
519 1561 600 1596 idem
621 1566 734 1595 valeat:
750 1564 799 1596 hic
817 1565 897 1595 nihil
917 1565 995 1600 fuit,
1015 1566 1098 1607 quod

141 1618 352 1649 quaereremus.
377 1607 501 1638 nullum
521 1607 654 1637 inveniri
672 1606 789 1647 potest,
811 1607 893 1648 quod
908 1608 1098 1649 magisidem
1121 1639 1122 1647 ἵ

138 1650 266 1680 declaret
277 1649 397 1684 Latine,
408 1649 489 1690 quod
506 1649 620 1682 Graece,
632 1650 722 1689 quam
734 1648 861 1680 declarat
869 1649 1009 1692 voluptas.
1029 1651 1101 1681 huic

139 1691 233 1722 verbo
242 1701 351 1722 omnes
363 1694 432 1732 ‚qui
443 1691 558 1737 ubique
569 1691 647 1725 sunt,
658 1693 709 1731 qui
721 1692 827 1722 Latine
840 1691 936 1722 sciunt
948 1712 957 1725 ,
969 1692 1041 1723 duas
1054 1702 1100 1723 res

138 1732 304 1772 subjiciunt
315 1754 323 1767 ‚
335 1733 501 1763 laetittamzn
510 1733 604 1762 animo
617 1753 625 1766 ‚
638 1733 847 1762 commotionem
860 1734 980 1773 fhavem
991 1735 1099 1773 jucun-
1119 1747 1121 1767 z

137 1775 237 1804 ditatu
255 1775 284 1804 in
300 1783 415 1816 corpore.
438 1784 510 1805 nam
530 1774 624 1805 &ille
633 1775 710 1814 apud
720 1775 885 1808 Trabeam,
907 1776 1095 1815 voluptatem

137 1817 235 1846 animi
245 1819 373 1848 nimiam
389 1837 397 1849 ,
412 1816 543 1845 laetitiam
553 1816 636 1849 dicit,
648 1816 787 1850 eandem,
796 1826 887 1857 quam
902 1817 953 1846 ille
963 1818 1096 1849 Caecilia-

138 1868 196 1888 nus
205 1878 213 1892 ‚
233 1860 286 1899 qui
297 1857 423 1888 omnibus
433 1858 539 1887 laetitiis
550 1857 634 1897 effese
644 1857 738 1886 latum
749 1867 853 1888 narrat.
876 1858 925 1889 sed
937 1859 995 1889 hoc
1005 1861 1096 1889 inter-

137 1899 181 1929 est
193 1920 202 1934 ,
222 1900 304 1941 quod
325 1901 463 1940 voluptas
482 1899 591 1930 dicitur
601 1901 692 1929 etiam
704 1902 737 1929 in
746 1901 850 1930 animo
860 1901 966 1930 vitiosa
977 1909 1022 1931 res
1033 1921 1042 1934 ‚
1062 1910 1096 1932 ut

136 1943 231 1972 Stoici
252 1951 379 1982 putant3
399 1943 450 1983 qui
469 1951 536 1971 eam
555 1939 593 1971 sic
615 1939 785 1972 definiunt:
802 1940 996 1972 Sublationem
1004 1943 1096 1972 animi

129 1982 189 2024 [ωε
200 1985 306 2013 ratione
316 2004 325 2019 ,
347 1985 482 2024 opinantis
493 1983 524 2023 ft
547 1992 646 2024 magno
656 1982 720 2012 bono
723 1982 787 2021 frui
797 1995 809 2011 .·
827 1994 891 2014 non
901 1984 1011 2015 dicitur
1020 1986 1094 2016 laeti-

134 2026 174 2055 tia
185 2045 194 2059 ,
214 2035 270 2055 nec
287 2027 433 2066 gaudium
443 2028 476 2055 in
485 2035 620 2066 corpore.
644 2026 677 2055 in
686 2035 724 2055 eo
733 2035 832 2056 autern
847 2026 984 2067 voluptas
995 2047 1004 2061 ,
1024 2037 1094 2057 om-

134 2068 224 2097 nium
246 2069 354 2098 Latine
363 2068 555 2109 loquentium
565 2077 668 2102 more,
685 2069 830 2108 ponitur,
849 2066 921 2098 cum
933 2071 1094 2109 percipitur

133 2119 168 2140 ea
178 2129 186 2143 ‚
211 2119 276 2150 quae
285 2110 405 2140 sensum
419 2110 552 2150 aliquem
565 2119 686 2140 moveat
697 2129 706 2143 ,
723 2109 908 2150 jucunditas.
931 2112 1006 2142 hanc
1016 2121 1093 2152 quo-

134 2161 192 2192 que
206 2151 448 2190 jucunditatem,
470 2150 490 2181 si
511 2153 557 2181 vis
574 2170 582 2185 ‚
606 2150 736 2181 transfer
753 2153 786 2181 in
812 2153 972 2182 animum:
989 2153 1094 2192 juvare

134 2194 262 2223 enimin
275 2202 397 2234 utroque
408 2193 533 2228 dicitur,
546 2202 583 2224 ex
593 2193 866 2234 eoquejucundum
880 2193 1093 2226 :modointel—

133 2234 207 2277 ligas
223 2255 230 2268 ,
246 2237 323 2265 inter
337 2236 436 2269 illum,
449 2237 499 2275 qui
510 2235 599 2268 dicat,

177 2279 269 2306 Tama
291 2278 391 2306 [aritia
411 2276 511 2307 arctius
525 2278 592 2317 [ἕνη
605 2297 614 2312 ,
634 2284 669 2307 ut
687 2277 758 2307 mihi
775 2288 828 2308 non
846 2276 982 2315 constem:

134 2321 167 2352 δε
179 2332 249 2353 eum
260 2343 268 2356 ‚
289 2326 353 2364 qui,
722 2329 725 2331 ’
960 2332 964 2336 ·

172 2447 196 2464 1.
216 2439 369 2472 immund]
392 2439 600 2466 Inveniistudin
613 2440 734 2466 omnibus
754 2440 823 2466 Pali.
843 2440 921 2466 ctiam
942 2440 1030 2476 primo
1044 2440 1094 2467 illo

132 2474 227 2508 optimi
238 2476 375 2501 commatis
390 2495 397 2507 ,
416 2474 529 2510 ideoque
549 2477 593 2502 vix
605 2475 754 2503 admiserim
765 2475 879 2503 aliorum
890 2476 1004 2502 indoloria
1013 2476 1092 2513 plane

131 2509 432 2546 analogt1m‚‚quidqnid
443 2511 514 2537 dicat
524 2511 659 2538 Sidonius.

169 2555 195 2572 2.
216 2547 366 2578 efficium-e,-
385 2548 524 2580 invidioficm
533 2555 613 2573 nomon
623 2551 667 2580 eff,
678 2548 819 2581 &infamis
829 2548 989 2582 fitspeHum]
1013 2546 1090 2574 Red-

131 2581 188 2608 didi
209 2582 273 2608 coelo
291 2581 445 2617 scripturam
467 2583 579 2610 Palatini
600 2593 640 2620 pr.
657 2584 758 2619 vulgati
777 2586 848 2610 enim
863 2593 871 2614 3
895 2584 1009 2610 adducere
1021 2588 1032 2610 ,ἓ
1048 2585 1094 2609 Sed

122 2619 185 2652 sone
195 2619 273 2644 dicitis
285 2637 292 2648 ,
311 2619 451 2652 invidiosum
459 2628 538 2644 nomen
556 2621 607 2651 eff,
630 2621 659 2650 ὁ*
668 2622 771 2653 ιἠὶινηιιε
783 2620 933 2653 ficbjeHum3
955 2619 1092 2656 quomodo

129 2655 209 2681 etiam
222 2654 318 2690 reliqui
330 2654 397 2680 Pali.
409 2654 455 2680 nisi
466 2653 536 2689 quod
546 2662 611 2681 tert.
631 2654 728 2681 diserte
739 2655 863 2691 praeferat
874 2675 882 2687 ‚
892 2657 980 2689 infame
992 2657 1090 2690 ,suspe-

127 2693 200 2717 sium.
220 2689 356 2717 vifiorius
366 2689 450 2716 edidit
464 2709 470 2720 ‚
482 2690 616 2716 adducere?
633 2691 824 2725 Sedimidiofitm
832 2700 911 2717 nomen
930 2694 983 2723 eff,
1004 2693 1033 2723 ἐν
1048 2695 1090 2718 in-

121 2727 344 2760 fasm'aefiaebjcfflum.
365 2727 435 2762 quod
448 2725 561 2762 produxi
576 2745 584 2758 ,
602 2725 720 2753 auetoris
731 2726 790 2753 sane
808 2727 953 2762 genuinum
964 2727 1019 2758 est;
1042 2728 1088 2755 nisi

129 2763 200 2797 quod
213 2762 418 2796 forteficbjei‘l‘um
436 2762 528 2789 cedere
540 2772 592 2790 non
603 2761 699 2789 debeat
718 2762 759 2789 illi
771 2763 886 2797 suspeHo.
905 2762 938 2789 de
949 2772 1002 2799 quo
1013 2762 1088 2791 vide-

127 2798 183 2825 rint
202 2798 374 2826 cordatiores.

149 2844 153 2851 *
165 2842 178 2868 3
186 2855 192 2860 .
214 2836 265 2863 §Ah
276 2841 358 2863 aratro
367 2834 544 2869 abduxerunt]
565 2834 634 2861 Pali.
646 2834 770 2861 meliores
781 2834 943 2860 adduxerunt.
962 2834 1005 2861 sed
1018 2834 1044 2862 in
1055 2845 1088 2862 eo

127 2877 217 2903 parum
230 2871 304 2897 fituin
317 2871 371 2903 est3
396 2872 454 2907 plus
466 2871 659 2907 aliquantulum
679 2871 704 2897 in
717 2871 766 2897 illo
777 2869 847 2905 quod
867 2870 985 2905 sequitur
1002 2872 1029 2897 de
1042 2879 1087 2904 pe-

123 2905 201 2943 lqsgk,
213 2907 283 2941 qnod
293 2907 400 2943 effregie
411 2908 601 2942 interpretatus
612 2907 647 2933 est
659 2906 727 2933 libro
741 2915 763 2932 r.
786 2906 887 2933 variar.
899 2906 964 2933 leet.
975 2916 1031 2944 cap.
1044 2915 1087 2935 10.

125 2939 260 2968 Viss'lorius
272 2953 278 2969 x
312 2943 343 2969 ed
354 2943 442 2970 nullus
453 2943 636 2970 Palatium-um
647 2941 763 2979 agnoscit
773 2952 829 2969 eam
840 2941 993 2979 scripturam
1009 2962 1016 2975 ‚
1038 2943 1084 2970 ha-

124 2975 241 3013 bentque
250 2985 303 3004 tres
311 2981 397 3013 pelagis
409 2999 417 3012 ,
436 2979 540 3015 tresque
553 2980 645 3013 plagin
664 2980 735 3006 inter
746 2989 811 3013 quos
825 2979 905 3005 etiam
917 2980 952 3006 est
972 2979 1018 3005 ille
1028 2979 1084 3015 pri-

122 3021 192 3039 mns.
221 3013 310 3048 itaque
328 3014 423 3041 accedo
443 3015 606 3050 eumedium
625 3015 803 3042 Turnebianae
822 3015 922 3050 legenti
944 3015 970 3039 de
987 3016 1082 3049 plagis,

120 3049 304 3111 quangt‘isipse
314 3050 519 3086 magisinclinet
536 3052 563 3079 in
579 3052 657 3086 pagis.
678 3050 800 3078 videatur
813 3051 861 3078 lib.
874 3061 916 3078 iv.
935 3050 1078 3078 Adversu.

118 3093 148 3111 ca
170 3105 175 3111 .
211 3105 215 3109 .

150 3094 178 3151 Ξ..
198 3124 252 3147 Non
267 3128 296 3146 ut
312 3131 354 3147 nos
371 3131 416 3147 non
435 3123 617 3158 intelligamus]
640 3123 767 3150 Lambini
778 3123 909 3150 editiones
930 3122 1079 3150 excludunt

110 3155 225 3199 alterum
235 3167 280 3186 non
293 3177 301 3192 ‚
321 3157 391 3194 quod
401 3158 429 3188 iu
439 3157 593 3190 Vittoriana
601 3158 711 3196 aliisque
721 3169 732 3194 5
753 3160 820 3190 item
830 3160 886 3190 1³21.
899 3169 940 3198 pr.
952 3169 1011 3190 nam
1023 3166 1078 3189 tres

1565 110 1793 158 Ltnsll.

1192 192 1278 221 Ntme
1296 191 1408 221 demum
1425 191 1496 221 milii
1515 191 1629 221 animus·
1649 191 1747 221 ardet:

2012 129 2133 175 1007

1161 261 1292 291 quorum
1314 253 1387 283 alter
1408 253 1507 284 laeuua
1525 251 1646 294 gestiat,
1669 253 1741 284 alter
1759 252 1865 284 dolore
1877 254 2042 287 cruciatur:
2065 254 2124 288 ess'c

1159 293 1249 324 illum
1261 295 1408 328 medium,

1201 351 1391 393 Qamquam
1412 353 1463 381 lim·
1483 353 1553 381 inter
1573 363 1620 381 nos
1642 360 1725 395 nuper
1744 354 1849 383 notitia
1867 355 2017 386 admodum
2034 355 2081 393 est,

1159 407 1210 444 qui
1225 406 1402 436 neclaetetur
1415 425 1423 439 =
1447 416 1502 436 ncc
1511 415 1646 447 angatur:
1662 409 1883 449 itemqueinter
1895 420 1964 441 eum
1979 431 1988 445 ,
2003 415 2053 453 qui
2064 422 2120 452 po-

1136 450 1137 453 ’
1160 448 1397 486 [iaturexpcritis
1406 450 1537 486 corporis
1548 449 1751 488 voluptatibus
1762 471 1769 480 .
1784 451 1816 480 S<
1834 462 1902 482 cum
1916 473 1924 485 ,
1943 455 1994 493 qui
2005 465 2119 484 cruere<

1161 496 1208 517 tur
1218 488 1345 518 summis
1357 489 1511 519 doloribus
1524 510 1531 521 ,
1545 488 1602 519 effe
1613 501 1694 524 eum,
1707 494 1757 532 qui
1770 502 1895 534 utroque
1906 504 2007 526 careat.
2029 496 2116 527 Satis-
2138 503 2153 532 5

1158 539 1197 559 ne
1209 531 1296 569 igitur
1307 530 1411 560 videor
1424 533 1485 560 vim
1499 531 1662 562 verborum
1676 542 1791 563 tencre:
1806 544 1841 564 an
1856 536 1918 565 sum
1929 539 2019 567 etiam
2035 548 2118 568 nunc

1160 571 1206 600 vel
1219 571 1322 601 Graece
1335 573 1429 611 loqui,
1443 574 1489 602 vel
1501 574 1607 602 Latine
1619 574 1793 605 docendus?
1814 577 1962 607 &tamen
1973 578 2053 613 vide,
2065 589 2116 612 ne,

1158 610 1177 642 si
1191 623 1245 654 ego
1255 623 1319 642 non
1331 614 1508 653 intellxgaim
1521 615 1591 654 quid
1604 618 1748 655 Epicurus
1757 617 1904 658 loquatur,
1915 619 1986 650 cum
1999 622 2117 653 Graece.

1157 663 1189 684 ut
1202 654 1310 684 videor
1324 675 1331 687 ,
1351 655 1518 685 luculenter
1529 656 1638 691 sciam;
1659 656 1988 700 fitaliquaculpaejus,
2011 665 2062 703 qui
2075 665 2115 693 ira

1156 696 1305 736 loquatur,
1319 705 1349 726 ut
1360 706 1423 726 non
1434 697 1625 736 intelligatur.
1649 700 1730 739 quod
1746 701 1866 732 duobus
1878 702 1979 732 modis
1994 702 2054 733 fine
2065 715 2111 734 re-

1132 752 1134 781 5
1153 736 1351 778 prehensione
1373 737 1420 767 tit:
1443 737 1463 766 sl
1482 748 1531 768 aut
1550 739 1581 767 de
1603 739 1737 775 rsrdustria
1755 742 1843 774 facias
1856 766 1864 778 ,
1885 746 2111 779 utHcraclitus‚

1131 782 1133 794 l
1154 788 1359 819 cognomento
1382 782 1433 820 qui
1452 781 1558 807 earsses‘s:
1569 781 1759 820 perhibetur,
1780 787 1846 824 quia
1857 785 1894 815 de
1907 796 2113 817 naturanlmis

1130 822 1133 844 ι’
1156 820 1282 852 obscure
1302 831 1503 851 memoravit:
1525 831 1574 851 aut
1584 822 1654 852 cum
1669 833 1760 853 rerum
1770 826 1941 865 obscuritas,
1966 838 2031 858 non
2043 839 2113 859 ver-

1131 861 1133 868 *
1155 862 1264 893 borum
1277 883 1285 896 ,
1307 862 1376 893 facit
1388 885 1395 896 ,
1408 872 1438 892 ut
1450 863 1707 904 uonintelligatur
1719 869 1818 897 oratio
1830 870 1940 909 :qualis
1953 870 1996 900 est
2006 872 2040 900 in
2051 873 2110 901 Ti·

1130 902 1135 926 l
1155 914 1235 935 maeo
1249 905 1390 935 Platonisv
1416 908 1561 945 Epicurus
1577 915 1675 936 autem
1687 927 1695 941 ‚
1709 916 1740 938 ut
1752 911 1862 948 opinor
1873 930 1880 943 ‚
1894 920 1949 941 nec
1959 922 2023 942 non
2034 913 2111 945 vuit.

1130 944 1133 949 “
1154 945 1173 976 si
1184 945 1383 986 postumiane,
1391 947 1423 976 &
1433 947 1530 986 aperte
1544 948 1628 988 loqui
1640 958 1711 979 :nec
1721 949 1757 979 de
1768 960 1798 980 re
1808 951 1976 985 obscurant
1988 953 2112 993 physic&

1153 998 1203 1019 aut
1219 988 1374 1019 artificiosa
1387 1008 1394 1021 ‚
1415 998 1446 1018 ut
1466 990 1668 1020 mathematici
1684 1010 1691 1022 ‚
1714 991 1761 1021 sed
1778 991 1814 1021 de
1826 992 1932 1023 illustri
1946 1014 1953 1026 ,
1976 996 2110 1029 &facili¹¹

1128 1060 1130 1064 Α
1151 1032 1242 1061 etiam
1263 1033 1295 1061 in
1314 1031 1419 1070 vulgus
1439 1031 1608 1072 pervulgata
1629 1051 1638 1065 ‚
1667 1032 1811 1073 loquitur.
1835 1038 2024 1076 Quamquam
2046 1047 2111 1068 non

1129 1074 1132 1109 l
1152 1074 1265 1114 negatis
1288 1082 1345 1103 nos
1363 1073 1549 1113 intelligere,
1572 1073 1643 1114 quid
1661 1072 1694 1104 sit
1709 1075 1866 1115 voluptas,
1892 1077 1939 1106 scd
1959 1079 2031 1118 quid
2058 1080 2110 1109 ille

1128 1114 1130 1135 J
1150 1115 1234 1146 dicat.
1257 1114 1273 1144 ὲ
1285 1124 1345 1155 quo
1357 1113 1500 1148 efficitur,
1515 1118 1531 1141 4
1541 1125 1604 1144 non
1616 1124 1647 1145 ut
1658 1125 1714 1145 nos
1728 1127 1791 1146 non
1804 1119 2008 1159 intelligamus
2021 1140 2029 1153 ,
2042 1130 2108 1161 quat

1150 1167 1195 1187 vis
1207 1155 1239 1186 sit
1248 1156 1333 1186 istius
1344 1157 1446 1189 verbi,
1469 1157 1517 1186 scd
1529 1165 1559 1186 ut
1568 1157 1619 1186 ille
1630 1157 1682 1187 suo
1693 1168 1778 1188 more
1789 1160 1928 1200 loquatur
1940 1181 1948 1194 ‚
1963 1161 2106 1193 nostrum

1148 1199 1286 1239 negligat.
1299 1198 1319 1228 fi
1331 1200 1414 1228 enim
1426 1198 1506 1227 idem
1519 1197 1603 1232 dicit,
1621 1200 1703 1238 quod
1717 1202 1934 1240 Hieronymus,
1950 1204 2111 1243 quicensct

1143 1241 1291 1280 summum
1313 1239 1414 1270 bonum
1430 1239 1493 1278 effe,
1508 1240 1567 1280 fine
1584 1241 1641 1269 ulla
1659 1240 1782 1277 molestia
1793 1244 1888 1272 vivere
1898 1255 1909 1271 :
1930 1255 1984 1274 cur
1994 1245 2110 1276 mavult

1125 1301 1127 1313 ι
1145 1282 1243 1313 dicere
1255 1283 1438 1321 voluptatem
1453 1303 1461 1316 ‚
1475 1284 1564 1322 quarn
1576 1284 1754 1314 vacuitatem
1767 1284 1880 1315 doloris
1892 1297 1900 1320 ;
1922 1287 2015 1316 utille
2026 1287 2108 1321 facit,

1147 1325 1219 1364 qui,
1230 1324 1304 1365 quid
1314 1324 1392 1354 dicat
1402 1343 1410 1357 ‚
1433 1324 1594 1365 intelligit?
1621 1326 1695 1355 5Sin
1705 1335 1805 1356 autem
1815 1327 1998 1367 voluptatem
2012 1338 2110 1369 putam.

1125 1362 1127 1370 '
1147 1367 1224 1396 dicat
1243 1365 1464 1407 adjungendam
1483 1375 1568 1399 eam,
1591 1376 1656 1406 quae
1676 1365 1709 1397 fit
1721 1368 1754 1397 in
1768 1378 1874 1399 motu:
1896 1369 1953 1408 (fic
1962 1373 2045 1400 enirn
2056 1380 2109 1410 ap-

1123 1442 1124 1446 *
1167 1408 1235 1438 ellat
1246 1409 1321 1438 hanc
1331 1407 1450 1437 dulcem
1465 1427 1472 1440 ‚
1485 1409 1518 1437 in
1527 1416 1625 1441 motu,
1637 1408 1721 1439 illam
1733 1411 1811 1439 nihil
1821 1410 1964 1445 dolentis,
1974 1414 2007 1442 in
2018 1412 2110 1443 stabi-
2141 1425 2143 1427 ·

1146 1450 1226 1479 litate
1243 1450 1268 1489 :)
1288 1447 1303 1468 ⁶
1312 1448 1386 1489 quid
1398 1449 1504 1483 tendit;
1515 1448 1587 1479 cum
1601 1448 1718 1480 efficere
1729 1461 1794 1481 non
1805 1451 1895 1491 possit
1906 1463 1939 1483 ut
1949 1455 2106 1494 cuiquam,

1146 1492 1198 1531 qui
1208 1491 1269 1530 ipse
1279 1500 1371 1520 norus
1384 1489 1436 1520 fibi
1449 1491 1502 1523 fit,
1515 1491 1571 1520 hoc
1583 1490 1636 1524 est,
1648 1493 1700 1532 qui
1711 1492 1793 1522 suam
1805 1502 1950 1528 naturam,
1965 1496 2108 1526 censum-

1121 1534 1123 1565 «ἶ
1144 1542 1202 1573 que
1220 1532 1417 1572 perspexerit,
1436 1534 1566 1561 vacuitas
1587 1532 1720 1567 doloris,
1742 1534 1775 1563 ὅτ.
1794 1535 1933 1574 voluptas
1949 1535 2031 1566 idem
2046 1535 2108 1567 effe

1121 1578 1122 1586 ¹
1144 1573 1304 1604 videatur?
1324 1574 1382 1603 hoc
1392 1572 1434 1603 est
1443 1574 1507 1601 vim
1515 1573 1629 1613 afferre,
1652 1574 1805 1615 Torfivte
1817 1596 1825 1607 ,
1842 1575 1984 1617 sbnfihus:
2003 1587 2108 1608 eXtor—

1119 1651 1121 1655 y
1143 1625 1235 1655 quere
1254 1619 1293 1645 eit
1309 1616 1420 1645 animis
1433 1620 1446 1643 7
1461 1617 1654 1655 cognitiones
1664 1617 1827 1646 verborum
1843 1637 1852 1651 ,
1873 1618 1983 1659 quibus
1994 1619 2108 1649 imbuti

1144 1658 1256 1687 sumus.
1280 1658 1356 1698 Qis
1367 1658 1450 1686 enim
1466 1655 1508 1686 est
1521 1676 1529 1689 ‚
1552 1658 1604 1697 qui
1614 1666 1679 1687 non
1691 1657 1789 1688 videat
1800 1679 1808 1692 ,
1822 1660 1883 1690 haec
1893 1658 1950 1690 esse
1959 1663 1992 1690 in
2002 1669 2107 1692 natura

1142 1709 1244 1730 rerum
1255 1700 1308 1729 tria
1319 1702 1329 1728 ?
1340 1708 1448 1732 unum,
1459 1697 1530 1729 cnm
1542 1700 1573 1728 in
1585 1699 1736 1739 voluptate
1749 1700 1851 1730 sumus
1863 1711 1868 1730 t
1879 1702 2018 1735 alterum,
2030 1702 2104 1733 curn

1118 1768 1121 1795 ι
1141 1743 1174 1772 in
1184 1741 1287 1777 dolore
1299 1752 1305 1770 z
1317 1742 1438 1771 tertium
1450 1741 1549 1771 hocin
1561 1750 1621 1781 quo
1632 1751 1713 1771 nunc
1721 1741 1843 1782 quidem
1856 1743 1969 1773 sumus.
1989 1740 2003 1762 ⁸
2012 1745 2104 1775 credo

1142 1783 1225 1814 idem
1237 1792 1292 1813 vos
1304 1784 1401 1812 necin
1412 1782 1518 1813 dolore
1529 1802 1537 1816 ‚
1559 1784 1656 1812 necin
1668 1783 1819 1823 voluptate
1831 1795 1840 1818 3
1860 1786 1931 1814 utin
1947 1786 2103 1826 voluptate

1139 1824 1191 1859 fit,
1201 1827 1254 1866 qui
1265 1824 1411 1864 epuletur-3
1423 1826 1455 1854 in
1466 1823 1637 1865 dolore,qui
1646 1833 1830 1865 torqueatur.
1854 1828 1903 1856 Tu
1913 1835 2013 1857 autem
2025 1831 2104 1858 inter

1137 1868 1201 1897 haec
1219 1886 1228 1899 ‚
1252 1874 1365 1896 tantam
1385 1865 1615 1896 multitudinem
1635 1867 1800 1897 hominum
1826 1867 2015 1907 interieRam
2035 1879 2102 1900 non

1138 1907 1223 1938 vides
1244 1927 1253 1940 ‚
1274 1917 1329 1937 nec
1349 1907 1516 1937 laetantiurn
1534 1927 1543 1940 ‚
1563 1917 1618 1937 nec
1638 1907 1836 1938 dolentium?
1856 1911 1949 1943 Non,
1968 1913 2100 1950 prorsus,

1116 1955 1117 1967 ¹
1139 1950 1250 1991 inquit.
1275 1953 1290 1976 9
1309 1949 1508 1989 omneisque‚
1527 1947 1658 1989 quisine
1669 1949 1775 1979 dolore
1785 1948 1857 1984 fint,
1881 1952 1915 1981 in
1937 1953 2100 1993 voluptate,

1115 1996 1117 2008 ¹
1137 1991 1170 2022 &
1182 2002 1214 2022 ea
1223 1990 1348 2032 quidem
1360 1990 1478 2021 summa
1488 2010 1495 2024 ‚
1516 1988 1573 2020 esse
1586 1990 1664 2020 dico.
1688 1993 1767 2032 Ergo
1781 2001 1820 2021 m
1833 2002 1949 2023 EADEM
1959 1996 2097 2035 volupta-

1137 2042 1165 2064 te
1176 2043 1245 2064 eum
1258 2053 1266 2066 ,
1290 2034 1342 2073 qui
1353 2033 1435 2063 alteri
1448 2033 1569 2063 misceat
1579 2032 1712 2063 mulsum
1726 2054 1734 2066 ‚
1757 2034 1817 2073 ipse
1828 2044 1890 2065 non
1902 2033 2003 2066 sitiens
2015 2059 2023 2071 ‚
2047 2036 2094 2070 δε,

1114 2068 1118 2095 ·¹
1136 2085 1205 2105 eum
1219 2096 1227 2110 ‚
1247 2076 1300 2115 qui
1318 2074 1396 2104 illud
1420 2073 1520 2104 sitiens
1538 2073 1642 2104 bibat?
1659 2077 1743 2104 Tum
1763 2075 1814 2105 ille
1826 2096 1835 2108 ,
1856 2075 1950 2107 finem
1963 2098 1972 2111 ‚
1984 2080 2094 2119 inquit,
2117 2077 2139 2109 5

1137 2116 1359 2157 interrogandi,
1381 2115 1401 2146 s1
1416 2116 1551 2146 videtur:
1575 2116 1791 2156 quodquidem
1803 2120 1882 2158 egoix
1894 2121 2045 2160 principio
2056 2122 2097 2151 ita

1136 2169 1185 2189 me
1200 2160 1290 2189 malle
1300 2158 1436 2188 dixeram
1446 2178 1455 2192 ‚
1477 2159 1535 2188 hoc
1547 2158 1643 2198 ipsum
1656 2158 1817 2198 providens
1830 2180 1838 2193 ‚
1858 2160 2022 2190 dialec‘lictu
2030 2171 2096 2203 cap-

1133 2202 1227 2230 tiones.
1251 2200 1422 2242 Rhetorice
1433 2201 1538 2241 igitur,
1561 2202 1704 2240 inquam,
1728 2210 1784 2231 nos
1796 2204 1913 2235 mavis,
1932 2202 2022 2243 quam
2033 2204 2098 2234 dia-

1133 2242 1239 2273 leEtice
1264 2243 1432 2282 disputare?
1454 2240 1544 2280 Quasi
1569 2241 1641 2272 vero
1651 2262 1658 2275 ‚
1683 2244 1783 2282 inquit
1799 2263 1807 2277 ‚
1831 2253 1970 2284 perpetua
1987 2248 2101 2278 oratio,.

1133 2287 1287 2315 rhetorum
1298 2283 1398 2315 solum
1410 2304 1418 2318 ‚
1440 2294 1504 2314 non
1515 2285 1604 2314 etiam
1614 2284 1863 2324 philosophorum
1877 2285 1919 2315 sit.
1944 2288 2092 2322 Zenonis,

1130 2327 1174 2359 est
1195 2329 1341 2368 inquam,
1368 2328 1424 2357 hoc
1443 2327 1547 2357 Stoici.
1571 2335 1700 2356 omnem
1721 2329 1785 2357 vim
1799 2327 1961 2368 loquendi,
1991 2330 2093 2370 utjam

2024 2371 2094 2401 ant&

1129 2440 1172 2467 alii
1186 2441 1308 2473 rejiciunt
1319 2449 1368 2466 nos.
1391 2439 1526 2474 quomodo
1545 2441 1572 2465 δε
1585 2439 1671 2466 editus
1690 2438 1722 2465 ab
1739 2438 1813 2465 Aldu
1832 2447 1900 2470 ταοὶ
1922 2438 1976 2465 duo
1995 2438 2093 2475 reliqui

1133 2484 1290 2511 utrumque,
1301 2478 1328 2502 &
1341 2485 1386 2502 non
1397 2477 1424 2501 ὃ(
1433 2485 1484 2503 ms.

1171 2522 1196 2546 5.
1215 2516 1346 2538 sinautem
1365 2513 1508 2545 *voluptatem
1522 2517 1613 2544 piatam
1633 2511 1699 2536 dicat
1711 2511 1881 2544 a-§mgendam
1898 2520 1949 2536 eam
1965 2512 2049 2545 quaefit
2066 2514 2094 2539 in

1130 2549 1218 2583 morra]
1240 2550 1280 2575 Ita
1292 2548 1349 2575 Pal.
1359 2557 1400 2583 pr.
1413 2557 1497 2583 neque
1508 2549 1588 2573 aliter
1599 2546 1670 2573 wift.
1682 2546 1724 2572 ed.
1735 2549 1816 2581 quam
1828 2547 1898 2582 quod
1911 2546 2008 2582 ipsufit.
2028 2557 2092 2583 pro-

1132 2585 1205 2611 xime
1215 2584 1344 2611 accedunt
1354 2582 1385 2610 ad
1401 2584 1466 2610 hanc
1478 2583 1620 2610 lec‘tioncm
1633 2582 1700 2609 Pali.
1713 2584 1806 2611 ceteri.
1820 2583 1844 2608 in
1857 2582 1952 2618 quibus
1964 2582 2092 2615 fei-effu-

1129 2628 1179 2653 tat,
1191 2622 1255 2646 ditat
1265 2620 1435 2655 adjungendam
1444 2622 1506 2645 illam
1516 2629 1564 2653 qua·
1576 2622 1608 2653 ft
1618 2622 1643 2644 in
1661 2626 1732 2644 motu.
1757 2618 1842 2644 Aldus
1852 2628 1915 2645 avus
1926 2619 1953 2644 8<
1967 2618 2067 2654 vulgati
2079 2629 2088 2650 5

1128 2657 1192 2683 dicat
1202 2657 1373 2690 adjungendam
1382 2657 1486 2682 adulam
1500 2676 1508 2687 ‚
1527 2665 1575 2689 qus
1584 2657 1609 2680 in
1618 2656 1725 2686 motusit.
1747 2654 1908 2681 Gulielmius
1928 2655 2067 2682 annotavit
2079 2663 2089 2686 ;

1128 2693 1239 2728 legerim
1247 2700 1332 2726 putam
1346 2712 1353 2724 ‚
1373 2692 1485 2724 νεῖ-χαῖα.
1505 2700 1558 2717 tam
1570 2690 1711 2726 desperatis
1722 2700 1774 2717 non
1786 2700 1827 2716 me
1837 2689 1983 2717 immisceo.
2005 2691 2089 2717 Scali—

1128 2729 1257 2764 gcrlibro
1268 2728 1312 2755 suo
1330 2727 1463 2763 adscripsst
1477 2747 1483 2758 ‚
1498 2730 1536 2761 fin
1556 2730 1698 2760 voluptatem
1712 2733 1784 2759 putat
1793 2738 1802 2760 ,-
1823 2727 1888 2753 dicat
1904 2728 2087 2762 adjungendum,

1127 2768 1192 2791 illam
1203 2775 1251 2798 qus
1260 2767 1286 2790 in
1297 2772 1368 2795 motu,
1378 2765 1429 2795 (ξε.
1449 2765 1508 2797 quid
1516 2764 1589 2788 mida
1602 2767 1611 2789 ,ἲ

1163 2802 1190 2826 6.
1200 2801 1375 2834 Quiri-niun]
1392 2800 1455 2825 Non
1467 2800 1545 2826 aliter
1557 2799 1612 2825 Pal.
1624 2807 1664 2834 pr.
1675 2805 1719 2824 aut
1730 2798 1826 2834 reliqui
1837 2799 1954 2835 quinque
1966 2808 1998 2826 ne
2008 2799 2103 2827 mxxiv

1127 2836 1194 2863 lium
1205 2846 1264 2872 quis
1274 2836 1360 2872 speret
1370 2838 1385 2862 a
1397 2835 1483 2861 nobis.
1502 2834 1619 2870 Scaliger
1631 2834 1698 2860 libro
1708 2834 1753 2860 suo
1763 2834 1896 2870 adscripsit
1907 2835 1996 2862 tundit.

1163 2881 1190 2907 7.
1212 2875 1354 2906 Cognitiones
1372 2871 1523 2905 verborum]
1543 2873 1586 2898 lta
1598 2869 1678 2896 leftio
1699 2870 1816 2905 vulgata.
1834 2880 1920 2906 neque
1930 2871 2009 2897 aliter
2028 2871 2086 2897 Pal.

1125 2910 1215 2944 quint.
1226 2917 1271 2935 aiut
1281 2907 1349 2934 sext⁴
1361 2908 1454 2934 versun
1467 2907 1568 2942 priores
1580 2907 1731 2943 quatuor&
1742 2907 1839 2943 Scalig.
1858 2908 1935 2944 plani:
1946 2907 2086 2939 exhibent,

1123 2947 1270 2979 cogitationes
1278 2945 1349 2970 verb.
1369 2943 1478 2970 Fulvius
1489 2944 1588 2979 promit
1599 2947 1613 2969 e
1624 2942 1668 2968 suo
1678 2945 1789 2969 nationes.

1161 2980 1189 3007 8.
1208 2982 1281 3006 Credo
1306 2980 1365 3005 idn-m
1382 2989 1425 3005 ’ππ
1452 2988 1492 3004 nec
1519 2983 1545 3005 in
1563 2980 1636 3005 dolore
1662 2988 1702 3004 nee
1721 2982 1747 3004 in
1772 2980 1907 3011 volttpmte:
1928 2985 1955 3003 ut
1971 2981 1998 3005 in
2015 2981 2085 3004 votn-

1120 3017 1215 3051 ptate.]
1237 3017 1280 3043 Sic
1289 3015 1344 3042 fere
1356 3015 1424 3042 1³:211.
1444 3015 1499 3042 sex.
1521 3014 1663 3042 rotundius
1673 3015 1760 3041 multo
1772 3034 1781 3048 ‚
1800 3024 1879 3051 quum
1899 3014 2024 3042 hastenus
2035 3025 2086 3051 pu-

1124 3052 1192 3079 blica
1209 3053 1227 3078 “.

1158 3097 1187 3123 9.
1196 3060 1350 3122 Uornnciflque,
1361 3088 1454 3122 qnifint
1464 3088 1537 3113 dolore
1551 3107 1557 3119 ,
1569 3087 1636 3122 ἀι]
1657 3088 1700 3114 Sic
1710 3086 1791 3114 iidem
1803 3086 1861 3114 mss.
1874 3087 1965 3113 Aliter
1976 3086 2085 3113 Lambi-

1122 3133 1170 3150 nus
1185 3143 1193 3156 ,
1213 3123 1253 3151 scd
1265 3133 1298 3150 cx
1319 3123 1460 3160 superfluo.
1481 3124 1644 3151 Gulielmius
1663 3123 1690 3151 in
1704 3124 1792 3152 Plauti
1808 3123 1901 3157 Sticho
1917 3123 2085 3159 conjiciebat,

1121 3169 1197 3189 omncs
1210 3163 1292 3197 quiqui
1295 3162 1346 3202 stne
1356 3161 1438 3196 dolore,
1451 3169 1504 3189 non
1516 3161 1597 3193 ctiam
1609 3159 1759 3192 necessario.

1994 3203 2004 3222 ι
2013 3214 2017 3220 .
2027 3194 2082 3228 7‘3‘3'·
