2379 3400
185 732 204 763 0«.

225 127 342 174 1188
598 113 1091 163 M.TULL11

215 216 253 237 ex
268 205 370 234 intima
381 195 567 240 philosophici
580 191 771 225 hauriendam
780 191 855 231 juris
863 190 1052 229 disciplinam
1063 197 1156 228 putas.

218 251 260 277 M.
274 249 345 276 Non
355 250 435 271 enim
447 238 475 268 id
485 238 647 278 quaerinius
658 236 713 264 hoc
724 234 870 265 sermone,
880 233 1043 271 Pomponi,
1052 239 1160 271 quem-

217 284 379 318 admodum
389 287 543 311 cai-eamus
557 280 586 306 in
605 278 666 312 iure
676 296 684 307 .
705 284 752 305 aut
761 273 833 314 quid
842 272 879 303 dc
889 282 1005 313 quaque
1014 271 1166 302 consulta-

218 336 301 358 twm·
320 321 559 361 respondeamus.
590 320 633 348 Sit
652 316 703 346 ista
723 325 768 345 res
787 323 913 355 magna,
935 312 1008 344 ficut
1018 312 1080 343 est:
1121 322 1165 342 uae

216 365 368 408 quondam
381 364 394 392 a
406 362 507 391 multis
516 361 599 389 claris
611 359 683 388 viris
693 378 703 391 ‚
724 366 804 386 minc
817 355 852 384 ab
867 366 918 384 mio
935 356 1052 385 summa
1061 364 1095 384 au
1131 363 1168 383 o-

219 416 298 437 ritate
309 425 316 436 ‚
334 406 364 434 ἃ·
377 405 495 433 scit-ntia
507 400 663 430 sustinetur
677 402 704 426 :¹
728 398 774 428 scd
787 397 874 427 nobis
885 398 925 426 ita
935 395 1163 436 complectenda

219 452 251 478 in
263 450 314 477 hac
325 446 520 484 disputationi:
533 451 590 471 tota
603 440 685 470 causa
697 437 825 469 universi
841 439 917 478 juris
930 437 972 468 est
985 457 993 471 ‚
1012 448 1044 467 ac
1054 438 1165 478 legum;

218 499 250 520 ut
261 491 316 518 hoc
328 507 336 520 ‚
351 487 439 516 civile
450 483 530 525 quod
541 483 669 513 dicimus
681 502 689 514 ,
709 483 741 511 in
751 489 875 520 parvum
885 480 1035 520 quendam
1047 499 1055 512 ‚
1073 480 1105 509 &
1114 488 1168 509 an—

217 529 335 571 gustum
354 529 455 557 locum
473 524 667 555 concludatur
684 532 802 553 naturae.
826 531 927 552 natura
937 523 1019 551 enirn
1034 521 1106 558 juris
1116 529 1168 549 ex—

217 572 320 612 plicata
331 569 371 599 cst
381 568 469 598 nobis
479 588 487 600 ‚
501 576 590 607 eaque
605 565 640 594 ab
651 565 787 594 hominis
798 563 953 603 repetenda
963 572 1064 593 natura
1076 573 1081 591 :
1097 571 1171 592 con-

222 611 378 642 siderandae
398 611 488 649 leges,
509 607 619 648 quibus
634 608 767 636 civitates
785 606 845 646 regi
864 604 1008 634 debeant:
1029 613 1092 634 tum
1109 604 1171 632 haec

220 652 365 683 vastanda
378 672 386 684 ,
407 660 470 691 qua:
488 647 649 688 composita
660 648 745 680 sunt,
758 646 1036 685 &descriptajura‚
1055 643 1169 683 &justa

218 694 398 735 populorum
411 712 419 726 ,
441 694 472 720 in
484 690 591 730 quibus
611 699 648 719 ne
663 687 757 719 nostri
773 687 897 729 quidem
909 687 1013 727 populi
1025 687 1169 718 latebunt,

226 746 290 768 oua:
301 733 511 771 vocanturjum
523 731 633 760 civilia.
679 739 734 769 QI-
758 730 826 760 Alte
836 728 908 759 vero
918 749 926 762 ‚
939 729 971 759 &
981 749 989 762 ,
1003 738 1034 758 ut
1044 736 1171 768 oportet,

224 769 341 816 {capite
352 796 361 810 ,
381 775 466 804 frater
476 793 484 807 ,
505 774 611 813 repetis
624 772 707 813 quod
719 773 882 812 quaerirnus
897 781 901 799 :
922 770 954 800 &
968 773 1019 810 qui
1029 770 1170 808 aliterjus

218 820 308 850 civile
322 817 457 849 tradunt,
478 824 541 845 non
559 823 619 844 tam
636 813 756 852 justitiae
768 832 776 846 ‚
796 814 887 853 quam
903 811 1038 852 litigandi
1052 810 1171 840 tradunt

218 870 289 889 vias.
317 869 353 887 M.
369 861 441 888 Non
453 855 495 886 est
506 859 543 886 ita
555 875 563 888 ‚
588 857 703 896 Qinte
716 865 721 884 z
733 864 764 885 ac
774 852 1172 894 potiusignoratiojumliti-

216 901 297 941 gwflz
317 898 380 933 σῖ,
399 898 489 940 quam
505 898 634 928 scientia.
657 895 712 927 Sed
733 897 794 925 liaec
810 893 966 935 posterius.
990 897 1082 924 Nunc
1097 894 1174 933 juris

224 937 367 981 principia
379 941 544 970 videamus.
568 940 660 979 Igitur
673 936 851 968 doehffimis
864 939 936 966 viris
951 934 1100 975 proficisci
1111 935 1173 974 pla-

218 984 305 1014 cuita
315 984 378 1023 lege
391 993 396 1011 2
407 981 482 1011 haud
495 981 555 1010 scio
566 989 602 1010 an
614 979 706 1012 recte,
718 978 737 1008 si
750 978 856 1011 modo,
867 987 899 1008 ut
910 978 1002 1008 iidem
1013 975 1174 1009 definiunt,

218 1027 287 1056 Lm<
301 1034 357 1053 εςτ
374 1033 478 1053 iza-no
492 1030 634 1054 suMMA,
652 1019 736 1050 insita
760 1021 793 1049 in
815 1028 914 1050 natura
926 1039 933 1052 ,
951 1029 1018 1060 quae
1033 1018 1113 1056 jubat
1131 1027 1174 1050 ea,

218 1076 284 1099 ουκ
302 1064 435 1095 facienda
456 1064 524 1094 sum
543 1081 553 1096 ‚
575 1062 772 1102 prohibetque
789 1063 946 1091 contraria.
971 1060 1082 1090 Eadem
1103 1061 1177 1088 ratio

219 1102 291 1138 eum
303 1106 345 1137 est
355 1108 386 1136 in
398 1106 534 1135 hominis
544 1113 645 1134 mente
666 1107 679 1122 ²
690 1102 866 1133 confirmata
876 1122 885 1136 ‚
906 1102 939 1132 δε
949 1100 1087 1132 confe&a
1097 1120 1106 1134 ‚
1125 1100 1176 1129 lex

218 1148 270 1179 est.
286 1151 385 1188 Itaque
394 1147 572 1177 arbitrantur
583 1165 592 1178 ‚
603 1145 790 1185 prudentiam
800 1142 859 1174 effe
869 1145 965 1185 legem
976 1163 985 1177 ‚
995 1144 1079 1181 cujus
1089 1152 1122 1171 ea
1132 1151 1177 1170 vis

221 1189 255 1220 fit
265 1210 274 1224 ,
291 1199 322 1220 ut
332 1186 402 1218 recte*
408 1188 504 1228 facere
509 1186 611 1226 jubeat
622 1206 631 1220 ,
646 1194 721 1216 verer
730 1186 905 1227 delinquere:
920 1194 1046 1225 eamque
1057 1193 1120 1213 rem
1132 1183 1178 1212 illi

221 1233 327 1262 Graeco
344 1239 447 1271 putant
465 1230 591 1260 nomine
602 1248 610 1262 ,
631 1228 647 1258 a
661 1228 748 1258 suum
760 1230 866 1267 cuique
879 1226 1039 1257 tribuendo
1049 1225 1178 1264 appella-

219 1281 280 1303 tam
292 1282 364 1313 :ego
375 1270 477 1302 nostro
487 1271 502 1300 a
514 1269 630 1310 legendo.
653 1279 723 1299 nam
735 1278 767 1299 ut
776 1269 823 1298 illi
832 1270 977 1309 aequitatis
988 1287 997 1300 ,
1009 1266 1046 1296 fic
1060 1276 1116 1296 nos
1126 1265 1178 1295 de-

219 1313 315 1344 leCRus
328 1315 392 1343 vim
407 1315 438 1343 in
453 1313 479 1342 le
500 1322 515 1342 e
528 1313 672 1352 ponimus
686 1311 718 1341 δε
733 1312 888 1350 proprium
903 1318 1003 1339 tamen
1017 1317 1176 1348 utrumque

215 1357 292 1397 legis
301 1355 351 1385 cst.
375 1354 466 1394 Qod
486 1355 545 1383 lita
556 1352 635 1382 reete
647 1352 767 1385 dicitur,
778 1361 809 1381 ut
821 1351 898 1381 mihi
907 1350 1029 1391 quidem
1040 1349 1177 1389 plerum—

220 1407 280 1438 que
298 1396 393 1427 videri
414 1396 502 1426 solet:
523 1395 539 1425 a
550 1394 613 1435 lege
622 1392 795 1424 ducendum
806 1392 849 1423 est
865 1393 937 1428 iuris
950 1391 1122 1422 exordium.
1145 1399 1179 1420 ea

220 1437 264 1469 est
273 1439 357 1468 enirn
368 1446 478 1468 naturae
487 1437 550 1466 vis:
572 1439 585 1463 3
596 1445 628 1466 ea
638 1445 725 1466 mens
735 1454 743 1467 ‚
756 1436 891 1475 ratioque
901 1433 1055 1474 prudentis
1068 1443 1073 1461 1
1088 1442 1121 1462 ea
1131 1432 1178 1470 ju·

220 1481 261 1510 ris
271 1498 280 1513 ,
296 1488 384 1519 atque
397 1480 515 1518 injuriae
524 1477 631 1518 regula.
653 1477 709 1507 Sed
719 1476 864 1516 quoniam
876 1478 908 1505 in
918 1475 1052 1515 populari
1063 1476 1178 1503 ratione

222 1522 325 1551 omnis
336 1518 434 1550 nostra
443 1519 573 1549 versatur
582 1519 676 1548 oratio
688 1537 697 1550 ,
714 1517 883 1558 populariter
893 1515 1033 1545 interdum
1042 1515 1121 1556 loqui
1132 1525 1179 1544 ne-

222 1561 287 1599 eff
299 1562 352 1589 erit
362 1579 372 1594 ,
393 1561 426 1590 &
442 1569 509 1590 eam
520 1560 616 1598 legem
630 1578 638 1592 ,
655 1568 736 1598 QAE
749 1568 888 1588 scaurro
908 1558 1001 1587 sancit
1010 1556 1091 1597 quod
1102 1556 1177 1588 vult,

223 1612 274 1633 aut
287 1600 420 1638 jubendo
432 1620 440 1634 ‚
460 1609 510 1631 aut
523 1599 670 1632 vetando,
691 1608 722 1628 ut
732 1599 839 1640 vulgus
851 1618 860 1631 ‚
879 1598 1034 1638 appellare.
1059 1595 1181 1626 Consti—

226 1642 330 1674 tue-ndi
349 1641 421 1672 vero
432 1642 507 1681 juris
523 1640 559 1671 ab
575 1641 627 1670 illa
641 1640 757 1670 summa
768 1640 830 1680 lege
841 1648 992 1679 capiamus
1003 1637 1175 1670 exordium,

222 1694 289 1726 quae
299 1683 412 1714 saeculis
422 1682 566 1712 omnibus
577 1682 644 1711 ante
657 1691 721 1712 nata
730 1680 772 1711 est
784 1701 792 1714 ‚
812 1681 904 1721 quam
920 1680 1027 1720 scripta
1045 1678 1090 1708 lex
1106 1679 1178 1710 ulla,

227 1735 277 1756 aut
295 1734 383 1766 quam
405 1723 539 1753 omnino
556 1724 662 1752 civitas
679 1721 851 1753 constituta.
891 1731 947 1761 QJ.
971 1718 1178 1751 Commodius

223 1766 307 1800 verb,
317 1765 418 1795 4&ad
430 1767 576 1795 rationem
590 1763 717 1794 instituti
728 1764 875 1793 sermonis
886 1764 1053 1802 sapientius.
1065 1760 1181 1790 M-Vis-

223 1818 262 1839 ne
274 1817 354 1849 ergo,
367 1805 538 1846 ipsiusjnris
548 1814 647 1834 ortum
660 1805 674 1834 Ξι
685 1803 768 1834 fonte
779 1805 959 1843 repetamus?
969 1811 1030 1842 quo
1040 1803 1179 1833 invento,

225 1859 289 1879 non
301 1848 489 1878 critdubium
501 1866 510 1880 ,
524 1844 651 1886 quo-(int
662 1847 723 1875 haec
733 1844 886 1874 referenda
899 1864 907 1877 ,
929 1853 996 1884 quae
1005 1844 1180 1882 quaerimus.

224 1899 280 1928 Q·
295 1893 358 1931 Ego
369 1888 440 1919 vero
455 1891 494 1919 ita
506 1884 747 1918 faciendumess'e
762 1885 877 1915 censeo.
902 1888 981 1914 Αττ.
998 1886 1049 1913 Me
1062 1892 1181 1924 quoque

221 1932 382 1962 adscribito
394 1930 492 1961 fratris
503 1928 664 1959 sententiae.
690 1929 735 1957 M.
750 1928 904 1964 Quoniam
922 1927 1009 1965 igitur
1025 1925 1091 1964 ejus
1106 1927 1180 1963 reip.

224 1983 313 2014 quam
327 1974 472 2013 optimam
489 1969 662 2002 efl'eidocuit
679 1971 711 1998 in
725 1968 786 1998 illis
802 1968 853 1998 sex
870 1967 955 2000 libris
965 1968 1065 2006 Scipio
1077 1975 1183 1996 tenen-

223 2015 281 2045 dus
290 2013 331 2044 est
341 2013 430 2044 nobis
438 2033 446 2046 ‚
461 2012 493 2042 &
506 2010 663 2042 servandus
673 2009 762 2040 status
773 2029 783 2043 2
797 2009 964 2049 omnesque
975 2008 1052 2049 leges
1062 2017 1183 2038 accom-

226 2055 384 2086 modandae
394 2055 430 2085 ad
442 2053 516 2084 illud
527 2055 655 2084 civitatis
665 2062 758 2093 genus
767 2071 775 2084 ,
790 2050 904 2081 serendi
914 2051 1002 2080 etiam
1010 2059 1095 2078 mures
1105 2069 1113 2083 ,
1126 2057 1181 2079 nec

223 2099 337 2137 scriptis
347 2098 452 2127 omnia
463 2093 632 2125 sancienda:
654 2102 784 2133 repetam
806 2092 927 2132 stirpem
941 2092 1017 2132 juris
1035 2091 1051 2121 a
1068 2099 1182 2124 natura,

246 2149 280 2169 ua
291 2138 365 2169 duce
374 2138 416 2168 est
427 2137 515 2167 nobis
525 2145 629 2166 omnis
639 2135 800 2174 disputatio
812 2132 999 2174 explicanda.
1021 2135 1100 2162 Αττ.
1121 2134 1182 2162 Rc-

222 2148 352 2210 }liffime
368 2190 373 2208 z
397 2180 430 2209 &
449 2178 573 2219 quidem
593 2176 647 2207 ista
666 2176 739 2207 duce
757 2176 844 2205 errari
863 2175 950 2205 nullo
971 2173 1058 2214 pafto
1075 2172 1182 2214 potest.

190 2231 209 2261 7
227 2223 271 2251 M.
287 2221 387 2253 Dasne
397 2222 485 2261 igitur
496 2220 552 2249 hoc
573 2218 661 2248 nobis
673 2237 682 2252 ‚
701 2219 874 2257 Pomponi,
896 2217 979 2255 (nam
990 2216 1098 2257 Qinti
1108 2216 1184 2245 novi

224 2262 418 2300 sententiam)
428 2261 465 2292 de
480 2260 607 2291 deorum
617 2259 839 2290 immortalium
852 2260 881 2288 vi
895 2277 904 2292 ,
917 2266 1018 2288 natura
1028 2277 1037 2291 ‚
1055 2258 1181 2290 ratione,

223 2303 378 2344 potestate,
391 2304 529 2335 numine,
542 2311 654 2335 mente,
667 2299 725 2331 sive
736 2299 817 2341 quod
827 2298 869 2330 est
878 2298 959 2329 aliud
970 2298 1108 2331 verbum,
1120 2308 1182 2339 quo

226 2344 344 2385 planius
362 2343 526 2386 significem
544 2343 625 2384 quod
644 2342 717 2374 volo
737 2361 747 2376 ,
772 2345 784 2369 5
793 2349 932 2372 naturam
950 2349 1077 2371 omnem
1099 2341 1183 2383 regi?

269 2458 291 2473 ι.
313 2449 358 2474 Sed
374 2450 437 2474 nobas
455 2451 492 2474 ita
510 2447 702 2480 compleffenda]
725 2448 765 2472 lta
775 2445 861 2472 Aldus
872 2447 964 2481 Nepos
974 2465 983 2476 ‚
1004 2455 1088 2481 neque
1107 2446 1185 2471 aliter

230 2483 392 2552 3233}an
402 2484 447 2510 nisi
458 2483 528 2519 quod
540 2493 591 2510 non
602 2482 696 2509 habeat
704 2485 752 2508 ita.
772 2481 838 2508 olim
849 2481 980 2515 edita‚sed
987 2482 1049 2508 noris
1057 2483 1113 2514 ista.
1123 2490 1183 2508 tom-

270 2563 298 2580 ².
318 2557 462 2588 Confirmata
472 2554 501 2586 ὠ·
510 2553 640 2589 tonfifla]
660 2553 783 2588 Conjecit
791 2552 954 2580 Gulielmius
964 2554 1121 2587 confirmata.
1139 2562 1187 2580 ne·
1205 2570 1206 2578 1

231 2589 282 2616 fcio
291 2599 322 2616 :in
337 2594 408 2616 vere.

233 2660 250 2685 d
267 2633 299 2667 3..
314 2629 352 2652 Ea
360 2626 399 2652 vis
416 2629 521 2661 ratioque
535 2626 687 2661 prudentia]
710 2625 775 2654 Non
786 2623 905 2653 insubide
916 2624 1110 2661 Pal.quartus‚
1123 2631 1187 2658 pru-

252 2667 324 2687 emta.

266 2702 295 2727 4.
315 2697 353 2722 Ad
362 2699 473 2723 rationem
481 2699 583 2729 instituti
590 2696 868 2732 firmmiefhpiemius]
886 2695 1002 2723 visioni
1016 2696 1046 2722 δε
1056 2696 1144 2723 Turn.
1155 2705 1186 2724 ac

233 2729 326 2756 Lainb.
336 2731 396 2758 edd.
406 2736 494 2764 apum.
507 2734 586 2760 nosti-i
599 2733 653 2760 niss‘.
667 2732 872 2760 nihil-recedunt
883 2733 898 2759 a
910 2733 1024 2768 vulgata.

274 2774 300 2797 5.
320 2770 439 2793 Naturam
457 2778 541 2793 omnem
552 2769 635 2803 caign]
656 2769 713 2796 Pal.
732 2776 821 2804 quart.
841 2770 856 2794 a
867 2768 952 2804 prima
970 2776 1049 2795 manu
1058 2768 1187 2801 hominum,

231 2801 451 2837 emendatumque
461 2808 570 2830 omnium.
592 2804 706 2831 medium
720 2814 770 2832 non
781 2803 911 2840 displicet.

271 2835 300 2860 6.
320 2839 375 2868 Lege
384 2847 469 2870 quoque
479 2840 598 2872 confimari
606 2842 706 2866 hommes
716 2849 767 2866 cum
777 2840 825 2872 deo,
834 2840 902 2874 ἐγὼ]
928 2839 986 2866 Pal.
998 2845 1087 2874 quart.
1097 2840 1125 2865 ὅτ
1137 2840 1188 2866 Fa-

235 2869 366 2897 bricissnus
378 2891 387 2902 ‚
404 2875 527 2900 ‘ancillam
548 2884 632 2911 neque
643 2875 762 2912 displicet
774 2895 782 2908 ‚
801 2883 831 2902 ut
842 2875 904 2902 usus
912 2875 944 2902 fit
955 2875 1081 2903 varietate
1093 2875 1188 2902 verbo-
1205 2871 1207 2883 '¹

234 2914 294 2932 rum
306 2906 411 2932 Cicero.

237 2949 308 3002 '103AE
310 2944 501 3000 'LA-,mationibm
505 2946 668 2979 familiarum,
678 2947 746 2982 &c.]
767 2945 930 2974 Gulielmius
942 2945 1065 2975 emendat
1077 2965 1086 2979 ‚
1103 2955 1132 2972 ac
1141 2955 1189 2973 na·

273 3011 302 3038 8.
317 3013 440 3045 Disputari
445 3012 500 3052 fik(
510 3015 548 3048 (ὼ-
556 3018 666 3042 nimirum
675 3018 772 3050 [rafiam
781 3025 807 3043 ut
817 3017 980 3051 disparamur)
987 3017 1186 3051 perpetuis,&c.]

238 3047 279 3073 Ita
291 3046 345 3073 fere
357 3045 412 3072 mss‘.
423 3048 502 3073 nostri
515 3067 523 3079 ,
543 3049 659 3085 editiquc
679 3054 694 3077 :i
704 3054 790 3079 Tum.
810 3054 838 3078 ὃς
849 3052 969 3079 Vmor-io
981 3072 990 3086 ‚
1008 3054 1037 3078 &
1047 3053 1190 3080 Lambino.

1174 111 1715 159 Cicanonts

1208 199 1277 220 narn
1289 188 1308 220 si
1321 191 1378 220 hoc
1388 199 1450 220 non
1460 189 1616 228 probas‚ab
1625 199 1662 220 eo
1673 190 1761 221 nobis
1770 191 1853 222 causa
1861 190 2006 223 ordienda
2015 189 2058 222 est
2066 188 2165 232 potis«

1209 230 1331 262 fimum.
1354 234 1434 262 Αττ.
1447 234 1499 261 Do
1508 231 1576 261 sane
1588 250 1596 264 ‚
1616 230 1637 261 fi
1655 231 1793 271 postulas.
1816 236 1927 264 etenim
1946 243 2063 274 propter
2079 234 2161 264 hunc

1209 282 1391 304 concentum
1401 275 1504 302 avium
1516 293 1524 306 ‚
1542 271 1757 313 strepitumque
1768 272 1930 305 fluminum
1943 295 1952 309 ,
1970 285 2035 305 non
2045 283 2162 308 vereor,

1209 313 1486 354 condiscipulorum
1506 316 1614 354 nequis
1632 315 1778 344 exaudiat.
1820 315 1866 344 M.
1885 315 1974 356 Atqui
1992 315 2164 346 cavendum

1210 356 1262 387 est.
1287 357 1381 387 solent
1399 358 1481 385 enim
1494 375 1502 389 ,
1523 356 1555 385 id
1565 355 1646 395 quod
1658 357 1784 384 virorum
1793 353 1923 385 bonorum
1933 357 1975 387 eft*
1985 377 1993 390 ,
2014 357 2166 386 admodum

1215 398 1307 438 {rasi-i.
1333 407 1387 427 nec
1397 407 1468 427 vero
1477 397 1573 427 ferent
1586 417 1594 430 ,
1609 396 1628 426 si
1638 397 1786 427 audierint
1798 418 1806 429 ‚
1819 407 1847 427 te
1856 399 1987 437 primum
1998 409 2082 439 caput
2095 399 2166 429 libri

1210 441 1319 480 optimi
1330 437 1489 479 prodidiffe
1504 441 1554 468 :in
1565 448 1625 479 quo
1635 437 1743 478 scripsit
1755 459 1763 472 ,
1783 441 1895 468 Nmtt.
1908 448 2045 469 cunam-2
2055 450 2166 474 onum,

1212 490 1278 510 rinc
1296 490 1349 511 sur
1363 500 1371 513 ‚
1394 489 1460 509 NEC
1480 489 1614 509 Auram.
1655 484 1734 510 Αττ.
1757 483 1844 521 Perge
1854 499 1863 513 ‚
1887 481 1984 520 quaeso
1995 496 2005 514 ,
2025 491 2093 511 nam
2114 481 2144 512 id
2155 500 2167 516 ‚

1214 522 1294 562 quod
1309 522 1363 552 tibi
1378 519 1523 555 concessi,
1544 521 1687 562 quorsum
1699 521 2002 561 pertineatexspeeto.
2026 524 2068 551 M.
2089 525 2168 553 Non

1214 564 1322 594 faciam
1335 562 1467 603 longius.
1481 564 1539 593 huc
1549 566 1631 593 enim
1643 565 1779 603 pertinet.
1794 564 1916 592 Animal
1928 564 1984 593 hoc
1994 564 2168 602 providum,

1214 607 1296 645 sagax
1308 625 1315 637 ‚
1335 605 1496 644 multiplex
1508 624 1516 638 ‚
1533 614 1654 635 acutum
1666 624 1675 638 ,
1687 613 1820 637 memor,
1836 605 1960 644 plenum
1974 605 2097 634 rationis
2107 626 2116 638 ‚
2135 605 2170 636 &

1213 645 1342 680 confini,
1353 656 1444 686 quem
1455 655 1598 676 vocamus
1609 648 1783 675 Hominem
1794 666 1802 679 ‚
1813 647 1946 685 praeclara
1955 644 2082 686 quadam
2092 655 2170 676 con-

1213 688 1331 718 ditione
1340 696 1514 728 generatum
1525 686 1582 717 effe
1595 688 1610 717 a
1621 688 1759 728 supremo
1771 697 1845 717 nno.
1869 688 1967 717 solum
1979 686 2021 717 est
2031 688 2116 716 enim
2128 696 2170 717 ex

1214 739 1257 760 tot
1268 730 1468 759 animantium
1481 728 1639 769 generibus
1653 749 1661 762 ,
1677 737 1764 770 atque
1777 730 1888 759 naturis
1901 749 1909 762 ,
1927 731 2070 768 particeps
2080 730 2174 758 ratio-

1215 774 1262 801 nis
1273 791 1282 804 ,
1295 771 1327 801 &
1337 771 1528 812 cogitationis
1538 790 1546 804 ,
1558 770 1629 800 cum
1641 779 1735 801 cetera
1746 768 1801 800 sint
1812 772 1917 800 omnia
1928 772 2070 809 expertia.
2085 768 2170 811 Qid

1213 812 1256 843 est
1266 821 1366 843 autem
1378 821 1440 842 non
1451 812 1548 842 dicam
1561 814 1593 841 in
1604 813 1730 842 homine
1741 831 1750 845 ,
1765 812 1856 842 sedin
1867 814 1954 842 omni
1965 811 2043 841 coelo
2054 831 2064 844 ‚
2083 819 2174 851 atque

1216 864 1289 884 terra
1300 874 1309 887 ,
1328 854 1435 883 ratione
1444 853 1594 883 divinius?
1612 864 1676 894 quae
1693 852 1764 883 cum
1779 853 1927 888 adolevit,
1946 863 2032 893 atque
2042 850 2175 892 pei-fc&

1215 894 1257 926 est
1269 915 1278 929 ,
1298 898 1473 925 nominatur
1482 898 1536 925 rite
1550 898 1749 925 Simiam-M.
1774 894 1824 925 Est
1835 897 1925 935 igitur
1936 915 1945 928 ,
1965 896 2112 935 quoniam
2123 894 2174 923 ni-

1215 938 1259 967 hil
1270 936 1313 967 est
1322 939 1433 967 ratione
1444 937 1554 966 melius
1564 957 1573 970 ,
1586 946 1676 977 eaque
1686 937 1762 966 &in
1773 937 1899 966 homine
1910 956 1918 969 ,
1932 937 1965 966 &
1975 946 2006 965 in
2017 936 2074 965 deo
2085 947 2094 969 ⁴,
2108 936 2173 971 pri-

1218 989 1266 1009 ma
1276 980 1396 1008 homini
1405 988 1475 1008 cum
1486 978 1543 1008 deo
1552 980 1675 1008 rationis
1684 978 1815 1007 societas.
1841 980 1922 1007 Inter
1931 987 2006 1017 quos
2016 986 2115 1007 autem
2126 985 2176 1006 ra-

1216 1021 1280 1053 tio,
1302 1021 1379 1050 inter
1395 1019 1516 1049 eosdem
1535 1022 1625 1049 etiarn
1647 1018 1724 1048 rtha
1740 1021 1814 1048 ratio
1832 1029 2006 1048 communis
2023 1017 2074 1048 est.
2098 1019 2174 1058 Qae

1216 1061 1288 1092 cum
1309 1060 1342 1090 sit
1362 1061 1410 1090 lex
1422 1080 1430 1093 ,
1450 1058 1540 1100 ⁶lege
1557 1069 1678 1100 quoque
1695 1059 1858 1089 consociati
1877 1061 2100 1089 homineacum
2114 1059 2175 1088 diis

1217 1102 1340 1143 putandi
1359 1102 1470 1132 sumus.
1494 1104 1576 1130 Inter
1589 1110 1664 1141 quos
1675 1099 1764 1140 porro
1774 1100 1815 1130 est
1827 1102 1979 1129 communio
1989 1101 2052 1140 legis
2062 1121 2071 1134 ‚
2095 1104 2175 1130 inter

1220 1154 1272 1174 eos
1284 1145 1465 1173 communio
1477 1143 1552 1181 juris
1565 1141 1616 1171 est.
1642 1141 1758 1178 Quibus
1772 1151 1870 1171 autem
1885 1144 1945 1171 haec
1960 1141 2023 1171 sunt
2034 1144 2111 1171 inter
2121 1150 2176 1172 eos

1219 1185 1397 1214 communia
1409 1203 1418 1217 ,
1436 1183 1469 1214 &
1479 1185 1606 1214 civitatis
1615 1183 1747 1221 ejusdem
1760 1183 1886 1213 habendi
1899 1183 1976 1213 sunt.
1998 1186 2028 1212 Si
2039 1181 2113 1212 verb
2122 1182 2176 1213 iis-

1220 1226 1291 1256 dem
1302 1227 1437 1265 imperiis
1447 1245 1456 1258 ,
1480 1225 1512 1255 &
1522 1224 1716 1265 potestatibus
1727 1233 1842 1264 parent:
1866 1224 1964 1254 multo
1978 1226 2067 1254 etiam
2083 1225 2177 1264 magis

1218 1276 1320 1307 parent
1331 1268 1401 1297 huic
1410 1266 1523 1297 coelesti
1533 1266 1727 1305 descriptioni
1737 1285 1745 1298 ,
1757 1267 1913 1306 mentique
1923 1266 2046 1298 divinat,
2059 1265 2091 1294 &
2101 1274 2178 1304 prae-

1218 1311 1336 1349 putenti
1355 1308 1422 1338 deo.
1446 1317 1479 1338 ut
1495 1309 1556 1347 jam
1577 1307 1733 1338 universus
1751 1309 1799 1337 hic
1818 1307 1950 1338 mundus
1963 1326 1972 1340 ‚
1996 1316 2053 1335 una
2071 1306 2177 1335 civitae

1219 1351 1396 1381 communis
1414 1349 1560 1384 deorum,
1581 1358 1668 1390 atque
1687 1350 1869 1382 hominum,
1894 1347 2093 1379 existimanda
2108 1357 2114 1376 ε
2137 1346 2174 1378 δε

1216 1391 1299 1433 quod
1311 1394 1343 1422 in
1353 1391 1525 1422 civitatibus
1534 1393 1648 1421 ratione
1658 1390 1783 1430 quadarn
1797 1411 1806 1423 ‚
1823 1390 1860 1420 de
1871 1400 1928 1430 qua
1937 1389 2052 1420 dicetur
2061 1389 2176 1419 idoneo

1219 1435 1288 1464 loco
1300 1453 1309 1467 ,
1330 1432 1563 1473 7agnati0nibus
1580 1431 1762 1463 familiarum
1778 1431 2005 1473 distinguuntur:
2018 1430 2105 1461 status
2116 1450 2124 1463 ,
2143 1428 2176 1460 id

1217 1477 1252 1506 in
1261 1485 1360 1505 rerum
1372 1483 1474 1504 natura
1482 1483 1563 1504 tanto
1574 1472 1869 1514 esi-magnificentius
1881 1492 1889 1507 ,
1907 1482 2049 1512 tantoque
2060 1471 2180 1512 praecla·

1218 1518 1297 1550 rius,
1319 1525 1352 1546 ut
1371 1516 1512 1545 homines
1534 1514 1812 1554 deorumwagnarione
1826 1533 1835 1547 ,
1857 1514 1889 1544 ὃς
1904 1523 1991 1554 gente
2009 1522 2176 1543 teneantur.

1221 1560 1302 1587 Nam
1315 1556 1388 1586 cum
1399 1555 1437 1586 de
1451 1565 1553 1585 natura
1572 1556 1659 1584 omni
1676 1557 1834 1595 quaeritur,
1853 1550 2018 1594 3disputari
2032 1554 2125 1584 solet:
2143 1554 2176 1584 &
2195 1559 2215 1593 3

1221 1599 1368 1628 nimirum
1382 1599 1421 1626 ita
1435 1596 1503 1626 sunt
1517 1605 1549 1625 ut
1562 1596 1748 1635 disputantur
1761 1598 1911 1635 perpetuis
1929 1594 2080 1629 curfibus,
2100 1604 2178 1625 con-

1221 1637 1405 1669 versionibus
1423 1636 1589 1667 caelestibus
1603 1635 1746 1666 exstitifl'e
1760 1637 1909 1676 quandam
1922 1639 2120 1666 maturitatem
2133 1636 2180 1666 se-

1222 1679 1581 1719 rendigenerishumani.
1604 1678 1684 1717 quod
1704 1678 1856 1716 9sparsum
1870 1680 1901 1707 in
1912 1687 1998 1707 terras
2010 1697 2018 1711 ‚
2037 1686 2122 1717 atque
2134 1678 2179 1708 sa,-

1218 1730 1295 1752 tum,
1309 1721 1416 1750 divino
1425 1718 1547 1749 anetum
1561 1717 1593 1748 fit
1603 1721 1777 1748 animorum
1791 1728 1926 1748 munere.
1940 1721 2111 1758 ¹0cumque
2121 1719 2180 1749 alia

1223 1761 1331 1802 quibus
1349 1761 1501 1790 cohaerent
1519 1761 1662 1789 homines
1680 1779 1689 1792 ,
1712 1759 1729 1789 ὲ
1750 1760 1869 1789 mortali
1885 1769 1993 1801 genere
2010 1760 2181 1792 sumserint,

1224 1812 1287 1842 quae
1298 1801 1413 1840 fragilia
1422 1799 1514 1830 ess'cnt
1524 1819 1533 1834 ,
1551 1800 1700 1831 &caduca
1710 1812 1719 1834 3
1736 1802 1967 1830 auimumtamen
1981 1799 2029 1838 effe
2039 1801 2185 1841 ingenera-

1222 1851 1286 1872 tum
1300 1838 1316 1871 ἐι
1327 1844 1372 1872 deo
1386 1853 1397 1869 :
1416 1851 1454 1872 ex
1467 1851 1529 1883 quo
1541 1844 1611 1872 vere
1627 1842 1675 1872 vel
1687 1844 1804 1883 agnatio
1819 1842 1907 1872 nobis
1921 1843 1990 1872 cum
2005 1841 2182 1876 caelestibm,

1234 1888 1258 1904 ¹¹
1271 1884 1320 1914 vel
1328 1893 1433 1924 genus,
1446 1885 1495 1914 vel
1506 1882 1594 1923 stirps
1603 1883 1742 1923 appellari
1752 1883 1858 1923 potest.
1881 1886 1978 1924 itaque
1990 1893 2026 1913 ex
2037 1893 2081 1913 tot
2089 1892 2184 1924 gene—

1222 1925 1305 1956 ribus
1326 1925 1446 1955 nullum
1460 1924 1503 1955 est
1514 1926 1625 1956 animal
1640 1945 1647 1958 ,
1667 1934 1770 1964 praetei·
1781 1927 1941 1955 hominem
1953 1945 1962 1958 ‚
1980 1925 2062 1966 quod
2077 1925 2183 1955 habeat

1225 1968 1368 1998 notitiam
1378 1967 1508 2007 aliquam
1516 1967 1567 1997 dei
1579 1977 1584 1994 τ
1595 1965 1721 2007 ipsisque
1729 1969 1762 1996 in.
1773 1967 1952 1997 hominibus
1966 1975 2082 1997 NULLA
2095 1975 2182 1996 otus

1226 2018 1282 2038 εει·
1300 2018 1398 2049 neque
1415 2017 1476 2038 tam
1494 2009 1714 2042 immansueta,
1734 2018 1831 2049 neque
1851 2018 1910 2038 tam
1925 2007 2003 2042 fera,
2024 2018 2089 2049 quae
2105 2016 2183 2041 non,

1226 2051 1317 2080 etiarn
1332 2049 1353 2079 fi
1366 2051 1482 2090 ignoret
1492 2069 1502 2083 ,
1522 2050 1641 2090 qualem
1657 2050 1759 2080 habere
1773 2051 1864 2081 deum
1878 2050 1980 2080 deceat
1990 2070 2000 2083 ,
2020 2059 2121 2079 tamen
2132 2050 2186 2080 ha-

1226 2091 1359 2122 bendum
1371 2092 1448 2121 sciat.
1460 2094 1506 2121 Ex
1516 2101 1577 2132 quo
1587 2089 1715 2121 efficitur
1725 2092 1845 2125 illud,¹2
1853 2101 1886 2122 ut
1895 2094 1920 2121 is
1929 2091 2061 2131 agnoftat
2070 2093 2181 2123 Deum,

1225 2136 1276 2174 qui
1289 2152 1297 2167 ,
1312 2133 1391 2163 unde
1401 2141 1484 2163 ortus
1497 2131 1531 2162 sit
1541 2152 1549 2167 ‚
1561 2131 1641 2172 quasi
1652 2133 1822 2163 recordetur
1832 2153 1842 2167 ,
1862 2142 1894 2164 ac
1901 2133 2010 2163 noscat.
2031 2134 2099 2174 Jam
2109 2131 2184 2162 verb

1225 2177 1321 2205 virtus
1332 2174 1436 2204 eadem
1446 2177 1480 2204 in
1491 2175 1617 2204 homine
1628 2193 1636 2207 ,
1656 2183 1687 2204 ac
1696 2173 1753 2204 deo
1764 2174 1806 2206 est
1818 2194 1826 2208 ‚
1847 2184 1943 2215 neque
1954 2175 2019 2204 ullo
2028 2175 2089 2204 alio
2099 2175 2186 2214 inge-

1226 2217 1279 2246 nio
1289 2224 1435 2256 praeterea⁴
1462 2215 1503 2247 est
1513 2225 1612 2246 autem
1630 2226 1648 2245 v
1661 2225 1672 2245 x
1684 2226 1704 2245 R
1715 2227 1734 2246 τ
1745 2227 1766 2247 υ
1775 2226 1788 2246 s
1802 2216 1880 2246 nihil
1889 2215 1970 2246 aliud
1983 2235 1993 2249 ,
2009 2214 2100 2256 quam
2112 2217 2144 2244 in
2154 2215 2186 2245 st

1224 2256 1363 2297 persa-Ita,
1376 2257 1409 2288 &
1417 2257 1452 2287 ad
1465 2258 1619 2287 summum
1630 2257 1769 2296 perducta
1779 2266 1888 2288 natura.
1903 2256 1946 2287 est
1956 2259 2046 2298 igitur
2055 2255 2180 2286 homini

1223 2308 1293 2329 curn
1306 2299 1364 2329 deo
1376 2297 1553 2329 fimilitudo.
1578 2299 1668 2337 Quod
1677 2309 1746 2329 cum
1759 2301 1798 2329 ita
1807 2298 1841 2329 fit
1851 2318 1860 2332 ,
1881 2309 1946 2339 quae
1956 2298 2076 2328 tandem
2088 2296 2185 2337 potest

1226 2338 1284 2372 effe
1297 2343 1322 2368 ¹3
1336 2343 1473 2383 proprior
1481 2342 1627 2372 certiorve
1637 2343 1792 2381 cognatio?
1801 2342 1903 2381 Itaque
1910 2339 1950 2368 ad
1957 2340 2099 2368 hominum
2110 2347 2185 2367 com-

2022 2380 2185 2413 meditans,

1205 2460 1206 2471 l
1224 2446 1362 2479 rarifiulem,
1373 2449 1484 2471 nimirum
1497 2447 1541 2477 Ista
1553 2456 1559 2470 :
1570 2445 1696 2478 perpetuis.
1715 2443 1874 2470 cuiadhaefit
1885 2442 1971 2468 Aldus
1987 2441 2089 2475 Nepos.

1259 2489 1277 2516 9
1287 2500 1294 2506 .
1312 2482 1425 2515 Sparsum
1434 2483 1459 2506 in
1471 2479 1741 2514 terrmatquesatum]
1764 2480 1806 2506 Sic
1818 2478 1874 2505 mss‘.
1888 2485 1930 2504 aut
1935 2478 2039 2511 sallum.
2058 2474 2184 2502 Lambini

1224 2516 1308 2543 editio
1319 2526 1370 2552 qua
1379 2516 1438 2543 usus
1448 2516 1609 2543 Gulielmius
1623 2535 1631 2547 ,
1652 2515 1761 2542 habebat
1773 2516 1892 2548 senatum.
1913 2509 1981 2539 unde
1991 2511 2043 2548 ipse
2053 2510 2183 2547 fingebat,

1224 2560 1296 2587 atque
1304 2560 1409 2578 enatum.
1430 2552 1458 2578 &
1478 2553 1540 2578 vero
1561 2551 1715 2586 conjeeiura
1733 2559 1793 2578 orta
1810 2549 1979 2587 asphalmate
1999 2547 2183 2584 typographo,

1223 2588 1333 2615 minime
1345 2589 1380 2615 est
1391 2589 1490 2624 inepta.

1265 2633 1307 2651 ιο.
1324 2627 1428 2658 Cumque
1437 2625 1500 2655 alia,
1510 2624 1596 2658 quibus
1605 2625 1714 2649 coherent
1722 2624 1834 2654 homines,
1844 2619 1983 2654 emor-tali]
2004 2620 2113 2646 Secutus
2126 2617 2185 2645 sum

1225 2660 1371 2687 editionem
1383 2659 1500 2686 Turnebi
1512 2678 1521 2690 ,
1540 2666 1570 2685 ut
1581 2660 1660 2686 etiam
1680 2658 1746 2685 iecit
1756 2657 1842 2685 Aldus
1853 2657 1945 2693 Nepos
1958 2675 1966 2687 ,
1986 2655 2014 2682 &
2024 2654 2184 2685 Lambinus,

1225 2695 1361 2732 quiipsam
1381 2695 1500 2730 alioquin
1521 2694 1622 2731 semper
1640 2694 1743 2729 arripit.
1765 2694 1887 2729 vulgata:
1909 2696 1972 2718 Nam
1990 2691 2050 2724 quoa
2065 2690 2185 2723 aliquibus

1206 2751 1207 2755 ,
1226 2734 1275 2758 coh.
1285 2732 1336 2762 &c.
1340 2732 1487 2765 sumserunt,
1496 2731 1547 2761 &a
1559 2734 1664 2757 animum
1674 2731 1715 2764 effi
1724 2733 1896 2763 ingeneratum.
1908 2727 2043 2754 ViRorius
2052 2724 2161 2752 exhibet
2171 2734 2179 2751 ι

1224 2777 1363 2803 quanquam
1373 2769 1424 2793 alia
1432 2768 1519 2801 quibus
1527 2768 1601 2792 cohor.
1610 2767 1661 2798 &tn
1672 2773 1703 2792 ut
1713 2765 1830 2806 vulgata.
1842 2764 1898 2791 Pal.
1910 2769 1997 2799 quart.
2007 2759 2107 2788 accedit
2118 2759 2184 2786 scri-

1206 2827 1207 2830 ,
1226 2812 1310 2839 pturae
1319 2803 1464 2829 communi.
1484 2810 1511 2829 at
1521 2810 1608 2838 quart.
1629 2805 1643 2828 a
1655 2811 1732 2828 mauu
1745 2810 1830 2837 prima
1848 2799 1932 2826 solum
1944 2795 2077 2832 agnoscit:
2099 2804 2183 2830 quan-

1225 2849 1297 2874 quam
1308 2841 1358 2865 alia
1368 2840 1453 2872 quibus
1462 2840 1569 2865 coherent
1578 2840 1679 2864 homines
1687 2842 1698 2863 ὲ
1707 2839 1802 2863 mortali
1806 2844 1888 2870 genere
1895 2835 1925 2865 ὠ·
1933 2836 1986 2859 Deo.
2005 2842 2036 2858 ex
2044 2841 2099 2866 quo,
2107 2833 2160 2862 ςῐγσ.

1266 2884 1306 2901 11.
1323 2877 1441 2907 Velgenm·
1449 2874 1593 2907 velstirps.]
1605 2873 1751 2904 ViEiorius,
1760 2881 1828 2905 gens,
1839 2871 1923 2905 sicque
1932 2867 1998 2894 editi
2009 2868 2024 2893 a
2035 2867 2162 2894 Turnebo
2172 2876 2182 2894 z

1227 2919 1387 2947 quamquam
1399 2910 1502 2936 hicnon
1514 2916 1603 2944 neget,
1615 2909 1642 2936 iu
1654 2908 1711 2935 mss'.
1722 2908 1820 2933 haerere
1830 2905 1956 2934 alterum·1
1968 2902 2038 2938 quod
2049 2903 2076 2928 &
2087 2903 2114 2929 in
2127 2903 2192 2930 Pal..

1268 2955 1311 2972 n..
1331 2949 1360 2971 Ut
1378 2947 1397 2971 is
1407 2946 1512 2979 agnoscar
1530 2946 1630 2979 Deum]
1651 2942 1790 2970 Turnebus
1803 2940 1836 2967 de
1845 2940 1952 2974 ingenio
1962 2938 2046 2965 edidit
2059 2957 2067 2970 ,
2084 2945 2112 2964 ut
2128 2938 2148 2965 is
2159 2939 2190 2971 se

1228 2983 1335 3015 agnoscar
1343 2985 1433 3013 Deum‚·
1452 2980 1523 3016 quod
1542 2980 1594 3007 tale
1603 2978 1670 3015 quid‘
1678 2978 1825 3013 requireret
1836 2974 1970 3001 sententia:
1989 2983 2083 3001 nexus.
2104 2973 2187 3009 idque

1228 3018 1315 3044 statim
1325 3017 1406 3044 etiam
1419 3015 1512 3043 intulit
1521 3015 1572 3041 suis
1583 3013 1738 3041 Lambinus.
1760 3011 1818 3039 mff.
1828 3011 1910 3039 nostri
1921 3009 1986 3038 nihil
1998 3010 2100 3038 variant
2111 3028 2120 3042 ,
2138 3008 2189 3037 uiri

399 3083 403 3088 .
494 3083 498 3088 .
1208 3079 1209 3083 ,
1229 3053 1304 3088 quod.
1313 3054 1341 3079 S.
1351 3051 1470 3078 ViEioris
1482 3049 1583 3085 respuat
1594 3048 1660 3074 illud
1674 3049 1704 3074 is.

238 3081 323 3109 forsan
333 3091 422 3109 omnia
431 3082 549 3118 planiora
560 3085 639 3111 essent
653 3105 660 3115 ‚
683 3086 699 3112 si
710 3087 860 3123 transposita
871 3088 969 3124 syllaba
988 3089 1139 3124 legeretur:
1164 3089 1194 3119 (ἓν
1207 3091 1209 3095 ’

1270 3097 1279 3114 1
1287 3097 1299 3124 3
1306 3108 1314 3115 .
1332 3090 1444 3121 Proprior
1452 3088 1562 3124 cer-timue¹
1571 3084 1698 3120 cognatim]
1718 3082 1827 3113 [gafal.
1838 3087 1903 3113 text.
1912 3090 1973 3112 nam
1984 3087 2073 3119 quart.
2083 3080 2112 3107 δε
2121 3079 2189 3107 Fab.
2224 3088 2227 3091 ·

237 3121 324 3148 'mm'
332 3120 359 3147 ’δ’
366 3119 464 3154 ‘'ms'‘m
476 3126 503 3146 Μ
512 3119 676 3156 disputantur.
697 3122 805 3158 vulgata
814 3123 896 3153 lectio
910 3123 997 3153 solum
1007 3124 1086 3154 habet
1095 3133 1106 3158 5
1115 3125 1198 3161 dispu—
1230 3126 1309 3158 prt'or.
1320 3132 1374 3153 non
1385 3121 1464 3155 male.
1483 3127 1564 3150 ceteri
1569 3123 1675 3155 propior·

2064 3161 2077 3182 ι
2084 3172 2090 3180 .
2098 3149 2186 3188 obsta-2
