<?xml version="1.0" encoding="UTF-8"?>
<!DOCTYPE html PUBLIC "-//W3C//DTD XHTML 1.0 Transitional//EN"
    "http://www.w3.org/TR/xhtml1/DTD/xhtml1-transitional.dtd">
<html xmlns="http://www.w3.org/1999/xhtml" xml:lang="en" lang="en">
 <head>
  <title>
</title>
<meta http-equiv="Content-Type" content="text/html;charset=utf-8" />
  <meta name='ocr-system' content='tesseract 3.04.00' />
  <meta name='ocr-capabilities' content='ocr_page ocr_carea ocr_par ocr_line ocrx_word'/>
</head>
<body>
  <div class='ocr_page' id='page_1' title='image "./mtuliiciceroniso00cice_0221.png"; bbox 0 0 2302 3353; ppageno 0'>
   <div class='ocr_carea' id='block_1_1' title="bbox 0 0 29 1052">
    <p class='ocr_par' dir='ltr' id='par_1_1' title="bbox 0 0 29 1052">
     <span class='ocr_line' id='line_1_1' title="bbox 0 0 29 1052; baseline 0 0"><span class='ocrx_word' id='word_1_1' title='bbox 0 0 29 1052; x_wconf 95' lang='lat' dir='ltr'> </span> 
     </span>
    </p>
   </div>
   <div class='ocr_carea' id='block_1_2' title="bbox 607 137 1644 192">
    <p class='ocr_par' dir='ltr' id='par_1_2' title="bbox 607 137 1644 192">
     <span class='ocr_line' id='line_1_2' title="bbox 607 137 1644 192; baseline 0.006 -7"><span class='ocrx_word' id='word_1_2' title='bbox 607 153 695 185; x_wconf 76' lang='lat' dir='ltr'>AB</span> <span class='ocrx_word' id='word_1_3' title='bbox 762 137 836 184; x_wconf 88' lang='lat' dir='ltr'>M.</span> <span class='ocrx_word' id='word_1_4' title='bbox 878 139 1222 189; x_wconf 64' lang='lat' dir='ltr'>Baua-triu</span> <span class='ocrx_word' id='word_1_5' title='bbox 1289 142 1644 192; x_wconf 71' lang='lat' dir='ltr'>ORATOR.</span> 
     </span>
    </p>
   </div>
   <div class='ocr_carea' id='block_1_3' title="bbox 466 247 1054 315">
    <p class='ocr_par' dir='ltr' id='par_1_3' title="bbox 466 247 1054 315">
     <span class='ocr_line' id='line_1_3' title="bbox 466 247 1054 315; baseline -0.003 0"><span class='ocrx_word' id='word_1_6' title='bbox 466 249 569 315; x_wconf 90' lang='lat' dir='ltr'>M.</span> <span class='ocrx_word' id='word_1_7' title='bbox 648 247 1054 314; x_wconf 86' lang='lat' dir='ltr'>TULL11</span> 
     </span>
    </p>
   </div>
   <div class='ocr_carea' id='block_1_4' title="bbox 90 369 1099 729">
    <p class='ocr_par' dir='ltr' id='par_1_4' title="bbox 90 369 1099 773">
     <span class='ocr_line' id='line_1_4' title="bbox 90 369 1099 590; baseline -0.008 0"><span class='ocrx_word' id='word_1_8' title='bbox 90 369 1099 590; x_wconf 55' lang='lat' dir='ltr'>‚MARCUM</span> 
     </span>
     <span class='ocr_line' id='line_1_5' title="bbox 547 640 1050 729; baseline 0 -1"><span class='ocrx_word' id='word_1_9' title='bbox 547 640 1050 729; x_wconf 81' lang='lat' dir='ltr'>()RA</span> 
     </span>
    </p>
   </div>
   <div class='ocr_carea' id='block_1_5' title="bbox 142 813 381 1071">
    <p class='ocr_par' dir='ltr' id='par_1_5' title="bbox 142 813 381 1071">
     <span class='ocr_line' id='line_1_6' title="bbox 145 813 381 986; baseline 0 -4"><span class='ocrx_word' id='word_1_10' title='bbox 145 813 373 986; x_wconf 95' lang='lat' dir='ltr'>    </span> <span class='ocrx_word' id='word_1_11' title='bbox 375 913 381 982; x_wconf 95' lang='lat' dir='ltr'> </span> 
     </span>
     <span class='ocr_line' id='line_1_7' title="bbox 142 986 349 1071; baseline 0 2282"><span class='ocrx_word' id='word_1_12' title='bbox 142 986 349 1071; x_wconf 95' lang='lat' dir='ltr'> </span> 
     </span>
    </p>
   </div>
   <div class='ocr_carea' id='block_1_6' title="bbox 107 829 1107 2893">
    <p class='ocr_par' dir='ltr' id='par_1_6' title="bbox 232 829 1107 998">
     <span class='ocr_line' id='line_1_8' title="bbox 232 829 1105 888; baseline 0 -14"><span class='ocrx_word' id='word_1_13' title='bbox 232 850 239 881; x_wconf 68' lang='lat' dir='ltr'><em>j</em></span> <span class='ocrx_word' id='word_1_14' title='bbox 257 829 326 888; x_wconf 47' lang='lat'>972·</span> <span class='ocrx_word' id='word_1_15' title='bbox 352 855 382 880; x_wconf 62' lang='lat' dir='ltr'>„e</span> <span class='ocrx_word' id='word_1_16' title='bbox 410 842 464 873; x_wconf 86' lang='lat' dir='ltr'>tibi</span> <span class='ocrx_word' id='word_1_17' title='bbox 483 844 588 883; x_wconf 84' lang='lat' dir='ltr'>saepius</span> <span class='ocrx_word' id='word_1_18' title='bbox 605 843 689 874; x_wconf 87' lang='lat' dir='ltr'>idem</span> <span class='ocrx_word' id='word_1_19' title='bbox 707 843 824 884; x_wconf 78' lang='lat' dir='ltr'>roganti</span> <span class='ocrx_word' id='word_1_20' title='bbox 833 862 843 876; x_wconf 88' lang='lat'>‚</span> <span class='ocrx_word' id='word_1_21' title='bbox 866 852 905 872; x_wconf 90' lang='lat' dir='ltr'>an</span> <span class='ocrx_word' id='word_1_22' title='bbox 922 840 1040 872; x_wconf 89' lang='lat' dir='ltr'>efficere</span> <span class='ocrx_word' id='word_1_23' title='bbox 1061 842 1105 875; x_wconf 84' lang='lat' dir='ltr'>id,</span> 
     </span>
     <span class='ocr_line' id='line_1_9' title="bbox 253 883 1107 941; baseline 0 -27"><span class='ocrx_word' id='word_1_24' title='bbox 253 901 257 903; x_wconf 23' lang='grc' dir='ltr'><strong>Α</strong></span> <span class='ocrx_word' id='word_1_25' title='bbox 274 897 286 911; x_wconf 71' lang='lat'>2.</span> <span class='ocrx_word' id='word_1_26' title='bbox 312 885 317 887; x_wconf 82' lang='grc'><strong>”</strong></span> <span class='ocrx_word' id='word_1_27' title='bbox 324 885 375 941; x_wconf 50' lang='lat' dir='ltr'><em>sp</em></span> <span class='ocrx_word' id='word_1_28' title='bbox 407 884 489 925; x_wconf 87' lang='lat' dir='ltr'>quod</span> <span class='ocrx_word' id='word_1_29' title='bbox 498 894 613 926; x_wconf 83' lang='lat' dir='ltr'>rogares</span> <span class='ocrx_word' id='word_1_30' title='bbox 623 905 631 919; x_wconf 90' lang='lat'>‚</span> <span class='ocrx_word' id='word_1_31' title='bbox 644 885 696 916; x_wconf 90' lang='lat' dir='ltr'>diu</span> <span class='ocrx_word' id='word_1_32' title='bbox 707 904 716 919; x_wconf 89' lang='lat'>,</span> <span class='ocrx_word' id='word_1_33' title='bbox 726 884 930 924; x_wconf 85' lang='lat' dir='ltr'>multumque,</span> <span class='ocrx_word' id='word_1_34' title='bbox 940 886 1039 918; x_wconf 83' lang='lat' dir='ltr'>Brute,</span> <span class='ocrx_word' id='word_1_35' title='bbox 1050 883 1107 914; x_wconf 89' lang='lat' dir='ltr'>du-</span> 
     </span>
     <span class='ocr_line' id='line_1_10' title="bbox 323 912 1105 998; baseline -0.002 -41.116"><span class='ocrx_word' id='word_1_36' title='bbox 323 912 375 966; x_wconf 38' lang='lat' dir='ltr'>*Z</span> <span class='ocrx_word' id='word_1_37' title='bbox 406 926 507 957; x_wconf 85' lang='lat' dir='ltr'>bitavi.</span> <span class='ocrx_word' id='word_1_38' title='bbox 531 929 613 958; x_wconf 91' lang='lat' dir='ltr'>Nam</span> <span class='ocrx_word' id='word_1_39' title='bbox 624 927 658 958; x_wconf 90' lang='lat'>&amp;</span> <span class='ocrx_word' id='word_1_40' title='bbox 668 936 773 969; x_wconf 89' lang='lat' dir='ltr'>negare</span> <span class='ocrx_word' id='word_1_41' title='bbox 782 927 924 997; x_wconf 43' lang='lat' dir='ltr'>elgquem</span> <span class='ocrx_word' id='word_1_42' title='bbox 933 926 1022 998; x_wconf 52' lang='grc' dir='ltr'>υῐῐιῑίρὲ</span> <span class='ocrx_word' id='word_1_43' title='bbox 1033 926 1105 956; x_wconf 81' lang='lat' dir='ltr'>dili·</span> 
     </span>
    </p>

    <p class='ocr_par' dir='ltr' id='par_1_7' title="bbox 352 968 1103 1001">
     <span class='ocr_line' id='line_1_11' title="bbox 352 968 1103 1001; baseline -0.001 -2"><span class='ocrx_word' id='word_1_44' title='bbox 352 995 373 1001; x_wconf 72' lang='grc'>,.</span> <span class='ocrx_word' id='word_1_45' title='bbox 424 978 504 999; x_wconf 88' lang='lat' dir='ltr'>erem</span> <span class='ocrx_word' id='word_1_46' title='bbox 545 970 594 999; x_wconf 92' lang='lat' dir='ltr'>cui</span> <span class='ocrx_word' id='word_1_47' title='bbox 616 979 653 1000; x_wconf 91' lang='lat' dir='ltr'>ue</span> <span class='ocrx_word' id='word_1_48' title='bbox 672 979 723 999; x_wconf 88' lang='lat' dir='ltr'>me</span> <span class='ocrx_word' id='word_1_49' title='bbox 739 969 795 999; x_wconf 84' lang='lat' dir='ltr'>car&#39;</span> <span class='ocrx_word' id='word_1_50' title='bbox 823 977 923 998; x_wconf 79' lang='lat' dir='ltr'>imum</span> <span class='ocrx_word' id='word_1_51' title='bbox 941 978 957 998; x_wconf 90' lang='lat' dir='ltr'>e</span> <span class='ocrx_word' id='word_1_52' title='bbox 985 978 1000 998; x_wconf 90' lang='lat' dir='ltr'>e</span> <span class='ocrx_word' id='word_1_53' title='bbox 1012 968 1103 998; x_wconf 88' lang='lat' dir='ltr'>senti-</span> 
     </span>
    </p>

    <p class='ocr_par' dir='ltr' id='par_1_8' title="bbox 107 978 1103 2516">
     <span class='ocr_line' id='line_1_12' title="bbox 220 978 1103 1051; baseline -0.002 -11"><span class='ocrx_word' id='word_1_54' title='bbox 220 996 230 1008; x_wconf 27' lang='grc' dir='ltr'>ὃ</span> <span class='ocrx_word' id='word_1_55' title='bbox 283 1008 301 1033; x_wconf 61' lang='lat'>³⁴</span> <span class='ocrx_word' id='word_1_56' title='bbox 327 1013 367 1042; x_wconf 75' lang='lat'>·¹¹-⁴.&#39;</span> <span class='ocrx_word' id='word_1_57' title='bbox 402 978 467 1042; x_wconf 58' lang='lat' dir='ltr'>§em</span> <span class='ocrx_word' id='word_1_58' title='bbox 477 1030 487 1044; x_wconf 70' lang='lat'><em>2</em></span> <span class='ocrx_word' id='word_1_59' title='bbox 498 979 663 1051; x_wconf 41' lang='lat' dir='ltr'>p’raeselfllm</span> <span class='ocrx_word' id='word_1_60' title='bbox 673 1009 787 1050; x_wconf 79' lang='lat' dir='ltr'>&amp;justa</span> <span class='ocrx_word' id='word_1_61' title='bbox 793 1010 898 1051; x_wconf 80' lang='lat' dir='ltr'>petenti</span> <span class='ocrx_word' id='word_1_62' title='bbox 909 1029 918 1043; x_wconf 88' lang='lat'>‚</span> <span class='ocrx_word' id='word_1_63' title='bbox 931 1010 966 1042; x_wconf 69' lang='grc' dir='ltr'>ώ-</span> <span class='ocrx_word' id='word_1_64' title='bbox 993 1009 1103 1039; x_wconf 77' lang='lat' dir='ltr'>raeclara</span> 
     </span>
     <span class='ocr_line' id='line_1_13' title="bbox 339 1047 1103 1096; baseline -0.004 -12"><span class='ocrx_word' id='word_1_65' title='bbox 339 1047 357 1059; x_wconf 60' lang='lat'>&#39;¹</span> <span class='ocrx_word' id='word_1_66' title='bbox 401 1052 535 1096; x_wconf 83' lang='lat' dir='ltr'>cupienti,</span> <span class='ocrx_word' id='word_1_67' title='bbox 544 1053 654 1084; x_wconf 80' lang='lat' dir='ltr'>durum</span> <span class='ocrx_word' id='word_1_68' title='bbox 664 1052 832 1084; x_wconf 86' lang='lat' dir='ltr'>admodum</span> <span class='ocrx_word' id='word_1_69' title='bbox 841 1053 920 1082; x_wconf 90' lang='lat' dir='ltr'>mihi</span> <span class='ocrx_word' id='word_1_70' title='bbox 929 1053 959 1081; x_wconf 94' lang='lat' dir='ltr'>vi</span> <span class='ocrx_word' id='word_1_71' title='bbox 983 1051 1103 1082; x_wconf 83' lang='lat' dir='ltr'>ebatur:</span> 
     </span>
     <span class='ocr_line' id='line_1_14' title="bbox 141 1092 1101 1138; baseline -0.005 -10"><span class='ocrx_word' id='word_1_72' title='bbox 141 1097 176 1128; x_wconf 88' lang='lat'>&amp;</span> <span class='ocrx_word' id='word_1_73' title='bbox 187 1097 330 1138; x_wconf 80' lang='lat' dir='ltr'><strong>suscipere</strong></span> <span class='ocrx_word' id='word_1_74' title='bbox 340 1105 453 1128; x_wconf 86' lang='lat' dir='ltr'>tantam</span> <span class='ocrx_word' id='word_1_75' title='bbox 462 1105 538 1128; x_wconf 80' lang='lat' dir='ltr'>rem,</span> <span class='ocrx_word' id='word_1_76' title='bbox 547 1103 688 1136; x_wconf 86' lang='lat' dir='ltr'>quantam</span> <span class='ocrx_word' id='word_1_77' title='bbox 699 1104 763 1125; x_wconf 90' lang='lat' dir='ltr'>non</span> <span class='ocrx_word' id='word_1_78' title='bbox 775 1092 871 1124; x_wconf 72' lang='lat' dir='ltr'>modo</span> <span class='ocrx_word' id='word_1_79' title='bbox 880 1092 1018 1124; x_wconf 82' lang='lat' dir='ltr'>facultate</span> <span class='ocrx_word' id='word_1_80' title='bbox 1026 1103 1101 1124; x_wconf 88' lang='lat' dir='ltr'>con-</span> 
     </span>
     <span class='ocr_line' id='line_1_15' title="bbox 140 1134 1102 1180; baseline -0.005 -10"><span class='ocrx_word' id='word_1_81' title='bbox 140 1140 224 1180; x_wconf 84' lang='lat' dir='ltr'>sequi</span> <span class='ocrx_word' id='word_1_82' title='bbox 240 1138 364 1170; x_wconf 87' lang='lat' dir='ltr'>difficile</span> <span class='ocrx_word' id='word_1_83' title='bbox 380 1137 471 1172; x_wconf 60' lang='lat' dir='ltr'>effen,</span> <span class='ocrx_word' id='word_1_84' title='bbox 489 1136 539 1168; x_wconf 89' lang='lat' dir='ltr'>sed</span> <span class='ocrx_word' id='word_1_85' title='bbox 551 1139 640 1168; x_wconf 86' lang='lat' dir='ltr'>etiam</span> <span class='ocrx_word' id='word_1_86' title='bbox 650 1138 832 1180; x_wconf 84' lang='lat' dir='ltr'>cogitatione</span> <span class='ocrx_word' id='word_1_87' title='bbox 841 1134 1025 1176; x_wconf 69' lang='lat' dir='ltr'>compleffi3</span> <span class='ocrx_word' id='word_1_88' title='bbox 1047 1137 1102 1166; x_wconf 81' lang='lat' dir='ltr'>vix</span> 
     </span>
     <span class='ocr_line' id='line_1_16' title="bbox 139 1176 1101 1221; baseline -0.005 -9"><span class='ocrx_word' id='word_1_89' title='bbox 139 1181 299 1213; x_wconf 83' lang='lat' dir='ltr'>arbitrabar</span> <span class='ocrx_word' id='word_1_90' title='bbox 308 1180 365 1212; x_wconf 81' lang='lat' dir='ltr'>effe</span> <span class='ocrx_word' id='word_1_91' title='bbox 375 1181 458 1220; x_wconf 84' lang='lat' dir='ltr'>ejus,</span> <span class='ocrx_word' id='word_1_92' title='bbox 475 1180 529 1221; x_wconf 90' lang='lat' dir='ltr'>qui</span> <span class='ocrx_word' id='word_1_93' title='bbox 546 1188 697 1211; x_wconf 78' lang='lat' dir='ltr'>vereretur</span> <span class='ocrx_word' id='word_1_94' title='bbox 714 1177 975 1219; x_wconf 78' lang='lat' dir='ltr'>reprehenfionem</span> <span class='ocrx_word' id='word_1_95' title='bbox 993 1176 1101 1208; x_wconf 57' lang='lat' dir='ltr'>dotto-</span> 
     </span>
     <span class='ocr_line' id='line_1_17' title="bbox 141 1218 1100 1265; baseline -0.006 -10"><span class='ocrx_word' id='word_1_96' title='bbox 141 1233 222 1258; x_wconf 80' lang='lat' dir='ltr'>rum,</span> <span class='ocrx_word' id='word_1_97' title='bbox 232 1232 319 1265; x_wconf 89' lang='lat' dir='ltr'>atque</span> <span class='ocrx_word' id='word_1_98' title='bbox 329 1222 534 1264; x_wconf 84' lang='lat' dir='ltr'>prudentium.</span> <span class='ocrx_word' id='word_1_99' title='bbox 553 1220 635 1263; x_wconf 85' lang='lat' dir='ltr'>Qid</span> <span class='ocrx_word' id='word_1_100' title='bbox 647 1223 731 1252; x_wconf 88' lang='lat' dir='ltr'>enim</span> <span class='ocrx_word' id='word_1_101' title='bbox 741 1219 785 1251; x_wconf 87' lang='lat' dir='ltr'>est</span> <span class='ocrx_word' id='word_1_102' title='bbox 794 1221 852 1259; x_wconf 90' lang='lat' dir='ltr'>maj</span> <span class='ocrx_word' id='word_1_103' title='bbox 858 1229 904 1253; x_wconf 86' lang='lat' dir='ltr'>us,</span> <span class='ocrx_word' id='word_1_104' title='bbox 915 1219 1016 1261; x_wconf 68' lang='lat' dir='ltr'>quam,</span> <span class='ocrx_word' id='word_1_105' title='bbox 1027 1218 1100 1250; x_wconf 75' lang='lat' dir='ltr'>cum</span> 
     </span>
     <span class='ocr_line' id='line_1_18' title="bbox 142 1260 1103 1303; baseline -0.005 -7"><span class='ocrx_word' id='word_1_106' title='bbox 142 1274 222 1296; x_wconf 85' lang='lat' dir='ltr'>tanta</span> <span class='ocrx_word' id='word_1_107' title='bbox 230 1264 263 1296; x_wconf 86' lang='lat' dir='ltr'>fit</span> <span class='ocrx_word' id='word_1_108' title='bbox 273 1269 352 1296; x_wconf 90' lang='lat' dir='ltr'>inter</span> <span class='ocrx_word' id='word_1_109' title='bbox 361 1273 491 1296; x_wconf 82' lang='lat' dir='ltr'>oratores</span> <span class='ocrx_word' id='word_1_110' title='bbox 499 1263 598 1294; x_wconf 90' lang='lat' dir='ltr'>bonos</span> <span class='ocrx_word' id='word_1_111' title='bbox 610 1262 832 1295; x_wconf 85' lang='lat' dir='ltr'>diffimilitudo‚</span> <span class='ocrx_word' id='word_1_112' title='bbox 840 1261 983 1302; x_wconf 85' lang='lat' dir='ltr'>judicare,</span> <span class='ocrx_word' id='word_1_113' title='bbox 993 1272 1058 1303; x_wconf 86' lang='lat' dir='ltr'>quae</span> <span class='ocrx_word' id='word_1_114' title='bbox 1068 1260 1103 1292; x_wconf 86' lang='lat' dir='ltr'>fit</span> 
     </span>
     <span class='ocr_line' id='line_1_19' title="bbox 141 1303 1102 1375; baseline -0.005 -37"><span class='ocrx_word' id='word_1_115' title='bbox 141 1309 257 1347; x_wconf 87' lang='lat' dir='ltr'>optima</span> <span class='ocrx_word' id='word_1_116' title='bbox 266 1308 388 1348; x_wconf 89' lang='lat' dir='ltr'>species,</span> <span class='ocrx_word' id='word_1_117' title='bbox 400 1307 432 1337; x_wconf 76' lang='lat' dir='ltr'>Sc</span> <span class='ocrx_word' id='word_1_118' title='bbox 441 1305 520 1347; x_wconf 86' lang='lat' dir='ltr'>quafi</span> <span class='ocrx_word' id='word_1_119' title='bbox 530 1304 623 1345; x_wconf 81' lang='lat' dir='ltr'>figura</span> <span class='ocrx_word' id='word_1_120' title='bbox 631 1304 752 1336; x_wconf 89' lang='lat' dir='ltr'>dicendi</span> <span class='ocrx_word' id='word_1_121' title='bbox 763 1307 774 1333; x_wconf 87' lang='lat'>?</span> <span class='ocrx_word' id='word_1_122' title='bbox 793 1303 885 1375; x_wconf 30' lang='lat' dir='ltr'>&amp;tiled</span> <span class='ocrx_word' id='word_1_123' title='bbox 895 1305 1040 1345; x_wconf 84' lang='lat' dir='ltr'>quoniam</span> <span class='ocrx_word' id='word_1_124' title='bbox 1051 1313 1102 1335; x_wconf 89' lang='lat' dir='ltr'>me</span> 
     </span>
     <span class='ocr_line' id='line_1_20' title="bbox 141 1345 1103 1390; baseline -0.004 -11"><span class='ocrx_word' id='word_1_125' title='bbox 141 1350 248 1389; x_wconf 80' lang='lat' dir='ltr'>saepius</span> <span class='ocrx_word' id='word_1_126' title='bbox 258 1359 352 1390; x_wconf 84' lang='lat' dir='ltr'>rogas,</span> <span class='ocrx_word' id='word_1_127' title='bbox 367 1348 525 1390; x_wconf 85' lang='lat' dir='ltr'>aggrediar,</span> <span class='ocrx_word' id='word_1_128' title='bbox 534 1357 600 1377; x_wconf 87' lang='lat' dir='ltr'>non</span> <span class='ocrx_word' id='word_1_129' title='bbox 610 1355 670 1378; x_wconf 91' lang='lat' dir='ltr'>tam</span> <span class='ocrx_word' id='word_1_130' title='bbox 679 1345 821 1387; x_wconf 87' lang='lat' dir='ltr'>perficien</span> <span class='ocrx_word' id='word_1_131' title='bbox 847 1346 914 1385; x_wconf 82' lang='lat' dir='ltr'>ispe</span> <span class='ocrx_word' id='word_1_132' title='bbox 925 1366 933 1378; x_wconf 84' lang='lat'>‚</span> <span class='ocrx_word' id='word_1_133' title='bbox 970 1345 1038 1377; x_wconf 67' lang='lat' dir='ltr'>uam</span> <span class='ocrx_word' id='word_1_134' title='bbox 1048 1349 1103 1375; x_wconf 71' lang='lat' dir='ltr'>eit-¹</span> 
     </span>
     <span class='ocr_line' id='line_1_21' title="bbox 140 1387 1103 1432; baseline -0.004 -11"><span class='ocrx_word' id='word_1_135' title='bbox 140 1391 280 1432; x_wconf 87' lang='lat' dir='ltr'>periundi</span> <span class='ocrx_word' id='word_1_136' title='bbox 290 1391 452 1421; x_wconf 86' lang='lat' dir='ltr'>voluntate.</span> <span class='ocrx_word' id='word_1_137' title='bbox 476 1389 560 1419; x_wconf 90' lang='lat' dir='ltr'>Malo</span> <span class='ocrx_word' id='word_1_138' title='bbox 569 1390 652 1419; x_wconf 88' lang='lat' dir='ltr'>enim</span> <span class='ocrx_word' id='word_1_139' title='bbox 664 1409 673 1423; x_wconf 85' lang='lat'>‚</span> <span class='ocrx_word' id='word_1_140' title='bbox 690 1387 763 1419; x_wconf 77' lang='lat' dir='ltr'>cum</span> <span class='ocrx_word' id='word_1_141' title='bbox 775 1387 875 1418; x_wconf 87' lang='lat' dir='ltr'>studio</span> <span class='ocrx_word' id='word_1_142' title='bbox 886 1395 941 1417; x_wconf 89' lang='lat' dir='ltr'>tuo</span> <span class='ocrx_word' id='word_1_143' title='bbox 973 1398 1005 1417; x_wconf 91' lang='lat' dir='ltr'>m</span> <span class='ocrx_word' id='word_1_144' title='bbox 1017 1387 1103 1418; x_wconf 88' lang='lat' dir='ltr'>obse-</span> 
     </span>
     <span class='ocr_line' id='line_1_22' title="bbox 141 1428 1102 1472; baseline -0.003 -10"><span class='ocrx_word' id='word_1_145' title='bbox 141 1441 228 1462; x_wconf 84' lang='lat' dir='ltr'>cutus</span> <span class='ocrx_word' id='word_1_146' title='bbox 239 1453 249 1466; x_wconf 90' lang='lat'>,</span> <span class='ocrx_word' id='word_1_147' title='bbox 269 1431 421 1462; x_wconf 84' lang='lat' dir='ltr'>desiderari</span> <span class='ocrx_word' id='word_1_148' title='bbox 431 1431 447 1462; x_wconf 76' lang='lat' dir='ltr'>a</span> <span class='ocrx_word' id='word_1_149' title='bbox 455 1440 482 1461; x_wconf 93' lang='lat' dir='ltr'>te</span> <span class='ocrx_word' id='word_1_150' title='bbox 492 1431 683 1472; x_wconf 82' lang='lat' dir='ltr'>prudentiam</span> <span class='ocrx_word' id='word_1_151' title='bbox 692 1440 793 1461; x_wconf 88' lang='lat' dir='ltr'>meam</span> <span class='ocrx_word' id='word_1_152' title='bbox 803 1449 812 1464; x_wconf 92' lang='lat'>‚</span> <span class='ocrx_word' id='word_1_153' title='bbox 832 1429 923 1471; x_wconf 72' lang='lat' dir='ltr'>quam</span> <span class='ocrx_word' id='word_1_154' title='bbox 934 1449 942 1464; x_wconf 86' lang='lat'><strong>‚</strong></span> <span class='ocrx_word' id='word_1_155' title='bbox 966 1428 987 1459; x_wconf 79' lang='lat' dir='ltr'>sl</span> <span class='ocrx_word' id='word_1_156' title='bbox 997 1429 1027 1460; x_wconf 93' lang='lat' dir='ltr'>id</span> <span class='ocrx_word' id='word_1_157' title='bbox 1038 1439 1102 1460; x_wconf 91' lang='lat' dir='ltr'>non</span> 
     </span>
     <span class='ocr_line' id='line_1_23' title="bbox 140 1472 1100 1514; baseline -0.004 -9"><span class='ocrx_word' id='word_1_158' title='bbox 140 1473 275 1508; x_wconf 84' lang='lat' dir='ltr'>fecerim,</span> <span class='ocrx_word' id='word_1_159' title='bbox 289 1473 536 1504; x_wconf 86' lang='lat' dir='ltr'>benivolentiam.</span> <span class='ocrx_word' id='word_1_160' title='bbox 558 1475 675 1513; x_wconf 85' lang='lat' dir='ltr'>Qaeris</span> <span class='ocrx_word' id='word_1_161' title='bbox 684 1474 775 1514; x_wconf 87' lang='lat' dir='ltr'>igitur</span> <span class='ocrx_word' id='word_1_162' title='bbox 784 1492 792 1506; x_wconf 84' lang='lat'>‚</span> <span class='ocrx_word' id='word_1_163' title='bbox 810 1472 901 1513; x_wconf 89' lang='lat' dir='ltr'>idque</span> <span class='ocrx_word' id='word_1_164' title='bbox 908 1474 971 1512; x_wconf 80' lang='lat' dir='ltr'>jam</span> <span class='ocrx_word' id='word_1_165' title='bbox 984 1472 1100 1512; x_wconf 85' lang='lat' dir='ltr'>saepius,</span> 
     </span>
     <span class='ocr_line' id='line_1_24' title="bbox 141 1513 1102 1557; baseline -0.003 -11"><span class='ocrx_word' id='word_1_166' title='bbox 141 1515 222 1557; x_wconf 88' lang='lat' dir='ltr'>quod</span> <span class='ocrx_word' id='word_1_167' title='bbox 232 1516 413 1556; x_wconf 88' lang='lat' dir='ltr'>eloquentiae</span> <span class='ocrx_word' id='word_1_168' title='bbox 422 1524 517 1557; x_wconf 90' lang='lat' dir='ltr'>genus</span> <span class='ocrx_word' id='word_1_169' title='bbox 526 1516 654 1556; x_wconf 87' lang='lat' dir='ltr'>probem</span> <span class='ocrx_word' id='word_1_170' title='bbox 665 1513 814 1547; x_wconf 79' lang='lat' dir='ltr'>maxime,</span> <span class='ocrx_word' id='word_1_171' title='bbox 829 1513 863 1544; x_wconf 90' lang='lat'>&amp;</span> <span class='ocrx_word' id='word_1_172' title='bbox 871 1514 956 1555; x_wconf 88' lang='lat' dir='ltr'>quale</span> <span class='ocrx_word' id='word_1_173' title='bbox 966 1515 1045 1543; x_wconf 89' lang='lat' dir='ltr'>mihi</span> <span class='ocrx_word' id='word_1_174' title='bbox 1055 1515 1102 1544; x_wconf 89' lang='lat' dir='ltr'>vi-</span> 
     </span>
     <span class='ocr_line' id='line_1_25' title="bbox 141 1555 1100 1599; baseline -0.004 -10"><span class='ocrx_word' id='word_1_175' title='bbox 141 1558 243 1589; x_wconf 88' lang='lat' dir='ltr'>deatur</span> <span class='ocrx_word' id='word_1_176' title='bbox 252 1557 326 1587; x_wconf 90' lang='lat' dir='ltr'>illud</span> <span class='ocrx_word' id='word_1_177' title='bbox 336 1578 345 1592; x_wconf 88' lang='lat'>,</span> <span class='ocrx_word' id='word_1_178' title='bbox 368 1559 417 1588; x_wconf 91' lang='lat' dir='ltr'>cui</span> <span class='ocrx_word' id='word_1_179' title='bbox 427 1557 506 1587; x_wconf 87' lang='lat' dir='ltr'>nihil</span> <span class='ocrx_word' id='word_1_180' title='bbox 515 1557 583 1588; x_wconf 89' lang='lat' dir='ltr'>addi</span> <span class='ocrx_word' id='word_1_181' title='bbox 593 1556 680 1599; x_wconf 83' lang='lat' dir='ltr'>possit</span> <span class='ocrx_word' id='word_1_182' title='bbox 690 1576 699 1591; x_wconf 87' lang='lat'>‚</span> <span class='ocrx_word' id='word_1_183' title='bbox 717 1556 800 1597; x_wconf 90' lang='lat' dir='ltr'>quod</span> <span class='ocrx_word' id='word_1_184' title='bbox 808 1565 865 1597; x_wconf 91' lang='lat' dir='ltr'>ego</span> <span class='ocrx_word' id='word_1_185' title='bbox 875 1556 1033 1586; x_wconf 89' lang='lat' dir='ltr'>summum</span> <span class='ocrx_word' id='word_1_186' title='bbox 1045 1575 1054 1589; x_wconf 90' lang='lat'>‚</span> <span class='ocrx_word' id='word_1_187' title='bbox 1067 1555 1100 1586; x_wconf 76' lang='grc' dir='ltr'>δε</span> 
     </span>
     <span class='ocr_line' id='line_1_26' title="bbox 140 1596 1100 1641; baseline -0.002 -12"><span class='ocrx_word' id='word_1_188' title='bbox 140 1598 388 1641; x_wconf 70' lang='lat' dir='ltr'>perfeffiffimum</span> <span class='ocrx_word' id='word_1_189' title='bbox 395 1599 545 1640; x_wconf 85' lang='lat' dir='ltr'>judicem.</span> <span class='ocrx_word' id='word_1_190' title='bbox 567 1602 605 1631; x_wconf 90' lang='lat' dir='ltr'>In</span> <span class='ocrx_word' id='word_1_191' title='bbox 614 1609 675 1641; x_wconf 90' lang='lat' dir='ltr'>quo</span> <span class='ocrx_word' id='word_1_192' title='bbox 683 1607 802 1631; x_wconf 83' lang='lat' dir='ltr'>vereor,</span> <span class='ocrx_word' id='word_1_193' title='bbox 813 1608 864 1632; x_wconf 87' lang='lat' dir='ltr'>ne,</span> <span class='ocrx_word' id='word_1_194' title='bbox 875 1596 896 1627; x_wconf 86' lang='lat' dir='ltr'>fi</span> <span class='ocrx_word' id='word_1_195' title='bbox 905 1596 1032 1638; x_wconf 90' lang='lat' dir='ltr'>id,quod</span> <span class='ocrx_word' id='word_1_196' title='bbox 1042 1599 1100 1632; x_wconf 84' lang='lat' dir='ltr'>vis,</span> 
     </span>
     <span class='ocr_line' id='line_1_27' title="bbox 141 1638 1101 1683; baseline -0.001 -12"><span class='ocrx_word' id='word_1_197' title='bbox 141 1640 276 1676; x_wconf 70' lang='lat' dir='ltr'>effecero,</span> <span class='ocrx_word' id='word_1_198' title='bbox 287 1651 417 1683; x_wconf 85' lang='lat' dir='ltr'>eumque</span> <span class='ocrx_word' id='word_1_199' title='bbox 428 1650 588 1677; x_wconf 86' lang='lat' dir='ltr'>oratorem,</span> <span class='ocrx_word' id='word_1_200' title='bbox 598 1651 690 1683; x_wconf 89' lang='lat' dir='ltr'>quem</span> <span class='ocrx_word' id='word_1_201' title='bbox 700 1642 808 1681; x_wconf 85' lang='lat' dir='ltr'>quaeris</span> <span class='ocrx_word' id='word_1_202' title='bbox 819 1660 828 1673; x_wconf 87' lang='lat'>‚</span> <span class='ocrx_word' id='word_1_203' title='bbox 839 1638 1006 1680; x_wconf 88' lang='lat' dir='ltr'>expressero</span> <span class='ocrx_word' id='word_1_204' title='bbox 1017 1649 1023 1668; x_wconf 81' lang='lat' dir='ltr'>z</span> <span class='ocrx_word' id='word_1_205' title='bbox 1044 1648 1101 1670; x_wconf 80' lang='lat' dir='ltr'>tar-</span> 
     </span>
     <span class='ocr_line' id='line_1_28' title="bbox 143 1681 1101 1725; baseline -0.002 -12"><span class='ocrx_word' id='word_1_206' title='bbox 143 1683 214 1713; x_wconf 89' lang='lat' dir='ltr'>dem</span> <span class='ocrx_word' id='word_1_207' title='bbox 225 1682 320 1713; x_wconf 72' lang='lat' dir='ltr'>studia</span> <span class='ocrx_word' id='word_1_208' title='bbox 328 1683 498 1715; x_wconf 87' lang='lat' dir='ltr'>multorum</span> <span class='ocrx_word' id='word_1_209' title='bbox 506 1704 515 1718; x_wconf 88' lang='lat'><em>‚</em></span> <span class='ocrx_word' id='word_1_210' title='bbox 526 1686 579 1725; x_wconf 90' lang='lat' dir='ltr'>qui</span> <span class='ocrx_word' id='word_1_211' title='bbox 590 1684 794 1723; x_wconf 83' lang='lat' dir='ltr'>desperatione</span> <span class='ocrx_word' id='word_1_212' title='bbox 803 1681 962 1715; x_wconf 84' lang='lat' dir='ltr'>debilitati,</span> <span class='ocrx_word' id='word_1_213' title='bbox 973 1683 1101 1721; x_wconf 89' lang='lat' dir='ltr'>experiri</span> 
     </span>
     <span class='ocr_line' id='line_1_29' title="bbox 143 1722 1101 1767; baseline -0.003 -11"><span class='ocrx_word' id='word_1_214' title='bbox 143 1724 175 1756; x_wconf 87' lang='lat' dir='ltr'>id</span> <span class='ocrx_word' id='word_1_215' title='bbox 184 1725 290 1756; x_wconf 88' lang='lat' dir='ltr'>nolent</span> <span class='ocrx_word' id='word_1_216' title='bbox 300 1745 308 1759; x_wconf 91' lang='lat'>‚</span> <span class='ocrx_word' id='word_1_217' title='bbox 331 1725 414 1766; x_wconf 86' lang='lat' dir='ltr'>quod</span> <span class='ocrx_word' id='word_1_218' title='bbox 433 1726 462 1756; x_wconf 87' lang='lat' dir='ltr'>se</span> <span class='ocrx_word' id='word_1_219' title='bbox 479 1724 591 1767; x_wconf 68' lang='lat' dir='ltr'>afl&#39;equi</span> <span class='ocrx_word' id='word_1_220' title='bbox 606 1723 688 1766; x_wconf 89' lang='lat' dir='ltr'>posse</span> <span class='ocrx_word' id='word_1_221' title='bbox 698 1722 848 1754; x_wconf 69' lang='lat' dir='ltr'>diffidant.</span> <span class='ocrx_word' id='word_1_222' title='bbox 878 1723 936 1754; x_wconf 88' lang='lat' dir='ltr'>Sed</span> <span class='ocrx_word' id='word_1_223' title='bbox 954 1727 1025 1754; x_wconf 82' lang='lat' dir='ltr'>PAR</span> <span class='ocrx_word' id='word_1_224' title='bbox 1045 1733 1101 1754; x_wconf 66' lang='grc' dir='ltr'>εει·</span> 
     </span>
     <span class='ocr_line' id='line_1_30' title="bbox 142 1766 1102 1808; baseline -0.002 -10"><span class='ocrx_word' id='word_1_225' title='bbox 142 1768 263 1798; x_wconf 84' lang='lat' dir='ltr'>omneis</span> <span class='ocrx_word' id='word_1_226' title='bbox 272 1769 378 1798; x_wconf 89' lang='lat' dir='ltr'>omnia</span> <span class='ocrx_word' id='word_1_227' title='bbox 384 1769 522 1808; x_wconf 82' lang='lat' dir='ltr'>experiri,</span> <span class='ocrx_word' id='word_1_228' title='bbox 533 1770 586 1808; x_wconf 90' lang='lat' dir='ltr'>qui</span> <span class='ocrx_word' id='word_1_229' title='bbox 595 1777 640 1798; x_wconf 89' lang='lat' dir='ltr'>res</span> <span class='ocrx_word' id='word_1_230' title='bbox 650 1766 818 1808; x_wconf 81' lang='lat' dir='ltr'>magnas‚&amp;</span> <span class='ocrx_word' id='word_1_231' title='bbox 829 1775 939 1807; x_wconf 88' lang='lat' dir='ltr'>magno</span> <span class='ocrx_word' id='word_1_232' title='bbox 950 1775 1039 1806; x_wconf 86' lang='lat' dir='ltr'>opere</span> <span class='ocrx_word' id='word_1_233' title='bbox 1048 1775 1102 1796; x_wconf 87' lang='lat' dir='ltr'>ex-</span> 
     </span>
     <span class='ocr_line' id='line_1_31' title="bbox 142 1807 1102 1850; baseline -0.001 -11"><span class='ocrx_word' id='word_1_234' title='bbox 142 1807 284 1849; x_wconf 83' lang='lat' dir='ltr'>petendas</span> <span class='ocrx_word' id='word_1_235' title='bbox 297 1812 548 1850; x_wconf 87' lang='lat' dir='ltr'>concupiverunt.</span> <span class='ocrx_word' id='word_1_236' title='bbox 571 1808 663 1850; x_wconf 82' lang='lat' dir='ltr'>Qod</span> <span class='ocrx_word' id='word_1_237' title='bbox 673 1807 787 1850; x_wconf 82' lang='lat' dir='ltr'>siquem</span> <span class='ocrx_word' id='word_1_238' title='bbox 797 1816 847 1838; x_wconf 87' lang='lat' dir='ltr'>aut</span> <span class='ocrx_word' id='word_1_239' title='bbox 855 1816 958 1838; x_wconf 83' lang='lat' dir='ltr'>natura</span> <span class='ocrx_word' id='word_1_240' title='bbox 969 1808 1019 1838; x_wconf 88' lang='lat' dir='ltr'>sua</span> <span class='ocrx_word' id='word_1_241' title='bbox 1029 1828 1037 1841; x_wconf 89' lang='lat'>‚</span> <span class='ocrx_word' id='word_1_242' title='bbox 1051 1815 1102 1838; x_wconf 88' lang='lat' dir='ltr'>aut</span> 
     </span>
     <span class='ocr_line' id='line_1_32' title="bbox 142 1849 1102 1893; baseline -0.002 -12"><span class='ocrx_word' id='word_1_243' title='bbox 142 1851 194 1881; x_wconf 87' lang='lat' dir='ltr'>illa</span> <span class='ocrx_word' id='word_1_244' title='bbox 201 1849 364 1891; x_wconf 81' lang='lat' dir='ltr'>praestantis</span> <span class='ocrx_word' id='word_1_245' title='bbox 373 1853 489 1893; x_wconf 88' lang='lat' dir='ltr'>ingenii</span> <span class='ocrx_word' id='word_1_246' title='bbox 497 1854 544 1882; x_wconf 88' lang='lat' dir='ltr'>vis</span> <span class='ocrx_word' id='word_1_247' title='bbox 555 1851 632 1882; x_wconf 69' lang='lat' dir='ltr'>forte</span> <span class='ocrx_word' id='word_1_248' title='bbox 643 1850 763 1881; x_wconf 89' lang='lat' dir='ltr'>deficiet</span> <span class='ocrx_word' id='word_1_249' title='bbox 773 1870 781 1885; x_wconf 90' lang='lat'>,</span> <span class='ocrx_word' id='word_1_250' title='bbox 800 1857 850 1880; x_wconf 87' lang='lat' dir='ltr'>aut</span> <span class='ocrx_word' id='word_1_251' title='bbox 866 1851 971 1879; x_wconf 85' lang='lat' dir='ltr'>minus</span> <span class='ocrx_word' id='word_1_252' title='bbox 990 1849 1102 1880; x_wconf 86' lang='lat' dir='ltr'>instru-</span> 
     </span>
     <span class='ocr_line' id='line_1_33' title="bbox 143 1890 1099 1934; baseline 0 -12"><span class='ocrx_word' id='word_1_253' title='bbox 143 1890 210 1922; x_wconf 70' lang='lat' dir='ltr'>&amp;us</span> <span class='ocrx_word' id='word_1_254' title='bbox 219 1894 276 1922; x_wconf 89' lang='lat' dir='ltr'>erit</span> <span class='ocrx_word' id='word_1_255' title='bbox 285 1902 457 1934; x_wconf 85' lang='lat' dir='ltr'>magnarum</span> <span class='ocrx_word' id='word_1_256' title='bbox 468 1895 578 1924; x_wconf 87' lang='lat' dir='ltr'>artium</span> <span class='ocrx_word' id='word_1_257' title='bbox 587 1893 757 1932; x_wconf 85' lang='lat' dir='ltr'>disciplinis</span> <span class='ocrx_word' id='word_1_258' title='bbox 768 1902 784 1921; x_wconf 35' lang='lat' dir='ltr'>z*</span> <span class='ocrx_word' id='word_1_259' title='bbox 795 1900 893 1922; x_wconf 85' lang='lat' dir='ltr'>teneat</span> <span class='ocrx_word' id='word_1_260' title='bbox 909 1900 1011 1922; x_wconf 90' lang='lat' dir='ltr'>tamen</span> <span class='ocrx_word' id='word_1_261' title='bbox 1025 1901 1099 1922; x_wconf 88' lang='lat' dir='ltr'>eum</span> 
     </span>
     <span class='ocr_line' id='line_1_34' title="bbox 141 1933 1099 1974; baseline -0.001 -10"><span class='ocrx_word' id='word_1_262' title='bbox 141 1933 265 1964; x_wconf 85' lang='lat' dir='ltr'>cursum</span> <span class='ocrx_word' id='word_1_263' title='bbox 275 1953 284 1967; x_wconf 89' lang='lat'><strong>,</strong></span> <span class='ocrx_word' id='word_1_264' title='bbox 306 1943 397 1974; x_wconf 88' lang='lat' dir='ltr'>quern</span> <span class='ocrx_word' id='word_1_265' title='bbox 407 1938 527 1974; x_wconf 85' lang='lat' dir='ltr'>poterit.</span> <span class='ocrx_word' id='word_1_266' title='bbox 558 1938 677 1966; x_wconf 74' lang='lat' dir='ltr'>PmMA</span> <span class='ocrx_word' id='word_1_267' title='bbox 695 1936 779 1964; x_wconf 88' lang='lat' dir='ltr'>enim</span> <span class='ocrx_word' id='word_1_268' title='bbox 790 1933 962 1974; x_wconf 87' lang='lat' dir='ltr'>sequentem</span> <span class='ocrx_word' id='word_1_269' title='bbox 974 1953 982 1967; x_wconf 93' lang='lat'>,</span> <span class='ocrx_word' id='word_1_270' title='bbox 1001 1934 1099 1963; x_wconf 89' lang='lat' dir='ltr'>hone-</span> 
     </span>
     <span class='ocr_line' id='line_1_35' title="bbox 142 1973 1100 2016; baseline 0 -12"><span class='ocrx_word' id='word_1_271' title='bbox 142 1973 223 2006; x_wconf 88' lang='lat' dir='ltr'>stum</span> <span class='ocrx_word' id='word_1_272' title='bbox 233 1973 275 2004; x_wconf 85' lang='lat' dir='ltr'>est</span> <span class='ocrx_word' id='word_1_273' title='bbox 284 1976 318 2004; x_wconf 92' lang='lat' dir='ltr'>in</span> <span class='ocrx_word' id='word_1_274' title='bbox 328 1975 464 2005; x_wconf 86' lang='lat' dir='ltr'>secundis</span> <span class='ocrx_word' id='word_1_275' title='bbox 477 1995 487 2009; x_wconf 78' lang='lat'>‚</span> <span class='ocrx_word' id='word_1_276' title='bbox 507 1976 659 2016; x_wconf 81' lang='lat' dir='ltr'>tertiisque</span> <span class='ocrx_word' id='word_1_277' title='bbox 674 1974 841 2006; x_wconf 79' lang='lat' dir='ltr'>consistere.</span> <span class='ocrx_word' id='word_1_278' title='bbox 866 1978 877 1993; x_wconf 91' lang='lat'>¹</span> <span class='ocrx_word' id='word_1_279' title='bbox 888 1977 970 2006; x_wconf 88' lang='lat' dir='ltr'>Nam</span> <span class='ocrx_word' id='word_1_280' title='bbox 982 1976 1015 2004; x_wconf 94' lang='lat' dir='ltr'>in</span> <span class='ocrx_word' id='word_1_281' title='bbox 1024 1976 1100 2014; x_wconf 78' lang='lat' dir='ltr'>po‘e&#39;-</span> 
     </span>
     <span class='ocr_line' id='line_1_36' title="bbox 142 2016 1100 2056; baseline -0.002 -9"><span class='ocrx_word' id='word_1_282' title='bbox 142 2018 194 2049; x_wconf 86' lang='lat' dir='ltr'>tis,</span> <span class='ocrx_word' id='word_1_283' title='bbox 207 2026 270 2046; x_wconf 91' lang='lat' dir='ltr'>non</span> <span class='ocrx_word' id='word_1_284' title='bbox 282 2018 419 2046; x_wconf 86' lang='lat' dir='ltr'>Homero</span> <span class='ocrx_word' id='word_1_285' title='bbox 429 2017 484 2047; x_wconf 91' lang='lat' dir='ltr'>soli</span> <span class='ocrx_word' id='word_1_286' title='bbox 494 2018 577 2048; x_wconf 90' lang='lat' dir='ltr'>locus</span> <span class='ocrx_word' id='word_1_287' title='bbox 588 2017 630 2047; x_wconf 91' lang='lat' dir='ltr'>est</span> <span class='ocrx_word' id='word_1_288' title='bbox 639 2016 682 2056; x_wconf 90' lang='lat' dir='ltr'>(ut</span> <span class='ocrx_word' id='word_1_289' title='bbox 691 2016 728 2046; x_wconf 88' lang='lat' dir='ltr'>de</span> <span class='ocrx_word' id='word_1_290' title='bbox 739 2017 850 2046; x_wconf 85' lang='lat' dir='ltr'>Graecis</span> <span class='ocrx_word' id='word_1_291' title='bbox 859 2016 974 2056; x_wconf 90' lang='lat' dir='ltr'>loquar)</span> <span class='ocrx_word' id='word_1_292' title='bbox 984 2025 1034 2046; x_wconf 88' lang='lat' dir='ltr'>aut</span> <span class='ocrx_word' id='word_1_293' title='bbox 1043 2019 1100 2046; x_wconf 82' lang='lat' dir='ltr'>Ar-</span> 
     </span>
     <span class='ocr_line' id='line_1_37' title="bbox 141 2057 1100 2098; baseline 0 -11"><span class='ocrx_word' id='word_1_294' title='bbox 141 2058 295 2091; x_wconf 85' lang='lat' dir='ltr'>chilocho.</span> <span class='ocrx_word' id='word_1_295' title='bbox 307 2067 356 2088; x_wconf 86' lang='lat' dir='ltr'>aut</span> <span class='ocrx_word' id='word_1_296' title='bbox 364 2059 506 2098; x_wconf 84' lang='lat' dir='ltr'>Sophocli</span> <span class='ocrx_word' id='word_1_297' title='bbox 516 2079 524 2093; x_wconf 86' lang='lat'>‚</span> <span class='ocrx_word' id='word_1_298' title='bbox 534 2068 585 2090; x_wconf 89' lang='lat' dir='ltr'>aut</span> <span class='ocrx_word' id='word_1_299' title='bbox 594 2057 721 2089; x_wconf 81' lang='lat' dir='ltr'>Pindaro</span> <span class='ocrx_word' id='word_1_300' title='bbox 732 2068 737 2086; x_wconf 79' lang='lat' dir='ltr'>t</span> <span class='ocrx_word' id='word_1_301' title='bbox 757 2057 806 2087; x_wconf 77' lang='lat' dir='ltr'>sed</span> <span class='ocrx_word' id='word_1_302' title='bbox 815 2057 926 2087; x_wconf 83' lang='lat' dir='ltr'>horum</span> <span class='ocrx_word' id='word_1_303' title='bbox 937 2057 986 2087; x_wconf 86' lang='lat' dir='ltr'>vel</span> <span class='ocrx_word' id='word_1_304' title='bbox 996 2058 1100 2088; x_wconf 89' lang='lat' dir='ltr'>secun-</span> 
     </span>
     <span class='ocr_line' id='line_1_38' title="bbox 141 2097 1101 2139; baseline -0.001 -9"><span class='ocrx_word' id='word_1_305' title='bbox 141 2099 201 2132; x_wconf 88' lang='lat' dir='ltr'>dis,</span> <span class='ocrx_word' id='word_1_306' title='bbox 213 2099 262 2128; x_wconf 87' lang='lat' dir='ltr'>vel</span> <span class='ocrx_word' id='word_1_307' title='bbox 271 2101 362 2129; x_wconf 86' lang='lat' dir='ltr'>etiam</span> <span class='ocrx_word' id='word_1_308' title='bbox 368 2099 448 2131; x_wconf 81' lang='lat' dir='ltr'>infra</span> <span class='ocrx_word' id='word_1_309' title='bbox 458 2100 613 2130; x_wconf 85' lang='lat' dir='ltr'>secundos.</span> <span class='ocrx_word' id='word_1_310' title='bbox 631 2102 696 2130; x_wconf 85' lang='lat' dir='ltr'>Nec</span> <span class='ocrx_word' id='word_1_311' title='bbox 705 2097 777 2130; x_wconf 73' lang='lat' dir='ltr'>vero</span> <span class='ocrx_word' id='word_1_312' title='bbox 788 2098 979 2129; x_wconf 85' lang='lat' dir='ltr'>Aristotelem</span> <span class='ocrx_word' id='word_1_313' title='bbox 988 2100 1022 2129; x_wconf 88' lang='lat' dir='ltr'>in</span> <span class='ocrx_word' id='word_1_314' title='bbox 1032 2100 1101 2139; x_wconf 86' lang='lat' dir='ltr'>phi-</span> 
     </span>
     <span class='ocr_line' id='line_1_39' title="bbox 140 2140 1099 2182; baseline 0 -11"><span class='ocrx_word' id='word_1_315' title='bbox 140 2140 278 2181; x_wconf 88' lang='lat' dir='ltr'>losophia</span> <span class='ocrx_word' id='word_1_316' title='bbox 287 2141 429 2172; x_wconf 86' lang='lat' dir='ltr'>deterruit</span> <span class='ocrx_word' id='word_1_317' title='bbox 440 2141 455 2172; x_wconf 77' lang='lat' dir='ltr'>a</span> <span class='ocrx_word' id='word_1_318' title='bbox 463 2142 620 2172; x_wconf 89' lang='lat' dir='ltr'>scribendo</span> <span class='ocrx_word' id='word_1_319' title='bbox 630 2141 798 2182; x_wconf 85' lang='lat' dir='ltr'>amplitudo</span> <span class='ocrx_word' id='word_1_320' title='bbox 809 2141 940 2171; x_wconf 84' lang='lat' dir='ltr'>Platonis</span> <span class='ocrx_word' id='word_1_321' title='bbox 953 2152 958 2170; x_wconf 88' lang='lat'><strong>:</strong></span> <span class='ocrx_word' id='word_1_322' title='bbox 972 2151 1027 2171; x_wconf 90' lang='lat' dir='ltr'>nec</span> <span class='ocrx_word' id='word_1_323' title='bbox 1040 2141 1099 2181; x_wconf 83' lang='lat' dir='ltr'>ipse</span> 
     </span>
     <span class='ocr_line' id='line_1_40' title="bbox 142 2182 1098 2225; baseline 0 -13"><span class='ocrx_word' id='word_1_324' title='bbox 142 2182 318 2213; x_wconf 81' lang='lat' dir='ltr'>Aristoteles</span> <span class='ocrx_word' id='word_1_325' title='bbox 326 2183 495 2216; x_wconf 83' lang='lat' dir='ltr'>admirabili</span> <span class='ocrx_word' id='word_1_326' title='bbox 502 2183 629 2225; x_wconf 87' lang='lat' dir='ltr'>quadam</span> <span class='ocrx_word' id='word_1_327' title='bbox 639 2184 770 2216; x_wconf 87' lang='lat' dir='ltr'>scientia,</span> <span class='ocrx_word' id='word_1_328' title='bbox 783 2183 816 2213; x_wconf 87' lang='lat'>&amp;</span> <span class='ocrx_word' id='word_1_329' title='bbox 824 2185 920 2222; x_wconf 80' lang='lat' dir='ltr'>copia,</span> <span class='ocrx_word' id='word_1_330' title='bbox 930 2191 1098 2213; x_wconf 83' lang='lat' dir='ltr'>ceterorum</span> 
     </span>
     <span class='ocr_line' id='line_1_41' title="bbox 107 2223 1099 2265; baseline -0.001 -10"><span class='ocrx_word' id='word_1_331' title='bbox 107 2233 128 2259; x_wconf 89' lang='lat'>2</span> <span class='ocrx_word' id='word_1_332' title='bbox 145 2223 239 2255; x_wconf 89' lang='lat' dir='ltr'>studia</span> <span class='ocrx_word' id='word_1_333' title='bbox 247 2223 395 2258; x_wconf 83' lang='lat' dir='ltr'>restinxit.</span> <span class='ocrx_word' id='word_1_334' title='bbox 442 2227 508 2256; x_wconf 91' lang='lat' dir='ltr'>Nec</span> <span class='ocrx_word' id='word_1_335' title='bbox 518 2224 619 2256; x_wconf 78' lang='lat' dir='ltr'>solum</span> <span class='ocrx_word' id='word_1_336' title='bbox 627 2225 664 2255; x_wconf 88' lang='lat' dir='ltr'>ab</span> <span class='ocrx_word' id='word_1_337' title='bbox 672 2227 795 2265; x_wconf 88' lang='lat' dir='ltr'>optimis</span> <span class='ocrx_word' id='word_1_338' title='bbox 805 2224 910 2255; x_wconf 89' lang='lat' dir='ltr'>studiis</span> <span class='ocrx_word' id='word_1_339' title='bbox 919 2224 1099 2255; x_wconf 83' lang='lat' dir='ltr'>excellentes</span> 
     </span>
     <span class='ocr_line' id='line_1_42' title="bbox 142 2265 1101 2308; baseline 0 -12"><span class='ocrx_word' id='word_1_340' title='bbox 142 2267 202 2296; x_wconf 87' lang='lat' dir='ltr'>viri</span> <span class='ocrx_word' id='word_1_341' title='bbox 219 2265 352 2296; x_wconf 88' lang='lat' dir='ltr'>deterriti</span> <span class='ocrx_word' id='word_1_342' title='bbox 370 2276 436 2297; x_wconf 90' lang='lat' dir='ltr'>non</span> <span class='ocrx_word' id='word_1_343' title='bbox 454 2267 541 2301; x_wconf 90' lang='lat' dir='ltr'>sunt,</span> <span class='ocrx_word' id='word_1_344' title='bbox 563 2267 613 2298; x_wconf 83' lang='lat' dir='ltr'>sed</span> <span class='ocrx_word' id='word_1_345' title='bbox 628 2277 668 2297; x_wconf 89' lang='lat' dir='ltr'>ne</span> <span class='ocrx_word' id='word_1_346' title='bbox 684 2265 808 2307; x_wconf 86' lang='lat' dir='ltr'>opifices</span> <span class='ocrx_word' id='word_1_347' title='bbox 816 2266 941 2308; x_wconf 91' lang='lat' dir='ltr'>quidem</span> <span class='ocrx_word' id='word_1_348' title='bbox 952 2266 980 2296; x_wconf 85' lang='lat' dir='ltr'>se</span> <span class='ocrx_word' id='word_1_349' title='bbox 989 2266 1101 2297; x_wconf 87' lang='lat' dir='ltr'>artibus</span> 
     </span>
     <span class='ocr_line' id='line_1_43' title="bbox 141 2308 1099 2350; baseline 0 -12"><span class='ocrx_word' id='word_1_350' title='bbox 141 2308 202 2340; x_wconf 90' lang='lat' dir='ltr'>suis</span> <span class='ocrx_word' id='word_1_351' title='bbox 211 2317 415 2343; x_wconf 86' lang='lat' dir='ltr'>removerunt,</span> <span class='ocrx_word' id='word_1_352' title='bbox 426 2311 477 2350; x_wconf 90' lang='lat' dir='ltr'>qui</span> <span class='ocrx_word' id='word_1_353' title='bbox 487 2317 537 2339; x_wconf 92' lang='lat' dir='ltr'>aut</span> <span class='ocrx_word' id='word_1_354' title='bbox 543 2308 643 2350; x_wconf 79' lang='lat' dir='ltr'>Jalyfi,</span> <span class='ocrx_word' id='word_1_355' title='bbox 652 2319 744 2349; x_wconf 90' lang='lat' dir='ltr'>quern</span> <span class='ocrx_word' id='word_1_356' title='bbox 754 2308 1000 2339; x_wconf 87' lang='lat' dir='ltr'>Rhodividimus</span> <span class='ocrx_word' id='word_1_357' title='bbox 1011 2329 1019 2341; x_wconf 93' lang='lat'>,</span> <span class='ocrx_word' id='word_1_358' title='bbox 1034 2318 1099 2338; x_wconf 93' lang='lat' dir='ltr'>non</span> 
     </span>
     <span class='ocr_line' id='line_1_44' title="bbox 141 2350 1100 2421; baseline 0.001 -41"><span class='ocrx_word' id='word_1_359' title='bbox 141 2358 305 2421; x_wconf 77' lang='lat' dir='ltr'>potuerunt</span> <span class='ocrx_word' id='word_1_360' title='bbox 313 2370 322 2384; x_wconf 89' lang='lat'><strong><em>,</em></strong></span> <span class='ocrx_word' id='word_1_361' title='bbox 344 2359 394 2380; x_wconf 90' lang='lat' dir='ltr'>aut</span> <span class='ocrx_word' id='word_1_362' title='bbox 410 2353 479 2381; x_wconf 82' lang='lat' dir='ltr'>Coae</span> <span class='ocrx_word' id='word_1_363' title='bbox 498 2353 624 2381; x_wconf 88' lang='lat' dir='ltr'>Veneris</span> <span class='ocrx_word' id='word_1_364' title='bbox 640 2350 876 2391; x_wconf 86' lang='lat' dir='ltr'>pulcritudinem</span> <span class='ocrx_word' id='word_1_365' title='bbox 887 2351 1009 2381; x_wconf 78' lang='lat' dir='ltr'>imitari.</span> <span class='ocrx_word' id='word_1_366' title='bbox 1034 2352 1100 2381; x_wconf 89' lang='lat' dir='ltr'>Nec</span> 
     </span>
     <span class='ocr_line' id='line_1_45' title="bbox 155 2391 1102 2434; baseline 0.001 -13"><span class='ocrx_word' id='word_1_367' title='bbox 155 2391 298 2422; x_wconf 80' lang='lat' dir='ltr'>imulacro</span> <span class='ocrx_word' id='word_1_368' title='bbox 304 2393 390 2434; x_wconf 83' lang='lat' dir='ltr'>Jovis</span> <span class='ocrx_word' id='word_1_369' title='bbox 398 2392 545 2432; x_wconf 84' lang='lat' dir='ltr'>Olympii,</span> <span class='ocrx_word' id='word_1_370' title='bbox 555 2401 605 2423; x_wconf 90' lang='lat' dir='ltr'>aut</span> <span class='ocrx_word' id='word_1_371' title='bbox 615 2393 788 2432; x_wconf 89' lang='lat' dir='ltr'>Doryphori</span> <span class='ocrx_word' id='word_1_372' title='bbox 799 2391 891 2422; x_wconf 88' lang='lat' dir='ltr'>statua</span> <span class='ocrx_word' id='word_1_373' title='bbox 899 2391 1042 2424; x_wconf 85' lang='lat' dir='ltr'>deterriti,</span> <span class='ocrx_word' id='word_1_374' title='bbox 1055 2402 1102 2422; x_wconf 89' lang='lat' dir='ltr'>re-</span> 
     </span>
     <span class='ocr_line' id='line_1_46' title="bbox 143 2432 1101 2475; baseline 0 -12"><span class='ocrx_word' id='word_1_375' title='bbox 143 2433 218 2474; x_wconf 82' lang='lat' dir='ltr'>liqui</span> <span class='ocrx_word' id='word_1_376' title='bbox 229 2435 331 2463; x_wconf 87' lang='lat' dir='ltr'>minus</span> <span class='ocrx_word' id='word_1_377' title='bbox 339 2436 454 2474; x_wconf 81' lang='lat' dir='ltr'>experti</span> <span class='ocrx_word' id='word_1_378' title='bbox 464 2435 532 2465; x_wconf 90' lang='lat' dir='ltr'>sunt</span> <span class='ocrx_word' id='word_1_379' title='bbox 541 2454 549 2468; x_wconf 93' lang='lat'>‚</span> <span class='ocrx_word' id='word_1_380' title='bbox 574 2434 646 2475; x_wconf 89' lang='lat' dir='ltr'>quid</span> <span class='ocrx_word' id='word_1_381' title='bbox 658 2433 773 2464; x_wconf 85' lang='lat' dir='ltr'>efficere</span> <span class='ocrx_word' id='word_1_382' title='bbox 783 2454 791 2468; x_wconf 86' lang='lat'>‚</span> <span class='ocrx_word' id='word_1_383' title='bbox 815 2443 865 2464; x_wconf 91' lang='lat' dir='ltr'>aut</span> <span class='ocrx_word' id='word_1_384' title='bbox 883 2432 945 2475; x_wconf 74' lang='lat' dir='ltr'>quo</span> <span class='ocrx_word' id='word_1_385' title='bbox 963 2434 1101 2475; x_wconf 88' lang='lat' dir='ltr'>progredi</span> 
     </span>
     <span class='ocr_line' id='line_1_47' title="bbox 143 2473 1100 2516; baseline 0.001 -12"><span class='ocrx_word' id='word_1_386' title='bbox 143 2473 261 2516; x_wconf 81' lang='lat' dir='ltr'>possent</span> <span class='ocrx_word' id='word_1_387' title='bbox 273 2486 278 2504; x_wconf 84' lang='lat' dir='ltr'>z</span> <span class='ocrx_word' id='word_1_388' title='bbox 300 2485 431 2516; x_wconf 83' lang='lat' dir='ltr'>quorum</span> <span class='ocrx_word' id='word_1_389' title='bbox 442 2484 520 2506; x_wconf 87' lang='lat' dir='ltr'>tanta</span> <span class='ocrx_word' id='word_1_390' title='bbox 529 2476 695 2506; x_wconf 87' lang='lat' dir='ltr'>multitudo</span> <span class='ocrx_word' id='word_1_391' title='bbox 704 2475 779 2509; x_wconf 85' lang='lat' dir='ltr'>fuit,</span> <span class='ocrx_word' id='word_1_392' title='bbox 803 2484 884 2506; x_wconf 90' lang='lat' dir='ltr'>tanta</span> <span class='ocrx_word' id='word_1_393' title='bbox 893 2479 926 2505; x_wconf 92' lang='lat' dir='ltr'>in</span> <span class='ocrx_word' id='word_1_394' title='bbox 937 2475 990 2505; x_wconf 90' lang='lat' dir='ltr'>suo</span> <span class='ocrx_word' id='word_1_395' title='bbox 1000 2477 1047 2515; x_wconf 82' lang='lat' dir='ltr'>cuj</span> <span class='ocrx_word' id='word_1_396' title='bbox 1053 2476 1100 2506; x_wconf 91' lang='lat' dir='ltr'>us-</span> 
     </span>
    </p>

    <p class='ocr_par' dir='ltr' id='par_1_9' title="bbox 115 2516 1103 2893">
     <span class='ocr_line' id='line_1_48' title="bbox 115 2516 1101 2558; baseline 0.001 -12"><span class='ocrx_word' id='word_1_397' title='bbox 115 2552 117 2554; x_wconf 32' lang='lat'>·</span> <span class='ocrx_word' id='word_1_398' title='bbox 144 2526 201 2558; x_wconf 91' lang='lat' dir='ltr'>que</span> <span class='ocrx_word' id='word_1_399' title='bbox 209 2527 316 2558; x_wconf 87' lang='lat' dir='ltr'>genere</span> <span class='ocrx_word' id='word_1_400' title='bbox 326 2517 388 2548; x_wconf 89' lang='lat' dir='ltr'>laus</span> <span class='ocrx_word' id='word_1_401' title='bbox 398 2537 407 2552; x_wconf 86' lang='lat'>‚</span> <span class='ocrx_word' id='word_1_402' title='bbox 417 2527 449 2548; x_wconf 91' lang='lat' dir='ltr'>ut</span> <span class='ocrx_word' id='word_1_403' title='bbox 460 2538 468 2551; x_wconf 93' lang='lat'>‚</span> <span class='ocrx_word' id='word_1_404' title='bbox 489 2517 561 2548; x_wconf 80' lang='lat' dir='ltr'>cum</span> <span class='ocrx_word' id='word_1_405' title='bbox 573 2518 692 2548; x_wconf 88' lang='lat' dir='ltr'>summa</span> <span class='ocrx_word' id='word_1_406' title='bbox 700 2518 866 2546; x_wconf 82' lang='lat' dir='ltr'>miraremur</span> <span class='ocrx_word' id='word_1_407' title='bbox 877 2538 886 2551; x_wconf 87' lang='lat'>‚</span> <span class='ocrx_word' id='word_1_408' title='bbox 905 2516 1047 2547; x_wconf 86' lang='lat' dir='ltr'>inferiora</span> <span class='ocrx_word' id='word_1_409' title='bbox 1057 2526 1101 2547; x_wconf 87' lang='lat' dir='ltr'>ta·-</span> 
     </span>
     <span class='ocr_line' id='line_1_49' title="bbox 144 2557 1099 2600; baseline 0.002 -12"><span class='ocrx_word' id='word_1_410' title='bbox 144 2567 216 2588; x_wconf 89' lang='lat' dir='ltr'>rnen</span> <span class='ocrx_word' id='word_1_411' title='bbox 243 2557 407 2588; x_wconf 74' lang='lat' dir='ltr'>mbaremus.</span> <span class='ocrx_word' id='word_1_412' title='bbox 432 2561 469 2590; x_wconf 93' lang='lat' dir='ltr'>In</span> <span class='ocrx_word' id='word_1_413' title='bbox 477 2560 645 2590; x_wconf 85' lang='lat' dir='ltr'>oratoribus</span> <span class='ocrx_word' id='word_1_414' title='bbox 654 2559 726 2589; x_wconf 76' lang='lat' dir='ltr'>vero</span> <span class='ocrx_word' id='word_1_415' title='bbox 738 2580 746 2592; x_wconf 93' lang='lat'>,</span> <span class='ocrx_word' id='word_1_416' title='bbox 767 2561 879 2589; x_wconf 88' lang='lat' dir='ltr'>Graecis</span> <span class='ocrx_word' id='word_1_417' title='bbox 888 2558 1013 2600; x_wconf 87' lang='lat' dir='ltr'>quid&#39;em</span> <span class='ocrx_word' id='word_1_418' title='bbox 1025 2579 1034 2593; x_wconf 88' lang='lat'><em>,</em></span> <span class='ocrx_word' id='word_1_419' title='bbox 1047 2559 1099 2590; x_wconf 88' lang='lat' dir='ltr'>ad-</span> 
     </span>
     <span class='ocr_line' id='line_1_50' title="bbox 144 2599 1101 2641; baseline 0.001 -11"><span class='ocrx_word' id='word_1_420' title='bbox 144 2601 220 2630; x_wconf 83' lang='lat' dir='ltr'>mira</span> <span class='ocrx_word' id='word_1_421' title='bbox 241 2601 281 2630; x_wconf 89' lang='lat' dir='ltr'>ile</span> <span class='ocrx_word' id='word_1_422' title='bbox 290 2599 333 2631; x_wconf 90' lang='lat' dir='ltr'>est</span> <span class='ocrx_word' id='word_1_423' title='bbox 344 2621 352 2634; x_wconf 84' lang='lat'>‚</span> <span class='ocrx_word' id='word_1_424' title='bbox 372 2610 520 2641; x_wconf 87' lang='lat' dir='ltr'>quantum</span> <span class='ocrx_word' id='word_1_425' title='bbox 537 2604 615 2631; x_wconf 86' lang='lat' dir='ltr'>inter</span> <span class='ocrx_word' id='word_1_426' title='bbox 633 2603 753 2631; x_wconf 88' lang='lat' dir='ltr'>omneis</span> <span class='ocrx_word' id='word_1_427' title='bbox 773 2610 851 2631; x_wconf 88' lang='lat' dir='ltr'>unus</span> <span class='ocrx_word' id='word_1_428' title='bbox 860 2600 994 2638; x_wconf 83' lang='lat' dir='ltr'>excellat.</span> <span class='ocrx_word' id='word_1_429' title='bbox 1017 2603 1101 2631; x_wconf 84' lang='lat' dir='ltr'>Atta-</span> 
     </span>
     <span class='ocr_line' id='line_1_51' title="bbox 143 2641 1100 2684; baseline 0.001 -13"><span class='ocrx_word' id='word_1_430' title='bbox 143 2650 216 2672; x_wconf 89' lang='lat' dir='ltr'>men</span> <span class='ocrx_word' id='word_1_431' title='bbox 224 2661 233 2675; x_wconf 90' lang='lat'>,</span> <span class='ocrx_word' id='word_1_432' title='bbox 251 2641 324 2672; x_wconf 72' lang='lat' dir='ltr'>cum</span> <span class='ocrx_word' id='word_1_433' title='bbox 343 2642 415 2673; x_wconf 86' lang='lat' dir='ltr'>efl&#39;et</span> <span class='ocrx_word' id='word_1_434' title='bbox 431 2642 654 2673; x_wconf 90' lang='lat' dir='ltr'>Demosthenes</span> <span class='ocrx_word' id='word_1_435' title='bbox 671 2662 680 2677; x_wconf 90' lang='lat'>,</span> <span class='ocrx_word' id='word_1_436' title='bbox 699 2643 790 2673; x_wconf 89' lang='lat' dir='ltr'>multi</span> <span class='ocrx_word' id='word_1_437' title='bbox 809 2651 937 2673; x_wconf 87' lang='lat' dir='ltr'>oratores</span> <span class='ocrx_word' id='word_1_438' title='bbox 948 2662 957 2676; x_wconf 87' lang='lat'><em>‚</em></span> <span class='ocrx_word' id='word_1_439' title='bbox 976 2644 1078 2684; x_wconf 86' lang='lat' dir='ltr'>magni</span> <span class='ocrx_word' id='word_1_440' title='bbox 1091 2663 1100 2677; x_wconf 89' lang='lat'>,</span> 
     </span>
     <span class='ocr_line' id='line_1_52' title="bbox 144 2682 1098 2724; baseline 0.001 -11"><span class='ocrx_word' id='word_1_441' title='bbox 144 2682 256 2714; x_wconf 91' lang='lat' dir='ltr'>&amp;clari</span> <span class='ocrx_word' id='word_1_442' title='bbox 273 2682 412 2719; x_wconf 84' lang='lat' dir='ltr'>fuerunt,</span> <span class='ocrx_word' id='word_1_443' title='bbox 434 2684 703 2719; x_wconf 84' lang='lat' dir='ltr'>&amp;anteafuerant‚</span> <span class='ocrx_word' id='word_1_444' title='bbox 725 2694 780 2715; x_wconf 87' lang='lat' dir='ltr'>nec</span> <span class='ocrx_word' id='word_1_445' title='bbox 797 2683 898 2724; x_wconf 87' lang='lat' dir='ltr'>postea</span> <span class='ocrx_word' id='word_1_446' title='bbox 914 2683 1098 2714; x_wconf 86' lang='lat' dir='ltr'>defecerunt.</span> 
     </span>
     <span class='ocr_line' id='line_1_53' title="bbox 142 2725 1100 2767; baseline 0 -12"><span class='ocrx_word' id='word_1_447' title='bbox 142 2727 239 2766; x_wconf 83' lang='lat' dir='ltr'>Qare</span> <span class='ocrx_word' id='word_1_448' title='bbox 258 2734 322 2755; x_wconf 90' lang='lat' dir='ltr'>non</span> <span class='ocrx_word' id='word_1_449' title='bbox 341 2725 384 2756; x_wconf 90' lang='lat' dir='ltr'>est</span> <span class='ocrx_word' id='word_1_450' title='bbox 403 2736 455 2757; x_wconf 90' lang='lat' dir='ltr'>cur</span> <span class='ocrx_word' id='word_1_451' title='bbox 473 2736 580 2757; x_wconf 89' lang='lat' dir='ltr'>eorum</span> <span class='ocrx_word' id='word_1_452' title='bbox 593 2747 602 2760; x_wconf 91' lang='lat'>,</span> <span class='ocrx_word' id='word_1_453' title='bbox 621 2728 674 2767; x_wconf 91' lang='lat' dir='ltr'>qui</span> <span class='ocrx_word' id='word_1_454' title='bbox 692 2727 721 2757; x_wconf 91' lang='lat' dir='ltr'>se</span> <span class='ocrx_word' id='word_1_455' title='bbox 739 2726 838 2756; x_wconf 87' lang='lat' dir='ltr'>studio</span> <span class='ocrx_word' id='word_1_456' title='bbox 849 2726 1030 2766; x_wconf 79' lang='lat' dir='ltr'>eloquentiae</span> <span class='ocrx_word' id='word_1_457' title='bbox 1047 2725 1100 2756; x_wconf 90' lang='lat' dir='ltr'>de-</span> 
     </span>
     <span class='ocr_line' id='line_1_54' title="bbox 143 2765 1097 2809; baseline 0.002 -14"><span class='ocrx_word' id='word_1_458' title='bbox 143 2765 292 2801; x_wconf 86' lang='lat' dir='ltr'>diderunt,</span> <span class='ocrx_word' id='word_1_459' title='bbox 304 2767 366 2807; x_wconf 88' lang='lat' dir='ltr'>spes</span> <span class='ocrx_word' id='word_1_460' title='bbox 376 2767 556 2809; x_wconf 86' lang='lat' dir='ltr'>infringatur</span> <span class='ocrx_word' id='word_1_461' title='bbox 565 2788 574 2802; x_wconf 88' lang='grc'>,</span> <span class='ocrx_word' id='word_1_462' title='bbox 594 2778 643 2799; x_wconf 89' lang='lat' dir='ltr'>aut</span> <span class='ocrx_word' id='word_1_463' title='bbox 653 2768 700 2798; x_wconf 90' lang='lat' dir='ltr'>lan</span> <span class='ocrx_word' id='word_1_464' title='bbox 745 2767 821 2798; x_wconf 89' lang='lat' dir='ltr'>escat</span> <span class='ocrx_word' id='word_1_465' title='bbox 831 2766 985 2798; x_wconf 85' lang='lat' dir='ltr'>industria.</span> <span class='ocrx_word' id='word_1_466' title='bbox 1015 2769 1097 2797; x_wconf 87' lang='lat' dir='ltr'>Nam</span> 
     </span>
     <span class='ocr_line' id='line_1_55' title="bbox 146 2778 1099 2851; baseline 0.003 -14"><span class='ocrx_word' id='word_1_467' title='bbox 146 2809 180 2837; x_wconf 91' lang='lat' dir='ltr'>N</span> <span class='ocrx_word' id='word_1_468' title='bbox 190 2818 210 2837; x_wconf 75' lang='grc' dir='ltr'>ε</span> <span class='ocrx_word' id='word_1_469' title='bbox 220 2816 273 2846; x_wconf 70' lang='lat' dir='ltr'>Qr</span> <span class='ocrx_word' id='word_1_470' title='bbox 285 2818 304 2838; x_wconf 72' lang='grc' dir='ltr'>Ε</span> <span class='ocrx_word' id='word_1_471' title='bbox 336 2819 347 2838; x_wconf 87' lang='lat'>1</span> <span class='ocrx_word' id='word_1_472' title='bbox 360 2819 380 2839; x_wconf 83' lang='lat' dir='ltr'>L</span> <span class='ocrx_word' id='word_1_473' title='bbox 390 2819 411 2839; x_wconf 81' lang='lat' dir='ltr'>L</span> <span class='ocrx_word' id='word_1_474' title='bbox 421 2819 443 2839; x_wconf 78' lang='lat' dir='ltr'>u</span> <span class='ocrx_word' id='word_1_475' title='bbox 454 2820 474 2839; x_wconf 88' lang='lat' dir='ltr'>D</span> <span class='ocrx_word' id='word_1_476' title='bbox 495 2810 594 2850; x_wconf 88' lang='lat' dir='ltr'>ipsum</span> <span class='ocrx_word' id='word_1_477' title='bbox 606 2830 615 2843; x_wconf 90' lang='lat'><em>‚</em></span> <span class='ocrx_word' id='word_1_478' title='bbox 638 2778 780 2851; x_wconf 49' lang='lat' dir='ltr'>quoduest</span> <span class='ocrx_word' id='word_1_479' title='bbox 799 2811 951 2849; x_wconf 90' lang='lat' dir='ltr'>optimum</span> <span class='ocrx_word' id='word_1_480' title='bbox 964 2828 973 2842; x_wconf 92' lang='lat'><em>‚</em></span> <span class='ocrx_word' id='word_1_481' title='bbox 996 2807 1099 2850; x_wconf 82' lang='lat' dir='ltr'>despe-</span> 
     </span>
     <span class='ocr_line' id='line_1_56' title="bbox 142 2849 1103 2893; baseline 0.002 -13"><span class='ocrx_word' id='word_1_482' title='bbox 142 2849 338 2880; x_wconf 75' lang='lat' dir='ltr'>mndumest:</span> <span class='ocrx_word' id='word_1_483' title='bbox 361 2851 395 2881; x_wconf 87' lang='lat'>&amp;</span> <span class='ocrx_word' id='word_1_484' title='bbox 418 2861 464 2881; x_wconf 80' lang='lat' dir='ltr'>IN</span> <span class='ocrx_word' id='word_1_485' title='bbox 486 2860 846 2883; x_wconf 66' lang='lat' dir='ltr'>PRAESTANTIBUS</span> <span class='ocrx_word' id='word_1_486' title='bbox 864 2850 972 2886; x_wconf 82' lang='lat' dir='ltr'>rebus,</span> <span class='ocrx_word' id='word_1_487' title='bbox 996 2860 1103 2893; x_wconf 79' lang='lat' dir='ltr'>magna</span> 
     </span>
    </p>
   </div>
   <div class='ocr_carea' id='block_1_7' title="bbox 1139 253 1752 324">
    <p class='ocr_par' dir='ltr' id='par_1_10' title="bbox 1139 253 1752 324">
     <span class='ocr_line' id='line_1_57' title="bbox 1139 253 1752 324; baseline 0.013 -8"><span class='ocrx_word' id='word_1_488' title='bbox 1139 253 1752 324; x_wconf 80' lang='lat' dir='ltr'>CICERONIS</span> 
     </span>
    </p>
   </div>
   <div class='ocr_carea' id='block_1_8' title="bbox 1162 369 2102 733">
    <p class='ocr_par' dir='ltr' id='par_1_11' title="bbox 1162 369 2102 733">
     <span class='ocr_line' id='line_1_58' title="bbox 1163 369 2102 594; baseline 0.012 -10"><span class='ocrx_word' id='word_1_489' title='bbox 1163 369 2102 594; x_wconf 79' lang='lat' dir='ltr'>DBRUTUM</span> 
     </span>
     <span class='ocr_line' id='line_1_59' title="bbox 1162 638 1684 733; baseline 0.008 -6"><span class='ocrx_word' id='word_1_490' title='bbox 1162 638 1684 733; x_wconf 64' lang='lat' dir='ltr'>Tou„</span> 
     </span>
    </p>
   </div>
   <div class='ocr_carea' id='block_1_9' title="bbox 350 796 2104 846">
    <p class='ocr_par' dir='ltr' id='par_1_12' title="bbox 350 796 2104 846">
     <span class='ocr_line' id='line_1_60' title="bbox 350 796 2104 846; baseline 0.005 -16"><span class='ocrx_word' id='word_1_491' title='bbox 350 821 383 833; x_wconf 46' lang='grc' dir='ltr'>Ἣ,</span> <span class='ocrx_word' id='word_1_492' title='bbox 411 802 544 832; x_wconf 61' lang='lat' dir='ltr'>Tit-un</span> <span class='ocrx_word' id='word_1_493' title='bbox 557 799 738 835; x_wconf 82' lang='lat' dir='ltr'>difficilius,</span> <span class='ocrx_word' id='word_1_494' title='bbox 758 806 808 830; x_wconf 92' lang='lat' dir='ltr'>aut</span> <span class='ocrx_word' id='word_1_495' title='bbox 818 796 914 839; x_wconf 83' lang='lat' dir='ltr'>majus</span> <span class='ocrx_word' id='word_1_496' title='bbox 923 797 1110 842; x_wconf 65' lang='lat' dir='ltr'>essetnegare</span> <span class='ocrx_word' id='word_1_497' title='bbox 1131 799 1218 839; x_wconf 71' lang='lat' dir='ltr'>[sunt</span> <span class='ocrx_word' id='word_1_498' title='bbox 1227 811 1279 836; x_wconf 86' lang='lat' dir='ltr'>ea,</span> <span class='ocrx_word' id='word_1_499' title='bbox 1299 809 1366 843; x_wconf 87' lang='lat' dir='ltr'>quae</span> <span class='ocrx_word' id='word_1_500' title='bbox 1377 800 1734 842; x_wconf 84' lang='lat' dir='ltr'>suntoptimisproxima.</span> <span class='ocrx_word' id='word_1_501' title='bbox 1765 808 1887 846; x_wconf 83' lang='lat' dir='ltr'>Atquee</span> <span class='ocrx_word' id='word_1_502' title='bbox 1910 808 1971 837; x_wconf 85' lang='lat' dir='ltr'>oin</span> <span class='ocrx_word' id='word_1_503' title='bbox 1982 807 2104 839; x_wconf 86' lang='lat' dir='ltr'>summo</span> 
     </span>
    </p>
   </div>
   <div class='ocr_carea' id='block_1_10' title="bbox 1141 843 2105 2932">
    <p class='ocr_par' dir='ltr' id='par_1_13' title="bbox 1141 843 2105 2895">
     <span class='ocr_line' id='line_1_61' title="bbox 1148 843 2104 887; baseline 0.008 -13"><span class='ocrx_word' id='word_1_504' title='bbox 1148 852 1262 875; x_wconf 87' lang='lat' dir='ltr'>oratore</span> <span class='ocrx_word' id='word_1_505' title='bbox 1280 843 1426 884; x_wconf 85' lang='lat' dir='ltr'>fingendo</span> <span class='ocrx_word' id='word_1_506' title='bbox 1443 844 1534 874; x_wconf 85' lang='lat' dir='ltr'>talem</span> <span class='ocrx_word' id='word_1_507' title='bbox 1553 843 1726 875; x_wconf 86' lang='lat' dir='ltr'>informabo</span> <span class='ocrx_word' id='word_1_508' title='bbox 1740 866 1747 878; x_wconf 87' lang='lat'>‚</span> <span class='ocrx_word' id='word_1_509' title='bbox 1768 850 1861 887; x_wconf 83' lang='lat' dir='ltr'>qualis</span> <span class='ocrx_word' id='word_1_510' title='bbox 1894 848 1998 878; x_wconf 75' lang='lat' dir='ltr'>ortass&#39;e</span> <span class='ocrx_word' id='word_1_511' title='bbox 2011 860 2104 881; x_wconf 87' lang='lat' dir='ltr'>nemo</span> 
     </span>
     <span class='ocr_line' id='line_1_62' title="bbox 1147 885 2105 933; baseline 0.005 -16"><span class='ocrx_word' id='word_1_512' title='bbox 1147 886 1214 917; x_wconf 85' lang='lat' dir='ltr'>fuit.</span> <span class='ocrx_word' id='word_1_513' title='bbox 1239 889 1315 917; x_wconf 91' lang='lat' dir='ltr'>Non</span> <span class='ocrx_word' id='word_1_514' title='bbox 1325 887 1410 916; x_wconf 84' lang='lat' dir='ltr'>enim</span> <span class='ocrx_word' id='word_1_515' title='bbox 1421 895 1521 926; x_wconf 89' lang='lat' dir='ltr'>quaero</span> <span class='ocrx_word' id='word_1_516' title='bbox 1530 905 1538 919; x_wconf 91' lang='lat'>‚</span> <span class='ocrx_word' id='word_1_517' title='bbox 1550 887 1617 926; x_wconf 89' lang='lat' dir='ltr'>quis</span> <span class='ocrx_word' id='word_1_518' title='bbox 1627 885 1719 917; x_wconf 89' lang='lat' dir='ltr'>fuerit</span> <span class='ocrx_word' id='word_1_519' title='bbox 1729 907 1737 920; x_wconf 84' lang='lat'>‚</span> <span class='ocrx_word' id='word_1_520' title='bbox 1751 887 1798 918; x_wconf 87' lang='lat' dir='ltr'>sed</span> <span class='ocrx_word' id='word_1_521' title='bbox 1809 891 1879 929; x_wconf 84' lang='lat' dir='ltr'>quid</span> <span class='ocrx_word' id='word_1_522' title='bbox 1892 891 1925 920; x_wconf 85' lang='lat' dir='ltr'>s1t</span> <span class='ocrx_word' id='word_1_523' title='bbox 1934 890 2009 920; x_wconf 85' lang='lat' dir='ltr'>illud</span> <span class='ocrx_word' id='word_1_524' title='bbox 2019 911 2028 925; x_wconf 88' lang='lat'>‚</span> <span class='ocrx_word' id='word_1_525' title='bbox 2043 902 2105 933; x_wconf 89' lang='lat' dir='ltr'>quo</span> 
     </span>
     <span class='ocr_line' id='line_1_63' title="bbox 1148 925 2103 970; baseline 0.005 -12"><span class='ocrx_word' id='word_1_526' title='bbox 1148 928 1226 959; x_wconf 87' lang='lat' dir='ltr'>nihil</span> <span class='ocrx_word' id='word_1_527' title='bbox 1244 927 1331 969; x_wconf 80' lang='lat' dir='ltr'>poffit</span> <span class='ocrx_word' id='word_1_528' title='bbox 1345 925 1404 958; x_wconf 85' lang='lat' dir='ltr'>effe</span> <span class='ocrx_word' id='word_1_529' title='bbox 1422 926 1621 967; x_wconf 73' lang='lat' dir='ltr'>praestantius:</span> <span class='ocrx_word' id='word_1_530' title='bbox 1645 929 1727 969; x_wconf 92' lang='lat' dir='ltr'>quod</span> <span class='ocrx_word' id='word_1_531' title='bbox 1743 931 1773 959; x_wconf 90' lang='lat' dir='ltr'>in</span> <span class='ocrx_word' id='word_1_532' title='bbox 1784 935 1974 970; x_wconf 75' lang='lat' dir='ltr'>perpetuitate</span> <span class='ocrx_word' id='word_1_533' title='bbox 1983 932 2103 963; x_wconf 90' lang='lat' dir='ltr'>dicendi</span> 
     </span>
     <span class='ocr_line' id='line_1_64' title="bbox 1148 969 2104 1014; baseline 0.004 -13"><span class='ocrx_word' id='word_1_534' title='bbox 1148 981 1212 1001; x_wconf 91' lang='lat' dir='ltr'>non</span> <span class='ocrx_word' id='word_1_535' title='bbox 1222 971 1308 1011; x_wconf 85' lang='lat' dir='ltr'>saepe,</span> <span class='ocrx_word' id='word_1_536' title='bbox 1321 978 1406 1011; x_wconf 84' lang='lat' dir='ltr'>atque</span> <span class='ocrx_word' id='word_1_537' title='bbox 1414 969 1493 999; x_wconf 86' lang='lat' dir='ltr'>haud</span> <span class='ocrx_word' id='word_1_538' title='bbox 1503 970 1565 1000; x_wconf 90' lang='lat' dir='ltr'>scio</span> <span class='ocrx_word' id='word_1_539' title='bbox 1575 979 1614 1000; x_wconf 86' lang='lat' dir='ltr'>an</span> <span class='ocrx_word' id='word_1_540' title='bbox 1624 974 1815 1011; x_wconf 85' lang='lat' dir='ltr'>umquam‚in</span> <span class='ocrx_word' id='word_1_541' title='bbox 1826 973 1922 1014; x_wconf 87' lang='lat' dir='ltr'>aliqua</span> <span class='ocrx_word' id='word_1_542' title='bbox 1932 982 2028 1003; x_wconf 88' lang='lat' dir='ltr'>autem</span> <span class='ocrx_word' id='word_1_543' title='bbox 2041 984 2104 1014; x_wconf 88' lang='lat' dir='ltr'>par-</span> 
     </span>
     <span class='ocr_line' id='line_1_65' title="bbox 1147 1011 2105 1054; baseline 0.002 -11"><span class='ocrx_word' id='word_1_544' title='bbox 1147 1022 1175 1043; x_wconf 90' lang='lat' dir='ltr'>te</span> <span class='ocrx_word' id='word_1_545' title='bbox 1194 1013 1308 1043; x_wconf 89' lang='lat' dir='ltr'>eluceat</span> <span class='ocrx_word' id='word_1_546' title='bbox 1324 1011 1483 1053; x_wconf 87' lang='lat' dir='ltr'>aliquando</span> <span class='ocrx_word' id='word_1_547' title='bbox 1494 1031 1503 1044; x_wconf 93' lang='lat'>,</span> <span class='ocrx_word' id='word_1_548' title='bbox 1526 1011 1609 1042; x_wconf 89' lang='lat' dir='ltr'>idem</span> <span class='ocrx_word' id='word_1_549' title='bbox 1617 1013 1694 1052; x_wconf 85' lang='lat' dir='ltr'>apud</span> <span class='ocrx_word' id='word_1_550' title='bbox 1703 1013 1778 1043; x_wconf 90' lang='lat' dir='ltr'>alios</span> <span class='ocrx_word' id='word_1_551' title='bbox 1789 1013 1905 1045; x_wconf 82' lang='lat' dir='ltr'>densius</span> <span class='ocrx_word' id='word_1_552' title='bbox 1916 1035 1924 1048; x_wconf 90' lang='lat'><em>,</em></span> <span class='ocrx_word' id='word_1_553' title='bbox 1943 1015 2019 1054; x_wconf 88' lang='lat' dir='ltr'>apud</span> <span class='ocrx_word' id='word_1_554' title='bbox 2030 1017 2105 1047; x_wconf 75' lang='lat' dir='ltr'>alios</span> 
     </span>
     <span class='ocr_line' id='line_1_66' title="bbox 1145 1050 2105 1097; baseline 0.002 -12"><span class='ocrx_word' id='word_1_555' title='bbox 1145 1050 1263 1085; x_wconf 78' lang='lat' dir='ltr'>fortasse</span> <span class='ocrx_word' id='word_1_556' title='bbox 1272 1055 1374 1085; x_wconf 88' lang='lat' dir='ltr'>rarius.</span> <span class='ocrx_word' id='word_1_557' title='bbox 1407 1052 1463 1084; x_wconf 87' lang='lat' dir='ltr'>Sed</span> <span class='ocrx_word' id='word_1_558' title='bbox 1474 1063 1529 1094; x_wconf 86' lang='lat' dir='ltr'>ego</span> <span class='ocrx_word' id='word_1_559' title='bbox 1539 1051 1576 1083; x_wconf 87' lang='lat' dir='ltr'>fic</span> <span class='ocrx_word' id='word_1_560' title='bbox 1586 1053 1681 1084; x_wconf 87' lang='lat' dir='ltr'>statuo</span> <span class='ocrx_word' id='word_1_561' title='bbox 1693 1074 1701 1087; x_wconf 90' lang='lat'><em>,</em></span> <span class='ocrx_word' id='word_1_562' title='bbox 1725 1055 1803 1085; x_wconf 86' lang='lat' dir='ltr'>nihil</span> <span class='ocrx_word' id='word_1_563' title='bbox 1813 1054 1872 1086; x_wconf 82' lang='lat' dir='ltr'>effe</span> <span class='ocrx_word' id='word_1_564' title='bbox 1880 1059 1913 1086; x_wconf 92' lang='lat' dir='ltr'>in</span> <span class='ocrx_word' id='word_1_565' title='bbox 1924 1056 1988 1087; x_wconf 90' lang='lat' dir='ltr'>ullo</span> <span class='ocrx_word' id='word_1_566' title='bbox 1997 1068 2105 1097; x_wconf 75' lang='lat' dir='ltr'>genere</span> 
     </span>
     <span class='ocr_line' id='line_1_67' title="bbox 1146 1095 2105 1138; baseline 0.001 -11"><span class='ocrx_word' id='word_1_567' title='bbox 1146 1105 1208 1128; x_wconf 86' lang='lat' dir='ltr'>tarn</span> <span class='ocrx_word' id='word_1_568' title='bbox 1215 1096 1346 1138; x_wconf 84' lang='lat' dir='ltr'>pulcrum</span> <span class='ocrx_word' id='word_1_569' title='bbox 1355 1096 1368 1130; x_wconf 57' lang='lat'>‚‘</span> <span class='ocrx_word' id='word_1_570' title='bbox 1375 1105 1437 1136; x_wconf 91' lang='lat' dir='ltr'>quo</span> <span class='ocrx_word' id='word_1_571' title='bbox 1447 1105 1511 1125; x_wconf 91' lang='lat' dir='ltr'>non</span> <span class='ocrx_word' id='word_1_572' title='bbox 1519 1096 1651 1135; x_wconf 89' lang='lat' dir='ltr'>pulcrius</span> <span class='ocrx_word' id='word_1_573' title='bbox 1662 1095 1692 1126; x_wconf 92' lang='lat' dir='ltr'>id</span> <span class='ocrx_word' id='word_1_574' title='bbox 1703 1095 1735 1126; x_wconf 78' lang='lat' dir='ltr'>sit</span> <span class='ocrx_word' id='word_1_575' title='bbox 1746 1117 1754 1130; x_wconf 93' lang='lat'>,</span> <span class='ocrx_word' id='word_1_576' title='bbox 1766 1097 1846 1128; x_wconf 90' lang='lat' dir='ltr'>unde</span> <span class='ocrx_word' id='word_1_577' title='bbox 1854 1098 1931 1129; x_wconf 88' lang='lat' dir='ltr'>illud</span> <span class='ocrx_word' id='word_1_578' title='bbox 1943 1120 1951 1132; x_wconf 91' lang='lat'>‚</span> <span class='ocrx_word' id='word_1_579' title='bbox 1962 1107 1994 1128; x_wconf 89' lang='lat' dir='ltr'>ut</span> <span class='ocrx_word' id='word_1_580' title='bbox 2004 1109 2042 1129; x_wconf 84' lang='lat' dir='ltr'>ex</span> <span class='ocrx_word' id='word_1_581' title='bbox 2052 1109 2105 1129; x_wconf 78' lang='lat' dir='ltr'>ore</span> 
     </span>
     <span class='ocr_line' id='line_1_68' title="bbox 1145 1136 2104 1181; baseline 0.001 -13"><span class='ocrx_word' id='word_1_582' title='bbox 1145 1139 1258 1180; x_wconf 85' lang='lat' dir='ltr'>aliquo,</span> <span class='ocrx_word' id='word_1_583' title='bbox 1271 1136 1349 1180; x_wconf 80' lang='lat' dir='ltr'>quasi</span> <span class='ocrx_word' id='word_1_584' title='bbox 1358 1139 1469 1178; x_wconf 85' lang='lat' dir='ltr'>imago,</span> <span class='ocrx_word' id='word_1_585' title='bbox 1481 1139 1677 1177; x_wconf 81' lang='lat' dir='ltr'>exprimatur,</span> <span class='ocrx_word' id='word_1_586' title='bbox 1688 1138 1769 1178; x_wconf 90' lang='lat' dir='ltr'>quod</span> <span class='ocrx_word' id='word_1_587' title='bbox 1781 1149 1876 1180; x_wconf 91' lang='lat' dir='ltr'>neque</span> <span class='ocrx_word' id='word_1_588' title='bbox 1887 1142 1994 1173; x_wconf 81' lang='lat' dir='ltr'>oculis,</span> <span class='ocrx_word' id='word_1_589' title='bbox 2007 1150 2104 1181; x_wconf 77' lang='lat' dir='ltr'>neque</span> 
     </span>
     <span class='ocr_line' id='line_1_69' title="bbox 1144 1179 2104 1223; baseline 0.002 -12"><span class='ocrx_word' id='word_1_590' title='bbox 1144 1181 1266 1211; x_wconf 89' lang='lat' dir='ltr'>auribus</span> <span class='ocrx_word' id='word_1_591' title='bbox 1279 1201 1287 1213; x_wconf 83' lang='grc'><strong><em>,</em></strong></span> <span class='ocrx_word' id='word_1_592' title='bbox 1305 1189 1403 1221; x_wconf 88' lang='lat' dir='ltr'>neque</span> <span class='ocrx_word' id='word_1_593' title='bbox 1413 1179 1478 1209; x_wconf 83' lang='lat' dir='ltr'>ullo</span> <span class='ocrx_word' id='word_1_594' title='bbox 1489 1179 1573 1209; x_wconf 89' lang='lat' dir='ltr'>sensu</span> <span class='ocrx_word' id='word_1_595' title='bbox 1582 1181 1693 1219; x_wconf 83' lang='lat' dir='ltr'>percipi</span> <span class='ocrx_word' id='word_1_596' title='bbox 1702 1179 1815 1220; x_wconf 84' lang='lat' dir='ltr'>potest:</span> <span class='ocrx_word' id='word_1_597' title='bbox 1838 1184 2020 1223; x_wconf 84' lang='lat' dir='ltr'>cogitatione</span> <span class='ocrx_word' id='word_1_598' title='bbox 2040 1191 2104 1213; x_wconf 88' lang='lat' dir='ltr'>tan-</span> 
     </span>
     <span class='ocr_line' id='line_1_70' title="bbox 1146 1220 2103 1263; baseline 0.001 -10"><span class='ocrx_word' id='word_1_599' title='bbox 1146 1222 1213 1253; x_wconf 84' lang='lat' dir='ltr'>tum</span> <span class='ocrx_word' id='word_1_600' title='bbox 1226 1243 1234 1256; x_wconf 90' lang='lat'>‚</span> <span class='ocrx_word' id='word_1_601' title='bbox 1256 1222 1290 1253; x_wconf 90' lang='lat'>&amp;</span> <span class='ocrx_word' id='word_1_602' title='bbox 1298 1230 1402 1252; x_wconf 88' lang='lat' dir='ltr'>mente</span> <span class='ocrx_word' id='word_1_603' title='bbox 1411 1220 1655 1261; x_wconf 65' lang='lat' dir='ltr'>complestimur.</span> <span class='ocrx_word' id='word_1_604' title='bbox 1678 1225 1780 1263; x_wconf 87' lang='lat' dir='ltr'>Itaque</span> <span class='ocrx_word' id='word_1_605' title='bbox 1800 1223 1833 1254; x_wconf 85' lang='lat'>&amp;</span> <span class='ocrx_word' id='word_1_606' title='bbox 1851 1224 1964 1255; x_wconf 85' lang='lat' dir='ltr'>Phidiae</span> <span class='ocrx_word' id='word_1_607' title='bbox 1984 1222 2103 1254; x_wconf 50' lang='lat' dir='ltr'>simula*</span> 
     </span>
     <span class='ocr_line' id='line_1_71' title="bbox 1146 1263 2104 1306; baseline 0.001 -11"><span class='ocrx_word' id='word_1_608' title='bbox 1146 1266 1202 1295; x_wconf 85' lang='lat' dir='ltr'>cris</span> <span class='ocrx_word' id='word_1_609' title='bbox 1213 1285 1222 1298; x_wconf 86' lang='lat'>‚</span> <span class='ocrx_word' id='word_1_610' title='bbox 1234 1264 1344 1306; x_wconf 88' lang='lat' dir='ltr'>quibus</span> <span class='ocrx_word' id='word_1_611' title='bbox 1354 1263 1432 1294; x_wconf 80' lang='lat' dir='ltr'>nihil</span> <span class='ocrx_word' id='word_1_612' title='bbox 1443 1265 1476 1293; x_wconf 89' lang='lat' dir='ltr'>in</span> <span class='ocrx_word' id='word_1_613' title='bbox 1484 1263 1541 1293; x_wconf 88' lang='lat' dir='ltr'>illo</span> <span class='ocrx_word' id='word_1_614' title='bbox 1549 1273 1657 1305; x_wconf 82' lang='lat' dir='ltr'>genere</span> <span class='ocrx_word' id='word_1_615' title='bbox 1667 1263 1827 1303; x_wconf 72' lang='lat' dir='ltr'>perfeffius</span> <span class='ocrx_word' id='word_1_616' title='bbox 1835 1266 1977 1296; x_wconf 83' lang='lat' dir='ltr'>videmus</span> <span class='ocrx_word' id='word_1_617' title='bbox 1988 1286 1996 1299; x_wconf 92' lang='lat'>‚</span> <span class='ocrx_word' id='word_1_618' title='bbox 2013 1267 2046 1296; x_wconf 75' lang='grc' dir='ltr'>ὅτ,</span> <span class='ocrx_word' id='word_1_619' title='bbox 2055 1268 2104 1296; x_wconf 80' lang='lat' dir='ltr'>his</span> 
     </span>
     <span class='ocr_line' id='line_1_72' title="bbox 1145 1306 2101 1347; baseline 0.001 -11"><span class='ocrx_word' id='word_1_620' title='bbox 1145 1306 1282 1347; x_wconf 58' lang='lat' dir='ltr'>picturis,</span> <span class='ocrx_word' id='word_1_621' title='bbox 1290 1316 1365 1347; x_wconf 83' lang='lat' dir='ltr'>quas</span> <span class='ocrx_word' id='word_1_622' title='bbox 1375 1307 1546 1338; x_wconf 87' lang='lat' dir='ltr'>nominavi,</span> <span class='ocrx_word' id='word_1_623' title='bbox 1557 1307 1684 1346; x_wconf 81' lang='lat' dir='ltr'>cogitare</span> <span class='ocrx_word' id='word_1_624' title='bbox 1694 1314 1796 1336; x_wconf 88' lang='lat' dir='ltr'>tamen</span> <span class='ocrx_word' id='word_1_625' title='bbox 1804 1306 1959 1346; x_wconf 63' lang='lat' dir='ltr'>possumus</span> <span class='ocrx_word' id='word_1_626' title='bbox 1969 1308 2101 1347; x_wconf 69' lang='lat' dir='ltr'>pulcrio-</span> 
     </span>
     <span class='ocr_line' id='line_1_73' title="bbox 1144 1345 2103 1390; baseline 0.001 -11"><span class='ocrx_word' id='word_1_627' title='bbox 1144 1359 1184 1379; x_wconf 86' lang='lat' dir='ltr'>ra.</span> <span class='ocrx_word' id='word_1_628' title='bbox 1216 1350 1284 1379; x_wconf 91' lang='lat' dir='ltr'>Nec</span> <span class='ocrx_word' id='word_1_629' title='bbox 1300 1347 1373 1378; x_wconf 78' lang='lat' dir='ltr'>vero</span> <span class='ocrx_word' id='word_1_630' title='bbox 1387 1348 1437 1377; x_wconf 89' lang='lat' dir='ltr'>ille</span> <span class='ocrx_word' id='word_1_631' title='bbox 1445 1346 1552 1377; x_wconf 84' lang='lat' dir='ltr'>artifex</span> <span class='ocrx_word' id='word_1_632' title='bbox 1562 1367 1571 1381; x_wconf 88' lang='lat'>‚</span> <span class='ocrx_word' id='word_1_633' title='bbox 1591 1345 1662 1377; x_wconf 76' lang='lat' dir='ltr'>cum</span> <span class='ocrx_word' id='word_1_634' title='bbox 1674 1346 1871 1390; x_wconf 82' lang='lat' dir='ltr'>faceretJovis</span> <span class='ocrx_word' id='word_1_635' title='bbox 1882 1348 2011 1380; x_wconf 86' lang='lat' dir='ltr'>formam</span> <span class='ocrx_word' id='word_1_636' title='bbox 2023 1371 2032 1383; x_wconf 84' lang='lat'><em>.</em></span> <span class='ocrx_word' id='word_1_637' title='bbox 2055 1358 2103 1380; x_wconf 87' lang='lat' dir='ltr'>aut</span> 
     </span>
     <span class='ocr_line' id='line_1_74' title="bbox 1145 1388 2104 1430; baseline 0.001 -9"><span class='ocrx_word' id='word_1_638' title='bbox 1145 1392 1292 1421; x_wconf 75' lang='lat' dir='ltr'>Minervae</span> <span class='ocrx_word' id='word_1_639' title='bbox 1303 1411 1311 1424; x_wconf 92' lang='lat'>‚</span> <span class='ocrx_word' id='word_1_640' title='bbox 1334 1388 1592 1429; x_wconf 85' lang='lat' dir='ltr'>contemplabatur</span> <span class='ocrx_word' id='word_1_641' title='bbox 1600 1389 1731 1430; x_wconf 85' lang='lat' dir='ltr'>aliquem</span> <span class='ocrx_word' id='word_1_642' title='bbox 1744 1411 1752 1422; x_wconf 97' lang='lat'><em>,</em></span> <span class='ocrx_word' id='word_1_643' title='bbox 1773 1389 1789 1420; x_wconf 76' lang='grc' dir='ltr'>ὲ</span> <span class='ocrx_word' id='word_1_644' title='bbox 1800 1400 1861 1430; x_wconf 90' lang='lat' dir='ltr'>quo</span> <span class='ocrx_word' id='word_1_645' title='bbox 1870 1389 2104 1422; x_wconf 79' lang='lat' dir='ltr'>similitudinem</span> 
     </span>
     <span class='ocr_line' id='line_1_75' title="bbox 1145 1429 2105 1472; baseline 0 -9"><span class='ocrx_word' id='word_1_646' title='bbox 1145 1432 1282 1463; x_wconf 86' lang='lat' dir='ltr'>duceret:</span> <span class='ocrx_word' id='word_1_647' title='bbox 1304 1432 1354 1462; x_wconf 90' lang='lat' dir='ltr'>sed</span> <span class='ocrx_word' id='word_1_648' title='bbox 1372 1430 1461 1472; x_wconf 81' lang='lat' dir='ltr'>ipsius</span> <span class='ocrx_word' id='word_1_649' title='bbox 1470 1433 1502 1461; x_wconf 89' lang='lat' dir='ltr'>in</span> <span class='ocrx_word' id='word_1_650' title='bbox 1512 1440 1615 1462; x_wconf 85' lang='lat' dir='ltr'>mente</span> <span class='ocrx_word' id='word_1_651' title='bbox 1624 1429 1767 1462; x_wconf 84' lang='lat' dir='ltr'>insidebat</span> <span class='ocrx_word' id='word_1_652' title='bbox 1774 1432 1883 1471; x_wconf 85' lang='lat' dir='ltr'>species</span> <span class='ocrx_word' id='word_1_653' title='bbox 1893 1433 2105 1472; x_wconf 79' lang='lat' dir='ltr'>pulcritudinis</span> 
     </span>
     <span class='ocr_line' id='line_1_76' title="bbox 1146 1473 2103 1515; baseline 0 -10"><span class='ocrx_word' id='word_1_654' title='bbox 1146 1476 1263 1505; x_wconf 86' lang='lat' dir='ltr'>eximia</span> <span class='ocrx_word' id='word_1_655' title='bbox 1270 1474 1406 1515; x_wconf 87' lang='lat' dir='ltr'>quaedam</span> <span class='ocrx_word' id='word_1_656' title='bbox 1418 1494 1426 1508; x_wconf 93' lang='lat'>‚</span> <span class='ocrx_word' id='word_1_657' title='bbox 1439 1473 1532 1514; x_wconf 72' lang='lat' dir='ltr'>quam</span> <span class='ocrx_word' id='word_1_658' title='bbox 1541 1474 1673 1506; x_wconf 77' lang='lat' dir='ltr'>intuens,</span> <span class='ocrx_word' id='word_1_659' title='bbox 1685 1474 1719 1503; x_wconf 90' lang='lat' dir='ltr'>in</span> <span class='ocrx_word' id='word_1_660' title='bbox 1729 1483 1819 1514; x_wconf 88' lang='lat' dir='ltr'>eaque</span> <span class='ocrx_word' id='word_1_661' title='bbox 1829 1473 1944 1505; x_wconf 81' lang='lat' dir='ltr'>defixus</span> <span class='ocrx_word' id='word_1_662' title='bbox 1956 1495 1963 1508; x_wconf 85' lang='lat'>,</span> <span class='ocrx_word' id='word_1_663' title='bbox 1975 1475 2010 1505; x_wconf 88' lang='lat' dir='ltr'>ad</span> <span class='ocrx_word' id='word_1_664' title='bbox 2020 1476 2103 1505; x_wconf 86' lang='lat' dir='ltr'>illius</span> 
     </span>
     <span class='ocr_line' id='line_1_77' title="bbox 1146 1514 2101 1558; baseline 0.001 -12"><span class='ocrx_word' id='word_1_665' title='bbox 1146 1516 1395 1549; x_wconf 79' lang='lat' dir='ltr'>similitudinem,</span> <span class='ocrx_word' id='word_1_666' title='bbox 1413 1524 1507 1546; x_wconf 91' lang='lat' dir='ltr'>artem</span> <span class='ocrx_word' id='word_1_667' title='bbox 1519 1537 1527 1548; x_wconf 88' lang='lat'><em>,</em></span> <span class='ocrx_word' id='word_1_668' title='bbox 1540 1515 1573 1545; x_wconf 76' lang='grc' dir='ltr'>ὅτ,</span> <span class='ocrx_word' id='word_1_669' title='bbox 1583 1524 1709 1545; x_wconf 86' lang='lat' dir='ltr'>manum</span> <span class='ocrx_word' id='word_1_670' title='bbox 1722 1514 1873 1556; x_wconf 89' lang='lat' dir='ltr'>dirigebat.</span> <span class='ocrx_word' id='word_1_671' title='bbox 1918 1519 1962 1546; x_wconf 85' lang='lat' dir='ltr'>Ut</span> <span class='ocrx_word' id='word_1_672' title='bbox 1971 1518 2060 1558; x_wconf 86' lang='lat' dir='ltr'>igitur</span> <span class='ocrx_word' id='word_1_673' title='bbox 2069 1519 2101 1548; x_wconf 86' lang='lat' dir='ltr'>in</span> 
     </span>
     <span class='ocr_line' id='line_1_78' title="bbox 1144 1555 2103 1600; baseline -0.001 -11"><span class='ocrx_word' id='word_1_674' title='bbox 1144 1558 1266 1592; x_wconf 87' lang='lat' dir='ltr'>formis,</span> <span class='ocrx_word' id='word_1_675' title='bbox 1279 1558 1311 1589; x_wconf 88' lang='lat'>&amp;</span> <span class='ocrx_word' id='word_1_676' title='bbox 1321 1556 1422 1600; x_wconf 88' lang='lat' dir='ltr'>figuris</span> <span class='ocrx_word' id='word_1_677' title='bbox 1433 1556 1476 1588; x_wconf 89' lang='lat' dir='ltr'>est</span> <span class='ocrx_word' id='word_1_678' title='bbox 1485 1556 1596 1598; x_wconf 89' lang='lat' dir='ltr'>aliquid</span> <span class='ocrx_word' id='word_1_679' title='bbox 1604 1555 1781 1596; x_wconf 66' lang='lat' dir='ltr'>persestum‚</span> <span class='ocrx_word' id='word_1_680' title='bbox 1795 1558 1827 1588; x_wconf 75' lang='grc' dir='ltr'>δε</span> <span class='ocrx_word' id='word_1_681' title='bbox 1837 1558 1987 1589; x_wconf 79' lang='lat' dir='ltr'>excellens</span> <span class='ocrx_word' id='word_1_682' title='bbox 1999 1579 2006 1591; x_wconf 85' lang='lat'>‚</span> <span class='ocrx_word' id='word_1_683' title='bbox 2017 1560 2103 1597; x_wconf 78' lang='lat' dir='ltr'>cujus</span> 
     </span>
     <span class='ocr_line' id='line_1_79' title="bbox 1143 1598 2103 1642; baseline 0 -11"><span class='ocrx_word' id='word_1_684' title='bbox 1143 1600 1180 1632; x_wconf 89' lang='lat' dir='ltr'>ad</span> <span class='ocrx_word' id='word_1_685' title='bbox 1198 1602 1358 1642; x_wconf 89' lang='lat' dir='ltr'>cogitatam</span> <span class='ocrx_word' id='word_1_686' title='bbox 1376 1600 1505 1639; x_wconf 89' lang='lat' dir='ltr'>speciem</span> <span class='ocrx_word' id='word_1_687' title='bbox 1526 1598 1673 1629; x_wconf 83' lang='lat' dir='ltr'>imitando</span> <span class='ocrx_word' id='word_1_688' title='bbox 1690 1598 1861 1629; x_wconf 87' lang='lat' dir='ltr'>referuntur</span> <span class='ocrx_word' id='word_1_689' title='bbox 1875 1610 1908 1630; x_wconf 84' lang='lat' dir='ltr'>ea</span> <span class='ocrx_word' id='word_1_690' title='bbox 1918 1620 1927 1633; x_wconf 78' lang='grc'><em>,</em></span> <span class='ocrx_word' id='word_1_691' title='bbox 1947 1603 1962 1619; x_wconf 78' lang='lat'><em>2</em></span> <span class='ocrx_word' id='word_1_692' title='bbox 1973 1610 2037 1641; x_wconf 85' lang='lat' dir='ltr'>quae</span> <span class='ocrx_word' id='word_1_693' title='bbox 2048 1601 2103 1631; x_wconf 85' lang='lat' dir='ltr'>sub</span> 
     </span>
     <span class='ocr_line' id='line_1_80' title="bbox 1144 1639 2103 1682; baseline -0.001 -9"><span class='ocrx_word' id='word_1_694' title='bbox 1144 1643 1249 1673; x_wconf 90' lang='lat' dir='ltr'>oculos</span> <span class='ocrx_word' id='word_1_695' title='bbox 1260 1643 1321 1682; x_wconf 87' lang='lat' dir='ltr'>ipsa</span> <span class='ocrx_word' id='word_1_696' title='bbox 1328 1642 1439 1672; x_wconf 88' lang='lat' dir='ltr'>cadunt</span> <span class='ocrx_word' id='word_1_697' title='bbox 1449 1652 1454 1671; x_wconf 87' lang='lat'>:</span> <span class='ocrx_word' id='word_1_698' title='bbox 1477 1640 1515 1672; x_wconf 86' lang='lat' dir='ltr'>fic</span> <span class='ocrx_word' id='word_1_699' title='bbox 1523 1639 1661 1681; x_wconf 73' lang='lat' dir='ltr'>perfe&amp;ae</span> <span class='ocrx_word' id='word_1_700' title='bbox 1671 1641 1850 1682; x_wconf 76' lang='lat' dir='ltr'>eloquentiae</span> <span class='ocrx_word' id='word_1_701' title='bbox 1859 1642 1988 1681; x_wconf 84' lang='lat' dir='ltr'>speciem</span> <span class='ocrx_word' id='word_1_702' title='bbox 1999 1644 2103 1673; x_wconf 86' lang='lat' dir='ltr'>animo</span> 
     </span>
     <span class='ocr_line' id='line_1_81' title="bbox 1142 1682 2104 1725; baseline 0 -10"><span class='ocrx_word' id='word_1_703' title='bbox 1142 1684 1282 1715; x_wconf 83' lang='lat' dir='ltr'>videmus</span> <span class='ocrx_word' id='word_1_704' title='bbox 1294 1704 1303 1718; x_wconf 86' lang='lat'>‚</span> <span class='ocrx_word' id='word_1_705' title='bbox 1322 1682 1456 1725; x_wconf 81' lang='lat' dir='ltr'>effigiem</span> <span class='ocrx_word' id='word_1_706' title='bbox 1465 1683 1585 1714; x_wconf 84' lang='lat' dir='ltr'>auribus</span> <span class='ocrx_word' id='word_1_707' title='bbox 1593 1685 1767 1723; x_wconf 78' lang='lat' dir='ltr'>quaerimus.</span> <span class='ocrx_word' id='word_1_708' title='bbox 1792 1685 1853 1713; x_wconf 83' lang='lat' dir='ltr'>Has</span> <span class='ocrx_word' id='word_1_709' title='bbox 1870 1694 1971 1714; x_wconf 88' lang='lat' dir='ltr'>rerum</span> <span class='ocrx_word' id='word_1_710' title='bbox 1989 1683 2104 1715; x_wconf 76' lang='lat' dir='ltr'>formas</span> 
     </span>
     <span class='ocr_line' id='line_1_82' title="bbox 1142 1724 2102 1766; baseline 0 -9"><span class='ocrx_word' id='word_1_711' title='bbox 1142 1727 1269 1766; x_wconf 84' lang='lat' dir='ltr'>appellat</span> <span class='ocrx_word' id='word_1_712' title='bbox 1279 1726 1351 1755; x_wconf 74' lang='lat' dir='ltr'>ideas</span> <span class='ocrx_word' id='word_1_713' title='bbox 1361 1727 1413 1756; x_wconf 85' lang='lat' dir='ltr'>ille</span> <span class='ocrx_word' id='word_1_714' title='bbox 1423 1735 1488 1756; x_wconf 88' lang='lat' dir='ltr'>non</span> <span class='ocrx_word' id='word_1_715' title='bbox 1496 1724 1687 1766; x_wconf 88' lang='lat' dir='ltr'>intelligendi</span> <span class='ocrx_word' id='word_1_716' title='bbox 1697 1724 1798 1755; x_wconf 75' lang='lat' dir='ltr'>solum</span> <span class='ocrx_word' id='word_1_717' title='bbox 1809 1745 1818 1759; x_wconf 86' lang='lat'><strong>,</strong></span> <span class='ocrx_word' id='word_1_718' title='bbox 1838 1725 1887 1756; x_wconf 90' lang='lat' dir='ltr'>sed</span> <span class='ocrx_word' id='word_1_719' title='bbox 1898 1728 1988 1756; x_wconf 88' lang='lat' dir='ltr'>etiam</span> <span class='ocrx_word' id='word_1_720' title='bbox 1999 1726 2102 1757; x_wconf 87' lang='lat' dir='ltr'>dicen-</span> 
     </span>
     <span class='ocr_line' id='line_1_83' title="bbox 1143 1765 2103 1810; baseline 0 -12"><span class='ocrx_word' id='word_1_721' title='bbox 1143 1768 1174 1798; x_wconf 90' lang='lat' dir='ltr'>di</span> <span class='ocrx_word' id='word_1_722' title='bbox 1186 1767 1369 1809; x_wconf 79' lang='lat' dir='ltr'>graviffimus</span> <span class='ocrx_word' id='word_1_723' title='bbox 1379 1767 1484 1798; x_wconf 65' lang='grc' dir='ltr'>3υᾶοτ</span> <span class='ocrx_word' id='word_1_724' title='bbox 1493 1787 1502 1801; x_wconf 84' lang='grc'>,</span> <span class='ocrx_word' id='word_1_725' title='bbox 1522 1766 1556 1798; x_wconf 88' lang='lat'>&amp;</span> <span class='ocrx_word' id='word_1_726' title='bbox 1565 1765 1714 1808; x_wconf 80' lang='lat' dir='ltr'>magister,</span> <span class='ocrx_word' id='word_1_727' title='bbox 1726 1767 1824 1798; x_wconf 86' lang='lat' dir='ltr'>Plato:</span> <span class='ocrx_word' id='word_1_728' title='bbox 1844 1767 1948 1809; x_wconf 84' lang='lat' dir='ltr'>easque</span> <span class='ocrx_word' id='word_1_729' title='bbox 1957 1770 2039 1810; x_wconf 83' lang='lat' dir='ltr'>gigni</span> <span class='ocrx_word' id='word_1_730' title='bbox 2049 1778 2103 1798; x_wconf 77' lang='lat' dir='ltr'>ne-</span> 
     </span>
     <span class='ocr_line' id='line_1_84' title="bbox 1142 1807 2102 1852; baseline -0.002 -12"><span class='ocrx_word' id='word_1_731' title='bbox 1142 1810 1238 1852; x_wconf 87' lang='lat' dir='ltr'>gat,&amp;</span> <span class='ocrx_word' id='word_1_732' title='bbox 1248 1812 1288 1840; x_wconf 83' lang='lat' dir='ltr'>ait</span> <span class='ocrx_word' id='word_1_733' title='bbox 1296 1810 1412 1850; x_wconf 85' lang='lat' dir='ltr'>semper</span> <span class='ocrx_word' id='word_1_734' title='bbox 1421 1807 1491 1842; x_wconf 87' lang='lat' dir='ltr'>effe,</span> <span class='ocrx_word' id='word_1_735' title='bbox 1504 1819 1536 1839; x_wconf 86' lang='lat' dir='ltr'>ac</span> <span class='ocrx_word' id='word_1_736' title='bbox 1545 1810 1670 1842; x_wconf 86' lang='lat' dir='ltr'>ratione,</span> <span class='ocrx_word' id='word_1_737' title='bbox 1684 1808 1717 1839; x_wconf 90' lang='lat'>&amp;</span> <span class='ocrx_word' id='word_1_738' title='bbox 1726 1809 1925 1850; x_wconf 87' lang='lat' dir='ltr'>intelligentia</span> <span class='ocrx_word' id='word_1_739' title='bbox 1932 1812 2083 1841; x_wconf 85' lang='lat' dir='ltr'>contineri</span> <span class='ocrx_word' id='word_1_740' title='bbox 2096 1821 2102 1838; x_wconf 68' lang='grc' dir='ltr'>ς</span> 
     </span>
     <span class='ocr_line' id='line_1_85' title="bbox 1142 1849 2102 1887; baseline 0.001 -5"><span class='ocrx_word' id='word_1_741' title='bbox 1142 1860 1237 1883; x_wconf 88' lang='lat' dir='ltr'>cetera</span> <span class='ocrx_word' id='word_1_742' title='bbox 1245 1852 1324 1882; x_wconf 84' lang='lat' dir='ltr'>nasci</span> <span class='ocrx_word' id='word_1_743' title='bbox 1335 1871 1344 1885; x_wconf 89' lang='lat'>‚</span> <span class='ocrx_word' id='word_1_744' title='bbox 1354 1851 1501 1885; x_wconf 86' lang='lat' dir='ltr'>occidere,</span> <span class='ocrx_word' id='word_1_745' title='bbox 1513 1849 1616 1885; x_wconf 83' lang='lat' dir='ltr'>fluere,</span> <span class='ocrx_word' id='word_1_746' title='bbox 1627 1850 1686 1881; x_wconf 86' lang='lat' dir='ltr'>labi</span> <span class='ocrx_word' id='word_1_747' title='bbox 1698 1863 1707 1885; x_wconf 74' lang='lat'>3</span> <span class='ocrx_word' id='word_1_748' title='bbox 1720 1861 1776 1881; x_wconf 90' lang='lat' dir='ltr'>nec</span> <span class='ocrx_word' id='word_1_749' title='bbox 1785 1850 1898 1882; x_wconf 83' lang='lat' dir='ltr'>diutius</span> <span class='ocrx_word' id='word_1_750' title='bbox 1907 1850 1965 1882; x_wconf 75' lang='lat' dir='ltr'>esse</span> <span class='ocrx_word' id='word_1_751' title='bbox 1976 1862 2038 1883; x_wconf 89' lang='lat' dir='ltr'>uno</span> <span class='ocrx_word' id='word_1_752' title='bbox 2048 1873 2056 1887; x_wconf 90' lang='lat'>‚</span> <span class='ocrx_word' id='word_1_753' title='bbox 2068 1853 2102 1883; x_wconf 64' lang='lat' dir='ltr'>Sc</span> 
     </span>
     <span class='ocr_line' id='line_1_86' title="bbox 1143 1892 2101 1934; baseline 0.001 -10"><span class='ocrx_word' id='word_1_754' title='bbox 1143 1894 1252 1924; x_wconf 85' lang='lat' dir='ltr'>eodem</span> <span class='ocrx_word' id='word_1_755' title='bbox 1264 1892 1350 1924; x_wconf 86' lang='lat' dir='ltr'>statu.</span> <span class='ocrx_word' id='word_1_756' title='bbox 1405 1892 1530 1934; x_wconf 86' lang='lat' dir='ltr'>uidquid</span> <span class='ocrx_word' id='word_1_757' title='bbox 1542 1892 1691 1933; x_wconf 66' lang='lat' dir='ltr'>esi-igitur,</span> <span class='ocrx_word' id='word_1_758' title='bbox 1703 1892 1740 1922; x_wconf 92' lang='lat' dir='ltr'>de</span> <span class='ocrx_word' id='word_1_759' title='bbox 1749 1903 1811 1933; x_wconf 92' lang='lat' dir='ltr'>quo</span> <span class='ocrx_word' id='word_1_760' title='bbox 1819 1894 1945 1927; x_wconf 83' lang='lat' dir='ltr'>ratione,</span> <span class='ocrx_word' id='word_1_761' title='bbox 1956 1894 1989 1925; x_wconf 85' lang='lat'>&amp;</span> <span class='ocrx_word' id='word_1_762' title='bbox 1998 1896 2046 1925; x_wconf 92' lang='lat' dir='ltr'>via</span> <span class='ocrx_word' id='word_1_763' title='bbox 2055 1894 2101 1924; x_wconf 86' lang='lat' dir='ltr'>di—</span> 
     </span>
     <span class='ocr_line' id='line_1_87' title="bbox 1143 1933 2101 1977; baseline -0.001 -11"><span class='ocrx_word' id='word_1_764' title='bbox 1143 1937 1284 1976; x_wconf 86' lang='lat' dir='ltr'>sputetur,</span> <span class='ocrx_word' id='word_1_765' title='bbox 1296 1935 1328 1964; x_wconf 93' lang='lat' dir='ltr'>id</span> <span class='ocrx_word' id='word_1_766' title='bbox 1337 1935 1380 1965; x_wconf 90' lang='lat' dir='ltr'>est</span> <span class='ocrx_word' id='word_1_767' title='bbox 1435 1935 1576 1964; x_wconf 87' lang='lat' dir='ltr'>ultimam</span> <span class='ocrx_word' id='word_1_768' title='bbox 1587 1934 1631 1964; x_wconf 90' lang='lat' dir='ltr'>sui</span> <span class='ocrx_word' id='word_1_769' title='bbox 1639 1936 1754 1975; x_wconf 84' lang='lat' dir='ltr'>generis</span> <span class='ocrx_word' id='word_1_770' title='bbox 1761 1933 2101 1977; x_wconf 79' lang='lat' dir='ltr'>formam,speciemque</span> 
     </span>
     <span class='ocr_line' id='line_1_88' title="bbox 1143 1975 2100 2018; baseline 0 -11"><span class='ocrx_word' id='word_1_771' title='bbox 1143 1977 1353 2018; x_wconf 86' lang='lat' dir='ltr'>redigendum.</span> <span class='ocrx_word' id='word_1_772' title='bbox 1376 1980 1421 2006; x_wconf 90' lang='lat' dir='ltr'>Ac</span> <span class='ocrx_word' id='word_1_773' title='bbox 1430 1976 1520 2006; x_wconf 87' lang='lat' dir='ltr'>video</span> <span class='ocrx_word' id='word_1_774' title='bbox 1530 1995 1539 2009; x_wconf 88' lang='lat'>‚</span> <span class='ocrx_word' id='word_1_775' title='bbox 1553 1977 1629 2006; x_wconf 89' lang='lat' dir='ltr'>hanc</span> <span class='ocrx_word' id='word_1_776' title='bbox 1638 1977 1768 2014; x_wconf 86' lang='lat' dir='ltr'>primam</span> <span class='ocrx_word' id='word_1_777' title='bbox 1777 1975 1987 2016; x_wconf 86' lang='lat' dir='ltr'>ingreffionem</span> <span class='ocrx_word' id='word_1_778' title='bbox 1998 1987 2100 2007; x_wconf 86' lang='lat' dir='ltr'>meam</span> 
     </span>
     <span class='ocr_line' id='line_1_89' title="bbox 1142 2015 2099 2058; baseline -0.001 -9"><span class='ocrx_word' id='word_1_779' title='bbox 1142 2028 1208 2049; x_wconf 89' lang='lat' dir='ltr'>non</span> <span class='ocrx_word' id='word_1_780' title='bbox 1216 2028 1255 2048; x_wconf 82' lang='lat' dir='ltr'>ex</span> <span class='ocrx_word' id='word_1_781' title='bbox 1264 2019 1386 2048; x_wconf 90' lang='lat' dir='ltr'>oratoris</span> <span class='ocrx_word' id='word_1_782' title='bbox 1395 2016 1645 2057; x_wconf 84' lang='lat' dir='ltr'>disputationibus</span> <span class='ocrx_word' id='word_1_783' title='bbox 1654 2015 1786 2050; x_wconf 59' lang='lat' dir='ltr'>ductam,</span> <span class='ocrx_word' id='word_1_784' title='bbox 1802 2017 1852 2047; x_wconf 87' lang='lat' dir='ltr'>sed</span> <span class='ocrx_word' id='word_1_785' title='bbox 1864 2017 1881 2048; x_wconf 77' lang='lat' dir='ltr'>e</span> <span class='ocrx_word' id='word_1_786' title='bbox 1890 2018 1990 2049; x_wconf 86' lang='lat' dir='ltr'>media</span> <span class='ocrx_word' id='word_1_787' title='bbox 1997 2019 2099 2058; x_wconf 84' lang='lat' dir='ltr'>philo-</span> 
     </span>
     <span class='ocr_line' id='line_1_90' title="bbox 1145 2057 2098 2100; baseline 0 -10"><span class='ocrx_word' id='word_1_788' title='bbox 1145 2061 1247 2100; x_wconf 81' lang='lat' dir='ltr'>sophia</span> <span class='ocrx_word' id='word_1_789' title='bbox 1255 2061 1422 2100; x_wconf 86' lang='lat' dir='ltr'>repetitam,</span> <span class='ocrx_word' id='word_1_790' title='bbox 1435 2060 1468 2089; x_wconf 87' lang='lat'>&amp;</span> <span class='ocrx_word' id='word_1_791' title='bbox 1476 2069 1542 2089; x_wconf 83' lang='lat' dir='ltr'>eam</span> <span class='ocrx_word' id='word_1_792' title='bbox 1552 2058 1676 2100; x_wconf 90' lang='lat' dir='ltr'>quidem</span> <span class='ocrx_word' id='word_1_793' title='bbox 1686 2057 1757 2089; x_wconf 76' lang='lat' dir='ltr'>cum</span> <span class='ocrx_word' id='word_1_794' title='bbox 1766 2061 1920 2100; x_wconf 86' lang='lat' dir='ltr'>antiquam</span> <span class='ocrx_word' id='word_1_795' title='bbox 1931 2080 1940 2094; x_wconf 94' lang='lat'><em>‚</em></span> <span class='ocrx_word' id='word_1_796' title='bbox 1953 2069 2019 2090; x_wconf 91' lang='lat' dir='ltr'>tum</span> <span class='ocrx_word' id='word_1_797' title='bbox 2028 2060 2098 2091; x_wconf 80' lang='lat' dir='ltr'>sub-</span> 
     </span>
     <span class='ocr_line' id='line_1_91' title="bbox 1144 2099 2100 2141; baseline -0.001 -8"><span class='ocrx_word' id='word_1_798' title='bbox 1144 2102 1298 2133; x_wconf 74' lang='lat' dir='ltr'>obscuram</span> <span class='ocrx_word' id='word_1_799' title='bbox 1310 2122 1318 2135; x_wconf 86' lang='lat'>,</span> <span class='ocrx_word' id='word_1_800' title='bbox 1329 2110 1379 2132; x_wconf 85' lang='lat' dir='ltr'>aut</span> <span class='ocrx_word' id='word_1_801' title='bbox 1389 2099 1625 2141; x_wconf 81' lang='lat' dir='ltr'>reprehensionis</span> <span class='ocrx_word' id='word_1_802' title='bbox 1634 2100 1745 2141; x_wconf 89' lang='lat' dir='ltr'>aliquid</span> <span class='ocrx_word' id='word_1_803' title='bbox 1759 2121 1767 2133; x_wconf 86' lang='lat'>‚</span> <span class='ocrx_word' id='word_1_804' title='bbox 1779 2110 1829 2131; x_wconf 88' lang='lat' dir='ltr'>aut</span> <span class='ocrx_word' id='word_1_805' title='bbox 1837 2101 1914 2131; x_wconf 71' lang='lat' dir='ltr'>certe</span> <span class='ocrx_word' id='word_1_806' title='bbox 1925 2102 2100 2133; x_wconf 80' lang='lat' dir='ltr'>admiratio-</span> 
     </span>
     <span class='ocr_line' id='line_1_92' title="bbox 1143 2142 2101 2184; baseline 0 -10"><span class='ocrx_word' id='word_1_807' title='bbox 1143 2147 1190 2174; x_wconf 85' lang='lat' dir='ltr'>nis</span> <span class='ocrx_word' id='word_1_808' title='bbox 1200 2143 1378 2175; x_wconf 74' lang='lat' dir='ltr'>habituram.</span> <span class='ocrx_word' id='word_1_809' title='bbox 1403 2146 1484 2174; x_wconf 89' lang='lat' dir='ltr'>Nam</span> <span class='ocrx_word' id='word_1_810' title='bbox 1495 2152 1545 2173; x_wconf 87' lang='lat' dir='ltr'>aut</span> <span class='ocrx_word' id='word_1_811' title='bbox 1554 2142 1759 2176; x_wconf 86' lang='lat' dir='ltr'>mirabuntur,</span> <span class='ocrx_word' id='word_1_812' title='bbox 1779 2143 1852 2184; x_wconf 88' lang='lat' dir='ltr'>quid</span> <span class='ocrx_word' id='word_1_813' title='bbox 1861 2144 1925 2174; x_wconf 85' lang='lat' dir='ltr'>haec</span> <span class='ocrx_word' id='word_1_814' title='bbox 1931 2146 2101 2183; x_wconf 77' lang='lat' dir='ltr'>pertineant</span> 
     </span>
     <span class='ocr_line' id='line_1_93' title="bbox 1142 2183 2100 2227; baseline 0 -11"><span class='ocrx_word' id='word_1_815' title='bbox 1142 2186 1178 2216; x_wconf 91' lang='lat' dir='ltr'>ad</span> <span class='ocrx_word' id='word_1_816' title='bbox 1189 2196 1231 2219; x_wconf 83' lang='lat' dir='ltr'>ea,</span> <span class='ocrx_word' id='word_1_817' title='bbox 1242 2196 1307 2226; x_wconf 85' lang='lat' dir='ltr'>quae</span> <span class='ocrx_word' id='word_1_818' title='bbox 1318 2187 1479 2226; x_wconf 89' lang='lat' dir='ltr'>quaerimus</span> <span class='ocrx_word' id='word_1_819' title='bbox 1491 2196 1497 2214; x_wconf 75' lang='grc' dir='ltr'>ε</span> <span class='ocrx_word' id='word_1_820' title='bbox 1520 2184 1629 2226; x_wconf 86' lang='lat' dir='ltr'>quibus</span> <span class='ocrx_word' id='word_1_821' title='bbox 1639 2183 1794 2215; x_wconf 85' lang='lat' dir='ltr'>satisfaciet</span> <span class='ocrx_word' id='word_1_822' title='bbox 1802 2195 1847 2215; x_wconf 89' lang='lat' dir='ltr'>res</span> <span class='ocrx_word' id='word_1_823' title='bbox 1856 2186 1916 2225; x_wconf 89' lang='lat' dir='ltr'>ipsa</span> <span class='ocrx_word' id='word_1_824' title='bbox 1925 2188 2055 2227; x_wconf 86' lang='lat' dir='ltr'>cognita,</span> <span class='ocrx_word' id='word_1_825' title='bbox 2066 2195 2100 2216; x_wconf 88' lang='lat' dir='ltr'>ut</span> 
     </span>
     <span class='ocr_line' id='line_1_94' title="bbox 1143 2226 2100 2267; baseline 0 -9"><span class='ocrx_word' id='word_1_826' title='bbox 1143 2238 1207 2258; x_wconf 89' lang='lat' dir='ltr'>non</span> <span class='ocrx_word' id='word_1_827' title='bbox 1223 2226 1283 2257; x_wconf 84' lang='lat' dir='ltr'>fine</span> <span class='ocrx_word' id='word_1_828' title='bbox 1303 2228 1386 2257; x_wconf 84' lang='lat' dir='ltr'>causa</span> <span class='ocrx_word' id='word_1_829' title='bbox 1402 2227 1459 2257; x_wconf 74' lang='lat' dir='ltr'>alte</span> <span class='ocrx_word' id='word_1_830' title='bbox 1480 2228 1603 2266; x_wconf 86' lang='lat' dir='ltr'>repetita</span> <span class='ocrx_word' id='word_1_831' title='bbox 1620 2226 1755 2256; x_wconf 78' lang='lat' dir='ltr'>videatur</span> <span class='ocrx_word' id='word_1_832' title='bbox 1766 2237 1772 2256; x_wconf 80' lang='lat' dir='ltr'><em>z</em></span> <span class='ocrx_word' id='word_1_833' title='bbox 1794 2235 1843 2257; x_wconf 85' lang='lat' dir='ltr'>aut</span> <span class='ocrx_word' id='word_1_834' title='bbox 1863 2227 2079 2267; x_wconf 86' lang='lat' dir='ltr'>reprehendent</span> <span class='ocrx_word' id='word_1_835' title='bbox 2089 2247 2100 2262; x_wconf 81' lang='lat'><strong>,</strong></span> 
     </span>
     <span class='ocr_line' id='line_1_95' title="bbox 1141 2267 2097 2311; baseline 0 -12"><span class='ocrx_word' id='word_1_836' title='bbox 1141 2269 1224 2311; x_wconf 75' lang='lat' dir='ltr'>quod</span> <span class='ocrx_word' id='word_1_837' title='bbox 1234 2267 1381 2299; x_wconf 79' lang='lat' dir='ltr'>inusitatas</span> <span class='ocrx_word' id='word_1_838' title='bbox 1391 2270 1452 2299; x_wconf 86' lang='lat' dir='ltr'>vias</span> <span class='ocrx_word' id='word_1_839' title='bbox 1462 2268 1639 2309; x_wconf 85' lang='lat' dir='ltr'>indagemus</span> <span class='ocrx_word' id='word_1_840' title='bbox 1648 2287 1656 2302; x_wconf 85' lang='lat'>‚</span> <span class='ocrx_word' id='word_1_841' title='bbox 1682 2270 1764 2298; x_wconf 88' lang='lat' dir='ltr'>tritas</span> <span class='ocrx_word' id='word_1_842' title='bbox 1783 2268 1998 2310; x_wconf 86' lang='lat' dir='ltr'>relinquamus.</span> <span class='ocrx_word' id='word_1_843' title='bbox 2031 2272 2097 2310; x_wconf 83' lang='lat' dir='ltr'>Ego</span> 
     </span>
     <span class='ocr_line' id='line_1_96' title="bbox 1141 2309 2101 2353; baseline -0.001 -11"><span class='ocrx_word' id='word_1_844' title='bbox 1141 2321 1243 2342; x_wconf 83' lang='lat' dir='ltr'>autem</span> <span class='ocrx_word' id='word_1_845' title='bbox 1254 2311 1287 2341; x_wconf 65' lang='grc' dir='ltr'>ὃς</span> <span class='ocrx_word' id='word_1_846' title='bbox 1297 2321 1347 2341; x_wconf 90' lang='lat' dir='ltr'>me</span> <span class='ocrx_word' id='word_1_847' title='bbox 1358 2311 1430 2350; x_wconf 84' lang='lat' dir='ltr'>saepe</span> <span class='ocrx_word' id='word_1_848' title='bbox 1440 2321 1515 2340; x_wconf 81' lang='lat' dir='ltr'>nova</span> <span class='ocrx_word' id='word_1_849' title='bbox 1524 2310 1614 2339; x_wconf 71' lang='lat' dir='ltr'>videri</span> <span class='ocrx_word' id='word_1_850' title='bbox 1624 2309 1721 2340; x_wconf 84' lang='lat' dir='ltr'>dicere</span> <span class='ocrx_word' id='word_1_851' title='bbox 1731 2310 1870 2353; x_wconf 88' lang='lat' dir='ltr'>intelligo</span> <span class='ocrx_word' id='word_1_852' title='bbox 1880 2332 1890 2344; x_wconf 83' lang='lat'><em>‚</em></span> <span class='ocrx_word' id='word_1_853' title='bbox 1910 2309 1983 2341; x_wconf 78' lang='lat' dir='ltr'>cum</span> <span class='ocrx_word' id='word_1_854' title='bbox 1993 2321 2101 2351; x_wconf 88' lang='lat' dir='ltr'>perve-</span> 
     </span>
     <span class='ocr_line' id='line_1_97' title="bbox 1142 2351 2097 2392; baseline -0.001 -8"><span class='ocrx_word' id='word_1_855' title='bbox 1142 2362 1201 2384; x_wconf 90' lang='lat' dir='ltr'>tera</span> <span class='ocrx_word' id='word_1_856' title='bbox 1210 2353 1320 2386; x_wconf 86' lang='lat' dir='ltr'>dicam‚</span> <span class='ocrx_word' id='word_1_857' title='bbox 1331 2352 1380 2383; x_wconf 90' lang='lat' dir='ltr'>sed</span> <span class='ocrx_word' id='word_1_858' title='bbox 1391 2352 1522 2383; x_wconf 83' lang='lat' dir='ltr'>inaudita</span> <span class='ocrx_word' id='word_1_859' title='bbox 1529 2352 1675 2392; x_wconf 84' lang='lat' dir='ltr'>plerisque</span> <span class='ocrx_word' id='word_1_860' title='bbox 1689 2362 1694 2380; x_wconf 85' lang='lat'><strong>:</strong></span> <span class='ocrx_word' id='word_1_861' title='bbox 1719 2351 1862 2386; x_wconf 70' lang='lat' dir='ltr'>&amp;fateon</span> <span class='ocrx_word' id='word_1_862' title='bbox 1875 2362 1923 2382; x_wconf 88' lang='lat' dir='ltr'>me</span> <span class='ocrx_word' id='word_1_863' title='bbox 1936 2362 2097 2387; x_wconf 89' lang='lat' dir='ltr'>oratorem,</span> 
     </span>
     <span class='ocr_line' id='line_1_98' title="bbox 1143 2392 2097 2434; baseline -0.001 -9"><span class='ocrx_word' id='word_1_864' title='bbox 1143 2394 1163 2425; x_wconf 89' lang='lat' dir='ltr'>fi</span> <span class='ocrx_word' id='word_1_865' title='bbox 1173 2395 1270 2425; x_wconf 90' lang='lat' dir='ltr'>modo</span> <span class='ocrx_word' id='word_1_866' title='bbox 1278 2393 1332 2424; x_wconf 79' lang='lat' dir='ltr'>sim</span> <span class='ocrx_word' id='word_1_867' title='bbox 1344 2414 1353 2428; x_wconf 91' lang='lat'>,</span> <span class='ocrx_word' id='word_1_868' title='bbox 1374 2403 1424 2425; x_wconf 87' lang='lat' dir='ltr'>aut</span> <span class='ocrx_word' id='word_1_869' title='bbox 1434 2396 1523 2424; x_wconf 88' lang='lat' dir='ltr'>etiarn</span> <span class='ocrx_word' id='word_1_870' title='bbox 1532 2395 1716 2434; x_wconf 86' lang='lat' dir='ltr'>quicumque</span> <span class='ocrx_word' id='word_1_871' title='bbox 1726 2392 1780 2423; x_wconf 82' lang='lat' dir='ltr'>sim</span> <span class='ocrx_word' id='word_1_872' title='bbox 1789 2413 1799 2426; x_wconf 83' lang='lat'>‚</span> <span class='ocrx_word' id='word_1_873' title='bbox 1823 2404 1886 2424; x_wconf 90' lang='lat' dir='ltr'>non</span> <span class='ocrx_word' id='word_1_874' title='bbox 1896 2404 1934 2424; x_wconf 78' lang='lat' dir='ltr'>ex</span> <span class='ocrx_word' id='word_1_875' title='bbox 1944 2395 2097 2425; x_wconf 85' lang='lat' dir='ltr'>rhetorum</span> 
     </span>
     <span class='ocr_line' id='line_1_99' title="bbox 1142 2433 2099 2475; baseline 0 -8"><span class='ocrx_word' id='word_1_876' title='bbox 1142 2435 1285 2470; x_wconf 87' lang='lat' dir='ltr'>officinis,</span> <span class='ocrx_word' id='word_1_877' title='bbox 1295 2436 1344 2466; x_wconf 90' lang='lat' dir='ltr'>sed</span> <span class='ocrx_word' id='word_1_878' title='bbox 1355 2446 1393 2466; x_wconf 86' lang='lat' dir='ltr'>ex</span> <span class='ocrx_word' id='word_1_879' title='bbox 1401 2436 1573 2466; x_wconf 83' lang='lat' dir='ltr'>Academiae</span> <span class='ocrx_word' id='word_1_880' title='bbox 1583 2435 1680 2475; x_wconf 87' lang='lat' dir='ltr'>spatiis</span> <span class='ocrx_word' id='word_1_881' title='bbox 1689 2433 1843 2465; x_wconf 80' lang='lat' dir='ltr'>exstitisse.</span> <span class='ocrx_word' id='word_1_882' title='bbox 1868 2436 1925 2465; x_wconf 85' lang='lat' dir='ltr'>Illa</span> <span class='ocrx_word' id='word_1_883' title='bbox 1935 2437 2019 2466; x_wconf 88' lang='lat' dir='ltr'>enim</span> <span class='ocrx_word' id='word_1_884' title='bbox 2029 2436 2099 2467; x_wconf 84' lang='lat' dir='ltr'>sunt</span> 
     </span>
     <span class='ocr_line' id='line_1_100' title="bbox 1141 2477 2098 2518; baseline -0.001 -9"><span class='ocrx_word' id='word_1_885' title='bbox 1141 2479 1287 2510; x_wconf 90' lang='lat' dir='ltr'>curricula</span> <span class='ocrx_word' id='word_1_886' title='bbox 1296 2478 1513 2518; x_wconf 84' lang='lat' dir='ltr'>multiplicium</span> <span class='ocrx_word' id='word_1_887' title='bbox 1524 2497 1532 2511; x_wconf 91' lang='lat'><strong>,</strong></span> <span class='ocrx_word' id='word_1_888' title='bbox 1551 2479 1763 2517; x_wconf 81' lang='lat' dir='ltr'>variorumque</span> <span class='ocrx_word' id='word_1_889' title='bbox 1772 2477 1947 2507; x_wconf 89' lang='lat' dir='ltr'>sermonum</span> <span class='ocrx_word' id='word_1_890' title='bbox 1958 2497 1966 2511; x_wconf 91' lang='lat'>‚</span> <span class='ocrx_word' id='word_1_891' title='bbox 1986 2480 2019 2508; x_wconf 88' lang='lat' dir='ltr'>in</span> <span class='ocrx_word' id='word_1_892' title='bbox 2028 2480 2098 2518; x_wconf 81' lang='lat' dir='ltr'>qui-</span> 
     </span>
     <span class='ocr_line' id='line_1_101' title="bbox 1141 2517 2098 2559; baseline 0 -9"><span class='ocrx_word' id='word_1_893' title='bbox 1141 2520 1196 2550; x_wconf 88' lang='lat' dir='ltr'>bus</span> <span class='ocrx_word' id='word_1_894' title='bbox 1208 2521 1338 2550; x_wconf 89' lang='lat' dir='ltr'>Platonis</span> <span class='ocrx_word' id='word_1_895' title='bbox 1349 2518 1484 2559; x_wconf 78' lang='lat' dir='ltr'>primum</span> <span class='ocrx_word' id='word_1_896' title='bbox 1493 2517 1630 2558; x_wconf 76' lang='lat' dir='ltr'>impressa</span> <span class='ocrx_word' id='word_1_897' title='bbox 1639 2519 1707 2548; x_wconf 88' lang='lat' dir='ltr'>sunt</span> <span class='ocrx_word' id='word_1_898' title='bbox 1716 2517 1853 2559; x_wconf 85' lang='lat' dir='ltr'>vestigia:</span> <span class='ocrx_word' id='word_1_899' title='bbox 1877 2519 1927 2549; x_wconf 88' lang='lat' dir='ltr'>sed</span> <span class='ocrx_word' id='word_1_900' title='bbox 1946 2519 1979 2549; x_wconf 74' lang='grc' dir='ltr'>δε</span> <span class='ocrx_word' id='word_1_901' title='bbox 1996 2520 2048 2558; x_wconf 78' lang='lat' dir='ltr'>huj</span> <span class='ocrx_word' id='word_1_902' title='bbox 2052 2530 2098 2554; x_wconf 88' lang='lat' dir='ltr'>us,</span> 
     </span>
     <span class='ocr_line' id='line_1_102' title="bbox 1143 2559 2099 2603; baseline 0 -11"><span class='ocrx_word' id='word_1_903' title='bbox 1143 2562 1177 2592; x_wconf 88' lang='lat'>&amp;</span> <span class='ocrx_word' id='word_1_904' title='bbox 1193 2562 1321 2592; x_wconf 77' lang='lat' dir='ltr'>aliorum</span> <span class='ocrx_word' id='word_1_905' title='bbox 1341 2561 1591 2601; x_wconf 87' lang='lat' dir='ltr'>philosophorum</span> <span class='ocrx_word' id='word_1_906' title='bbox 1607 2559 1858 2600; x_wconf 84' lang='lat' dir='ltr'>disputationibus</span> <span class='ocrx_word' id='word_1_907' title='bbox 1878 2561 1911 2591; x_wconf 75' lang='grc' dir='ltr'>δε</span> <span class='ocrx_word' id='word_1_908' title='bbox 1936 2565 2099 2603; x_wconf 78' lang='lat' dir='ltr'>exagitatus</span> 
     </span>
     <span class='ocr_line' id='line_1_103' title="bbox 1142 2601 2099 2640; baseline 0.002 -7"><span class='ocrx_word' id='word_1_909' title='bbox 1142 2603 1278 2634; x_wconf 76' lang='lat' dir='ltr'>maxime</span> <span class='ocrx_word' id='word_1_910' title='bbox 1288 2612 1386 2633; x_wconf 87' lang='lat' dir='ltr'>orator</span> <span class='ocrx_word' id='word_1_911' title='bbox 1396 2602 1438 2632; x_wconf 89' lang='lat' dir='ltr'>est</span> <span class='ocrx_word' id='word_1_912' title='bbox 1448 2623 1456 2636; x_wconf 95' lang='lat'>,</span> <span class='ocrx_word' id='word_1_913' title='bbox 1475 2602 1508 2632; x_wconf 76' lang='grc' dir='ltr'>δε</span> <span class='ocrx_word' id='word_1_914' title='bbox 1516 2601 1642 2640; x_wconf 67' lang='lat' dir='ltr'>adjutus.</span> <span class='ocrx_word' id='word_1_915' title='bbox 1674 2603 1783 2631; x_wconf 84' lang='lat' dir='ltr'>Omnis</span> <span class='ocrx_word' id='word_1_916' title='bbox 1801 2604 1885 2632; x_wconf 90' lang='lat' dir='ltr'>enim</span> <span class='ocrx_word' id='word_1_917' title='bbox 1904 2602 2019 2634; x_wconf 87' lang='lat' dir='ltr'>ubertas</span> <span class='ocrx_word' id='word_1_918' title='bbox 2031 2624 2039 2637; x_wconf 87' lang='lat'>‚</span> <span class='ocrx_word' id='word_1_919' title='bbox 2064 2604 2099 2634; x_wconf 72' lang='lat'>&amp;2</span> 
     </span>
     <span class='ocr_line' id='line_1_104' title="bbox 1142 2641 2100 2685; baseline 0.001 -10"><span class='ocrx_word' id='word_1_920' title='bbox 1142 2644 1221 2685; x_wconf 79' lang='lat' dir='ltr'>quasi</span> <span class='ocrx_word' id='word_1_921' title='bbox 1229 2644 1298 2675; x_wconf 83' lang='lat' dir='ltr'>filva</span> <span class='ocrx_word' id='word_1_922' title='bbox 1306 2644 1436 2677; x_wconf 86' lang='lat' dir='ltr'>dicendi,</span> <span class='ocrx_word' id='word_1_923' title='bbox 1447 2642 1536 2673; x_wconf 65' lang='lat' dir='ltr'>dueta</span> <span class='ocrx_word' id='word_1_924' title='bbox 1545 2643 1580 2673; x_wconf 85' lang='lat' dir='ltr'>ab</span> <span class='ocrx_word' id='word_1_925' title='bbox 1592 2643 1651 2672; x_wconf 86' lang='lat' dir='ltr'>illis</span> <span class='ocrx_word' id='word_1_926' title='bbox 1661 2641 1704 2672; x_wconf 88' lang='lat' dir='ltr'>est</span> <span class='ocrx_word' id='word_1_927' title='bbox 1714 2662 1722 2676; x_wconf 84' lang='lat'>‚</span> <span class='ocrx_word' id='word_1_928' title='bbox 1736 2653 1790 2673; x_wconf 88' lang='lat' dir='ltr'>nec</span> <span class='ocrx_word' id='word_1_929' title='bbox 1800 2644 1866 2674; x_wconf 73' lang='lat' dir='ltr'>satis</span> <span class='ocrx_word' id='word_1_930' title='bbox 1877 2654 1978 2675; x_wconf 89' lang='lat' dir='ltr'>tamen</span> <span class='ocrx_word' id='word_1_931' title='bbox 1988 2646 2100 2676; x_wconf 86' lang='lat' dir='ltr'>instru-</span> 
     </span>
     <span class='ocr_line' id='line_1_105' title="bbox 1144 2684 2095 2725; baseline 0.003 -9"><span class='ocrx_word' id='word_1_932' title='bbox 1144 2687 1191 2717; x_wconf 66' lang='lat' dir='ltr'>&amp;ta</span> <span class='ocrx_word' id='word_1_933' title='bbox 1207 2686 1242 2717; x_wconf 88' lang='lat' dir='ltr'>ad</span> <span class='ocrx_word' id='word_1_934' title='bbox 1260 2686 1404 2716; x_wconf 85' lang='lat' dir='ltr'>forenseis</span> <span class='ocrx_word' id='word_1_935' title='bbox 1424 2686 1538 2716; x_wconf 83' lang='lat' dir='ltr'>causas:</span> <span class='ocrx_word' id='word_1_936' title='bbox 1561 2694 1632 2725; x_wconf 87' lang='lat' dir='ltr'>quas</span> <span class='ocrx_word' id='word_1_937' title='bbox 1642 2704 1651 2718; x_wconf 87' lang='lat'>‚</span> <span class='ocrx_word' id='word_1_938' title='bbox 1675 2693 1707 2713; x_wconf 87' lang='lat' dir='ltr'>ut</span> <span class='ocrx_word' id='word_1_939' title='bbox 1726 2685 1772 2714; x_wconf 90' lang='lat' dir='ltr'>illi</span> <span class='ocrx_word' id='word_1_940' title='bbox 1781 2684 1833 2725; x_wconf 84' lang='lat' dir='ltr'>ipsi</span> <span class='ocrx_word' id='word_1_941' title='bbox 1843 2686 1940 2717; x_wconf 87' lang='lat' dir='ltr'>dicere</span> <span class='ocrx_word' id='word_1_942' title='bbox 1950 2688 2095 2722; x_wconf 73' lang='lat' dir='ltr'>solebant,</span> 
     </span>
     <span class='ocr_line' id='line_1_106' title="bbox 1143 2726 2096 2768; baseline 0.005 -13"><span class='ocrx_word' id='word_1_943' title='bbox 1143 2726 1336 2768; x_wconf 53' lang='lat' dir='ltr'>agrestioribus</span> <span class='ocrx_word' id='word_1_944' title='bbox 1347 2727 1441 2767; x_wconf 77' lang='lat' dir='ltr'>Mufis</span> <span class='ocrx_word' id='word_1_945' title='bbox 1449 2727 1642 2767; x_wconf 76' lang='lat' dir='ltr'>reliquerunt.</span> <span class='ocrx_word' id='word_1_946' title='bbox 1654 2727 1701 2755; x_wconf 86' lang='lat' dir='ltr'>Sic</span> <span class='ocrx_word' id='word_1_947' title='bbox 1711 2726 1882 2766; x_wconf 83' lang='lat' dir='ltr'>eloquentia</span> <span class='ocrx_word' id='word_1_948' title='bbox 1892 2729 1952 2759; x_wconf 86' lang='lat' dir='ltr'>haec</span> <span class='ocrx_word' id='word_1_949' title='bbox 1961 2728 2096 2764; x_wconf 85' lang='lat' dir='ltr'>forensis,</span> 
     </span>
     <span class='ocr_line' id='line_1_107' title="bbox 1144 2767 2097 2812; baseline 0.002 -12"><span class='ocrx_word' id='word_1_950' title='bbox 1144 2771 1237 2810; x_wconf 85' lang='lat' dir='ltr'>spreta</span> <span class='ocrx_word' id='word_1_951' title='bbox 1246 2768 1262 2799; x_wconf 72' lang='lat' dir='ltr'>a</span> <span class='ocrx_word' id='word_1_952' title='bbox 1270 2768 1471 2809; x_wconf 78' lang='lat' dir='ltr'>philosophis,</span> <span class='ocrx_word' id='word_1_953' title='bbox 1483 2768 1515 2798; x_wconf 88' lang='lat'>&amp;</span> <span class='ocrx_word' id='word_1_954' title='bbox 1526 2767 1674 2807; x_wconf 76' lang='lat' dir='ltr'>repudiata</span> <span class='ocrx_word' id='word_1_955' title='bbox 1684 2787 1692 2801; x_wconf 84' lang='lat'>‚</span> <span class='ocrx_word' id='word_1_956' title='bbox 1705 2770 1810 2799; x_wconf 78' lang='lat' dir='ltr'>multis</span> <span class='ocrx_word' id='word_1_957' title='bbox 1819 2769 1941 2809; x_wconf 87' lang='lat' dir='ltr'>quidem</span> <span class='ocrx_word' id='word_1_958' title='bbox 1952 2771 2003 2801; x_wconf 85' lang='lat' dir='ltr'>illa</span> <span class='ocrx_word' id='word_1_959' title='bbox 2011 2772 2056 2812; x_wconf 86' lang='lat' dir='ltr'>adj</span> <span class='ocrx_word' id='word_1_960' title='bbox 2062 2783 2097 2802; x_wconf 86' lang='lat' dir='ltr'>u·-</span> 
     </span>
     <span class='ocr_line' id='line_1_108' title="bbox 1145 2809 2098 2854; baseline 0.002 -13"><span class='ocrx_word' id='word_1_961' title='bbox 1145 2813 1267 2843; x_wconf 80' lang='lat' dir='ltr'>mentis,</span> <span class='ocrx_word' id='word_1_962' title='bbox 1278 2811 1450 2852; x_wconf 82' lang='lat' dir='ltr'>magnisque</span> <span class='ocrx_word' id='word_1_963' title='bbox 1460 2812 1554 2840; x_wconf 85' lang='lat' dir='ltr'>caruit</span> <span class='ocrx_word' id='word_1_964' title='bbox 1565 2820 1569 2838; x_wconf 81' lang='lat' dir='ltr'>z</span> <span class='ocrx_word' id='word_1_965' title='bbox 1592 2809 1641 2840; x_wconf 85' lang='lat' dir='ltr'>sed</span> <span class='ocrx_word' id='word_1_966' title='bbox 1653 2817 1752 2839; x_wconf 88' lang='lat' dir='ltr'>tamen</span> <span class='ocrx_word' id='word_1_967' title='bbox 1762 2819 1863 2841; x_wconf 86' lang='lat' dir='ltr'>ornata</span> <span class='ocrx_word' id='word_1_968' title='bbox 1873 2812 1970 2842; x_wconf 85' lang='lat' dir='ltr'>verbis</span> <span class='ocrx_word' id='word_1_969' title='bbox 1980 2832 1988 2846; x_wconf 89' lang='lat'>,</span> <span class='ocrx_word' id='word_1_970' title='bbox 2011 2823 2098 2854; x_wconf 86' lang='lat' dir='ltr'>atque</span> 
     </span>
     <span class='ocr_line' id='line_1_109' title="bbox 1145 2851 2098 2895; baseline 0.002 -12"><span class='ocrx_word' id='word_1_971' title='bbox 1145 2853 1310 2886; x_wconf 54' lang='lat' dir='ltr'>sementim</span> <span class='ocrx_word' id='word_1_972' title='bbox 1318 2851 1516 2893; x_wconf 50' lang='lat' dir='ltr'>jada-ationem</span> <span class='ocrx_word' id='word_1_973' title='bbox 1526 2851 1629 2882; x_wconf 83' lang='lat' dir='ltr'>habuit</span> <span class='ocrx_word' id='word_1_974' title='bbox 1636 2853 1668 2882; x_wconf 83' lang='lat' dir='ltr'>in</span> <span class='ocrx_word' id='word_1_975' title='bbox 1676 2852 1800 2892; x_wconf 83' lang='lat' dir='ltr'>populo,</span> <span class='ocrx_word' id='word_1_976' title='bbox 1812 2862 1867 2883; x_wconf 84' lang='lat' dir='ltr'>nec</span> <span class='ocrx_word' id='word_1_977' title='bbox 1876 2863 2039 2894; x_wconf 68' lang='lat' dir='ltr'>paucorum</span> <span class='ocrx_word' id='word_1_978' title='bbox 2047 2866 2056 2895; x_wconf 70' lang='lat' dir='ltr'>J</span> <span class='ocrx_word' id='word_1_979' title='bbox 2063 2866 2098 2885; x_wconf 92' lang='lat' dir='ltr'>u-</span> 
     </span>
    </p>

    <p class='ocr_par' dir='ltr' id='par_1_14' title="bbox 1968 2896 2096 2932">
     <span class='ocr_line' id='line_1_110' title="bbox 1968 2896 2096 2932; baseline -0.008 -4"><span class='ocrx_word' id='word_1_980' title='bbox 1968 2896 2096 2932; x_wconf 85' lang='lat' dir='ltr'>dicium,</span> 
     </span>
    </p>
   </div>
   <div class='ocr_carea' id='block_1_11' title="bbox 138 2947 2093 2961">
    <p class='ocr_par' dir='ltr' id='par_1_15' title="bbox 138 2947 2093 2961">
     <span class='ocr_line' id='line_1_111' title="bbox 138 2947 2093 2961; baseline 0 392"><span class='ocrx_word' id='word_1_981' title='bbox 138 2947 2093 2961; x_wconf 95' lang='lat' dir='ltr'> </span> 
     </span>
    </p>
   </div>
   <div class='ocr_carea' id='block_1_12' title="bbox 143 2983 1100 3068">
    <p class='ocr_par' dir='ltr' id='par_1_16' title="bbox 143 2983 1100 3068">
     <span class='ocr_line' id='line_1_112' title="bbox 143 2983 1100 3068; baseline 0 -58"><span class='ocrx_word' id='word_1_982' title='bbox 143 2990 167 3010; x_wconf 84' lang='lat'>1.</span> <span class='ocrx_word' id='word_1_983' title='bbox 184 2984 278 3068; x_wconf 86' lang='lat' dir='ltr'>N</span> <span class='ocrx_word' id='word_1_984' title='bbox 289 2987 334 3010; x_wconf 86' lang='lat' dir='ltr'>Am</span> <span class='ocrx_word' id='word_1_985' title='bbox 342 2985 456 3017; x_wconf 48' lang='lat' dir='ltr'>inpubis,</span> <span class='ocrx_word' id='word_1_986' title='bbox 466 2984 533 3019; x_wconf 75' lang='lat' dir='ltr'>&amp;c.]</span> <span class='ocrx_word' id='word_1_987' title='bbox 549 2985 618 3011; x_wconf 80' lang='lat' dir='ltr'>Pau.</span> <span class='ocrx_word' id='word_1_988' title='bbox 628 2992 695 3016; x_wconf 87' lang='lat' dir='ltr'>tres,</span> <span class='ocrx_word' id='word_1_989' title='bbox 704 2983 769 3012; x_wconf 84' lang='lat' dir='ltr'>item</span> <span class='ocrx_word' id='word_1_990' title='bbox 781 2984 883 3015; x_wconf 69' lang='lat' dir='ltr'>Cujacii</span> <span class='ocrx_word' id='word_1_991' title='bbox 895 2984 961 3010; x_wconf 78' lang='lat' dir='ltr'>liber</span> <span class='ocrx_word' id='word_1_992' title='bbox 972 2984 999 3012; x_wconf 74' lang='lat'>8&lt;</span> <span class='ocrx_word' id='word_1_993' title='bbox 1011 2985 1100 3010; x_wconf 88' lang='lat' dir='ltr'>Mem-</span> 
     </span>
    </p>
   </div>
   <div class='ocr_carea' id='block_1_13' title="bbox 1139 2982 2098 3020">
    <p class='ocr_par' dir='ltr' id='par_1_17' title="bbox 1139 2982 2098 3020">
     <span class='ocr_line' id='line_1_113' title="bbox 1139 2982 2098 3020; baseline 0 -10"><span class='ocrx_word' id='word_1_994' title='bbox 1139 2993 1245 3020; x_wconf 84' lang='lat' dir='ltr'>quoque</span> <span class='ocrx_word' id='word_1_995' title='bbox 1256 3003 1264 3015; x_wconf 94' lang='lat'>,</span> <span class='ocrx_word' id='word_1_996' title='bbox 1290 2982 1333 3009; x_wconf 86' lang='lat' dir='ltr'>ubi</span> <span class='ocrx_word' id='word_1_997' title='bbox 1345 2983 1468 3009; x_wconf 69' lang='lat' dir='ltr'>habemus</span> <span class='ocrx_word' id='word_1_998' title='bbox 1481 3002 1488 3015; x_wconf 91' lang='lat'>‚</span> <span class='ocrx_word' id='word_1_999' title='bbox 1498 2983 1527 3014; x_wconf 52' lang='grc' dir='ltr'>(ἐν</span> <span class='ocrx_word' id='word_1_1000' title='bbox 1535 2985 1561 3009; x_wconf 85' lang='lat' dir='ltr'>in</span> <span class='ocrx_word' id='word_1_1001' title='bbox 1567 2985 1733 3015; x_wconf 55' lang='lat' dir='ltr'>praetflcrztibur</span> <span class='ocrx_word' id='word_1_1002' title='bbox 1743 2986 1811 3009; x_wconf 69' lang='lat' dir='ltr'>rebm-</span> <span class='ocrx_word' id='word_1_1003' title='bbox 1822 3004 1829 3016; x_wconf 88' lang='lat'>‚</span> <span class='ocrx_word' id='word_1_1004' title='bbox 1849 2986 1877 3011; x_wconf 74' lang='lat' dir='ltr'>Sc</span> <span class='ocrx_word' id='word_1_1005' title='bbox 1889 2985 2001 3012; x_wconf 68' lang='lat' dir='ltr'>Vic‘torii</span> <span class='ocrx_word' id='word_1_1006' title='bbox 2012 2991 2098 3012; x_wconf 68' lang='lat' dir='ltr'>meri-</span> 
     </span>
    </p>
   </div>
   <div class='ocr_carea' id='block_1_14' title="bbox 291 3019 2097 3055">
    <p class='ocr_par' dir='ltr' id='par_1_18' title="bbox 291 3019 2097 3055">
     <span class='ocr_line' id='line_1_114' title="bbox 291 3019 2097 3055; baseline 0 -9"><span class='ocrx_word' id='word_1_1007' title='bbox 291 3020 392 3046; x_wconf 84' lang='lat' dir='ltr'>mianus</span> <span class='ocrx_word' id='word_1_1008' title='bbox 405 3039 413 3052; x_wconf 86' lang='lat'>‚</span> <span class='ocrx_word' id='word_1_1009' title='bbox 431 3023 470 3047; x_wconf 87' lang='lat' dir='ltr'>An</span> <span class='ocrx_word' id='word_1_1010' title='bbox 487 3023 514 3046; x_wconf 74' lang='lat' dir='ltr'>In</span> <span class='ocrx_word' id='word_1_1011' title='bbox 527 3022 609 3054; x_wconf 65' lang='lat' dir='ltr'>pok&#39;tbs.</span> <span class='ocrx_word' id='word_1_1012' title='bbox 638 3021 665 3046; x_wconf 89' lang='lat'>&amp;</span> <span class='ocrx_word' id='word_1_1013' title='bbox 678 3020 715 3045; x_wconf 84' lang='lat' dir='ltr'>ita</span> <span class='ocrx_word' id='word_1_1014' title='bbox 725 3020 849 3055; x_wconf 76' lang='lat' dir='ltr'>expressit</span> <span class='ocrx_word' id='word_1_1015' title='bbox 863 3019 950 3046; x_wconf 83' lang='lat' dir='ltr'>Aldus</span> <span class='ocrx_word' id='word_1_1016' title='bbox 963 3020 1099 3047; x_wconf 82' lang='lat' dir='ltr'>Manutius</span> <span class='ocrx_word' id='word_1_1017' title='bbox 1139 3020 1225 3048; x_wconf 75' lang='lat' dir='ltr'>branae</span> <span class='ocrx_word' id='word_1_1018' title='bbox 1236 3021 1263 3045; x_wconf 75' lang='lat'>8&lt;</span> <span class='ocrx_word' id='word_1_1019' title='bbox 1273 3019 1417 3046; x_wconf 65' lang='lat' dir='ltr'>Gallienum</span> <span class='ocrx_word' id='word_1_1020' title='bbox 1430 3038 1438 3051; x_wconf 96' lang='lat'>,</span> <span class='ocrx_word' id='word_1_1021' title='bbox 1449 3027 1556 3045; x_wconf 84' lang='lat' dir='ltr'>necnon</span> <span class='ocrx_word' id='word_1_1022' title='bbox 1569 3019 1694 3046; x_wconf 70' lang='lat' dir='ltr'>Palatium</span> <span class='ocrx_word' id='word_1_1023' title='bbox 1703 3020 1848 3055; x_wconf 59' lang='lat' dir='ltr'>praeferunt</span> <span class='ocrx_word' id='word_1_1024' title='bbox 1860 3041 1868 3052; x_wconf 87' lang='lat'>‚</span> <span class='ocrx_word' id='word_1_1025' title='bbox 1881 3021 2097 3054; x_wconf 57' lang='lat' dir='ltr'>&amp;inprafimumf</span> 
     </span>
    </p>
   </div>
   <div class='ocr_carea' id='block_1_15' title="bbox 144 3089 463 3118">
    <p class='ocr_par' dir='ltr' id='par_1_19' title="bbox 144 3089 463 3118">
     <span class='ocr_line' id='line_1_115' title="bbox 144 3089 463 3118; baseline 0.013 -4"><span class='ocrx_word' id='word_1_1026' title='bbox 144 3089 251 3115; x_wconf 78' lang='lat' dir='ltr'>ornavit</span> <span class='ocrx_word' id='word_1_1027' title='bbox 262 3092 463 3118; x_wconf 77' lang='lat' dir='ltr'>commentario.</span> 
     </span>
    </p>
   </div>
   <div class='ocr_carea' id='block_1_16' title="bbox 291 3053 2096 3092">
    <p class='ocr_par' dir='ltr' id='par_1_20' title="bbox 291 3053 2096 3092">
     <span class='ocr_line' id='line_1_116' title="bbox 291 3053 2096 3092; baseline 0 -10"><span class='ocrx_word' id='word_1_1028' title='bbox 291 3056 383 3091; x_wconf 86' lang='lat' dir='ltr'>Nepos</span> <span class='ocrx_word' id='word_1_1029' title='bbox 396 3076 404 3088; x_wconf 94' lang='lat'>,</span> <span class='ocrx_word' id='word_1_1030' title='bbox 415 3055 466 3082; x_wconf 83' lang='lat' dir='ltr'>five</span> <span class='ocrx_word' id='word_1_1031' title='bbox 476 3056 497 3083; x_wconf 83' lang='lat' dir='ltr'>is</span> <span class='ocrx_word' id='word_1_1032' title='bbox 509 3055 562 3083; x_wconf 83' lang='lat' dir='ltr'>fuit</span> <span class='ocrx_word' id='word_1_1033' title='bbox 572 3056 666 3083; x_wconf 62' lang='lat' dir='ltr'>Viftor</span> <span class='ocrx_word' id='word_1_1034' title='bbox 676 3054 784 3083; x_wconf 81' lang='lat' dir='ltr'>Pisanus</span> <span class='ocrx_word' id='word_1_1035' title='bbox 795 3065 804 3088; x_wconf 76' lang='lat'>5</span> <span class='ocrx_word' id='word_1_1036' title='bbox 821 3056 866 3092; x_wconf 87' lang='lat' dir='ltr'>qui</span> <span class='ocrx_word' id='word_1_1037' title='bbox 878 3056 945 3084; x_wconf 87' lang='lat' dir='ltr'>hunc</span> <span class='ocrx_word' id='word_1_1038' title='bbox 956 3056 1044 3083; x_wconf 90' lang='lat' dir='ltr'>locum</span> <span class='ocrx_word' id='word_1_1039' title='bbox 1054 3055 1101 3082; x_wconf 81' lang='lat' dir='ltr'>ad-</span> <span class='ocrx_word' id='word_1_1040' title='bbox 1141 3058 1220 3082; x_wconf 69' lang='lat' dir='ltr'>rebus.</span> <span class='ocrx_word' id='word_1_1041' title='bbox 1242 3054 1312 3090; x_wconf 83' lang='lat' dir='ltr'>quod</span> <span class='ocrx_word' id='word_1_1042' title='bbox 1324 3054 1399 3080; x_wconf 74' lang='lat' dir='ltr'>habet</span> <span class='ocrx_word' id='word_1_1043' title='bbox 1411 3064 1463 3090; x_wconf 88' lang='lat' dir='ltr'>quo</span> <span class='ocrx_word' id='word_1_1044' title='bbox 1474 3054 1498 3081; x_wconf 79' lang='lat' dir='ltr'>se</span> <span class='ocrx_word' id='word_1_1045' title='bbox 1507 3053 1645 3081; x_wconf 64' lang='lat' dir='ltr'>defendat.</span> <span class='ocrx_word' id='word_1_1046' title='bbox 1666 3055 1706 3081; x_wconf 71' lang='lat' dir='ltr'>scd</span> <span class='ocrx_word' id='word_1_1047' title='bbox 1718 3057 1743 3081; x_wconf 64' lang='grc' dir='ltr'>ὰ</span> <span class='ocrx_word' id='word_1_1048' title='bbox 1757 3056 1835 3082; x_wconf 81' lang='lat' dir='ltr'>nostri</span> <span class='ocrx_word' id='word_1_1049' title='bbox 1847 3057 1947 3083; x_wconf 73' lang='lat' dir='ltr'>codices</span> <span class='ocrx_word' id='word_1_1050' title='bbox 1960 3057 2096 3082; x_wconf 53' lang='lat' dir='ltr'>moetori-</span> 
     </span>
    </p>
   </div>
   <div class='ocr_carea' id='block_1_17' title="bbox 1143 3091 2096 3127">
    <p class='ocr_par' dir='ltr' id='par_1_21' title="bbox 1143 3091 2096 3127">
     <span class='ocr_line' id='line_1_117' title="bbox 1143 3091 2096 3127; baseline -0.008 -9"><span class='ocrx_word' id='word_1_1051' title='bbox 1143 3092 1181 3118; x_wconf 72' lang='lat' dir='ltr'>lcs</span> <span class='ocrx_word' id='word_1_1052' title='bbox 1192 3092 1256 3117; x_wconf 82' lang='lat' dir='ltr'>item</span> <span class='ocrx_word' id='word_1_1053' title='bbox 1268 3091 1444 3116; x_wconf 75' lang='lat' dir='ltr'>Mcmmianus</span> <span class='ocrx_word' id='word_1_1054' title='bbox 1457 3109 1465 3121; x_wconf 94' lang='lat'>‚</span> <span class='ocrx_word' id='word_1_1055' title='bbox 1484 3100 1534 3126; x_wconf 82' lang='lat' dir='ltr'>pro</span> <span class='ocrx_word' id='word_1_1056' title='bbox 1544 3091 1592 3117; x_wconf 85' lang='lat' dir='ltr'>illo</span> <span class='ocrx_word' id='word_1_1057' title='bbox 1605 3094 1659 3124; x_wconf 70' lang='lat' dir='ltr'>spes</span> <span class='ocrx_word' id='word_1_1058' title='bbox 1678 3093 1823 3125; x_wconf 68' lang='lat' dir='ltr'>infiingatm·</span> <span class='ocrx_word' id='word_1_1059' title='bbox 1833 3112 1842 3125; x_wconf 67' lang='lat'><em>,</em></span> <span class='ocrx_word' id='word_1_1060' title='bbox 1861 3092 1955 3120; x_wconf 48' lang='lat' dir='ltr'>habent</span> <span class='ocrx_word' id='word_1_1061' title='bbox 1964 3094 2075 3127; x_wconf 38' lang='lat' dir='ltr'>mar-msa,</span> <span class='ocrx_word' id='word_1_1062' title='bbox 2086 3112 2096 3126; x_wconf 53' lang='grc' dir='ltr'>Ι</span> 
     </span>
    </p>
   </div>
   <div class='ocr_carea' id='block_1_18' title="bbox 182 3126 1818 3169">
    <p class='ocr_par' dir='ltr' id='par_1_22' title="bbox 182 3126 1818 3169">
     <span class='ocr_line' id='line_1_118' title="bbox 182 3126 1818 3169; baseline 0.003 -20"><span class='ocrx_word' id='word_1_1063' title='bbox 182 3133 210 3150; x_wconf 81' lang='lat'>2.</span> <span class='ocrx_word' id='word_1_1064' title='bbox 229 3126 331 3158; x_wconf 65' lang='lat' dir='ltr'><em>Qaefiaeb</em></span> <span class='ocrx_word' id='word_1_1065' title='bbox 341 3129 414 3153; x_wconf 78' lang='lat' dir='ltr'>oculos</span> <span class='ocrx_word' id='word_1_1066' title='bbox 426 3127 476 3161; x_wconf 80' lang='lat' dir='ltr'>ipsa</span> <span class='ocrx_word' id='word_1_1067' title='bbox 486 3128 599 3163; x_wconf 62' lang='lat' dir='ltr'>cadunt]</span> <span class='ocrx_word' id='word_1_1068' title='bbox 609 3139 611 3141; x_wconf 96' lang='lat'>·</span> <span class='ocrx_word' id='word_1_1069' title='bbox 622 3128 665 3155; x_wconf 85' lang='lat' dir='ltr'>Sic</span> <span class='ocrx_word' id='word_1_1070' title='bbox 674 3126 816 3169; x_wconf 75' lang='lat' dir='ltr'>legendum</span> <span class='ocrx_word' id='word_1_1071' title='bbox 826 3126 940 3154; x_wconf 77' lang='lat' dir='ltr'>ostendit</span> <span class='ocrx_word' id='word_1_1072' title='bbox 951 3128 1045 3154; x_wconf 83' lang='lat' dir='ltr'>Petrus</span> <span class='ocrx_word' id='word_1_1073' title='bbox 1055 3127 1104 3153; x_wconf 86' lang='lat' dir='ltr'>Vi·</span> <span class='ocrx_word' id='word_1_1074' title='bbox 1142 3126 1213 3164; x_wconf 86' lang='lat' dir='ltr'>quod</span> <span class='ocrx_word' id='word_1_1075' title='bbox 1223 3126 1326 3154; x_wconf 57' lang='lat' dir='ltr'>tiletum</span> <span class='ocrx_word' id='word_1_1076' title='bbox 1335 3133 1413 3164; x_wconf 79' lang='lat' dir='ltr'>putat</span> <span class='ocrx_word' id='word_1_1077' title='bbox 1423 3126 1584 3157; x_wconf 77' lang='lat' dir='ltr'>Gulielmius</span> <span class='ocrx_word' id='word_1_1078' title='bbox 1597 3146 1604 3162; x_wconf 91' lang='lat'>,</span> <span class='ocrx_word' id='word_1_1079' title='bbox 1617 3129 1705 3161; x_wconf 74' lang='lat' dir='ltr'>urspes</span> <span class='ocrx_word' id='word_1_1080' title='bbox 1715 3128 1818 3154; x_wconf 55' lang='lat' dir='ltr'>(innuat.</span> 
     </span>
    </p>
   </div>
   <div class='ocr_carea' id='block_1_19' title="bbox 143 3159 1108 3205">
    <p class='ocr_par' dir='ltr' id='par_1_23' title="bbox 143 3159 1108 3205">
     <span class='ocr_line' id='line_1_119' title="bbox 143 3159 1108 3205; baseline 0.004 -19"><span class='ocrx_word' id='word_1_1081' title='bbox 143 3159 248 3188; x_wconf 62' lang='lat' dir='ltr'>&amp;orius</span> <span class='ocrx_word' id='word_1_1082' title='bbox 257 3160 304 3189; x_wconf 84' lang='lat' dir='ltr'>lib.</span> <span class='ocrx_word' id='word_1_1083' title='bbox 315 3171 349 3190; x_wconf 82' lang='lat' dir='ltr'>xi</span> <span class='ocrx_word' id='word_1_1084' title='bbox 357 3182 364 3190; x_wconf 87' lang='lat'><strong>.</strong></span> <span class='ocrx_word' id='word_1_1085' title='bbox 372 3163 476 3192; x_wconf 72' lang='lat' dir='ltr'>Variar.</span> <span class='ocrx_word' id='word_1_1086' title='bbox 485 3163 550 3191; x_wconf 66' lang='lat' dir='ltr'>lest.</span> <span class='ocrx_word' id='word_1_1087' title='bbox 562 3173 619 3205; x_wconf 81' lang='lat' dir='ltr'>cap.</span> <span class='ocrx_word' id='word_1_1088' title='bbox 633 3172 675 3199; x_wconf 82' lang='lat'>14.</span> <span class='ocrx_word' id='word_1_1089' title='bbox 684 3173 759 3205; x_wconf 81' lang='lat' dir='ltr'>prius</span> <span class='ocrx_word' id='word_1_1090' title='bbox 770 3164 821 3192; x_wconf 84' lang='lat' dir='ltr'>cufi</span> <span class='ocrx_word' id='word_1_1091' title='bbox 832 3183 840 3199; x_wconf 90' lang='lat'>‚</span> <span class='ocrx_word' id='word_1_1092' title='bbox 851 3173 896 3192; x_wconf 86' lang='lat' dir='ltr'>non</span> <span class='ocrx_word' id='word_1_1093' title='bbox 906 3164 1004 3195; x_wconf 65' lang='lat' dir='ltr'>cadunt.</span> <span class='ocrx_word' id='word_1_1094' title='bbox 1022 3165 1108 3203; x_wconf 80' lang='lat' dir='ltr'>Supra</span> 
     </span>
    </p>
   </div>
   <div class='ocr_carea' id='block_1_20' title="bbox 1636 3199 2100 3227">
    <p class='ocr_par' dir='ltr' id='par_1_24' title="bbox 1636 3199 2100 3227">
     <span class='ocr_line' id='line_1_120' title="bbox 1636 3199 2100 3227; baseline -0.006 0"><span class='ocrx_word' id='word_1_1095' title='bbox 1636 3199 1659 3227; x_wconf 84' lang='lat' dir='ltr'>V</span> <span class='ocrx_word' id='word_1_1096' title='bbox 2032 3200 2100 3226; x_wconf 54' lang='lat' dir='ltr'>LE:</span> 
     </span>
    </p>
   </div>
   <div class='ocr_carea' id='block_1_21' title="bbox 2022 147 2112 208">
    <p class='ocr_par' dir='ltr' id='par_1_25' title="bbox 2022 147 2112 208">
     <span class='ocr_line' id='line_1_121' title="bbox 2022 147 2112 208; baseline 0.022 -2"><span class='ocrx_word' id='word_1_1097' title='bbox 2022 147 2112 208; x_wconf 74' lang='lat'>153</span> 
     </span>
    </p>
   </div>
   <div class='ocr_carea' id='block_1_22' title="bbox 2125 1529 2139 1562">
    <p class='ocr_par' dir='ltr' id='par_1_26' title="bbox 2125 1529 2139 1562">
     <span class='ocr_line' id='line_1_122' title="bbox 2125 1529 2139 1562; baseline 0 -12"><span class='ocrx_word' id='word_1_1098' title='bbox 2125 1529 2139 1562; x_wconf 57' lang='grc' dir='ltr'><strong><em>ἶ</em></strong></span> 
     </span>
    </p>
   </div>
  </div>
 </body>
</html>
