<?xml version="1.0" encoding="UTF-8"?>
<!DOCTYPE html PUBLIC "-//W3C//DTD XHTML 1.0 Transitional//EN"
    "http://www.w3.org/TR/xhtml1/DTD/xhtml1-transitional.dtd">
<html xmlns="http://www.w3.org/1999/xhtml" xml:lang="en" lang="en">
 <head>
  <title>
</title>
<meta http-equiv="Content-Type" content="text/html;charset=utf-8" />
  <meta name='ocr-system' content='tesseract 3.04.00' />
  <meta name='ocr-capabilities' content='ocr_page ocr_carea ocr_par ocr_line ocrx_word'/>
</head>
<body>
  <div class='ocr_page' id='page_1' title='image "./mtuliiciceroniso00cice/mtuliiciceroniso00cice_0212.png"; bbox 0 0 2316 3395; ppageno 0'>
   <div class='ocr_carea' id='block_1_1' title="bbox 184 761 230 794">
    <p class='ocr_par' dir='ltr' id='par_1_1' title="bbox 184 761 230 794">
     <span class='ocr_line' id='line_1_1' title="bbox 184 761 230 794; baseline -0.022 0"><span class='ocrx_word' id='word_1_1' title='bbox 184 761 230 794; x_wconf 80' lang='lat'>62</span> 
     </span>
    </p>
   </div>
   <div class='ocr_carea' id='block_1_2' title="bbox 213 2391 257 2432">
    <p class='ocr_par' dir='ltr' id='par_1_2' title="bbox 213 2391 257 2432">
     <span class='ocr_line' id='line_1_2' title="bbox 213 2391 257 2432; baseline 0 0"><span class='ocrx_word' id='word_1_2' title='bbox 213 2391 257 2432; x_wconf 83' lang='lat'>63</span> 
     </span>
    </p>
   </div>
   <div class='ocr_carea' id='block_1_3' title="bbox 242 135 1167 205">
    <p class='ocr_par' dir='ltr' id='par_1_3' title="bbox 242 135 1167 205">
     <span class='ocr_line' id='line_1_3' title="bbox 242 135 1167 205; baseline -0.015 -14"><span class='ocrx_word' id='word_1_3' title='bbox 242 157 336 205; x_wconf 82' lang='lat'>144</span> <span class='ocrx_word' id='word_1_4' title='bbox 669 135 1167 188; x_wconf 76' lang='lat' dir='ltr'>M.Tur.1.&#39;11</span> 
     </span>
    </p>
   </div>
   <div class='ocr_carea' id='block_1_4' title="bbox 233 211 1215 1426">
    <p class='ocr_par' dir='ltr' id='par_1_4' title="bbox 233 211 1215 1426">
     <span class='ocr_line' id='line_1_4' title="bbox 233 211 1191 263; baseline -0.02 -6"><span class='ocrx_word' id='word_1_5' title='bbox 233 225 333 257; x_wconf 84' lang='lat' dir='ltr'>studio</span> <span class='ocrx_word' id='word_1_6' title='bbox 345 222 464 255; x_wconf 83' lang='lat' dir='ltr'>dicendi</span> <span class='ocrx_word' id='word_1_7' title='bbox 476 243 484 256; x_wconf 85' lang='lat'><strong>‚</strong></span> <span class='ocrx_word' id='word_1_8' title='bbox 496 230 645 263; x_wconf 74' lang='lat' dir='ltr'>peipaucze</span> <span class='ocrx_word' id='word_1_9' title='bbox 655 219 690 250; x_wconf 84' lang='lat' dir='ltr'>ad</span> <span class='ocrx_word' id='word_1_10' title='bbox 700 229 770 249; x_wconf 87' lang='lat' dir='ltr'>eum</span> <span class='ocrx_word' id='word_1_11' title='bbox 781 216 871 247; x_wconf 74' lang='lat' dir='ltr'>causae</span> <span class='ocrx_word' id='word_1_12' title='bbox 882 213 1100 259; x_wconf 80' lang='lat' dir='ltr'>deferebantur.</span> <span class='ocrx_word' id='word_1_13' title='bbox 1118 211 1191 239; x_wconf 85' lang='lat' dir='ltr'>Ora-</span> 
     </span>
     <span class='ocr_line' id='line_1_5' title="bbox 235 257 1193 303; baseline -0.02 -4"><span class='ocrx_word' id='word_1_14' title='bbox 235 278 283 298; x_wconf 88' lang='lat' dir='ltr'>tor</span> <span class='ocrx_word' id='word_1_15' title='bbox 291 276 390 297; x_wconf 65' lang='grc'><strong>3313111</strong></span> <span class='ocrx_word' id='word_1_16' title='bbox 402 286 409 300; x_wconf 87' lang='grc'>,</span> <span class='ocrx_word' id='word_1_17' title='bbox 422 267 499 295; x_wconf 79' lang='lat' dir='ltr'>vivis</span> <span class='ocrx_word' id='word_1_18' title='bbox 509 265 572 303; x_wconf 69' lang='lat' dir='ltr'>ejus</span> <span class='ocrx_word' id='word_1_19' title='bbox 583 261 744 302; x_wconf 66' lang='lat' dir='ltr'>aequalibus</span> <span class='ocrx_word' id='word_1_20' title='bbox 756 280 762 292; x_wconf 80' lang='lat'>‚</span> <span class='ocrx_word' id='word_1_21' title='bbox 781 267 939 298; x_wconf 76' lang='lat' dir='ltr'>proximus</span> <span class='ocrx_word' id='word_1_22' title='bbox 948 257 1073 296; x_wconf 78' lang='lat' dir='ltr'>optimis</span> <span class='ocrx_word' id='word_1_23' title='bbox 1084 261 1193 282; x_wconf 87' lang='lat' dir='ltr'>nurne-</span> 
     </span>
     <span class='ocr_line' id='line_1_6' title="bbox 235 294 1194 348; baseline -0.018 -8"><span class='ocrx_word' id='word_1_24' title='bbox 235 310 352 340; x_wconf 83' lang='lat' dir='ltr'>rabatur</span> <span class='ocrx_word' id='word_1_25' title='bbox 362 329 370 341; x_wconf 85' lang='lat'>‚</span> <span class='ocrx_word' id='word_1_26' title='bbox 381 316 499 348; x_wconf 77' lang='lat' dir='ltr'>propter</span> <span class='ocrx_word' id='word_1_27' title='bbox 508 305 668 335; x_wconf 71' lang='lat' dir='ltr'>verborum</span> <span class='ocrx_word' id='word_1_28' title='bbox 680 302 845 331; x_wconf 78' lang='lat' dir='ltr'>bonitatem</span> <span class='ocrx_word' id='word_1_29' title='bbox 859 319 867 332; x_wconf 87' lang='lat'><em>‚</em></span> <span class='ocrx_word' id='word_1_30' title='bbox 879 308 912 328; x_wconf 93' lang='lat' dir='ltr'>ut</span> <span class='ocrx_word' id='word_1_31' title='bbox 921 299 989 328; x_wconf 79' lang='lat' dir='ltr'>ante</span> <span class='ocrx_word' id='word_1_32' title='bbox 1001 296 1085 329; x_wconf 83' lang='lat' dir='ltr'>dixi,</span> <span class='ocrx_word' id='word_1_33' title='bbox 1098 294 1130 324; x_wconf 72' lang='grc' dir='ltr'>δε</span> <span class='ocrx_word' id='word_1_34' title='bbox 1140 303 1194 324; x_wconf 83' lang='lat' dir='ltr'>cx-</span> 
     </span>
     <span class='ocr_line' id='line_1_7' title="bbox 236 339 1195 392; baseline -0.019 -10"><span class='ocrx_word' id='word_1_35' title='bbox 236 351 380 392; x_wconf 79' lang='lat' dir='ltr'>peditam,</span> <span class='ocrx_word' id='word_1_36' title='bbox 390 360 421 379; x_wconf 86' lang='lat' dir='ltr'>ac</span> <span class='ocrx_word' id='word_1_37' title='bbox 432 347 632 388; x_wconf 79' lang='lat' dir='ltr'>profluentem</span> <span class='ocrx_word' id='word_1_38' title='bbox 645 341 872 385; x_wconf 86' lang='lat' dir='ltr'>quodammodo</span> <span class='ocrx_word' id='word_1_39' title='bbox 883 341 1074 371; x_wconf 73' lang='lat' dir='ltr'>celeritatem.</span> <span class='ocrx_word' id='word_1_40' title='bbox 1094 339 1195 376; x_wconf 85' lang='lat' dir='ltr'>Itaque</span> 
     </span>
     <span class='ocr_line' id='line_1_8' title="bbox 239 377 1194 428; baseline -0.018 -5"><span class='ocrx_word' id='word_1_41' title='bbox 239 394 304 428; x_wconf 71' lang='lat' dir='ltr'>eius</span> <span class='ocrx_word' id='word_1_42' title='bbox 315 393 462 421; x_wconf 75' lang='lat' dir='ltr'>orationes</span> <span class='ocrx_word' id='word_1_43' title='bbox 473 385 656 427; x_wconf 54' lang='lat' dir='ltr'>dasptcleildrvt</span> <span class='ocrx_word' id='word_1_44' title='bbox 666 394 766 415; x_wconf 69' lang='lat' dir='ltr'>tamen</span> <span class='ocrx_word' id='word_1_45' title='bbox 775 384 891 413; x_wconf 82' lang='lat' dir='ltr'>censeo.</span> <span class='ocrx_word' id='word_1_46' title='bbox 916 382 984 412; x_wconf 87' lang='lat' dir='ltr'>sunt</span> <span class='ocrx_word' id='word_1_47' title='bbox 1001 380 1062 409; x_wconf 85' lang='lat' dir='ltr'>illae</span> <span class='ocrx_word' id='word_1_48' title='bbox 1070 377 1194 419; x_wconf 90' lang='lat' dir='ltr'>quidem</span> 
     </span>
     <span class='ocr_line' id='line_1_9' title="bbox 240 417 1196 476; baseline -0.018 -11"><span class='ocrx_word' id='word_1_49' title='bbox 240 430 452 476; x_wconf 66' lang='lat' dir='ltr'>languidiores,</span> <span class='ocrx_word' id='word_1_50' title='bbox 463 437 671 460; x_wconf 79' lang='lat' dir='ltr'>verumtamen</span> <span class='ocrx_word' id='word_1_51' title='bbox 680 424 802 466; x_wconf 66' lang='lat' dir='ltr'>poss‘unt</span> <span class='ocrx_word' id='word_1_52' title='bbox 811 434 914 470; x_wconf 71' lang='lat' dir='ltr'>augere</span> <span class='ocrx_word' id='word_1_53' title='bbox 925 444 934 457; x_wconf 91' lang='lat'>‚</span> <span class='ocrx_word' id='word_1_54' title='bbox 949 423 981 452; x_wconf 86' lang='lat'>&amp;</span> <span class='ocrx_word' id='word_1_55' title='bbox 990 419 1070 463; x_wconf 85' lang='lat' dir='ltr'>quasi</span> <span class='ocrx_word' id='word_1_56' title='bbox 1079 421 1154 450; x_wconf 86' lang='lat' dir='ltr'>alere</span> <span class='ocrx_word' id='word_1_57' title='bbox 1165 417 1196 448; x_wconf 92' lang='lat' dir='ltr'>id</span> 
     </span>
     <span class='ocr_line' id='line_1_10' title="bbox 240 460 1195 513; baseline -0.017 -7"><span class='ocrx_word' id='word_1_58' title='bbox 240 477 370 507; x_wconf 83' lang='lat' dir='ltr'>bonum,</span> <span class='ocrx_word' id='word_1_59' title='bbox 382 473 464 513; x_wconf 75' lang='lat' dir='ltr'>quod</span> <span class='ocrx_word' id='word_1_60' title='bbox 476 474 508 501; x_wconf 83' lang='lat' dir='ltr'>in</span> <span class='ocrx_word' id='word_1_61' title='bbox 520 471 573 500; x_wconf 93' lang='grc'><strong>1110</strong></span> <span class='ocrx_word' id='word_1_62' title='bbox 584 465 871 498; x_wconf 67' lang='lat' dir='ltr'>mediocriterfuisle</span> <span class='ocrx_word' id='word_1_63' title='bbox 883 464 1080 495; x_wconf 86' lang='lat' dir='ltr'>concedimus</span> <span class='ocrx_word' id='word_1_64' title='bbox 1093 472 1098 491; x_wconf 94' lang='lat'>:</span> <span class='ocrx_word' id='word_1_65' title='bbox 1114 460 1195 502; x_wconf 87' lang='lat' dir='ltr'>quod</span> 
     </span>
     <span class='ocr_line' id='line_1_11' title="bbox 243 504 1198 547; baseline -0.017 0"><span class='ocrx_word' id='word_1_66' title='bbox 243 518 330 547; x_wconf 83' lang='lat' dir='ltr'>habet</span> <span class='ocrx_word' id='word_1_67' title='bbox 348 524 458 545; x_wconf 77' lang='lat' dir='ltr'>tantam</span> <span class='ocrx_word' id='word_1_68' title='bbox 478 515 541 542; x_wconf 88' lang='lat' dir='ltr'>vim</span> <span class='ocrx_word' id='word_1_69' title='bbox 551 532 559 545; x_wconf 84' lang='lat'><em>‚</em></span> <span class='ocrx_word' id='word_1_70' title='bbox 582 520 614 540; x_wconf 89' lang='lat' dir='ltr'>ut</span> <span class='ocrx_word' id='word_1_71' title='bbox 626 509 724 540; x_wconf 74' lang='lat' dir='ltr'>sulum</span> <span class='ocrx_word' id='word_1_72' title='bbox 735 508 794 538; x_wconf 85' lang='lat' dir='ltr'>sine</span> <span class='ocrx_word' id='word_1_73' title='bbox 805 509 870 538; x_wconf 87' lang='lat' dir='ltr'>aliis</span> <span class='ocrx_word' id='word_1_74' title='bbox 882 509 913 536; x_wconf 91' lang='lat' dir='ltr'>in</span> <span class='ocrx_word' id='word_1_75' title='bbox 926 508 1055 536; x_wconf 85' lang='lat' dir='ltr'>Curione</span> <span class='ocrx_word' id='word_1_76' title='bbox 1066 504 1198 544; x_wconf 85' lang='lat' dir='ltr'>speciem</span> 
     </span>
     <span class='ocr_line' id='line_1_12' title="bbox 244 546 1201 593; baseline -0.017 -5"><span class='ocrx_word' id='word_1_77' title='bbox 244 560 369 588; x_wconf 84' lang='lat' dir='ltr'>oratoris</span> <span class='ocrx_word' id='word_1_78' title='bbox 378 557 503 593; x_wconf 64' lang='lat' dir='ltr'>alicujus</span> <span class='ocrx_word' id='word_1_79' title='bbox 514 552 653 583; x_wconf 74' lang='lat' dir='ltr'>effecerit.</span> <span class='ocrx_word' id='word_1_80' title='bbox 687 551 741 581; x_wconf 86' lang='lat' dir='ltr'>Sed</span> <span class='ocrx_word' id='word_1_81' title='bbox 761 550 796 579; x_wconf 90' lang='lat' dir='ltr'>ad</span> <span class='ocrx_word' id='word_1_82' title='bbox 816 549 949 579; x_wconf 86' lang='lat' dir='ltr'>instituta</span> <span class='ocrx_word' id='word_1_83' title='bbox 967 547 1132 577; x_wconf 78' lang='lat' dir='ltr'>redeamus.</span> <span class='ocrx_word' id='word_1_84' title='bbox 1157 546 1201 590; x_wconf 68' lang='lat' dir='ltr'>⁴In</span> 
     </span>
     <span class='ocr_line' id='line_1_13' title="bbox 244 585 1200 639; baseline -0.016 -10"><span class='ocrx_word' id='word_1_85' title='bbox 244 600 355 630; x_wconf 82' lang='lat' dir='ltr'>eodem</span> <span class='ocrx_word' id='word_1_86' title='bbox 375 600 463 639; x_wconf 78' lang='lat' dir='ltr'>igitur</span> <span class='ocrx_word' id='word_1_87' title='bbox 481 605 611 626; x_wconf 83' lang='lat' dir='ltr'>numero</span> <span class='ocrx_word' id='word_1_88' title='bbox 624 594 757 633; x_wconf 76' lang='lat' dir='ltr'>ejusdem</span> <span class='ocrx_word' id='word_1_89' title='bbox 769 594 861 621; x_wconf 76' lang='lat' dir='ltr'>aetatis</span> <span class='ocrx_word' id='word_1_90' title='bbox 871 594 904 620; x_wconf 93' lang='lat' dir='ltr'>C.</span> <span class='ocrx_word' id='word_1_91' title='bbox 917 589 1011 619; x_wconf 82' lang='lat' dir='ltr'>Carbo</span> <span class='ocrx_word' id='word_1_92' title='bbox 1020 587 1079 617; x_wconf 87' lang='lat' dir='ltr'>fuit</span> <span class='ocrx_word' id='word_1_93' title='bbox 1089 608 1098 620; x_wconf 83' lang='lat'><strong>,</strong></span> <span class='ocrx_word' id='word_1_94' title='bbox 1119 585 1200 615; x_wconf 79' lang='lat' dir='ltr'>illius</span> 
     </span>
     <span class='ocr_line' id='line_1_14' title="bbox 244 627 1202 681; baseline -0.016 -11"><span class='ocrx_word' id='word_1_95' title='bbox 244 638 483 681; x_wconf 79' lang='lat' dir='ltr'>eloquentissimi</span> <span class='ocrx_word' id='word_1_96' title='bbox 500 639 557 667; x_wconf 91' lang='lat' dir='ltr'>viri</span> <span class='ocrx_word' id='word_1_97' title='bbox 577 635 656 666; x_wconf 82' lang='lat' dir='ltr'>filius</span> <span class='ocrx_word' id='word_1_98' title='bbox 667 655 676 668; x_wconf 91' lang='lat'>‚</span> <span class='ocrx_word' id='word_1_99' title='bbox 696 645 761 665; x_wconf 84' lang='lat' dir='ltr'>non</span> <span class='ocrx_word' id='word_1_100' title='bbox 772 634 837 663; x_wconf 73' lang='lat' dir='ltr'>sitis</span> <span class='ocrx_word' id='word_1_101' title='bbox 849 642 950 662; x_wconf 85' lang='lat' dir='ltr'>acutus</span> <span class='ocrx_word' id='word_1_102' title='bbox 960 639 1059 661; x_wconf 76' lang='lat' dir='ltr'>orator</span> <span class='ocrx_word' id='word_1_103' title='bbox 1072 641 1080 662; x_wconf 87' lang='lat'>·‚</span> <span class='ocrx_word' id='word_1_104' title='bbox 1100 627 1202 672; x_wconf 48' lang='grc'><strong>1311111-</strong></span> 
     </span>
     <span class='ocr_line' id='line_1_15' title="bbox 246 667 1203 715; baseline -0.018 -2"><span class='ocrx_word' id='word_1_105' title='bbox 246 693 320 712; x_wconf 87' lang='lat' dir='ltr'>men</span> <span class='ocrx_word' id='word_1_106' title='bbox 330 690 428 711; x_wconf 81' lang='lat' dir='ltr'>orator</span> <span class='ocrx_word' id='word_1_107' title='bbox 438 687 609 709; x_wconf 76' lang='lat' dir='ltr'>numeratus</span> <span class='ocrx_word' id='word_1_108' title='bbox 621 676 673 707; x_wconf 86' lang='lat' dir='ltr'>cst.</span> <span class='ocrx_word' id='word_1_109' title='bbox 699 679 766 707; x_wconf 86' lang='lat' dir='ltr'>Erat</span> <span class='ocrx_word' id='word_1_110' title='bbox 775 678 806 705; x_wconf 88' lang='lat' dir='ltr'>in</span> <span class='ocrx_word' id='word_1_111' title='bbox 815 675 912 705; x_wconf 72' lang='lat' dir='ltr'>veihis</span> <span class='ocrx_word' id='word_1_112' title='bbox 921 675 1056 715; x_wconf 83' lang='lat' dir='ltr'>gravitas,</span> <span class='ocrx_word' id='word_1_113' title='bbox 1073 670 1105 699; x_wconf 85' lang='lat'>&amp;</span> <span class='ocrx_word' id='word_1_114' title='bbox 1114 667 1203 698; x_wconf 69' lang='lat' dir='ltr'>facile</span> 
     </span>
     <span class='ocr_line' id='line_1_16' title="bbox 250 712 1203 758; baseline -0.017 -4"><span class='ocrx_word' id='word_1_115' title='bbox 250 724 364 754; x_wconf 83' lang='lat' dir='ltr'>dicebat</span> <span class='ocrx_word' id='word_1_116' title='bbox 373 744 381 757; x_wconf 86' lang='lat'>‚</span> <span class='ocrx_word' id='word_1_117' title='bbox 405 724 436 752; x_wconf 68' lang='grc' dir='ltr'>δε</span> <span class='ocrx_word' id='word_1_118' title='bbox 451 722 658 751; x_wconf 53' lang='lat' dir='ltr'>auctoritatem</span> <span class='ocrx_word' id='word_1_119' title='bbox 671 718 834 748; x_wconf 75' lang='lat' dir='ltr'>naturalem</span> <span class='ocrx_word' id='word_1_120' title='bbox 845 715 996 757; x_wconf 85' lang='lat' dir='ltr'>quandam</span> <span class='ocrx_word' id='word_1_121' title='bbox 1007 712 1129 758; x_wconf 80' lang='lat' dir='ltr'>habebat</span> <span class='ocrx_word' id='word_1_122' title='bbox 1139 718 1203 739; x_wconf 79' lang='lat' dir='ltr'>ora-</span> 
     </span>
     <span class='ocr_line' id='line_1_17' title="bbox 249 758 1205 803; baseline -0.018 -7"><span class='ocrx_word' id='word_1_123' title='bbox 249 768 302 796; x_wconf 86' lang='lat' dir='ltr'>tio.</span> <span class='ocrx_word' id='word_1_124' title='bbox 346 766 471 794; x_wconf 79' lang='lat' dir='ltr'>Acutior</span> <span class='ocrx_word' id='word_1_125' title='bbox 480 763 634 803; x_wconf 73' lang='lat' dir='ltr'>QVarius</span> <span class='ocrx_word' id='word_1_126' title='bbox 645 760 732 790; x_wconf 85' lang='lat' dir='ltr'>rebus</span> <span class='ocrx_word' id='word_1_127' title='bbox 743 758 947 790; x_wconf 65' lang='lat' dir='ltr'>inveniendis,</span> <span class='ocrx_word' id='word_1_128' title='bbox 959 765 1013 785; x_wconf 85' lang='lat' dir='ltr'>nec</span> <span class='ocrx_word' id='word_1_129' title='bbox 1023 762 1126 798; x_wconf 84' lang='lat' dir='ltr'>miuus</span> <span class='ocrx_word' id='word_1_130' title='bbox 1138 760 1205 780; x_wconf 87' lang='lat' dir='ltr'>ver-</span> 
     </span>
     <span class='ocr_line' id='line_1_18' title="bbox 248 794 1205 847; baseline -0.018 -9"><span class='ocrx_word' id='word_1_131' title='bbox 248 808 295 838; x_wconf 88' lang='lat' dir='ltr'>bis</span> <span class='ocrx_word' id='word_1_132' title='bbox 305 806 462 847; x_wconf 86' lang='lat' dir='ltr'>expeditus</span> <span class='ocrx_word' id='word_1_133' title='bbox 475 805 576 834; x_wconf 65' lang='lat' dir='ltr'>:sortis</span> <span class='ocrx_word' id='word_1_134' title='bbox 584 800 655 832; x_wconf 76' lang='lat' dir='ltr'>vero</span> <span class='ocrx_word' id='word_1_135' title='bbox 666 801 758 834; x_wconf 66' lang='lat' dir='ltr'>actor,</span> <span class='ocrx_word' id='word_1_136' title='bbox 770 801 802 830; x_wconf 87' lang='lat'>&amp;</span> <span class='ocrx_word' id='word_1_137' title='bbox 814 801 988 830; x_wconf 76' lang='lat' dir='ltr'>vehemens,</span> <span class='ocrx_word' id='word_1_138' title='bbox 1001 797 1033 825; x_wconf 71' lang='lat' dir='ltr'>Sc</span> <span class='ocrx_word' id='word_1_139' title='bbox 1042 794 1140 824; x_wconf 85' lang='lat' dir='ltr'>verbis</span> <span class='ocrx_word' id='word_1_140' title='bbox 1151 802 1205 822; x_wconf 87' lang='lat' dir='ltr'>nec</span> 
     </span>
     <span class='ocr_line' id='line_1_19' title="bbox 249 835 1204 888; baseline -0.019 -8"><span class='ocrx_word' id='word_1_141' title='bbox 249 852 350 888; x_wconf 78' lang='lat' dir='ltr'>inops,</span> <span class='ocrx_word' id='word_1_142' title='bbox 362 859 418 878; x_wconf 89' lang='lat' dir='ltr'>nec</span> <span class='ocrx_word' id='word_1_143' title='bbox 426 845 568 885; x_wconf 60' lang='grc'><strong>3111381113,</strong></span> <span class='ocrx_word' id='word_1_144' title='bbox 581 845 613 874; x_wconf 81' lang='lat'>&amp;</span> <span class='ocrx_word' id='word_1_145' title='bbox 623 854 712 885; x_wconf 87' lang='lat' dir='ltr'>quem</span> <span class='ocrx_word' id='word_1_146' title='bbox 724 842 810 882; x_wconf 78' lang='lat' dir='ltr'>plane</span> <span class='ocrx_word' id='word_1_147' title='bbox 821 848 955 870; x_wconf 75' lang='lat' dir='ltr'>oratorem</span> <span class='ocrx_word' id='word_1_148' title='bbox 965 838 1062 868; x_wconf 91' lang='lat' dir='ltr'>dicere</span> <span class='ocrx_word' id='word_1_149' title='bbox 1072 835 1204 866; x_wconf 82' lang='lat' dir='ltr'>auderes.</span> 
     </span>
     <span class='ocr_line' id='line_1_20' title="bbox 253 881 1204 930; baseline -0.018 -9"><span class='ocrx_word' id='word_1_150' title='bbox 253 894 309 921; x_wconf 87' lang='lat' dir='ltr'>Cn.</span> <span class='ocrx_word' id='word_1_151' title='bbox 321 891 508 930; x_wconf 75' lang='lat' dir='ltr'>Pomponius</span> <span class='ocrx_word' id='word_1_152' title='bbox 519 886 658 917; x_wconf 84' lang='lat' dir='ltr'>lateribus</span> <span class='ocrx_word' id='word_1_153' title='bbox 668 894 802 925; x_wconf 62' lang='lat' dir='ltr'>pugnans</span> <span class='ocrx_word' id='word_1_154' title='bbox 815 902 822 916; x_wconf 89' lang='lat'>‚</span> <span class='ocrx_word' id='word_1_155' title='bbox 835 883 961 911; x_wconf 84' lang='lat' dir='ltr'>incitans</span> <span class='ocrx_word' id='word_1_156' title='bbox 971 881 1090 922; x_wconf 69' lang='lat' dir='ltr'>animos</span> <span class='ocrx_word' id='word_1_157' title='bbox 1101 898 1110 910; x_wconf 91' lang='lat'>,</span> <span class='ocrx_word' id='word_1_158' title='bbox 1131 885 1204 908; x_wconf 78' lang='lat' dir='ltr'>acer,</span> 
     </span>
     <span class='ocr_line' id='line_1_21' title="bbox 249 917 1207 966; baseline -0.018 -3"><span class='ocrx_word' id='word_1_159' title='bbox 249 932 371 963; x_wconf 84' lang='lat' dir='ltr'>acerbus</span> <span class='ocrx_word' id='word_1_160' title='bbox 382 952 391 966; x_wconf 86' lang='lat'>‚</span> <span class='ocrx_word' id='word_1_161' title='bbox 410 929 598 962; x_wconf 84' lang='lat' dir='ltr'>criminosus.</span> <span class='ocrx_word' id='word_1_162' title='bbox 631 917 767 956; x_wconf 55' lang='lat' dir='ltr'>Mulsum</span> <span class='ocrx_word' id='word_1_163' title='bbox 778 925 813 955; x_wconf 85' lang='lat' dir='ltr'>ab</span> <span class='ocrx_word' id='word_1_164' title='bbox 824 927 860 953; x_wconf 91' lang='lat' dir='ltr'>iis</span> <span class='ocrx_word' id='word_1_165' title='bbox 869 923 966 953; x_wconf 80' lang='lat' dir='ltr'>aberat</span> <span class='ocrx_word' id='word_1_166' title='bbox 974 924 1009 951; x_wconf 90' lang='lat' dir='ltr'>L.</span> <span class='ocrx_word' id='word_1_167' title='bbox 1021 922 1122 950; x_wconf 75' lang='lat' dir='ltr'>Funus</span> <span class='ocrx_word' id='word_1_168' title='bbox 1133 937 1142 951; x_wconf 83' lang='lat'>,</span> <span class='ocrx_word' id='word_1_169' title='bbox 1165 925 1207 947; x_wconf 86' lang='lat' dir='ltr'>ta-</span> 
     </span>
     <span class='ocr_line' id='line_1_22' title="bbox 252 961 1209 1008; baseline -0.018 -3"><span class='ocrx_word' id='word_1_170' title='bbox 252 984 326 1005; x_wconf 88' lang='lat' dir='ltr'>men</span> <span class='ocrx_word' id='word_1_171' title='bbox 345 984 382 1003; x_wconf 85' lang='lat' dir='ltr'>ex</span> <span class='ocrx_word' id='word_1_172' title='bbox 399 972 583 1002; x_wconf 68' lang='lat' dir='ltr'>accusatione</span> <span class='ocrx_word' id='word_1_173' title='bbox 604 972 649 998; x_wconf 87' lang='lat' dir='ltr'>M.</span> <span class='ocrx_word' id='word_1_174' title='bbox 663 968 791 1008; x_wconf 82' lang='lat' dir='ltr'>Aquillii</span> <span class='ocrx_word' id='word_1_175' title='bbox 805 965 967 1005; x_wconf 64' lang='lat' dir='ltr'>diligentia*</span> <span class='ocrx_word' id='word_1_176' title='bbox 977 961 1112 993; x_wconf 65' lang='lat' dir='ltr'>fructum</span> <span class='ocrx_word' id='word_1_177' title='bbox 1121 968 1209 999; x_wconf 83' lang='lat' dir='ltr'>cepe-</span> 
     </span>
     <span class='ocr_line' id='line_1_23' title="bbox 251 1006 1208 1049; baseline -0.017 -3"><span class='ocrx_word' id='word_1_178' title='bbox 251 1025 305 1046; x_wconf 84' lang='lat' dir='ltr'>rat.</span> <span class='ocrx_word' id='word_1_179' title='bbox 328 1018 408 1046; x_wconf 80' lang='lat' dir='ltr'>Nam</span> <span class='ocrx_word' id='word_1_180' title='bbox 420 1017 464 1044; x_wconf 88' lang='lat' dir='ltr'>M.</span> <span class='ocrx_word' id='word_1_181' title='bbox 476 1012 620 1044; x_wconf 77' lang='lat' dir='ltr'>Drusum,</span> <span class='ocrx_word' id='word_1_182' title='bbox 631 1019 717 1040; x_wconf 87' lang='lat' dir='ltr'>tuum</span> <span class='ocrx_word' id='word_1_183' title='bbox 727 1017 871 1049; x_wconf 82' lang='lat' dir='ltr'>magnum</span> <span class='ocrx_word' id='word_1_184' title='bbox 881 1006 1076 1037; x_wconf 82' lang='lat' dir='ltr'>avunculum,</span> <span class='ocrx_word' id='word_1_185' title='bbox 1087 1010 1208 1044; x_wconf 85' lang='lat' dir='ltr'>gravem</span> 
     </span>
     <span class='ocr_line' id='line_1_24' title="bbox 253 1044 1209 1090; baseline -0.019 -1"><span class='ocrx_word' id='word_1_186' title='bbox 253 1066 404 1089; x_wconf 85' lang='lat' dir='ltr'>oratorem</span> <span class='ocrx_word' id='word_1_187' title='bbox 415 1076 423 1089; x_wconf 86' lang='lat'>‚</span> <span class='ocrx_word' id='word_1_188' title='bbox 443 1058 483 1085; x_wconf 87' lang='lat' dir='ltr'>ita</span> <span class='ocrx_word' id='word_1_189' title='bbox 491 1054 632 1084; x_wconf 75' lang='lat' dir='ltr'>duntaxat</span> <span class='ocrx_word' id='word_1_190' title='bbox 642 1051 712 1081; x_wconf 76' lang='lat' dir='ltr'>cum</span> <span class='ocrx_word' id='word_1_191' title='bbox 724 1051 761 1080; x_wconf 84' lang='lat' dir='ltr'>de</span> <span class='ocrx_word' id='word_1_192' title='bbox 770 1060 830 1090; x_wconf 80' lang='lat' dir='ltr'>rep.</span> <span class='ocrx_word' id='word_1_193' title='bbox 843 1049 969 1079; x_wconf 83' lang='lat' dir='ltr'>diceret:</span> <span class='ocrx_word' id='word_1_194' title='bbox 990 1048 1026 1076; x_wconf 87' lang='lat' dir='ltr'>L.</span> <span class='ocrx_word' id='word_1_195' title='bbox 1036 1054 1135 1076; x_wconf 82' lang='lat' dir='ltr'>autem</span> <span class='ocrx_word' id='word_1_196' title='bbox 1146 1044 1209 1073; x_wconf 94' lang='lat' dir='ltr'>Lu-</span> 
     </span>
     <span class='ocr_line' id='line_1_25' title="bbox 253 1088 1210 1133; baseline -0.017 -3"><span class='ocrx_word' id='word_1_197' title='bbox 253 1100 371 1130; x_wconf 86' lang='lat' dir='ltr'>cullum</span> <span class='ocrx_word' id='word_1_198' title='bbox 381 1101 471 1128; x_wconf 78' lang='lat' dir='ltr'>etiam</span> <span class='ocrx_word' id='word_1_199' title='bbox 480 1104 599 1126; x_wconf 86' lang='lat' dir='ltr'>acutum</span> <span class='ocrx_word' id='word_1_200' title='bbox 612 1115 620 1127; x_wconf 88' lang='lat'><em>,</em></span> <span class='ocrx_word' id='word_1_201' title='bbox 630 1102 802 1133; x_wconf 84' lang='lat' dir='ltr'>patremque</span> <span class='ocrx_word' id='word_1_202' title='bbox 812 1100 899 1121; x_wconf 87' lang='lat' dir='ltr'>tuum</span> <span class='ocrx_word' id='word_1_203' title='bbox 911 1110 919 1124; x_wconf 90' lang='lat'>‚</span> <span class='ocrx_word' id='word_1_204' title='bbox 933 1091 1019 1118; x_wconf 84' lang='lat' dir='ltr'>Brute</span> <span class='ocrx_word' id='word_1_205' title='bbox 1030 1108 1039 1121; x_wconf 86' lang='lat'><em>‚</em></span> <span class='ocrx_word' id='word_1_206' title='bbox 1049 1088 1123 1126; x_wconf 74' lang='lat' dir='ltr'>juris</span> <span class='ocrx_word' id='word_1_207' title='bbox 1133 1094 1210 1125; x_wconf 85' lang='lat' dir='ltr'>quo-</span> 
     </span>
     <span class='ocr_line' id='line_1_26' title="bbox 254 1128 1209 1182; baseline -0.018 -11"><span class='ocrx_word' id='word_1_208' title='bbox 254 1151 312 1182; x_wconf 89' lang='lat' dir='ltr'>que</span> <span class='ocrx_word' id='word_1_209' title='bbox 332 1142 364 1170; x_wconf 70' lang='grc'>83</span> <span class='ocrx_word' id='word_1_210' title='bbox 381 1140 511 1180; x_wconf 84' lang='lat' dir='ltr'>publici,</span> <span class='ocrx_word' id='word_1_211' title='bbox 533 1137 565 1166; x_wconf 85' lang='lat'>&amp;</span> <span class='ocrx_word' id='word_1_212' title='bbox 583 1137 688 1176; x_wconf 78' lang='lat' dir='ltr'>privati</span> <span class='ocrx_word' id='word_1_213' title='bbox 708 1135 774 1164; x_wconf 64' lang='lat' dir='ltr'>sane</span> <span class='ocrx_word' id='word_1_214' title='bbox 793 1135 923 1173; x_wconf 89' lang='lat' dir='ltr'>peritum</span> <span class='ocrx_word' id='word_1_215' title='bbox 946 1142 951 1160; x_wconf 92' lang='lat'>:</span> <span class='ocrx_word' id='word_1_216' title='bbox 980 1133 1025 1160; x_wconf 88' lang='lat' dir='ltr'>M.</span> <span class='ocrx_word' id='word_1_217' title='bbox 1044 1128 1209 1174; x_wconf 81' lang='lat' dir='ltr'>Lucullum</span> 
     </span>
     <span class='ocr_line' id='line_1_27' title="bbox 257 1169 1210 1216; baseline -0.018 -3"><span class='ocrx_word' id='word_1_218' title='bbox 257 1187 303 1213; x_wconf 89' lang='lat' dir='ltr'>M.</span> <span class='ocrx_word' id='word_1_219' title='bbox 318 1181 489 1212; x_wconf 69' lang='lat' dir='ltr'>OStaviurm</span> <span class='ocrx_word' id='word_1_220' title='bbox 501 1182 555 1208; x_wconf 89' lang='lat' dir='ltr'>Cn.</span> <span class='ocrx_word' id='word_1_221' title='bbox 570 1177 669 1207; x_wconf 78' lang='lat' dir='ltr'>filiuni</span> <span class='ocrx_word' id='word_1_222' title='bbox 681 1187 686 1204; x_wconf 93' lang='lat'>:</span> <span class='ocrx_word' id='word_1_223' title='bbox 708 1176 770 1216; x_wconf 75' lang='lat' dir='ltr'>(qui</span> <span class='ocrx_word' id='word_1_224' title='bbox 781 1183 901 1205; x_wconf 78' lang='lat' dir='ltr'>tantum</span> <span class='ocrx_word' id='word_1_225' title='bbox 910 1172 1094 1203; x_wconf 60' lang='lat' dir='ltr'>auctoritate,</span> <span class='ocrx_word' id='word_1_226' title='bbox 1106 1169 1210 1198; x_wconf 81' lang='lat' dir='ltr'>dicen-</span> 
     </span>
     <span class='ocr_line' id='line_1_28' title="bbox 256 1214 1212 1265; baseline -0.017 -10"><span class='ocrx_word' id='word_1_227' title='bbox 256 1226 355 1265; x_wconf 79' lang='lat' dir='ltr'>doque</span> <span class='ocrx_word' id='word_1_228' title='bbox 366 1223 476 1255; x_wconf 79' lang='lat' dir='ltr'>valuit,</span> <span class='ocrx_word' id='word_1_229' title='bbox 499 1229 531 1249; x_wconf 84' lang='lat' dir='ltr'>ut</span> <span class='ocrx_word' id='word_1_230' title='bbox 540 1220 636 1260; x_wconf 75' lang='lat' dir='ltr'>legem</span> <span class='ocrx_word' id='word_1_231' title='bbox 646 1219 857 1257; x_wconf 75' lang='lat' dir='ltr'>Semproniam</span> <span class='ocrx_word' id='word_1_232' title='bbox 866 1214 1092 1244; x_wconf 74' lang='lat' dir='ltr'>frumentariam</span> <span class='ocrx_word' id='word_1_233' title='bbox 1103 1231 1111 1245; x_wconf 87' lang='lat'>‚</span> <span class='ocrx_word' id='word_1_234' title='bbox 1133 1214 1143 1229; x_wconf 89' lang='lat'>¹</span> <span class='ocrx_word' id='word_1_235' title='bbox 1157 1219 1212 1249; x_wconf 91' lang='lat' dir='ltr'>po-</span> 
     </span>
     <span class='ocr_line' id='line_1_29' title="bbox 256 1250 1213 1308; baseline -0.017 -12"><span class='ocrx_word' id='word_1_236' title='bbox 256 1268 322 1308; x_wconf 85' lang='lat' dir='ltr'>puli</span> <span class='ocrx_word' id='word_1_237' title='bbox 332 1265 498 1306; x_wconf 84' lang='lat' dir='ltr'>frequentis</span> <span class='ocrx_word' id='word_1_238' title='bbox 507 1260 649 1302; x_wconf 79' lang='lat' dir='ltr'>suffragiis</span> <span class='ocrx_word' id='word_1_239' title='bbox 660 1259 855 1300; x_wconf 72' lang='lat' dir='ltr'>abrogaverit)</span> <span class='ocrx_word' id='word_1_240' title='bbox 866 1260 922 1287; x_wconf 80' lang='lat' dir='ltr'>Cn.</span> <span class='ocrx_word' id='word_1_241' title='bbox 934 1255 1105 1286; x_wconf 56' lang='lat' dir='ltr'>Octavium,</span> <span class='ocrx_word' id='word_1_242' title='bbox 1120 1254 1164 1281; x_wconf 80' lang='lat' dir='ltr'>M.</span> <span class='ocrx_word' id='word_1_243' title='bbox 1175 1250 1213 1280; x_wconf 84' lang='lat' dir='ltr'>fi-</span> 
     </span>
     <span class='ocr_line' id='line_1_30' title="bbox 255 1293 1214 1342; baseline -0.018 -3"><span class='ocrx_word' id='word_1_244' title='bbox 255 1310 334 1339; x_wconf 86' lang='lat' dir='ltr'>lium</span> <span class='ocrx_word' id='word_1_245' title='bbox 349 1318 354 1335; x_wconf 88' lang='lat'>:</span> <span class='ocrx_word' id='word_1_246' title='bbox 375 1309 420 1336; x_wconf 84' lang='lat' dir='ltr'>M.</span> <span class='ocrx_word' id='word_1_247' title='bbox 430 1308 575 1335; x_wconf 88' lang='lat' dir='ltr'>Catonem</span> <span class='ocrx_word' id='word_1_248' title='bbox 585 1311 699 1342; x_wconf 66' lang='lat' dir='ltr'>patrem</span> <span class='ocrx_word' id='word_1_249' title='bbox 710 1321 717 1334; x_wconf 90' lang='lat'>‚</span> <span class='ocrx_word' id='word_1_250' title='bbox 743 1301 880 1339; x_wconf 72' lang='lat' dir='ltr'>Qetiam</span> <span class='ocrx_word' id='word_1_251' title='bbox 892 1298 1032 1328; x_wconf 83' lang='lat' dir='ltr'>Catulum</span> <span class='ocrx_word' id='word_1_252' title='bbox 1044 1295 1142 1326; x_wconf 82' lang='lat' dir='ltr'>silium</span> <span class='ocrx_word' id='word_1_253' title='bbox 1162 1293 1214 1323; x_wconf 87' lang='lat' dir='ltr'>ab·</span> 
     </span>
     <span class='ocr_line' id='line_1_31' title="bbox 261 1335 1211 1383; baseline -0.017 -3"><span class='ocrx_word' id='word_1_254' title='bbox 261 1350 406 1381; x_wconf 81' lang='lat' dir='ltr'>ducamus</span> <span class='ocrx_word' id='word_1_255' title='bbox 417 1357 455 1376; x_wconf 82' lang='lat' dir='ltr'>ex</span> <span class='ocrx_word' id='word_1_256' title='bbox 464 1347 524 1374; x_wconf 83' lang='lat' dir='ltr'>acie</span> <span class='ocrx_word' id='word_1_257' title='bbox 534 1365 542 1379; x_wconf 88' lang='lat'>,</span> <span class='ocrx_word' id='word_1_258' title='bbox 565 1346 596 1374; x_wconf 91' lang='lat' dir='ltr'>id</span> <span class='ocrx_word' id='word_1_259' title='bbox 606 1343 648 1374; x_wconf 83' lang='lat' dir='ltr'>cst·</span> <span class='ocrx_word' id='word_1_260' title='bbox 657 1363 665 1376; x_wconf 89' lang='lat'>‚</span> <span class='ocrx_word' id='word_1_261' title='bbox 686 1342 832 1383; x_wconf 67' lang='lat' dir='ltr'>¹&gt;ijudiciis</span> <span class='ocrx_word' id='word_1_262' title='bbox 842 1362 851 1375; x_wconf 86' lang='lat'>‚</span> <span class='ocrx_word' id='word_1_263' title='bbox 864 1341 939 1370; x_wconf 86' lang='lat' dir='ltr'>&amp;in</span> <span class='ocrx_word' id='word_1_264' title='bbox 947 1338 1086 1380; x_wconf 76' lang='lat' dir='ltr'>praesidiis</span> <span class='ocrx_word' id='word_1_265' title='bbox 1096 1335 1211 1376; x_wconf 77' lang='lat' dir='ltr'>reipub.</span> 
     </span>
     <span class='ocr_line' id='line_1_32' title="bbox 259 1380 1215 1426; baseline -0.016 -4"><span class='ocrx_word' id='word_1_266' title='bbox 259 1393 308 1423; x_wconf 90' lang='lat' dir='ltr'>cui</span> <span class='ocrx_word' id='word_1_267' title='bbox 317 1389 405 1421; x_wconf 73' lang='lat' dir='ltr'>facile</span> <span class='ocrx_word' id='word_1_268' title='bbox 415 1386 576 1419; x_wconf 69' lang='lat' dir='ltr'>satisfacere</span> <span class='ocrx_word' id='word_1_269' title='bbox 587 1383 712 1426; x_wconf 79' lang='lat' dir='ltr'>possint,</span> <span class='ocrx_word' id='word_1_270' title='bbox 734 1385 931 1423; x_wconf 69' lang='lat' dir='ltr'>collocemus.</span> <span class='ocrx_word' id='word_1_271' title='bbox 964 1381 1082 1413; x_wconf 85' lang='lat' dir='ltr'>Eodem</span> <span class='ocrx_word' id='word_1_272' title='bbox 1100 1380 1215 1420; x_wconf 70' lang='lat' dir='ltr'>QCae-</span> 
     </span>
    </p>
   </div>
   <div class='ocr_carea' id='block_1_5' title="bbox 258 1420 1221 1474">
    <p class='ocr_par' dir='ltr' id='par_1_5' title="bbox 258 1420 1221 1474">
     <span class='ocr_line' id='line_1_33' title="bbox 258 1420 1221 1474; baseline -0.013 -11"><span class='ocrx_word' id='word_1_273' title='bbox 258 1436 386 1474; x_wconf 80' lang='lat' dir='ltr'>pionem</span> <span class='ocrx_word' id='word_1_274' title='bbox 398 1429 539 1460; x_wconf 77' lang='lat' dir='ltr'>referrem</span> <span class='ocrx_word' id='word_1_275' title='bbox 550 1448 559 1461; x_wconf 89' lang='lat'>,</span> <span class='ocrx_word' id='word_1_276' title='bbox 579 1427 633 1457; x_wconf 81' lang='lat' dir='ltr'>nisi</span> <span class='ocrx_word' id='word_1_277' title='bbox 645 1428 737 1457; x_wconf 89' lang='lat' dir='ltr'>nimis</span> <span class='ocrx_word' id='word_1_278' title='bbox 749 1425 874 1467; x_wconf 87' lang='lat' dir='ltr'>equestri</span> <span class='ocrx_word' id='word_1_279' title='bbox 884 1424 983 1455; x_wconf 79' lang='lat' dir='ltr'>ordini</span> <span class='ocrx_word' id='word_1_280' title='bbox 994 1423 1110 1454; x_wconf 83' lang='lat' dir='ltr'>deditus</span> <span class='ocrx_word' id='word_1_281' title='bbox 1121 1441 1129 1455; x_wconf 70' lang='lat'><em>2</em></span> <span class='ocrx_word' id='word_1_282' title='bbox 1145 1425 1161 1450; x_wconf 77' lang='lat' dir='ltr'>a</span> <span class='ocrx_word' id='word_1_283' title='bbox 1172 1420 1221 1450; x_wconf 47' lang='lat' dir='ltr'>se*</span> 
     </span>
    </p>
   </div>
   <div class='ocr_carea' id='block_1_6' title="bbox 259 1462 1244 2971">
    <p class='ocr_par' dir='ltr' id='par_1_6' title="bbox 259 1462 1244 2971">
     <span class='ocr_line' id='line_1_34' title="bbox 259 1462 1215 1507; baseline -0.016 -2"><span class='ocrx_word' id='word_1_284' title='bbox 259 1484 333 1507; x_wconf 80' lang='lat' dir='ltr'>natu</span> <span class='ocrx_word' id='word_1_285' title='bbox 343 1470 510 1503; x_wconf 77' lang='lat' dir='ltr'>diffediffet.</span> <span class='ocrx_word' id='word_1_286' title='bbox 534 1473 588 1500; x_wconf 85' lang='lat' dir='ltr'>Cn.</span> <span class='ocrx_word' id='word_1_287' title='bbox 598 1469 780 1501; x_wconf 85' lang='lat' dir='ltr'>Carbonem,</span> <span class='ocrx_word' id='word_1_288' title='bbox 792 1470 838 1498; x_wconf 83' lang='lat' dir='ltr'>M.</span> <span class='ocrx_word' id='word_1_289' title='bbox 853 1469 982 1497; x_wconf 87' lang='lat' dir='ltr'>Marium</span> <span class='ocrx_word' id='word_1_290' title='bbox 995 1486 1004 1500; x_wconf 85' lang='lat'>,</span> <span class='ocrx_word' id='word_1_291' title='bbox 1018 1466 1049 1495; x_wconf 85' lang='lat'>&amp;</span> <span class='ocrx_word' id='word_1_292' title='bbox 1059 1474 1098 1494; x_wconf 85' lang='lat' dir='ltr'>ex</span> <span class='ocrx_word' id='word_1_293' title='bbox 1108 1462 1215 1493; x_wconf 79' lang='lat' dir='ltr'>eodem</span> 
     </span>
     <span class='ocr_line' id='line_1_35' title="bbox 262 1509 1217 1559; baseline -0.014 -13"><span class='ocrx_word' id='word_1_294' title='bbox 262 1526 370 1559; x_wconf 80' lang='lat' dir='ltr'><strong>genere</strong></span> <span class='ocrx_word' id='word_1_295' title='bbox 380 1513 562 1553; x_wconf 85' lang='lat' dir='ltr'>complureis</span> <span class='ocrx_word' id='word_1_296' title='bbox 573 1510 704 1541; x_wconf 71' lang='lat' dir='ltr'>minime</span> <span class='ocrx_word' id='word_1_297' title='bbox 714 1510 820 1551; x_wconf 84' lang='lat' dir='ltr'>dignos</span> <span class='ocrx_word' id='word_1_298' title='bbox 830 1509 971 1550; x_wconf 71' lang='lat' dir='ltr'>elegantis</span> <span class='ocrx_word' id='word_1_299' title='bbox 979 1514 1146 1538; x_wconf 84' lang='lat' dir='ltr'>conventus</span> <span class='ocrx_word' id='word_1_300' title='bbox 1165 1513 1217 1534; x_wconf 78' lang='lat' dir='ltr'>au-</span> 
     </span>
     <span class='ocr_line' id='line_1_36' title="bbox 261 1547 1217 1597; baseline -0.014 -9"><span class='ocrx_word' id='word_1_301' title='bbox 261 1558 357 1591; x_wconf 83' lang='lat' dir='ltr'>ribus,</span> <span class='ocrx_word' id='word_1_302' title='bbox 367 1554 529 1597; x_wconf 77' lang='lat' dir='ltr'>aptissimos</span> <span class='ocrx_word' id='word_1_303' title='bbox 538 1555 669 1595; x_wconf 76' lang='lat' dir='ltr'>cognovi</span> <span class='ocrx_word' id='word_1_304' title='bbox 685 1553 866 1582; x_wconf 84' lang='lat' dir='ltr'>turbulentis</span> <span class='ocrx_word' id='word_1_305' title='bbox 884 1549 1095 1581; x_wconf 71' lang='lat' dir='ltr'>concionibus.</span> <span class='ocrx_word' id='word_1_306' title='bbox 1113 1556 1174 1587; x_wconf 90' lang='lat' dir='ltr'>quo</span> <span class='ocrx_word' id='word_1_307' title='bbox 1186 1547 1217 1574; x_wconf 85' lang='lat' dir='ltr'>in</span> 
     </span>
     <span class='ocr_line' id='line_1_37' title="bbox 262 1589 1218 1643; baseline -0.014 -14"><span class='ocrx_word' id='word_1_308' title='bbox 262 1600 418 1643; x_wconf 56' lang='lat' dir='ltr'>genereiut</span> <span class='ocrx_word' id='word_1_309' title='bbox 426 1599 459 1627; x_wconf 88' lang='lat' dir='ltr'>in</span> <span class='ocrx_word' id='word_1_310' title='bbox 468 1599 504 1626; x_wconf 85' lang='lat' dir='ltr'>iis</span> <span class='ocrx_word' id='word_1_311' title='bbox 514 1595 684 1636; x_wconf 81' lang='lat' dir='ltr'>perturbem</span> <span class='ocrx_word' id='word_1_312' title='bbox 695 1603 812 1624; x_wconf 81' lang='lat' dir='ltr'>aetatum</span> <span class='ocrx_word' id='word_1_313' title='bbox 823 1592 1072 1632; x_wconf 79' lang='lat' dir='ltr'>ordinem)nupei·</span> <span class='ocrx_word' id='word_1_314' title='bbox 1082 1591 1108 1619; x_wconf 98' lang='lat' dir='ltr'>L</span> <span class='ocrx_word' id='word_1_315' title='bbox 1121 1589 1218 1629; x_wconf 84' lang='lat' dir='ltr'>Qin-</span> 
     </span>
     <span class='ocr_line' id='line_1_38' title="bbox 263 1631 1218 1679; baseline -0.016 -7"><span class='ocrx_word' id='word_1_316' title='bbox 263 1646 322 1673; x_wconf 79' lang='lat' dir='ltr'>rius</span> <span class='ocrx_word' id='word_1_317' title='bbox 333 1640 390 1671; x_wconf 85' lang='lat' dir='ltr'>fuit</span> <span class='ocrx_word' id='word_1_318' title='bbox 402 1651 407 1669; x_wconf 68' lang='grc' dir='ltr'><strong>ι</strong></span> <span class='ocrx_word' id='word_1_319' title='bbox 417 1640 512 1679; x_wconf 84' lang='lat' dir='ltr'>aptior</span> <span class='ocrx_word' id='word_1_320' title='bbox 519 1646 619 1667; x_wconf 88' lang='lat' dir='ltr'>autem</span> <span class='ocrx_word' id='word_1_321' title='bbox 629 1638 719 1667; x_wconf 84' lang='lat' dir='ltr'>etiam</span> <span class='ocrx_word' id='word_1_322' title='bbox 731 1635 882 1666; x_wconf 79' lang='lat' dir='ltr'>Palicanus</span> <span class='ocrx_word' id='word_1_323' title='bbox 892 1633 1007 1668; x_wconf 67' lang='lat' dir='ltr'>auribus</span> <span class='ocrx_word' id='word_1_324' title='bbox 1017 1631 1218 1673; x_wconf 48' lang='lat' dir='ltr'>imperitorum.</span> 
     </span>
     <span class='ocr_line' id='line_1_39' title="bbox 264 1673 1220 1723; baseline -0.017 -8"><span class='ocrx_word' id='word_1_325' title='bbox 264 1687 303 1715; x_wconf 86' lang='lat' dir='ltr'>Et</span> <span class='ocrx_word' id='word_1_326' title='bbox 313 1704 322 1717; x_wconf 73' lang='lat'>2</span> <span class='ocrx_word' id='word_1_327' title='bbox 342 1683 489 1723; x_wconf 86' lang='lat' dir='ltr'>quoniam</span> <span class='ocrx_word' id='word_1_328' title='bbox 498 1679 586 1719; x_wconf 81' lang='lat' dir='ltr'>hujus</span> <span class='ocrx_word' id='word_1_329' title='bbox 595 1680 710 1719; x_wconf 81' lang='lat' dir='ltr'>generis</span> <span class='ocrx_word' id='word_1_330' title='bbox 718 1677 795 1708; x_wconf 52' lang='lat' dir='ltr'>facita</span> <span class='ocrx_word' id='word_1_331' title='bbox 804 1676 920 1707; x_wconf 80' lang='lat' dir='ltr'>mentio</span> <span class='ocrx_word' id='word_1_332' title='bbox 931 1675 974 1706; x_wconf 84' lang='lat' dir='ltr'>est</span> <span class='ocrx_word' id='word_1_333' title='bbox 983 1695 992 1710; x_wconf 84' lang='lat'>‚</span> <span class='ocrx_word' id='word_1_334' title='bbox 1012 1673 1220 1705; x_wconf 84' lang='lat' dir='ltr'>seditiosorum</span> 
     </span>
     <span class='ocr_line' id='line_1_40' title="bbox 266 1716 1220 1763; baseline -0.015 -7"><span class='ocrx_word' id='word_1_335' title='bbox 266 1728 411 1756; x_wconf 87' lang='lat' dir='ltr'>omnium</span> <span class='ocrx_word' id='word_1_336' title='bbox 420 1722 487 1763; x_wconf 86' lang='lat' dir='ltr'>post</span> <span class='ocrx_word' id='word_1_337' title='bbox 498 1722 657 1754; x_wconf 85' lang='lat' dir='ltr'>Gracchos,</span> <span class='ocrx_word' id='word_1_338' title='bbox 669 1722 704 1750; x_wconf 96' lang='lat' dir='ltr'>L.</span> <span class='ocrx_word' id='word_1_339' title='bbox 716 1719 861 1760; x_wconf 82' lang='lat' dir='ltr'>Apuleius</span> <span class='ocrx_word' id='word_1_340' title='bbox 870 1720 1044 1749; x_wconf 85' lang='lat' dir='ltr'>Saturninus</span> <span class='ocrx_word' id='word_1_341' title='bbox 1054 1736 1063 1751; x_wconf 85' lang='lat'>‚</span> <span class='ocrx_word' id='word_1_342' title='bbox 1075 1716 1220 1755; x_wconf 85' lang='lat' dir='ltr'>eloquen-</span> 
     </span>
     <span class='ocr_line' id='line_1_41' title="bbox 265 1755 1221 1803; baseline -0.013 -6"><span class='ocrx_word' id='word_1_343' title='bbox 265 1766 394 1798; x_wconf 83' lang='lat' dir='ltr'>tiffimus</span> <span class='ocrx_word' id='word_1_344' title='bbox 402 1765 484 1802; x_wconf 89' lang='lat' dir='ltr'>visus</span> <span class='ocrx_word' id='word_1_345' title='bbox 494 1763 557 1794; x_wconf 86' lang='lat' dir='ltr'>est?</span> <span class='ocrx_word' id='word_1_346' title='bbox 578 1764 672 1803; x_wconf 83' lang='lat' dir='ltr'>magis</span> <span class='ocrx_word' id='word_1_347' title='bbox 682 1761 776 1801; x_wconf 82' lang='lat' dir='ltr'>speeie</span> <span class='ocrx_word' id='word_1_348' title='bbox 785 1769 898 1794; x_wconf 86' lang='lat' dir='ltr'>tamen,</span> <span class='ocrx_word' id='word_1_349' title='bbox 910 1761 942 1791; x_wconf 89' lang='lat'>&amp;</span> <span class='ocrx_word' id='word_1_350' title='bbox 955 1768 1051 1792; x_wconf 87' lang='lat' dir='ltr'>motu,</span> <span class='ocrx_word' id='word_1_351' title='bbox 1063 1765 1148 1798; x_wconf 75' lang='lat' dir='ltr'>arque</span> <span class='ocrx_word' id='word_1_352' title='bbox 1157 1755 1221 1795; x_wconf 88' lang='lat' dir='ltr'>ipso</span> 
     </span>
     <span class='ocr_line' id='line_1_42' title="bbox 265 1802 1222 1847; baseline -0.016 -7"><span class='ocrx_word' id='word_1_353' title='bbox 265 1806 520 1847; x_wconf 54' lang='lat' dir='ltr'>amititucapiebat</span> <span class='ocrx_word' id='word_1_354' title='bbox 529 1805 682 1836; x_wconf 85' lang='lat' dir='ltr'>homines,</span> <span class='ocrx_word' id='word_1_355' title='bbox 695 1803 785 1844; x_wconf 67' lang='lat' dir='ltr'>quam</span> <span class='ocrx_word' id='word_1_356' title='bbox 793 1811 844 1832; x_wconf 84' lang='lat' dir='ltr'>aut</span> <span class='ocrx_word' id='word_1_357' title='bbox 851 1802 971 1833; x_wconf 88' lang='lat' dir='ltr'>dicendi</span> <span class='ocrx_word' id='word_1_358' title='bbox 981 1802 1066 1841; x_wconf 85' lang='lat' dir='ltr'>copia</span> <span class='ocrx_word' id='word_1_359' title='bbox 1074 1820 1082 1832; x_wconf 91' lang='lat'><em>,</em></span> <span class='ocrx_word' id='word_1_360' title='bbox 1097 1807 1147 1828; x_wconf 83' lang='lat' dir='ltr'>aut</span> <span class='ocrx_word' id='word_1_361' title='bbox 1157 1807 1222 1826; x_wconf 88' lang='lat' dir='ltr'>me-</span> 
     </span>
     <span class='ocr_line' id='line_1_43' title="bbox 266 1842 1222 1888; baseline -0.015 -7"><span class='ocrx_word' id='word_1_362' title='bbox 266 1851 421 1881; x_wconf 84' lang='lat' dir='ltr'>diocritate</span> <span class='ocrx_word' id='word_1_363' title='bbox 439 1847 614 1888; x_wconf 86' lang='lat' dir='ltr'>prudentiae.</span> <span class='ocrx_word' id='word_1_364' title='bbox 646 1844 751 1885; x_wconf 74' lang='lat' dir='ltr'>Longe</span> <span class='ocrx_word' id='word_1_365' title='bbox 769 1853 869 1874; x_wconf 86' lang='lat' dir='ltr'>autem</span> <span class='ocrx_word' id='word_1_366' title='bbox 890 1843 957 1884; x_wconf 88' lang='lat' dir='ltr'>post</span> <span class='ocrx_word' id='word_1_367' title='bbox 974 1853 1059 1873; x_wconf 87' lang='lat' dir='ltr'>natos</span> <span class='ocrx_word' id='word_1_368' title='bbox 1069 1842 1222 1872; x_wconf 85' lang='lat' dir='ltr'>homines,</span> 
     </span>
     <span class='ocr_line' id='line_1_44' title="bbox 266 1881 1223 1932; baseline -0.013 -9"><span class='ocrx_word' id='word_1_369' title='bbox 266 1889 503 1932; x_wconf 77' lang='lat' dir='ltr'>improbissimus</span> <span class='ocrx_word' id='word_1_370' title='bbox 514 1891 546 1918; x_wconf 88' lang='lat' dir='ltr'>C.</span> <span class='ocrx_word' id='word_1_371' title='bbox 557 1888 700 1918; x_wconf 84' lang='lat' dir='ltr'>Servilius</span> <span class='ocrx_word' id='word_1_372' title='bbox 712 1886 833 1916; x_wconf 85' lang='lat' dir='ltr'>Glaucia</span> <span class='ocrx_word' id='word_1_373' title='bbox 842 1906 851 1919; x_wconf 91' lang='lat'>,</span> <span class='ocrx_word' id='word_1_374' title='bbox 863 1886 912 1915; x_wconf 78' lang='lat' dir='ltr'>sed</span> <span class='ocrx_word' id='word_1_375' title='bbox 923 1893 1088 1925; x_wconf 81' lang='lat' dir='ltr'>peracutus,</span> <span class='ocrx_word' id='word_1_376' title='bbox 1099 1882 1132 1912; x_wconf 87' lang='lat'>&amp;</span> <span class='ocrx_word' id='word_1_377' title='bbox 1141 1881 1223 1911; x_wconf 83' lang='lat' dir='ltr'>calli-</span> 
     </span>
     <span class='ocr_line' id='line_1_45' title="bbox 269 1924 1222 1971; baseline -0.012 -7"><span class='ocrx_word' id='word_1_378' title='bbox 269 1935 325 1965; x_wconf 87' lang='lat' dir='ltr'>dus</span> <span class='ocrx_word' id='word_1_379' title='bbox 336 1953 344 1967; x_wconf 85' lang='lat'>‚</span> <span class='ocrx_word' id='word_1_380' title='bbox 355 1942 426 1963; x_wconf 91' lang='lat' dir='ltr'>cum</span> <span class='ocrx_word' id='word_1_381' title='bbox 435 1930 600 1971; x_wconf 83' lang='lat' dir='ltr'>primisque</span> <span class='ocrx_word' id='word_1_382' title='bbox 609 1928 764 1958; x_wconf 85' lang='lat' dir='ltr'>ridiculus.</span> <span class='ocrx_word' id='word_1_383' title='bbox 790 1930 818 1957; x_wconf 86' lang='lat' dir='ltr'>Is</span> <span class='ocrx_word' id='word_1_384' title='bbox 828 1937 865 1957; x_wconf 76' lang='lat' dir='ltr'>ex</span> <span class='ocrx_word' id='word_1_385' title='bbox 875 1928 1002 1957; x_wconf 88' lang='lat' dir='ltr'>summis</span> <span class='ocrx_word' id='word_1_386' title='bbox 1013 1946 1021 1960; x_wconf 91' lang='lat'>,</span> <span class='ocrx_word' id='word_1_387' title='bbox 1042 1926 1075 1955; x_wconf 87' lang='lat'>&amp;</span> <span class='ocrx_word' id='word_1_388' title='bbox 1084 1924 1222 1956; x_wconf 58' lang='lat' dir='ltr'>fortunate,</span> 
     </span>
     <span class='ocr_line' id='line_1_46' title="bbox 269 1966 1224 2013; baseline -0.015 -6"><span class='ocrx_word' id='word_1_389' title='bbox 269 1977 304 2007; x_wconf 88' lang='lat'>&amp;</span> <span class='ocrx_word' id='word_1_390' title='bbox 314 1971 515 2013; x_wconf 69' lang='lat' dir='ltr'>vitaefhrdibus</span> <span class='ocrx_word' id='word_1_391' title='bbox 526 1973 558 2001; x_wconf 94' lang='lat' dir='ltr'>in</span> <span class='ocrx_word' id='word_1_392' title='bbox 567 1979 692 2010; x_wconf 88' lang='lat' dir='ltr'>praetura</span> <span class='ocrx_word' id='word_1_393' title='bbox 702 1990 710 2003; x_wconf 82' lang='lat'>‚</span> <span class='ocrx_word' id='word_1_394' title='bbox 732 1972 801 1999; x_wconf 84' lang='lat' dir='ltr'>Cos.</span> <span class='ocrx_word' id='word_1_395' title='bbox 820 1967 995 1999; x_wconf 65' lang='lat' dir='ltr'>factusesset</span> <span class='ocrx_word' id='word_1_396' title='bbox 1005 1989 1013 2001; x_wconf 87' lang='lat'><strong>,</strong></span> <span class='ocrx_word' id='word_1_397' title='bbox 1038 1966 1058 1996; x_wconf 87' lang='lat' dir='ltr'>si</span> <span class='ocrx_word' id='word_1_398' title='bbox 1075 1967 1224 1997; x_wconf 84' lang='lat' dir='ltr'>rationem</span> 
     </span>
     <span class='ocr_line' id='line_1_47' title="bbox 269 2007 1224 2058; baseline -0.014 -10"><span class='ocrx_word' id='word_1_399' title='bbox 269 2019 334 2058; x_wconf 83' lang='lat' dir='ltr'>ejus</span> <span class='ocrx_word' id='word_1_400' title='bbox 343 2016 445 2046; x_wconf 84' lang='lat' dir='ltr'>haberi</span> <span class='ocrx_word' id='word_1_401' title='bbox 454 2014 542 2044; x_wconf 85' lang='lat' dir='ltr'>licere</span> <span class='ocrx_word' id='word_1_402' title='bbox 548 2013 558 2052; x_wconf 81' lang='lat' dir='ltr'>j</span> <span class='ocrx_word' id='word_1_403' title='bbox 564 2012 714 2042; x_wconf 84' lang='lat' dir='ltr'>udicatum</span> <span class='ocrx_word' id='word_1_404' title='bbox 724 2010 802 2050; x_wconf 29' lang='lat' dir='ltr'>effe-t.</span> <span class='ocrx_word' id='word_1_405' title='bbox 826 2021 896 2040; x_wconf 83' lang='lat' dir='ltr'>nam</span> <span class='ocrx_word' id='word_1_406' title='bbox 908 2011 941 2040; x_wconf 90' lang='lat'>&amp;</span> <span class='ocrx_word' id='word_1_407' title='bbox 956 2010 1076 2050; x_wconf 86' lang='lat' dir='ltr'>plebem</span> <span class='ocrx_word' id='word_1_408' title='bbox 1095 2007 1224 2039; x_wconf 84' lang='lat' dir='ltr'>tenebat,</span> 
     </span>
     <span class='ocr_line' id='line_1_48' title="bbox 270 2051 1226 2100; baseline -0.013 -10"><span class='ocrx_word' id='word_1_409' title='bbox 270 2061 305 2091; x_wconf 85' lang='lat'>&amp;</span> <span class='ocrx_word' id='word_1_410' title='bbox 315 2056 481 2100; x_wconf 87' lang='lat' dir='ltr'>equestrem</span> <span class='ocrx_word' id='word_1_411' title='bbox 491 2054 630 2085; x_wconf 84' lang='lat' dir='ltr'>ordinem</span> <span class='ocrx_word' id='word_1_412' title='bbox 641 2051 790 2083; x_wconf 86' lang='lat' dir='ltr'>beneficio</span> <span class='ocrx_word' id='word_1_413' title='bbox 807 2052 880 2094; x_wconf 86' lang='lat' dir='ltr'>legis</span> <span class='ocrx_word' id='word_1_414' title='bbox 899 2052 1082 2082; x_wconf 81' lang='lat' dir='ltr'>devinxerat.</span> <span class='ocrx_word' id='word_1_415' title='bbox 1114 2052 1143 2079; x_wconf 83' lang='lat' dir='ltr'>Is</span> <span class='ocrx_word' id='word_1_416' title='bbox 1152 2058 1226 2088; x_wconf 79' lang='lat' dir='ltr'>prae-</span> 
     </span>
     <span class='ocr_line' id='line_1_49' title="bbox 269 2090 1227 2137; baseline -0.013 -5"><span class='ocrx_word' id='word_1_417' title='bbox 269 2109 319 2132; x_wconf 87' lang='lat' dir='ltr'>tor</span> <span class='ocrx_word' id='word_1_418' title='bbox 335 2100 443 2132; x_wconf 87' lang='lat' dir='ltr'>eodem</span> <span class='ocrx_word' id='word_1_419' title='bbox 459 2097 507 2127; x_wconf 87' lang='lat' dir='ltr'>die</span> <span class='ocrx_word' id='word_1_420' title='bbox 517 2116 526 2130; x_wconf 84' lang='lat'>,</span> <span class='ocrx_word' id='word_1_421' title='bbox 546 2105 607 2137; x_wconf 90' lang='lat' dir='ltr'>quo</span> <span class='ocrx_word' id='word_1_422' title='bbox 624 2097 800 2125; x_wconf 70' lang='lat' dir='ltr'>Saturninus</span> <span class='ocrx_word' id='word_1_423' title='bbox 817 2094 954 2123; x_wconf 84' lang='lat' dir='ltr'>tribunus</span> <span class='ocrx_word' id='word_1_424' title='bbox 974 2093 1069 2133; x_wconf 83' lang='lat' dir='ltr'>plebis</span> <span class='ocrx_word' id='word_1_425' title='bbox 1083 2094 1182 2121; x_wconf 84' lang='lat' dir='ltr'>Mario</span> <span class='ocrx_word' id='word_1_426' title='bbox 1193 2090 1227 2120; x_wconf 74' lang='grc' dir='ltr'>δε</span> 
     </span>
     <span class='ocr_line' id='line_1_50' title="bbox 271 2132 1228 2178; baseline -0.015 -4"><span class='ocrx_word' id='word_1_427' title='bbox 271 2145 377 2174; x_wconf 84' lang='lat' dir='ltr'>Flacco</span> <span class='ocrx_word' id='word_1_428' title='bbox 388 2144 473 2171; x_wconf 85' lang='lat' dir='ltr'>Coss.</span> <span class='ocrx_word' id='word_1_429' title='bbox 483 2137 602 2178; x_wconf 76' lang='lat' dir='ltr'>publice</span> <span class='ocrx_word' id='word_1_430' title='bbox 612 2135 654 2166; x_wconf 87' lang='lat' dir='ltr'>est</span> <span class='ocrx_word' id='word_1_431' title='bbox 663 2135 943 2168; x_wconf 64' lang='lat' dir='ltr'>interfectus‚homo</span> <span class='ocrx_word' id='word_1_432' title='bbox 953 2134 1125 2164; x_wconf 86' lang='lat' dir='ltr'>simillimus</span> <span class='ocrx_word' id='word_1_433' title='bbox 1135 2132 1228 2161; x_wconf 83' lang='lat' dir='ltr'>Athe-</span> 
     </span>
     <span class='ocr_line' id='line_1_51' title="bbox 271 2177 1227 2222; baseline -0.016 -6"><span class='ocrx_word' id='word_1_434' title='bbox 271 2182 383 2216; x_wconf 75' lang='lat' dir='ltr'>niensis</span> <span class='ocrx_word' id='word_1_435' title='bbox 394 2179 562 2222; x_wconf 85' lang='lat' dir='ltr'>Hyperboli</span> <span class='ocrx_word' id='word_1_436' title='bbox 573 2189 578 2207; x_wconf 92' lang='lat'>:</span> <span class='ocrx_word' id='word_1_437' title='bbox 603 2179 690 2214; x_wconf 75' lang='lat' dir='ltr'>cuius</span> <span class='ocrx_word' id='word_1_438' title='bbox 700 2177 924 2216; x_wconf 78' lang='lat' dir='ltr'>improbitatem</span> <span class='ocrx_word' id='word_1_439' title='bbox 935 2185 1047 2206; x_wconf 85' lang='lat' dir='ltr'>veteres</span> <span class='ocrx_word' id='word_1_440' title='bbox 1058 2177 1227 2204; x_wconf 86' lang='lat' dir='ltr'>Atticorum</span> 
     </span>
     <span class='ocr_line' id='line_1_52' title="bbox 274 2216 1228 2261; baseline -0.015 -6"><span class='ocrx_word' id='word_1_441' title='bbox 274 2225 402 2256; x_wconf 66' lang='lat' dir='ltr'>comxdoe</span> <span class='ocrx_word' id='word_1_442' title='bbox 413 2229 601 2253; x_wconf 87' lang='lat' dir='ltr'>notaverunt.</span> <span class='ocrx_word' id='word_1_443' title='bbox 634 2222 718 2261; x_wconf 82' lang='lat' dir='ltr'>Qos</span> <span class='ocrx_word' id='word_1_444' title='bbox 727 2222 795 2248; x_wconf 85' lang='lat' dir='ltr'>Sex.</span> <span class='ocrx_word' id='word_1_445' title='bbox 807 2219 907 2247; x_wconf 89' lang='lat' dir='ltr'>Titius</span> <span class='ocrx_word' id='word_1_446' title='bbox 918 2218 1093 2247; x_wconf 86' lang='lat' dir='ltr'>consecutus</span> <span class='ocrx_word' id='word_1_447' title='bbox 1104 2234 1112 2248; x_wconf 87' lang='grc'>,</span> <span class='ocrx_word' id='word_1_448' title='bbox 1133 2216 1228 2243; x_wconf 88' lang='lat' dir='ltr'>homo</span> 
     </span>
     <span class='ocr_line' id='line_1_53' title="bbox 274 2256 1229 2308; baseline -0.017 -10"><span class='ocrx_word' id='word_1_449' title='bbox 274 2269 386 2308; x_wconf 69' lang='lat' dir='ltr'>loquax</span> <span class='ocrx_word' id='word_1_450' title='bbox 397 2264 475 2297; x_wconf 68' lang='lat' dir='ltr'>sane,</span> <span class='ocrx_word' id='word_1_451' title='bbox 488 2263 520 2292; x_wconf 91' lang='lat'>&amp;</span> <span class='ocrx_word' id='word_1_452' title='bbox 532 2264 596 2292; x_wconf 78' lang='lat' dir='ltr'>satis</span> <span class='ocrx_word' id='word_1_453' title='bbox 605 2271 706 2291; x_wconf 87' lang='lat' dir='ltr'>acutus</span> <span class='ocrx_word' id='word_1_454' title='bbox 715 2280 723 2294; x_wconf 85' lang='lat'>‚</span> <span class='ocrx_word' id='word_1_455' title='bbox 745 2259 792 2289; x_wconf 88' lang='lat' dir='ltr'>sed</span> <span class='ocrx_word' id='word_1_456' title='bbox 802 2268 862 2289; x_wconf 88' lang='lat' dir='ltr'>tam</span> <span class='ocrx_word' id='word_1_457' title='bbox 873 2260 985 2290; x_wconf 85' lang='lat' dir='ltr'>solutus</span> <span class='ocrx_word' id='word_1_458' title='bbox 996 2278 1004 2291; x_wconf 93' lang='lat'>,</span> <span class='ocrx_word' id='word_1_459' title='bbox 1025 2257 1057 2287; x_wconf 85' lang='lat'>&amp;</span> <span class='ocrx_word' id='word_1_460' title='bbox 1074 2256 1178 2286; x_wconf 83' lang='lat' dir='ltr'>mollis</span> <span class='ocrx_word' id='word_1_461' title='bbox 1193 2256 1229 2298; x_wconf 89' lang='lat' dir='ltr'>in</span> 
     </span>
     <span class='ocr_line' id='line_1_54' title="bbox 275 2298 1229 2351; baseline -0.017 -12"><span class='ocrx_word' id='word_1_462' title='bbox 275 2309 358 2351; x_wconf 82' lang='lat' dir='ltr'>gestu</span> <span class='ocrx_word' id='word_1_463' title='bbox 370 2328 377 2341; x_wconf 86' lang='lat'>‚</span> <span class='ocrx_word' id='word_1_464' title='bbox 399 2316 431 2337; x_wconf 86' lang='lat' dir='ltr'>ut</span> <span class='ocrx_word' id='word_1_465' title='bbox 439 2306 552 2336; x_wconf 78' lang='lat' dir='ltr'>saltatio</span> <span class='ocrx_word' id='word_1_466' title='bbox 562 2303 697 2345; x_wconf 76' lang='lat' dir='ltr'>quaedam</span> <span class='ocrx_word' id='word_1_467' title='bbox 708 2302 889 2335; x_wconf 72' lang='lat' dir='ltr'>nasceretur,</span> <span class='ocrx_word' id='word_1_468' title='bbox 918 2302 966 2329; x_wconf 89' lang='lat' dir='ltr'>cui</span> <span class='ocrx_word' id='word_1_469' title='bbox 976 2299 1124 2330; x_wconf 74' lang='lat' dir='ltr'>saltationi</span> <span class='ocrx_word' id='word_1_470' title='bbox 1134 2298 1229 2324; x_wconf 74' lang='lat' dir='ltr'>Tttlus</span> 
     </span>
     <span class='ocr_line' id='line_1_55' title="bbox 277 2338 1230 2383; baseline -0.015 -3"><span class='ocrx_word' id='word_1_471' title='bbox 277 2359 393 2381; x_wconf 87' lang='lat' dir='ltr'>nomen</span> <span class='ocrx_word' id='word_1_472' title='bbox 403 2347 474 2378; x_wconf 83' lang='lat' dir='ltr'>effet</span> <span class='ocrx_word' id='word_1_473' title='bbox 484 2367 493 2380; x_wconf 87' lang='lat'>‚</span> <span class='ocrx_word' id='word_1_474' title='bbox 506 2348 544 2376; x_wconf 81' lang='lat' dir='ltr'>ita</span> <span class='ocrx_word' id='word_1_475' title='bbox 552 2344 720 2375; x_wconf 80' lang='lat' dir='ltr'>cavendum</span> <span class='ocrx_word' id='word_1_476' title='bbox 729 2341 787 2376; x_wconf 85' lang='lat' dir='ltr'>est,</span> <span class='ocrx_word' id='word_1_477' title='bbox 800 2352 837 2371; x_wconf 86' lang='lat' dir='ltr'>ne</span> <span class='ocrx_word' id='word_1_478' title='bbox 847 2342 920 2383; x_wconf 87' lang='lat' dir='ltr'>quid</span> <span class='ocrx_word' id='word_1_479' title='bbox 930 2343 962 2370; x_wconf 90' lang='lat' dir='ltr'>in</span> <span class='ocrx_word' id='word_1_480' title='bbox 971 2339 1085 2382; x_wconf 78' lang='lat' dir='ltr'>agendo</span> <span class='ocrx_word' id='word_1_481' title='bbox 1098 2359 1106 2372; x_wconf 90' lang='lat'><strong><em>,</em></strong></span> <span class='ocrx_word' id='word_1_482' title='bbox 1127 2338 1230 2367; x_wconf 85' lang='lat' dir='ltr'>dicen-</span> 
     </span>
     <span class='ocr_line' id='line_1_56' title="bbox 279 2379 1231 2426; baseline -0.016 -4"><span class='ocrx_word' id='word_1_483' title='bbox 279 2393 357 2423; x_wconf 89' lang='lat' dir='ltr'>dove</span> <span class='ocrx_word' id='word_1_484' title='bbox 374 2390 462 2425; x_wconf 76' lang='lat' dir='ltr'>facias</span> <span class='ocrx_word' id='word_1_485' title='bbox 474 2409 482 2422; x_wconf 89' lang='lat'>‚</span> <span class='ocrx_word' id='word_1_486' title='bbox 504 2388 589 2426; x_wconf 83' lang='lat' dir='ltr'>cujus</span> <span class='ocrx_word' id='word_1_487' title='bbox 600 2388 730 2416; x_wconf 82' lang='lat' dir='ltr'>imitatio</span> <span class='ocrx_word' id='word_1_488' title='bbox 741 2384 877 2414; x_wconf 84' lang='lat' dir='ltr'>rideatur.</span> <span class='ocrx_word' id='word_1_489' title='bbox 924 2383 980 2413; x_wconf 77' lang='lat' dir='ltr'>Sed</span> <span class='ocrx_word' id='word_1_490' title='bbox 991 2383 1025 2413; x_wconf 84' lang='lat' dir='ltr'>ad</span> <span class='ocrx_word' id='word_1_491' title='bbox 1035 2381 1136 2422; x_wconf 87' lang='lat' dir='ltr'>paullo</span> <span class='ocrx_word' id='word_1_492' title='bbox 1146 2379 1231 2418; x_wconf 89' lang='lat' dir='ltr'>supe-</span> 
     </span>
     <span class='ocr_line' id='line_1_57' title="bbox 278 2423 1232 2465; baseline -0.016 -1"><span class='ocrx_word' id='word_1_493' title='bbox 278 2437 390 2465; x_wconf 85' lang='lat' dir='ltr'>riorem</span> <span class='ocrx_word' id='word_1_494' title='bbox 399 2440 514 2462; x_wconf 86' lang='lat' dir='ltr'>aetatem</span> <span class='ocrx_word' id='word_1_495' title='bbox 524 2428 636 2458; x_wconf 67' lang='lat' dir='ltr'>revecti</span> <span class='ocrx_word' id='word_1_496' title='bbox 646 2428 663 2457; x_wconf 94' lang='lat' dir='ltr'>s</span> <span class='ocrx_word' id='word_1_497' title='bbox 661 2437 758 2456; x_wconf 87' lang='lat' dir='ltr'>umus:</span> <span class='ocrx_word' id='word_1_498' title='bbox 769 2435 851 2455; x_wconf 89' lang='lat' dir='ltr'>nunc</span> <span class='ocrx_word' id='word_1_499' title='bbox 861 2424 895 2455; x_wconf 88' lang='lat' dir='ltr'>ad</span> <span class='ocrx_word' id='word_1_500' title='bbox 906 2424 1023 2458; x_wconf 85' lang='lat' dir='ltr'>eam‚de</span> <span class='ocrx_word' id='word_1_501' title='bbox 1032 2433 1089 2464; x_wconf 86' lang='lat' dir='ltr'>qua</span> <span class='ocrx_word' id='word_1_502' title='bbox 1098 2423 1232 2461; x_wconf 84' lang='lat' dir='ltr'>aliquan-</span> 
     </span>
     <span class='ocr_line' id='line_1_58' title="bbox 280 2463 1235 2507; baseline -0.015 -2"><span class='ocrx_word' id='word_1_503' title='bbox 280 2475 349 2507; x_wconf 76' lang='lat' dir='ltr'>tum</span> <span class='ocrx_word' id='word_1_504' title='bbox 358 2475 452 2504; x_wconf 88' lang='lat' dir='ltr'>locuti</span> <span class='ocrx_word' id='word_1_505' title='bbox 462 2472 579 2503; x_wconf 85' lang='lat' dir='ltr'>sumus,</span> <span class='ocrx_word' id='word_1_506' title='bbox 599 2477 790 2499; x_wconf 84' lang='lat' dir='ltr'>revertamur.</span> <span class='ocrx_word' id='word_1_507' title='bbox 814 2466 1002 2506; x_wconf 68' lang='lat' dir='ltr'>Conjun&amp;us</span> <span class='ocrx_word' id='word_1_508' title='bbox 1014 2467 1103 2506; x_wconf 84' lang='lat' dir='ltr'>igitur</span> <span class='ocrx_word' id='word_1_509' title='bbox 1111 2463 1235 2501; x_wconf 89' lang='lat' dir='ltr'>Sulpicii</span> 
     </span>
     <span class='ocr_line' id='line_1_59' title="bbox 279 2504 1236 2548; baseline -0.016 -1"><span class='ocrx_word' id='word_1_510' title='bbox 279 2519 398 2548; x_wconf 76' lang='lat' dir='ltr'>aetatiP.</span> <span class='ocrx_word' id='word_1_511' title='bbox 409 2513 555 2544; x_wconf 85' lang='lat' dir='ltr'>Antistius</span> <span class='ocrx_word' id='word_1_512' title='bbox 564 2512 640 2544; x_wconf 88' lang='lat' dir='ltr'>fuit,</span> <span class='ocrx_word' id='word_1_513' title='bbox 661 2510 762 2540; x_wconf 80' lang='lat' dir='ltr'>mbula</span> <span class='ocrx_word' id='word_1_514' title='bbox 772 2509 840 2539; x_wconf 75' lang='lat' dir='ltr'>sane</span> <span class='ocrx_word' id='word_1_515' title='bbox 850 2508 1012 2548; x_wconf 85' lang='lat' dir='ltr'>probabilis</span> <span class='ocrx_word' id='word_1_516' title='bbox 1025 2527 1033 2541; x_wconf 90' lang='lat'>‚</span> <span class='ocrx_word' id='word_1_517' title='bbox 1053 2507 1106 2546; x_wconf 90' lang='lat' dir='ltr'>qui</span> <span class='ocrx_word' id='word_1_518' title='bbox 1123 2504 1236 2534; x_wconf 85' lang='lat' dir='ltr'>multos</span> 
     </span>
     <span class='ocr_line' id='line_1_60' title="bbox 281 2545 1238 2593; baseline -0.015 -5"><span class='ocrx_word' id='word_1_519' title='bbox 281 2557 355 2589; x_wconf 73' lang='lat' dir='ltr'>cum</span> <span class='ocrx_word' id='word_1_520' title='bbox 365 2555 497 2587; x_wconf 74' lang='lat' dir='ltr'>tacuiss&#39;et</span> <span class='ocrx_word' id='word_1_521' title='bbox 505 2564 599 2585; x_wconf 89' lang='lat' dir='ltr'>annos</span> <span class='ocrx_word' id='word_1_522' title='bbox 612 2573 620 2586; x_wconf 89' lang='lat'>‚</span> <span class='ocrx_word' id='word_1_523' title='bbox 639 2562 736 2593; x_wconf 88' lang='lat' dir='ltr'>neque</span> <span class='ocrx_word' id='word_1_524' title='bbox 746 2552 903 2582; x_wconf 79' lang='lat' dir='ltr'>contemni</span> <span class='ocrx_word' id='word_1_525' title='bbox 914 2549 1012 2580; x_wconf 78' lang='lat' dir='ltr'>solum</span> <span class='ocrx_word' id='word_1_526' title='bbox 1023 2568 1031 2582; x_wconf 89' lang='lat'>‚</span> <span class='ocrx_word' id='word_1_527' title='bbox 1052 2547 1101 2578; x_wconf 86' lang='lat' dir='ltr'>sed</span> <span class='ocrx_word' id='word_1_528' title='bbox 1123 2545 1238 2591; x_wconf 81' lang='lat' dir='ltr'>irrideri</span> 
     </span>
     <span class='ocr_line' id='line_1_61' title="bbox 282 2587 1238 2632; baseline -0.014 -3"><span class='ocrx_word' id='word_1_529' title='bbox 282 2603 374 2630; x_wconf 85' lang='lat' dir='ltr'>etiam</span> <span class='ocrx_word' id='word_1_530' title='bbox 385 2599 486 2628; x_wconf 85' lang='lat' dir='ltr'>solitus</span> <span class='ocrx_word' id='word_1_531' title='bbox 499 2595 570 2626; x_wconf 74' lang='lat' dir='ltr'>essct</span> <span class='ocrx_word' id='word_1_532' title='bbox 580 2616 587 2629; x_wconf 82' lang='lat'>‚</span> <span class='ocrx_word' id='word_1_533' title='bbox 608 2597 639 2624; x_wconf 90' lang='lat' dir='ltr'>in</span> <span class='ocrx_word' id='word_1_534' title='bbox 649 2597 801 2624; x_wconf 76' lang='lat' dir='ltr'>tribunatu</span> <span class='ocrx_word' id='word_1_535' title='bbox 811 2591 945 2632; x_wconf 73' lang='lat' dir='ltr'>primum</span> <span class='ocrx_word' id='word_1_536' title='bbox 955 2600 1057 2621; x_wconf 89' lang='lat' dir='ltr'>contra</span> <span class='ocrx_word' id='word_1_537' title='bbox 1066 2592 1097 2619; x_wconf 91' lang='lat' dir='ltr'>C.</span> <span class='ocrx_word' id='word_1_538' title='bbox 1107 2588 1183 2630; x_wconf 89' lang='lat' dir='ltr'>Julii</span> <span class='ocrx_word' id='word_1_539' title='bbox 1200 2587 1238 2615; x_wconf 87' lang='lat' dir='ltr'>il-</span> 
     </span>
     <span class='ocr_line' id='line_1_62' title="bbox 283 2629 1238 2677; baseline -0.016 -6"><span class='ocrx_word' id='word_1_540' title='bbox 283 2644 346 2672; x_wconf 74' lang='lat' dir='ltr'>lam</span> <span class='ocrx_word' id='word_1_541' title='bbox 355 2639 522 2670; x_wconf 87' lang='lat' dir='ltr'>consulatus</span> <span class='ocrx_word' id='word_1_542' title='bbox 533 2639 712 2677; x_wconf 79' lang='lat' dir='ltr'>petitionem</span> <span class='ocrx_word' id='word_1_543' title='bbox 721 2634 986 2665; x_wconf 81' lang='lat' dir='ltr'>extraordinariam</span> <span class='ocrx_word' id='word_1_544' title='bbox 997 2652 1006 2666; x_wconf 82' lang='lat'>‚</span> <span class='ocrx_word' id='word_1_545' title='bbox 1016 2641 1114 2661; x_wconf 83' lang='lat' dir='ltr'>veram</span> <span class='ocrx_word' id='word_1_546' title='bbox 1125 2629 1238 2668; x_wconf 63' lang='lat' dir='ltr'>catrfizm</span> 
     </span>
     <span class='ocr_line' id='line_1_63' title="bbox 282 2669 1238 2724; baseline -0.014 -12"><span class='ocrx_word' id='word_1_547' title='bbox 282 2693 376 2724; x_wconf 83' lang='lat' dir='ltr'>agens,</span> <span class='ocrx_word' id='word_1_548' title='bbox 387 2680 429 2711; x_wconf 86' lang='lat' dir='ltr'>est</span> <span class='ocrx_word' id='word_1_549' title='bbox 437 2680 590 2720; x_wconf 83' lang='lat' dir='ltr'>probatus:</span> <span class='ocrx_word' id='word_1_550' title='bbox 607 2679 640 2708; x_wconf 69' lang='lat'>8&lt;</span> <span class='ocrx_word' id='word_1_551' title='bbox 650 2688 686 2708; x_wconf 91' lang='lat' dir='ltr'>eo</span> <span class='ocrx_word' id='word_1_552' title='bbox 697 2679 801 2717; x_wconf 82' lang='lat' dir='ltr'>magis,</span> <span class='ocrx_word' id='word_1_553' title='bbox 813 2675 895 2717; x_wconf 76' lang='lat' dir='ltr'>quod</span> <span class='ocrx_word' id='word_1_554' title='bbox 906 2674 1031 2705; x_wconf 85' lang='lat' dir='ltr'>eandem</span> <span class='ocrx_word' id='word_1_555' title='bbox 1039 2673 1155 2704; x_wconf 80' lang='lat' dir='ltr'>causam</span> <span class='ocrx_word' id='word_1_556' title='bbox 1166 2669 1238 2700; x_wconf 74' lang='lat' dir='ltr'>cum</span> 
     </span>
     <span class='ocr_line' id='line_1_64' title="bbox 285 2714 1240 2767; baseline -0.015 -12"><span class='ocrx_word' id='word_1_557' title='bbox 285 2733 383 2767; x_wconf 77' lang='lat' dir='ltr'>ageret</span> <span class='ocrx_word' id='word_1_558' title='bbox 391 2724 454 2763; x_wconf 86' lang='lat' dir='ltr'>ejus</span> <span class='ocrx_word' id='word_1_559' title='bbox 464 2722 576 2762; x_wconf 81' lang='lat' dir='ltr'>collega</span> <span class='ocrx_word' id='word_1_560' title='bbox 586 2721 636 2750; x_wconf 89' lang='lat' dir='ltr'>ille</span> <span class='ocrx_word' id='word_1_561' title='bbox 647 2720 707 2759; x_wconf 86' lang='lat' dir='ltr'>ipse</span> <span class='ocrx_word' id='word_1_562' title='bbox 717 2719 867 2759; x_wconf 80' lang='lat' dir='ltr'>Sulpicius</span> <span class='ocrx_word' id='word_1_563' title='bbox 879 2739 887 2751; x_wconf 87' lang='lat'><em>,</em></span> <span class='ocrx_word' id='word_1_564' title='bbox 898 2718 947 2746; x_wconf 84' lang='lat' dir='ltr'>hic</span> <span class='ocrx_word' id='word_1_565' title='bbox 956 2717 1038 2756; x_wconf 91' lang='lat' dir='ltr'>plura</span> <span class='ocrx_word' id='word_1_566' title='bbox 1049 2736 1057 2748; x_wconf 94' lang='lat'>,</span> <span class='ocrx_word' id='word_1_567' title='bbox 1071 2715 1103 2744; x_wconf 85' lang='lat'>&amp;</span> <span class='ocrx_word' id='word_1_568' title='bbox 1112 2714 1240 2744; x_wconf 80' lang='lat' dir='ltr'>acutiora</span> 
     </span>
     <span class='ocr_line' id='line_1_65' title="bbox 287 2757 1240 2804; baseline -0.016 -7"><span class='ocrx_word' id='word_1_569' title='bbox 287 2765 413 2797; x_wconf 88' lang='lat' dir='ltr'>dicebat.</span> <span class='ocrx_word' id='word_1_570' title='bbox 436 2767 536 2804; x_wconf 87' lang='lat' dir='ltr'>Itaque</span> <span class='ocrx_word' id='word_1_571' title='bbox 553 2761 619 2802; x_wconf 90' lang='lat' dir='ltr'>post</span> <span class='ocrx_word' id='word_1_572' title='bbox 629 2761 814 2791; x_wconf 84' lang='lat' dir='ltr'>tribunatum</span> <span class='ocrx_word' id='word_1_573' title='bbox 823 2758 923 2800; x_wconf 75' lang='lat' dir='ltr'>primo</span> <span class='ocrx_word' id='word_1_574' title='bbox 934 2758 1036 2788; x_wconf 84' lang='lat' dir='ltr'>multae</span> <span class='ocrx_word' id='word_1_575' title='bbox 1045 2757 1080 2786; x_wconf 88' lang='lat' dir='ltr'>ad</span> <span class='ocrx_word' id='word_1_576' title='bbox 1092 2765 1162 2785; x_wconf 84' lang='lat' dir='ltr'>eum</span> <span class='ocrx_word' id='word_1_577' title='bbox 1173 2763 1240 2784; x_wconf 86' lang='lat' dir='ltr'>cau-</span> 
     </span>
     <span class='ocr_line' id='line_1_66' title="bbox 289 2796 1241 2842; baseline -0.014 -4"><span class='ocrx_word' id='word_1_578' title='bbox 289 2809 336 2841; x_wconf 84' lang='lat' dir='ltr'>sae,</span> <span class='ocrx_word' id='word_1_579' title='bbox 348 2806 457 2837; x_wconf 84' lang='lat' dir='ltr'>deinde</span> <span class='ocrx_word' id='word_1_580' title='bbox 468 2814 575 2835; x_wconf 86' lang='lat' dir='ltr'>omnes</span> <span class='ocrx_word' id='word_1_581' title='bbox 588 2823 596 2837; x_wconf 80' lang='lat'>,</span> <span class='ocrx_word' id='word_1_582' title='bbox 611 2804 753 2833; x_wconf 84' lang='lat' dir='ltr'>maximae</span> <span class='ocrx_word' id='word_1_583' title='bbox 762 2810 957 2842; x_wconf 82' lang='lat' dir='ltr'>quaecumque</span> <span class='ocrx_word' id='word_1_584' title='bbox 965 2808 1058 2832; x_wconf 84' lang='lat' dir='ltr'>erant,</span> <span class='ocrx_word' id='word_1_585' title='bbox 1068 2796 1241 2827; x_wconf 79' lang='lat' dir='ltr'>defereban-</span> 
     </span>
     <span class='ocr_line' id='line_1_67' title="bbox 289 2838 1243 2884; baseline -0.014 -5"><span class='ocrx_word' id='word_1_586' title='bbox 289 2859 345 2880; x_wconf 87' lang='lat' dir='ltr'>tur.</span> <span class='ocrx_word' id='word_1_587' title='bbox 368 2851 448 2878; x_wconf 90' lang='lat' dir='ltr'>Rem</span> <span class='ocrx_word' id='word_1_588' title='bbox 458 2846 576 2877; x_wconf 73' lang='lat' dir='ltr'>videbat</span> <span class='ocrx_word' id='word_1_589' title='bbox 585 2845 679 2878; x_wconf 79' lang='lat' dir='ltr'>acute,</span> <span class='ocrx_word' id='word_1_590' title='bbox 689 2843 890 2884; x_wconf 85' lang='lat' dir='ltr'>componebat</span> <span class='ocrx_word' id='word_1_591' title='bbox 899 2842 1058 2883; x_wconf 85' lang='lat' dir='ltr'>diligenter</span> <span class='ocrx_word' id='word_1_592' title='bbox 1068 2859 1076 2873; x_wconf 87' lang='lat'>,</span> <span class='ocrx_word' id='word_1_593' title='bbox 1095 2838 1243 2869; x_wconf 81' lang='lat' dir='ltr'>memoria</span> 
     </span>
     <span class='ocr_line' id='line_1_68' title="bbox 287 2881 1243 2927; baseline -0.013 -7"><span class='ocrx_word' id='word_1_594' title='bbox 287 2890 405 2921; x_wconf 87' lang='lat' dir='ltr'>valebat</span> <span class='ocrx_word' id='word_1_595' title='bbox 416 2888 528 2918; x_wconf 83' lang='lat' dir='ltr'>:verbis</span> <span class='ocrx_word' id='word_1_596' title='bbox 538 2897 602 2916; x_wconf 85' lang='lat' dir='ltr'>non</span> <span class='ocrx_word' id='word_1_597' title='bbox 612 2887 664 2916; x_wconf 84' lang='lat' dir='ltr'>ille</span> <span class='ocrx_word' id='word_1_598' title='bbox 673 2886 798 2927; x_wconf 88' lang='lat' dir='ltr'>quidem</span> <span class='ocrx_word' id='word_1_599' title='bbox 807 2886 918 2915; x_wconf 85' lang='lat' dir='ltr'>ornatis</span> <span class='ocrx_word' id='word_1_600' title='bbox 929 2882 1074 2914; x_wconf 79' lang='lat' dir='ltr'>utebatur,</span> <span class='ocrx_word' id='word_1_601' title='bbox 1083 2881 1132 2911; x_wconf 90' lang='lat' dir='ltr'>sed</span> <span class='ocrx_word' id='word_1_602' title='bbox 1142 2887 1243 2910; x_wconf 83' lang='lat' dir='ltr'>tamen</span> 
     </span>
     <span class='ocr_line' id='line_1_69' title="bbox 289 2922 1244 2971; baseline -0.013 -9"><span class='ocrx_word' id='word_1_603' title='bbox 289 2942 355 2963; x_wconf 88' lang='lat' dir='ltr'>non</span> <span class='ocrx_word' id='word_1_604' title='bbox 372 2930 506 2971; x_wconf 65' lang='lat' dir='ltr'>abjectis.</span> <span class='ocrx_word' id='word_1_605' title='bbox 538 2928 685 2968; x_wconf 84' lang='lat' dir='ltr'>Expedita</span> <span class='ocrx_word' id='word_1_606' title='bbox 699 2936 798 2958; x_wconf 77' lang='lat' dir='ltr'>autem</span> <span class='ocrx_word' id='word_1_607' title='bbox 818 2936 894 2960; x_wconf 85' lang='lat' dir='ltr'>erat,</span> <span class='ocrx_word' id='word_1_608' title='bbox 918 2926 950 2956; x_wconf 89' lang='lat'>&amp;</span> <span class='ocrx_word' id='word_1_609' title='bbox 967 2922 1106 2965; x_wconf 73' lang='lat' dir='ltr'>persaCile</span> <span class='ocrx_word' id='word_1_610' title='bbox 1124 2928 1244 2953; x_wconf 87' lang='lat' dir='ltr'>currens</span> 
     </span>
    </p>
   </div>
   <div class='ocr_carea' id='block_1_7' title="bbox 1217 309 1242 1687">
    <p class='ocr_par' dir='ltr' id='par_1_7' title="bbox 1217 309 1242 1687">
     <span class='ocr_line' id='line_1_70' title="bbox 1217 309 1242 1687; baseline 0 0"><span class='ocrx_word' id='word_1_611' title='bbox 1217 309 1242 1687; x_wconf 95' lang='lat' dir='ltr'> </span> 
     </span>
    </p>
   </div>
   <div class='ocr_carea' id='block_1_8' title="bbox 1217 309 1266 2912">
    <p class='ocr_par' dir='ltr' id='par_1_8' title="bbox 1217 309 1266 2912">
     <span class='ocr_line' id='line_1_71' title="bbox 1217 309 1266 2912; baseline 0 0"><span class='ocrx_word' id='word_1_612' title='bbox 1217 309 1266 2912; x_wconf 95' lang='lat' dir='ltr'> </span> 
     </span>
    </p>
   </div>
   <div class='ocr_carea' id='block_1_9' title="bbox 1246 130 1772 179">
    <p class='ocr_par' dir='ltr' id='par_1_9' title="bbox 1246 130 1772 179">
     <span class='ocr_line' id='line_1_72' title="bbox 1246 130 1772 179; baseline -0.002 -2"><span class='ocrx_word' id='word_1_613' title='bbox 1246 130 1772 179; x_wconf 73' lang='lat' dir='ltr'>C1cER0N1s</span> 
     </span>
    </p>
   </div>
   <div class='ocr_carea' id='block_1_10' title="bbox 1223 207 2191 250">
    <p class='ocr_par' dir='ltr' id='par_1_10' title="bbox 1223 207 2191 250">
     <span class='ocr_line' id='line_1_73' title="bbox 1223 207 2191 250; baseline 0.004 -12"><span class='ocrx_word' id='word_1_614' title='bbox 1223 210 1358 250; x_wconf 57' lang='lat' dir='ltr'>pratia*</span> <span class='ocrx_word' id='word_1_615' title='bbox 1377 211 1413 238; x_wconf 90' lang='lat' dir='ltr'>Et</span> <span class='ocrx_word' id='word_1_616' title='bbox 1431 217 1492 239; x_wconf 79' lang='lat' dir='ltr'>erat</span> <span class='ocrx_word' id='word_1_617' title='bbox 1507 210 1571 248; x_wconf 85' lang='lat' dir='ltr'>ejus</span> <span class='ocrx_word' id='word_1_618' title='bbox 1581 208 1706 250; x_wconf 88' lang='lat' dir='ltr'>quidem</span> <span class='ocrx_word' id='word_1_619' title='bbox 1715 218 1856 250; x_wconf 80' lang='lat' dir='ltr'>tanquam</span> <span class='ocrx_word' id='word_1_620' title='bbox 1867 208 1985 240; x_wconf 84' lang='lat' dir='ltr'>habitus</span> <span class='ocrx_word' id='word_1_621' title='bbox 1995 218 2058 241; x_wconf 88' lang='lat' dir='ltr'>non</span> <span class='ocrx_word' id='word_1_622' title='bbox 2068 207 2191 243; x_wconf 49' lang='lat' dir='ltr'>intuba?</span> 
     </span>
    </p>
   </div>
   <div class='ocr_carea' id='block_1_11' title="bbox 1236 249 2311 2986">
    <p class='ocr_par' dir='ltr' id='par_1_11' title="bbox 1236 249 2311 2986">
     <span class='ocr_line' id='line_1_74' title="bbox 1236 249 2192 292; baseline 0.002 -11"><span class='ocrx_word' id='word_1_623' title='bbox 1236 260 1293 281; x_wconf 87' lang='lat' dir='ltr'>nus</span> <span class='ocrx_word' id='word_1_624' title='bbox 1305 261 1310 280; x_wconf 76' lang='grc' dir='ltr'><em>ι</em></span> <span class='ocrx_word' id='word_1_625' title='bbox 1329 249 1408 280; x_wconf 67' lang='lat' dir='ltr'>affin</span> <span class='ocrx_word' id='word_1_626' title='bbox 1427 251 1564 290; x_wconf 86' lang='lat' dir='ltr'>paullum</span> <span class='ocrx_word' id='word_1_627' title='bbox 1581 260 1655 280; x_wconf 82' lang='lat' dir='ltr'>cuin</span> <span class='ocrx_word' id='word_1_628' title='bbox 1673 253 1749 280; x_wconf 88' lang='lat' dir='ltr'>vitio</span> <span class='ocrx_word' id='word_1_629' title='bbox 1767 254 1850 281; x_wconf 85' lang='lat' dir='ltr'>vocis</span> <span class='ocrx_word' id='word_1_630' title='bbox 1862 271 1870 285; x_wconf 88' lang='lat'>‚</span> <span class='ocrx_word' id='word_1_631' title='bbox 1892 261 1957 282; x_wconf 86' lang='lat' dir='ltr'>tum</span> <span class='ocrx_word' id='word_1_632' title='bbox 1967 254 2058 282; x_wconf 83' lang='lat' dir='ltr'>etiam</span> <span class='ocrx_word' id='word_1_633' title='bbox 2068 254 2192 292; x_wconf 78' lang='lat' dir='ltr'>ineptiis</span> 
     </span>
     <span class='ocr_line' id='line_1_75' title="bbox 1237 292 2193 334; baseline 0.001 -11"><span class='ocrx_word' id='word_1_634' title='bbox 1237 292 1426 323; x_wconf 80' lang='lat' dir='ltr'>claudicabat.</span> <span class='ocrx_word' id='word_1_635' title='bbox 1460 294 1520 322; x_wconf 89' lang='lat' dir='ltr'>Hic</span> <span class='ocrx_word' id='word_1_636' title='bbox 1531 292 1716 332; x_wconf 82' lang='lat' dir='ltr'>temporibus</span> <span class='ocrx_word' id='word_1_637' title='bbox 1728 292 1830 322; x_wconf 87' lang='lat' dir='ltr'>floruit</span> <span class='ocrx_word' id='word_1_638' title='bbox 1839 295 1876 323; x_wconf 87' lang='lat' dir='ltr'>iis</span> <span class='ocrx_word' id='word_1_639' title='bbox 1885 313 1894 327; x_wconf 87' lang='lat'>‚</span> <span class='ocrx_word' id='word_1_640' title='bbox 1917 294 2026 334; x_wconf 88' lang='lat' dir='ltr'>quibus</span> <span class='ocrx_word' id='word_1_641' title='bbox 2036 296 2112 323; x_wconf 91' lang='lat' dir='ltr'>inter</span> <span class='ocrx_word' id='word_1_642' title='bbox 2121 304 2193 334; x_wconf 87' lang='lat' dir='ltr'>pro-</span> 
     </span>
     <span class='ocr_line' id='line_1_76' title="bbox 1237 333 2196 374; baseline 0 -10"><span class='ocrx_word' id='word_1_643' title='bbox 1237 333 1403 364; x_wconf 57' lang='lat' dir='ltr'>factionem</span> <span class='ocrx_word' id='word_1_644' title='bbox 1415 353 1423 367; x_wconf 85' lang='lat'>‚</span> <span class='ocrx_word' id='word_1_645' title='bbox 1444 334 1632 374; x_wconf 85' lang='lat' dir='ltr'>reditumque</span> <span class='ocrx_word' id='word_1_646' title='bbox 1644 336 1678 363; x_wconf 93' lang='lat' dir='ltr'>L.</span> <span class='ocrx_word' id='word_1_647' title='bbox 1691 334 1779 364; x_wconf 85' lang='lat' dir='ltr'>Sullae</span> <span class='ocrx_word' id='word_1_648' title='bbox 1790 333 1917 373; x_wconf 79' lang='lat' dir='ltr'>sinejure</span> <span class='ocrx_word' id='word_1_649' title='bbox 1924 336 1999 370; x_wconf 81' lang='grc'><strong>11111,</strong></span> <span class='ocrx_word' id='word_1_650' title='bbox 2021 337 2053 366; x_wconf 90' lang='lat'>&amp;</span> <span class='ocrx_word' id='word_1_651' title='bbox 2063 334 2122 365; x_wconf 85' lang='lat' dir='ltr'>fine</span> <span class='ocrx_word' id='word_1_652' title='bbox 2133 335 2196 367; x_wconf 82' lang='lat' dir='ltr'>ulla</span> 
     </span>
     <span class='ocr_line' id='line_1_77' title="bbox 1239 375 2195 418; baseline 0.002 -13"><span class='ocrx_word' id='word_1_653' title='bbox 1239 376 1381 417; x_wconf 84' lang='lat' dir='ltr'>dignitate</span> <span class='ocrx_word' id='word_1_654' title='bbox 1400 376 1472 415; x_wconf 83' lang='lat' dir='ltr'>resp.</span> <span class='ocrx_word' id='word_1_655' title='bbox 1503 378 1571 405; x_wconf 86' lang='lat' dir='ltr'>Hoc</span> <span class='ocrx_word' id='word_1_656' title='bbox 1581 385 1671 405; x_wconf 80' lang='lat' dir='ltr'>etiam</span> <span class='ocrx_word' id='word_1_657' title='bbox 1682 385 1782 405; x_wconf 85' lang='lat' dir='ltr'>autem</span> <span class='ocrx_word' id='word_1_658' title='bbox 1793 379 1886 418; x_wconf 75' lang='lat' dir='ltr'>magis</span> <span class='ocrx_word' id='word_1_659' title='bbox 1895 377 2073 416; x_wconf 85' lang='lat' dir='ltr'>probabatur</span> <span class='ocrx_word' id='word_1_660' title='bbox 2082 397 2091 411; x_wconf 89' lang='lat'>‚</span> <span class='ocrx_word' id='word_1_661' title='bbox 2110 375 2195 417; x_wconf 71' lang='lat' dir='ltr'>quod</span> 
     </span>
     <span class='ocr_line' id='line_1_78' title="bbox 1238 416 2198 458; baseline 0 -10"><span class='ocrx_word' id='word_1_662' title='bbox 1238 426 1298 448; x_wconf 85' lang='lat' dir='ltr'>erat</span> <span class='ocrx_word' id='word_1_663' title='bbox 1307 418 1342 447; x_wconf 86' lang='lat' dir='ltr'>ab</span> <span class='ocrx_word' id='word_1_664' title='bbox 1352 417 1518 447; x_wconf 86' lang='lat' dir='ltr'>oratoribus</span> <span class='ocrx_word' id='word_1_665' title='bbox 1527 417 1664 457; x_wconf 77' lang='lat' dir='ltr'>quaedam</span> <span class='ocrx_word' id='word_1_666' title='bbox 1674 418 1706 445; x_wconf 89' lang='lat' dir='ltr'>in</span> <span class='ocrx_word' id='word_1_667' title='bbox 1715 416 1783 446; x_wconf 79' lang='lat' dir='ltr'>foro</span> <span class='ocrx_word' id='word_1_668' title='bbox 1792 418 1929 447; x_wconf 75' lang='lat' dir='ltr'>solitudo.</span> <span class='ocrx_word' id='word_1_669' title='bbox 1957 419 2104 458; x_wconf 72' lang='lat' dir='ltr'>Sulpicius</span> <span class='ocrx_word' id='word_1_670' title='bbox 2116 419 2198 448; x_wconf 85' lang='lat' dir='ltr'>occi-</span> 
     </span>
     <span class='ocr_line' id='line_1_79' title="bbox 1240 458 2199 500; baseline 0.001 -11"><span class='ocrx_word' id='word_1_671' title='bbox 1240 459 1338 492; x_wconf 80' lang='lat' dir='ltr'>derat,</span> <span class='ocrx_word' id='word_1_672' title='bbox 1358 461 1442 488; x_wconf 81' lang='lat' dir='ltr'>Cotta</span> <span class='ocrx_word' id='word_1_673' title='bbox 1451 458 1546 488; x_wconf 78' lang='lat' dir='ltr'>aberat</span> <span class='ocrx_word' id='word_1_674' title='bbox 1557 478 1564 491; x_wconf 91' lang='lat'><em>‚</em></span> <span class='ocrx_word' id='word_1_675' title='bbox 1588 458 1620 488; x_wconf 65' lang='grc'>83</span> <span class='ocrx_word' id='word_1_676' title='bbox 1632 460 1722 487; x_wconf 85' lang='lat' dir='ltr'>Curio</span> <span class='ocrx_word' id='word_1_677' title='bbox 1734 469 1739 486; x_wconf 95' lang='lat'>:</span> <span class='ocrx_word' id='word_1_678' title='bbox 1758 459 1879 488; x_wconf 76' lang='lat' dir='ltr'>vivebat</span> <span class='ocrx_word' id='word_1_679' title='bbox 1898 459 1915 489; x_wconf 79' lang='grc' dir='ltr'>ὲ</span> <span class='ocrx_word' id='word_1_680' title='bbox 1933 461 2055 500; x_wconf 85' lang='lat' dir='ltr'>reliquis</span> <span class='ocrx_word' id='word_1_681' title='bbox 2065 461 2199 499; x_wconf 83' lang='lat' dir='ltr'>patronis</span> 
     </span>
     <span class='ocr_line' id='line_1_80' title="bbox 1241 500 2198 542; baseline 0 -11"><span class='ocrx_word' id='word_1_682' title='bbox 1241 502 1304 540; x_wconf 84' lang='lat' dir='ltr'>ejus</span> <span class='ocrx_word' id='word_1_683' title='bbox 1315 502 1407 530; x_wconf 66' lang='grc' dir='ltr'><strong>ἐι-,13113</strong></span> <span class='ocrx_word' id='word_1_684' title='bbox 1418 509 1510 529; x_wconf 89' lang='lat' dir='ltr'>nemo</span> <span class='ocrx_word' id='word_1_685' title='bbox 1519 508 1623 539; x_wconf 47' lang='lat' dir='ltr'>pre-‚ster</span> <span class='ocrx_word' id='word_1_686' title='bbox 1632 500 1798 529; x_wconf 73' lang='lat' dir='ltr'>Carbonem</span> <span class='ocrx_word' id='word_1_687' title='bbox 1811 520 1819 532; x_wconf 87' lang='lat'>,</span> <span class='ocrx_word' id='word_1_688' title='bbox 1832 501 1864 529; x_wconf 86' lang='lat'>&amp;</span> <span class='ocrx_word' id='word_1_689' title='bbox 1875 503 2080 540; x_wconf 85' lang='lat' dir='ltr'>Pomponium</span> <span class='ocrx_word' id='word_1_690' title='bbox 2093 511 2099 530; x_wconf 74' lang='grc' dir='ltr'>ε</span> <span class='ocrx_word' id='word_1_691' title='bbox 2120 510 2198 542; x_wconf 89' lang='lat' dir='ltr'>quo-</span> 
     </span>
     <span class='ocr_line' id='line_1_81' title="bbox 1243 541 2263 585; baseline 0.002 -14"><span class='ocrx_word' id='word_1_692' title='bbox 1243 552 1311 572; x_wconf 89' lang='lat' dir='ltr'>rum</span> <span class='ocrx_word' id='word_1_693' title='bbox 1330 550 1490 582; x_wconf 87' lang='lat' dir='ltr'>utrumque</span> <span class='ocrx_word' id='word_1_694' title='bbox 1510 541 1598 570; x_wconf 70' lang='lat' dir='ltr'>facile</span> <span class='ocrx_word' id='word_1_695' title='bbox 1620 541 1779 580; x_wconf 84' lang='lat' dir='ltr'>superabat.</span> <span class='ocrx_word' id='word_1_696' title='bbox 1822 541 1977 572; x_wconf 85' lang='lat' dir='ltr'>Inferioris</span> <span class='ocrx_word' id='word_1_697' title='bbox 1995 552 2095 572; x_wconf 88' lang='lat' dir='ltr'>autem</span> <span class='ocrx_word' id='word_1_698' title='bbox 2107 544 2198 573; x_wconf 85' lang='lat' dir='ltr'>aetatis</span> <span class='ocrx_word' id='word_1_699' title='bbox 2212 541 2236 576; x_wconf 88' lang='lat'>6</span> <span class='ocrx_word' id='word_1_700' title='bbox 2240 552 2263 585; x_wconf 75' lang='lat'>4</span> 
     </span>
     <span class='ocr_line' id='line_1_82' title="bbox 1243 581 2201 624; baseline 0.001 -11"><span class='ocrx_word' id='word_1_701' title='bbox 1243 591 1303 613; x_wconf 85' lang='lat' dir='ltr'>erat</span> <span class='ocrx_word' id='word_1_702' title='bbox 1312 585 1470 623; x_wconf 83' lang='lat' dir='ltr'>proximus</span> <span class='ocrx_word' id='word_1_703' title='bbox 1481 584 1515 613; x_wconf 87' lang='lat' dir='ltr'>L.</span> <span class='ocrx_word' id='word_1_704' title='bbox 1527 583 1659 615; x_wconf 78' lang='lat' dir='ltr'>Sisenna,</span> <span class='ocrx_word' id='word_1_705' title='bbox 1671 581 1776 612; x_wconf 65' lang='lat' dir='ltr'>doftus</span> <span class='ocrx_word' id='word_1_706' title='bbox 1786 584 1843 616; x_wconf 83' lang='lat' dir='ltr'>vir,</span> <span class='ocrx_word' id='word_1_707' title='bbox 1856 583 1888 613; x_wconf 86' lang='lat'>&amp;</span> <span class='ocrx_word' id='word_1_708' title='bbox 1900 583 2003 614; x_wconf 88' lang='lat' dir='ltr'>studiis</span> <span class='ocrx_word' id='word_1_709' title='bbox 2012 586 2137 624; x_wconf 88' lang='lat' dir='ltr'>optimis</span> <span class='ocrx_word' id='word_1_710' title='bbox 2147 584 2201 614; x_wconf 85' lang='lat' dir='ltr'>de-</span> 
     </span>
     <span class='ocr_line' id='line_1_83' title="bbox 1245 624 2202 665; baseline 0.002 -11"><span class='ocrx_word' id='word_1_711' title='bbox 1245 626 1324 655; x_wconf 89' lang='lat' dir='ltr'>ditus</span> <span class='ocrx_word' id='word_1_712' title='bbox 1335 645 1343 658; x_wconf 85' lang='lat'>,</span> <span class='ocrx_word' id='word_1_713' title='bbox 1358 625 1432 654; x_wconf 84' lang='lat' dir='ltr'>bene</span> <span class='ocrx_word' id='word_1_714' title='bbox 1442 624 1547 654; x_wconf 65' lang='lat' dir='ltr'>[atine</span> <span class='ocrx_word' id='word_1_715' title='bbox 1560 624 1685 665; x_wconf 88' lang='lat' dir='ltr'>loquens</span> <span class='ocrx_word' id='word_1_716' title='bbox 1695 643 1703 656; x_wconf 88' lang='lat'><em>‚</em></span> <span class='ocrx_word' id='word_1_717' title='bbox 1724 633 1830 664; x_wconf 83' lang='lat' dir='ltr'>gnarus</span> <span class='ocrx_word' id='word_1_718' title='bbox 1841 627 1911 665; x_wconf 89' lang='lat' dir='ltr'>reip.</span> <span class='ocrx_word' id='word_1_719' title='bbox 1925 635 1989 655; x_wconf 87' lang='lat' dir='ltr'>non</span> <span class='ocrx_word' id='word_1_720' title='bbox 1999 625 2059 656; x_wconf 87' lang='lat' dir='ltr'>fine</span> <span class='ocrx_word' id='word_1_721' title='bbox 2068 624 2183 656; x_wconf 83' lang='lat' dir='ltr'>facetiis</span> <span class='ocrx_word' id='word_1_722' title='bbox 2195 636 2202 656; x_wconf 75' lang='lat' dir='ltr'><em>z</em></span> 
     </span>
     <span class='ocr_line' id='line_1_84' title="bbox 1248 665 2202 707; baseline 0.001 -11"><span class='ocrx_word' id='word_1_723' title='bbox 1248 667 1295 696; x_wconf 85' lang='lat' dir='ltr'>sed</span> <span class='ocrx_word' id='word_1_724' title='bbox 1306 676 1402 707; x_wconf 85' lang='lat' dir='ltr'>neque</span> <span class='ocrx_word' id='word_1_725' title='bbox 1411 665 1508 694; x_wconf 55' lang='lat' dir='ltr'>laboris</span> <span class='ocrx_word' id='word_1_726' title='bbox 1519 667 1620 699; x_wconf 86' lang='lat' dir='ltr'>multi,</span> <span class='ocrx_word' id='word_1_727' title='bbox 1634 676 1687 696; x_wconf 87' lang='lat' dir='ltr'>nec</span> <span class='ocrx_word' id='word_1_728' title='bbox 1697 666 1762 695; x_wconf 79' lang='lat' dir='ltr'>satis</span> <span class='ocrx_word' id='word_1_729' title='bbox 1771 666 1898 696; x_wconf 83' lang='lat' dir='ltr'>versatus</span> <span class='ocrx_word' id='word_1_730' title='bbox 1907 669 1940 696; x_wconf 83' lang='lat' dir='ltr'>in</span> <span class='ocrx_word' id='word_1_731' title='bbox 1950 666 2039 698; x_wconf 87' lang='lat' dir='ltr'>caufis</span> <span class='ocrx_word' id='word_1_732' title='bbox 2050 678 2056 697; x_wconf 73' lang='grc' dir='ltr'>ε</span> <span class='ocrx_word' id='word_1_733' title='bbox 2079 668 2166 705; x_wconf 76' lang='lat' dir='ltr'>interi</span> <span class='ocrx_word' id='word_1_734' title='bbox 2171 678 2202 697; x_wconf 90' lang='lat' dir='ltr'>e-</span> 
     </span>
     <span class='ocr_line' id='line_1_85' title="bbox 1248 704 2205 749; baseline 0.003 -12"><span class='ocrx_word' id='word_1_735' title='bbox 1248 707 1368 748; x_wconf 68' lang='lat' dir='ltr'>Ekusque</span> <span class='ocrx_word' id='word_1_736' title='bbox 1379 710 1457 737; x_wconf 85' lang='lat' dir='ltr'>inter</span> <span class='ocrx_word' id='word_1_737' title='bbox 1467 707 1536 737; x_wconf 82' lang='lat' dir='ltr'>duas</span> <span class='ocrx_word' id='word_1_738' title='bbox 1546 717 1653 740; x_wconf 82' lang='lat' dir='ltr'>aetates‚</span> <span class='ocrx_word' id='word_1_739' title='bbox 1665 706 1834 740; x_wconf 84' lang='lat' dir='ltr'>Hortensii,</span> <span class='ocrx_word' id='word_1_740' title='bbox 1847 709 1878 737; x_wconf 68' lang='lat' dir='ltr'>&amp;c</span> <span class='ocrx_word' id='word_1_741' title='bbox 1888 709 2011 749; x_wconf 85' lang='lat' dir='ltr'>Sulpicii</span> <span class='ocrx_word' id='word_1_742' title='bbox 2023 729 2031 743; x_wconf 92' lang='lat'>,</span> <span class='ocrx_word' id='word_1_743' title='bbox 2042 719 2096 739; x_wconf 85' lang='lat' dir='ltr'>nec</span> <span class='ocrx_word' id='word_1_744' title='bbox 2108 704 2205 749; x_wconf 75' lang='lat' dir='ltr'>majo—</span> 
     </span>
     <span class='ocr_line' id='line_1_86' title="bbox 1247 749 2206 789; baseline 0.003 -10"><span class='ocrx_word' id='word_1_745' title='bbox 1247 759 1310 779; x_wconf 85' lang='lat' dir='ltr'>rem</span> <span class='ocrx_word' id='word_1_746' title='bbox 1321 750 1464 789; x_wconf 83' lang='lat' dir='ltr'>consequi</span> <span class='ocrx_word' id='word_1_747' title='bbox 1472 758 1596 789; x_wconf 84' lang='lat' dir='ltr'>poterat,</span> <span class='ocrx_word' id='word_1_748' title='bbox 1610 750 1641 779; x_wconf 83' lang='lat'>&amp;</span> <span class='ocrx_word' id='word_1_749' title='bbox 1652 751 1764 779; x_wconf 82' lang='lat' dir='ltr'>minori</span> <span class='ocrx_word' id='word_1_750' title='bbox 1774 749 1890 779; x_wconf 69' lang='lat' dir='ltr'>necesse</span> <span class='ocrx_word' id='word_1_751' title='bbox 1900 760 1960 781; x_wconf 85' lang='lat' dir='ltr'>erat</span> <span class='ocrx_word' id='word_1_752' title='bbox 1969 751 2082 781; x_wconf 82' lang='lat' dir='ltr'>cedere.</span> <span class='ocrx_word' id='word_1_753' title='bbox 2103 751 2206 788; x_wconf 80' lang='lat' dir='ltr'>Hujus</span> 
     </span>
     <span class='ocr_line' id='line_1_87' title="bbox 1249 790 2204 834; baseline 0.002 -13"><span class='ocrx_word' id='word_1_754' title='bbox 1249 793 1350 821; x_wconf 86' lang='lat' dir='ltr'>omnis</span> <span class='ocrx_word' id='word_1_755' title='bbox 1358 790 1478 821; x_wconf 83' lang='lat' dir='ltr'>facultas</span> <span class='ocrx_word' id='word_1_756' title='bbox 1488 801 1525 820; x_wconf 80' lang='lat' dir='ltr'>ex</span> <span class='ocrx_word' id='word_1_757' title='bbox 1536 791 1657 820; x_wconf 78' lang='lat' dir='ltr'>historia</span> <span class='ocrx_word' id='word_1_758' title='bbox 1675 790 1763 830; x_wconf 84' lang='lat' dir='ltr'>ipsius</span> <span class='ocrx_word' id='word_1_759' title='bbox 1780 792 1902 831; x_wconf 81' lang='lat' dir='ltr'>perspici</span> <span class='ocrx_word' id='word_1_760' title='bbox 1922 791 2035 832; x_wconf 87' lang='lat' dir='ltr'>potest:</span> <span class='ocrx_word' id='word_1_761' title='bbox 2056 803 2122 834; x_wconf 77' lang='lat' dir='ltr'>quae</span> <span class='ocrx_word' id='word_1_762' title='bbox 2132 793 2204 824; x_wconf 67' lang='lat' dir='ltr'>cum</span> 
     </span>
     <span class='ocr_line' id='line_1_88' title="bbox 1249 832 2207 876; baseline 0.003 -14"><span class='ocrx_word' id='word_1_763' title='bbox 1249 832 1337 863; x_wconf 77' lang='lat' dir='ltr'>facile</span> <span class='ocrx_word' id='word_1_764' title='bbox 1345 834 1466 862; x_wconf 85' lang='lat' dir='ltr'>omneis</span> <span class='ocrx_word' id='word_1_765' title='bbox 1477 834 1576 862; x_wconf 87' lang='lat' dir='ltr'>vincat</span> <span class='ocrx_word' id='word_1_766' title='bbox 1586 833 1746 872; x_wconf 85' lang='lat' dir='ltr'>superiores</span> <span class='ocrx_word' id='word_1_767' title='bbox 1755 852 1763 866; x_wconf 89' lang='lat'>‚</span> <span class='ocrx_word' id='word_1_768' title='bbox 1775 842 1840 862; x_wconf 86' lang='lat' dir='ltr'>tum</span> <span class='ocrx_word' id='word_1_769' title='bbox 1851 833 1963 864; x_wconf 85' lang='lat' dir='ltr'>indicat</span> <span class='ocrx_word' id='word_1_770' title='bbox 1972 843 2074 865; x_wconf 88' lang='lat' dir='ltr'>tamen</span> <span class='ocrx_word' id='word_1_771' title='bbox 2083 854 2091 868; x_wconf 91' lang='lat'>‚</span> <span class='ocrx_word' id='word_1_772' title='bbox 2111 844 2207 876; x_wconf 83' lang='lat' dir='ltr'>quan-</span> 
     </span>
     <span class='ocr_line' id='line_1_89' title="bbox 1249 873 2205 916; baseline 0.002 -12"><span class='ocrx_word' id='word_1_773' title='bbox 1249 883 1314 905; x_wconf 89' lang='lat' dir='ltr'>tum</span> <span class='ocrx_word' id='word_1_774' title='bbox 1334 873 1404 904; x_wconf 84' lang='lat' dir='ltr'>absit</span> <span class='ocrx_word' id='word_1_775' title='bbox 1419 874 1434 903; x_wconf 71' lang='lat' dir='ltr'>a</span> <span class='ocrx_word' id='word_1_776' title='bbox 1452 874 1575 904; x_wconf 78' lang='lat' dir='ltr'>summo</span> <span class='ocrx_word' id='word_1_777' title='bbox 1585 895 1594 908; x_wconf 90' lang='lat'>‚</span> <span class='ocrx_word' id='word_1_778' title='bbox 1612 884 1762 914; x_wconf 83' lang='lat' dir='ltr'>quamque</span> <span class='ocrx_word' id='word_1_779' title='bbox 1772 884 1864 915; x_wconf 81' lang='lat' dir='ltr'>genus</span> <span class='ocrx_word' id='word_1_780' title='bbox 1875 877 1934 905; x_wconf 76' lang='lat' dir='ltr'>&#39;noc</span> <span class='ocrx_word' id='word_1_781' title='bbox 1944 876 2112 916; x_wconf 80' lang='lat' dir='ltr'>scriptionis</span> <span class='ocrx_word' id='word_1_782' title='bbox 2123 885 2205 906; x_wconf 90' lang='lat' dir='ltr'>non-</span> 
     </span>
     <span class='ocr_line' id='line_1_90' title="bbox 1252 914 2207 956; baseline 0.002 -10"><span class='ocrx_word' id='word_1_783' title='bbox 1252 916 1325 946; x_wconf 89' lang='lat' dir='ltr'>dum</span> <span class='ocrx_word' id='word_1_784' title='bbox 1336 914 1369 945; x_wconf 90' lang='lat' dir='ltr'>sit</span> <span class='ocrx_word' id='word_1_785' title='bbox 1379 917 1494 945; x_wconf 88' lang='lat' dir='ltr'>Latinis</span> <span class='ocrx_word' id='word_1_786' title='bbox 1505 916 1610 946; x_wconf 83' lang='lat' dir='ltr'>litteris</span> <span class='ocrx_word' id='word_1_787' title='bbox 1620 915 1809 945; x_wconf 76' lang='lat' dir='ltr'>illustratum.</span> <span class='ocrx_word' id='word_1_788' title='bbox 1843 919 1924 947; x_wconf 84' lang='lat' dir='ltr'>Nam</span> <span class='ocrx_word' id='word_1_789' title='bbox 1944 920 1981 956; x_wconf 72' lang='lat' dir='ltr'>Q</span> <span class='ocrx_word' id='word_1_790' title='bbox 1993 917 2145 953; x_wconf 74' lang='lat' dir='ltr'>Hortensii</span> <span class='ocrx_word' id='word_1_791' title='bbox 2156 917 2207 947; x_wconf 90' lang='lat' dir='ltr'>ad-</span> 
     </span>
     <span class='ocr_line' id='line_1_91' title="bbox 1254 952 2209 1001; baseline 0.001 -13"><span class='ocrx_word' id='word_1_792' title='bbox 1254 958 1380 988; x_wconf 87' lang='lat' dir='ltr'>modum</span> <span class='ocrx_word' id='word_1_793' title='bbox 1392 957 1586 987; x_wconf 85' lang='lat' dir='ltr'>adolescentis</span> <span class='ocrx_word' id='word_1_794' title='bbox 1597 960 1753 999; x_wconf 83' lang='lat' dir='ltr'>ingenium</span> <span class='ocrx_word' id='word_1_795' title='bbox 1764 978 1773 991; x_wconf 86' lang='lat'>,</span> <span class='ocrx_word' id='word_1_796' title='bbox 1793 967 1825 987; x_wconf 88' lang='lat' dir='ltr'>ut</span> <span class='ocrx_word' id='word_1_797' title='bbox 1834 959 1946 989; x_wconf 82' lang='lat' dir='ltr'>Phidiae</span> <span class='ocrx_word' id='word_1_798' title='bbox 1962 952 2079 1001; x_wconf 76' lang='lat' dir='ltr'>ssguum</span> <span class='ocrx_word' id='word_1_799' title='bbox 2089 979 2098 993; x_wconf 85' lang='lat'>‚</span> <span class='ocrx_word' id='word_1_800' title='bbox 2118 958 2209 989; x_wconf 78' lang='lat' dir='ltr'>simul</span> 
     </span>
     <span class='ocr_line' id='line_1_92' title="bbox 1251 997 2220 1041; baseline -0.001 -11"><span class='ocrx_word' id='word_1_801' title='bbox 1251 999 1471 1039; x_wconf 58' lang='lat' dir='ltr'>adspeetum&amp;</span> <span class='ocrx_word' id='word_1_802' title='bbox 1481 999 1640 1039; x_wconf 85' lang='lat' dir='ltr'>probatum</span> <span class='ocrx_word' id='word_1_803' title='bbox 1650 999 1702 1029; x_wconf 71' lang='lat' dir='ltr'>est·</span> <span class='ocrx_word' id='word_1_804' title='bbox 1724 1002 1752 1028; x_wconf 92' lang='lat' dir='ltr'>Is</span> <span class='ocrx_word' id='word_1_805' title='bbox 1764 1001 1797 1029; x_wconf 63' lang='lat' dir='ltr'>L.</span> <span class='ocrx_word' id='word_1_806' title='bbox 1810 999 1918 1034; x_wconf 78' lang='lat' dir='ltr'>Craffo,</span> <span class='ocrx_word' id='word_1_807' title='bbox 1930 1002 2108 1041; x_wconf 66' lang='lat' dir='ltr'>QScaevola</span> <span class='ocrx_word' id='word_1_808' title='bbox 2118 1004 2206 1031; x_wconf 89' lang='lat' dir='ltr'>Coss.</span> <span class='ocrx_word' id='word_1_809' title='bbox 2217 997 2220 999; x_wconf 68' lang='grc'><strong>’</strong></span> 
     </span>
     <span class='ocr_line' id='line_1_93' title="bbox 1252 1040 2209 1083; baseline 0.003 -13"><span class='ocrx_word' id='word_1_810' title='bbox 1252 1040 1389 1081; x_wconf 78' lang='lat' dir='ltr'>primum</span> <span class='ocrx_word' id='word_1_811' title='bbox 1400 1043 1432 1070; x_wconf 88' lang='lat' dir='ltr'>in</span> <span class='ocrx_word' id='word_1_812' title='bbox 1442 1040 1510 1070; x_wconf 71' lang='lat' dir='ltr'>foro</span> <span class='ocrx_word' id='word_1_813' title='bbox 1520 1040 1615 1074; x_wconf 86' lang='lat' dir='ltr'>dixit,</span> <span class='ocrx_word' id='word_1_814' title='bbox 1636 1041 1753 1081; x_wconf 82' lang='lat' dir='ltr'>&amp;apud</span> <span class='ocrx_word' id='word_1_815' title='bbox 1763 1042 1816 1070; x_wconf 88' lang='lat' dir='ltr'>hos</span> <span class='ocrx_word' id='word_1_816' title='bbox 1828 1043 1906 1081; x_wconf 84' lang='lat' dir='ltr'>ipsos</span> <span class='ocrx_word' id='word_1_817' title='bbox 1925 1043 2049 1083; x_wconf 73' lang='lat' dir='ltr'>quidem</span> <span class='ocrx_word' id='word_1_818' title='bbox 2067 1046 2152 1073; x_wconf 89' lang='lat' dir='ltr'>Coss.</span> <span class='ocrx_word' id='word_1_819' title='bbox 2173 1042 2209 1073; x_wconf 76' lang='grc' dir='ltr'>δε</span> 
     </span>
     <span class='ocr_line' id='line_1_94' title="bbox 1253 1081 2210 1125; baseline 0.001 -13"><span class='ocrx_word' id='word_1_820' title='bbox 1253 1082 1324 1112; x_wconf 76' lang='lat' dir='ltr'>cum</span> <span class='ocrx_word' id='word_1_821' title='bbox 1336 1092 1440 1112; x_wconf 89' lang='lat' dir='ltr'>eorum</span> <span class='ocrx_word' id='word_1_822' title='bbox 1455 1103 1462 1114; x_wconf 87' lang='lat'>‚</span> <span class='ocrx_word' id='word_1_823' title='bbox 1474 1085 1527 1122; x_wconf 89' lang='lat' dir='ltr'>qui</span> <span class='ocrx_word' id='word_1_824' title='bbox 1536 1081 1698 1115; x_wconf 73' lang='lat' dir='ltr'>affuerunt,</span> <span class='ocrx_word' id='word_1_825' title='bbox 1710 1092 1775 1112; x_wconf 79' lang='lat' dir='ltr'>turn</span> <span class='ocrx_word' id='word_1_826' title='bbox 1784 1084 1917 1122; x_wconf 76' lang='lat' dir='ltr'>ipsorum</span> <span class='ocrx_word' id='word_1_827' title='bbox 1928 1088 2014 1114; x_wconf 85' lang='lat' dir='ltr'>Coss.</span> <span class='ocrx_word' id='word_1_828' title='bbox 2026 1087 2077 1125; x_wconf 89' lang='lat' dir='ltr'>qui</span> <span class='ocrx_word' id='word_1_829' title='bbox 2088 1085 2210 1114; x_wconf 83' lang='lat' dir='ltr'>omneis</span> 
     </span>
     <span class='ocr_line' id='line_1_95' title="bbox 1254 1123 2213 1164; baseline 0.002 -10"><span class='ocrx_word' id='word_1_830' title='bbox 1254 1125 1452 1164; x_wconf 75' lang='lat' dir='ltr'>intelligentia</span> <span class='ocrx_word' id='word_1_831' title='bbox 1460 1123 1606 1153; x_wconf 76' lang='lat' dir='ltr'>anteibant</span> <span class='ocrx_word' id='word_1_832' title='bbox 1616 1144 1624 1156; x_wconf 94' lang='lat'><em>,</em></span> <span class='ocrx_word' id='word_1_833' title='bbox 1642 1124 1761 1164; x_wconf 82' lang='lat' dir='ltr'>judicio</span> <span class='ocrx_word' id='word_1_834' title='bbox 1770 1124 1895 1154; x_wconf 77' lang='lat' dir='ltr'>disceiiit</span> <span class='ocrx_word' id='word_1_835' title='bbox 1904 1126 2041 1164; x_wconf 80' lang='lat' dir='ltr'>probatus</span> <span class='ocrx_word' id='word_1_836' title='bbox 2054 1146 2062 1159; x_wconf 92' lang='lat'>,</span> <span class='ocrx_word' id='word_1_837' title='bbox 2073 1125 2154 1156; x_wconf 65' lang='lat' dir='ltr'>(inde</span> <span class='ocrx_word' id='word_1_838' title='bbox 2164 1127 2213 1156; x_wconf 85' lang='lat' dir='ltr'>vi-</span> 
     </span>
     <span class='ocr_line' id='line_1_96' title="bbox 1253 1166 2210 1206; baseline 0.001 -10"><span class='ocrx_word' id='word_1_839' title='bbox 1253 1168 1329 1206; x_wconf 81' lang='lat' dir='ltr'>ginti</span> <span class='ocrx_word' id='word_1_840' title='bbox 1346 1176 1442 1195; x_wconf 87' lang='lat' dir='ltr'>annos</span> <span class='ocrx_word' id='word_1_841' title='bbox 1462 1174 1547 1195; x_wconf 79' lang='lat' dir='ltr'>natus</span> <span class='ocrx_word' id='word_1_842' title='bbox 1565 1175 1624 1195; x_wconf 84' lang='lat' dir='ltr'>erat</span> <span class='ocrx_word' id='word_1_843' title='bbox 1641 1176 1677 1195; x_wconf 90' lang='lat' dir='ltr'>eo</span> <span class='ocrx_word' id='word_1_844' title='bbox 1696 1175 1841 1206; x_wconf 83' lang='lat' dir='ltr'>tempore.</span> <span class='ocrx_word' id='word_1_845' title='bbox 1867 1166 1919 1196; x_wconf 85' lang='lat' dir='ltr'>Est</span> <span class='ocrx_word' id='word_1_846' title='bbox 1937 1176 2037 1197; x_wconf 82' lang='lat' dir='ltr'>autem</span> <span class='ocrx_word' id='word_1_847' title='bbox 2056 1169 2092 1197; x_wconf 88' lang='lat' dir='ltr'>L.</span> <span class='ocrx_word' id='word_1_848' title='bbox 2105 1167 2210 1201; x_wconf 82' lang='lat' dir='ltr'>Paulo,</span> 
     </span>
     <span class='ocr_line' id='line_1_97' title="bbox 1256 1208 2212 1248; baseline 0.004 -13"><span class='ocrx_word' id='word_1_849' title='bbox 1256 1211 1289 1238; x_wconf 85' lang='lat' dir='ltr'>C.</span> <span class='ocrx_word' id='word_1_850' title='bbox 1302 1208 1444 1237; x_wconf 85' lang='lat' dir='ltr'>Marcello</span> <span class='ocrx_word' id='word_1_851' title='bbox 1464 1210 1548 1236; x_wconf 89' lang='lat' dir='ltr'>Coss.</span> <span class='ocrx_word' id='word_1_852' title='bbox 1564 1216 1701 1236; x_wconf 83' lang='lat' dir='ltr'>mortuus</span> <span class='ocrx_word' id='word_1_853' title='bbox 1714 1217 1719 1235; x_wconf 90' lang='lat'>:</span> <span class='ocrx_word' id='word_1_854' title='bbox 1738 1217 1775 1235; x_wconf 86' lang='lat' dir='ltr'>ex</span> <span class='ocrx_word' id='word_1_855' title='bbox 1786 1218 1846 1247; x_wconf 87' lang='lat' dir='ltr'>quo</span> <span class='ocrx_word' id='word_1_856' title='bbox 1857 1209 1996 1238; x_wconf 85' lang='lat' dir='ltr'>videmus</span> <span class='ocrx_word' id='word_1_857' title='bbox 2006 1229 2015 1242; x_wconf 89' lang='lat'>‚</span> <span class='ocrx_word' id='word_1_858' title='bbox 2035 1219 2105 1239; x_wconf 88' lang='lat' dir='ltr'>eum</span> <span class='ocrx_word' id='word_1_859' title='bbox 2118 1211 2151 1238; x_wconf 89' lang='lat' dir='ltr'>in</span> <span class='ocrx_word' id='word_1_860' title='bbox 2161 1218 2212 1248; x_wconf 85' lang='lat' dir='ltr'>pa·-</span> 
     </span>
     <span class='ocr_line' id='line_1_98' title="bbox 1253 1249 2261 1288; baseline 0.001 -8"><span class='ocrx_word' id='word_1_861' title='bbox 1253 1259 1413 1280; x_wconf 86' lang='lat' dir='ltr'>tronorum</span> <span class='ocrx_word' id='word_1_862' title='bbox 1432 1258 1561 1278; x_wconf 83' lang='lat' dir='ltr'>numero</span> <span class='ocrx_word' id='word_1_863' title='bbox 1579 1258 1675 1278; x_wconf 86' lang='lat' dir='ltr'>annos</span> <span class='ocrx_word' id='word_1_864' title='bbox 1690 1256 1830 1288; x_wconf 84' lang='lat' dir='ltr'>quattuor</span> <span class='ocrx_word' id='word_1_865' title='bbox 1847 1249 1880 1279; x_wconf 86' lang='lat'>&amp;</span> <span class='ocrx_word' id='word_1_866' title='bbox 1899 1260 1952 1279; x_wconf 76' lang='lat' dir='ltr'>XL.</span> <span class='ocrx_word' id='word_1_867' title='bbox 1971 1249 2064 1281; x_wconf 67' lang='lat' dir='ltr'>fuisse.</span> <span class='ocrx_word' id='word_1_868' title='bbox 2095 1253 2165 1281; x_wconf 89' lang='lat' dir='ltr'>Hoc</span> <span class='ocrx_word' id='word_1_869' title='bbox 2176 1249 2215 1281; x_wconf 86' lang='lat' dir='ltr'>de</span> <span class='ocrx_word' id='word_1_870' title='bbox 2244 1252 2261 1259; x_wconf 55' lang='lat'>⁸</span> 
     </span>
     <span class='ocr_line' id='line_1_99' title="bbox 1255 1289 2215 1330; baseline 0 -9"><span class='ocrx_word' id='word_1_871' title='bbox 1255 1300 1369 1322; x_wconf 85' lang='lat' dir='ltr'>oratore</span> <span class='ocrx_word' id='word_1_872' title='bbox 1381 1291 1480 1330; x_wconf 85' lang='lat' dir='ltr'>paullo</span> <span class='ocrx_word' id='word_1_873' title='bbox 1490 1289 1556 1330; x_wconf 83' lang='lat' dir='ltr'>post</span> <span class='ocrx_word' id='word_1_874' title='bbox 1565 1291 1650 1330; x_wconf 88' lang='lat' dir='ltr'>plura</span> <span class='ocrx_word' id='word_1_875' title='bbox 1664 1289 1810 1320; x_wconf 82' lang='lat' dir='ltr'>dicemus.</span> <span class='ocrx_word' id='word_1_876' title='bbox 1832 1292 1890 1322; x_wconf 86' lang='lat' dir='ltr'>hoc</span> <span class='ocrx_word' id='word_1_877' title='bbox 1907 1301 2008 1322; x_wconf 86' lang='lat' dir='ltr'>autem</span> <span class='ocrx_word' id='word_1_878' title='bbox 2025 1293 2094 1323; x_wconf 92' lang='lat' dir='ltr'>loco</span> <span class='ocrx_word' id='word_1_879' title='bbox 2110 1292 2215 1323; x_wconf 87' lang='lat' dir='ltr'>volui-</span> 
     </span>
     <span class='ocr_line' id='line_1_100' title="bbox 1257 1331 2212 1372; baseline 0 -9"><span class='ocrx_word' id='word_1_880' title='bbox 1257 1343 1324 1363; x_wconf 90' lang='lat' dir='ltr'>mus</span> <span class='ocrx_word' id='word_1_881' title='bbox 1345 1341 1461 1363; x_wconf 84' lang='lat' dir='ltr'>aetatem</span> <span class='ocrx_word' id='word_1_882' title='bbox 1480 1333 1542 1371; x_wconf 77' lang='lat' dir='ltr'>ejus</span> <span class='ocrx_word' id='word_1_883' title='bbox 1553 1333 1585 1361; x_wconf 91' lang='lat' dir='ltr'>in</span> <span class='ocrx_word' id='word_1_884' title='bbox 1595 1331 1741 1372; x_wconf 87' lang='lat' dir='ltr'>disparem</span> <span class='ocrx_word' id='word_1_885' title='bbox 1752 1341 1900 1363; x_wconf 82' lang='lat' dir='ltr'>oratorum</span> <span class='ocrx_word' id='word_1_886' title='bbox 1913 1343 2030 1364; x_wconf 83' lang='lat' dir='ltr'>aetatem</span> <span class='ocrx_word' id='word_1_887' title='bbox 2039 1333 2212 1364; x_wconf 86' lang='lat' dir='ltr'>includere:</span> 
     </span>
     <span class='ocr_line' id='line_1_101' title="bbox 1256 1373 2216 1417; baseline 0.002 -13"><span class='ocrx_word' id='word_1_888' title='bbox 1256 1383 1438 1417; x_wconf 84' lang='lat' dir='ltr'>quamquam</span> <span class='ocrx_word' id='word_1_889' title='bbox 1448 1373 1478 1403; x_wconf 86' lang='lat' dir='ltr'>ld</span> <span class='ocrx_word' id='word_1_890' title='bbox 1487 1373 1612 1414; x_wconf 88' lang='lat' dir='ltr'>quidem</span> <span class='ocrx_word' id='word_1_891' title='bbox 1621 1375 1765 1404; x_wconf 85' lang='lat' dir='ltr'>omnibus</span> <span class='ocrx_word' id='word_1_892' title='bbox 1775 1375 1814 1405; x_wconf 87' lang='lat' dir='ltr'>us</span> <span class='ocrx_word' id='word_1_893' title='bbox 1811 1385 1828 1405; x_wconf 90' lang='lat' dir='ltr'>u</span> <span class='ocrx_word' id='word_1_894' title='bbox 1838 1378 1940 1406; x_wconf 79' lang='lat' dir='ltr'>venire</span> <span class='ocrx_word' id='word_1_895' title='bbox 1950 1375 2064 1406; x_wconf 85' lang='lat' dir='ltr'>neceffe</span> <span class='ocrx_word' id='word_1_896' title='bbox 2073 1373 2216 1417; x_wconf 69' lang='lat' dir='ltr'>fuit2qui-</span> 
     </span>
     <span class='ocr_line' id='line_1_102' title="bbox 1257 1417 2216 1458; baseline -0.001 -11"><span class='ocrx_word' id='word_1_897' title='bbox 1257 1419 1311 1448; x_wconf 83' lang='lat' dir='ltr'>bus</span> <span class='ocrx_word' id='word_1_898' title='bbox 1328 1417 1430 1457; x_wconf 76' lang='lat' dir='ltr'>paullo</span> <span class='ocrx_word' id='word_1_899' title='bbox 1448 1417 1567 1457; x_wconf 85' lang='lat' dir='ltr'>longior</span> <span class='ocrx_word' id='word_1_900' title='bbox 1581 1418 1642 1447; x_wconf 85' lang='lat' dir='ltr'>vita</span> <span class='ocrx_word' id='word_1_901' title='bbox 1650 1419 1792 1458; x_wconf 86' lang='lat' dir='ltr'>contigit,</span> <span class='ocrx_word' id='word_1_902' title='bbox 1815 1426 1847 1447; x_wconf 92' lang='lat' dir='ltr'>ut</span> <span class='ocrx_word' id='word_1_903' title='bbox 1858 1418 1969 1448; x_wconf 81' lang='lat' dir='ltr'>&amp;curn</span> <span class='ocrx_word' id='word_1_904' title='bbox 1981 1418 2081 1448; x_wconf 87' lang='lat' dir='ltr'>multo</span> <span class='ocrx_word' id='word_1_905' title='bbox 2091 1418 2216 1455; x_wconf 78' lang='lat' dir='ltr'>majori-</span> 
     </span>
     <span class='ocr_line' id='line_1_103' title="bbox 1257 1455 2215 1500; baseline -0.001 -11"><span class='ocrx_word' id='word_1_906' title='bbox 1257 1461 1312 1490; x_wconf 88' lang='lat' dir='ltr'>bus</span> <span class='ocrx_word' id='word_1_907' title='bbox 1332 1467 1403 1489; x_wconf 91' lang='lat' dir='ltr'>natu</span> <span class='ocrx_word' id='word_1_908' title='bbox 1415 1479 1423 1491; x_wconf 93' lang='lat'>‚</span> <span class='ocrx_word' id='word_1_909' title='bbox 1440 1458 1531 1499; x_wconf 69' lang='lat' dir='ltr'>quam</span> <span class='ocrx_word' id='word_1_910' title='bbox 1550 1457 1643 1488; x_wconf 84' lang='lat' dir='ltr'>effent</span> <span class='ocrx_word' id='word_1_911' title='bbox 1660 1457 1712 1498; x_wconf 75' lang='lat' dir='ltr'>ipsi</span> <span class='ocrx_word' id='word_1_912' title='bbox 1722 1479 1730 1492; x_wconf 83' lang='grc'>,</span> <span class='ocrx_word' id='word_1_913' title='bbox 1755 1459 1867 1488; x_wconf 82' lang='lat' dir='ltr'>&amp;cum</span> <span class='ocrx_word' id='word_1_914' title='bbox 1877 1460 2028 1500; x_wconf 85' lang='lat' dir='ltr'>aliquanto</span> <span class='ocrx_word' id='word_1_915' title='bbox 2042 1455 2215 1489; x_wconf 81' lang='lat' dir='ltr'>minoribus</span> 
     </span>
     <span class='ocr_line' id='line_1_104' title="bbox 1257 1500 2216 1541; baseline -0.002 -9"><span class='ocrx_word' id='word_1_916' title='bbox 1257 1509 1496 1541; x_wconf 78' lang='lat' dir='ltr'>compararentur</span> <span class='ocrx_word' id='word_1_917' title='bbox 1504 1520 1512 1533; x_wconf 92' lang='lat'><em>‚</em></span> <span class='ocrx_word' id='word_1_918' title='bbox 1533 1508 1566 1530; x_wconf 89' lang='lat' dir='ltr'>ut</span> <span class='ocrx_word' id='word_1_919' title='bbox 1583 1502 1682 1530; x_wconf 85' lang='lat' dir='ltr'>Attius</span> <span class='ocrx_word' id='word_1_920' title='bbox 1700 1500 1806 1530; x_wconf 86' lang='lat' dir='ltr'>iisdem</span> <span class='ocrx_word' id='word_1_921' title='bbox 1816 1500 1953 1531; x_wconf 83' lang='lat' dir='ltr'>aedilibus</span> <span class='ocrx_word' id='word_1_922' title='bbox 1963 1503 2003 1531; x_wconf 84' lang='lat' dir='ltr'>ait</span> <span class='ocrx_word' id='word_1_923' title='bbox 2013 1502 2041 1532; x_wconf 88' lang='lat' dir='ltr'>se</span> <span class='ocrx_word' id='word_1_924' title='bbox 2051 1521 2060 1535; x_wconf 89' lang='lat'>‚</span> <span class='ocrx_word' id='word_1_925' title='bbox 2082 1501 2115 1531; x_wconf 73' lang='grc' dir='ltr'>δε</span> <span class='ocrx_word' id='word_1_926' title='bbox 2124 1503 2216 1531; x_wconf 83' lang='grc' dir='ltr'><strong>Ρ3311-</strong></span> 
     </span>
     <span class='ocr_line' id='line_1_105' title="bbox 1258 1540 2215 1584; baseline -0.002 -11"><span class='ocrx_word' id='word_1_927' title='bbox 1258 1546 1344 1573; x_wconf 89' lang='lat' dir='ltr'>vium</span> <span class='ocrx_word' id='word_1_928' title='bbox 1355 1540 1486 1572; x_wconf 80' lang='lat' dir='ltr'>docuisse</span> <span class='ocrx_word' id='word_1_929' title='bbox 1496 1541 1640 1575; x_wconf 78' lang='lat' dir='ltr'>fabulam,</span> <span class='ocrx_word' id='word_1_930' title='bbox 1650 1540 1723 1572; x_wconf 78' lang='lat' dir='ltr'>cum</span> <span class='ocrx_word' id='word_1_931' title='bbox 1734 1542 1786 1572; x_wconf 88' lang='lat' dir='ltr'>ille</span> <span class='ocrx_word' id='word_1_932' title='bbox 1795 1542 2021 1583; x_wconf 60' lang='lat' dir='ltr'>octoginta‚ipse</span> <span class='ocrx_word' id='word_1_933' title='bbox 2032 1544 2152 1584; x_wconf 86' lang='lat' dir='ltr'>triginta</span> <span class='ocrx_word' id='word_1_934' title='bbox 2160 1551 2215 1572; x_wconf 85' lang='lat' dir='ltr'>an-</span> 
     </span>
     <span class='ocr_line' id='line_1_106' title="bbox 1259 1583 2216 1626; baseline -0.002 -11"><span class='ocrx_word' id='word_1_935' title='bbox 1259 1595 1315 1615; x_wconf 83' lang='lat' dir='ltr'>nos</span> <span class='ocrx_word' id='word_1_936' title='bbox 1325 1593 1410 1614; x_wconf 85' lang='lat' dir='ltr'>natus</span> <span class='ocrx_word' id='word_1_937' title='bbox 1420 1583 1502 1613; x_wconf 79' lang='lat' dir='ltr'>esset.</span> <span class='ocrx_word' id='word_1_938' title='bbox 1529 1586 1576 1613; x_wconf 89' lang='lat' dir='ltr'>Sic</span> <span class='ocrx_word' id='word_1_939' title='bbox 1587 1583 1762 1613; x_wconf 88' lang='lat' dir='ltr'>Hortensius</span> <span class='ocrx_word' id='word_1_940' title='bbox 1772 1594 1837 1614; x_wconf 90' lang='lat' dir='ltr'>non</span> <span class='ocrx_word' id='word_1_941' title='bbox 1847 1593 1918 1614; x_wconf 89' lang='lat' dir='ltr'>cum</span> <span class='ocrx_word' id='word_1_942' title='bbox 1928 1585 1986 1614; x_wconf 88' lang='lat' dir='ltr'>suis</span> <span class='ocrx_word' id='word_1_943' title='bbox 1996 1584 2158 1626; x_wconf 77' lang='lat' dir='ltr'>aequalibus</span> <span class='ocrx_word' id='word_1_944' title='bbox 2168 1583 2216 1614; x_wconf 83' lang='lat' dir='ltr'>so-</span> 
     </span>
     <span class='ocr_line' id='line_1_107' title="bbox 1261 1625 2218 1660; baseline -0.003 -3"><span class='ocrx_word' id='word_1_945' title='bbox 1261 1626 1338 1660; x_wconf 75' lang='lat' dir='ltr'>lum,</span> <span class='ocrx_word' id='word_1_946' title='bbox 1350 1626 1399 1656; x_wconf 87' lang='lat' dir='ltr'>sed</span> <span class='ocrx_word' id='word_1_947' title='bbox 1410 1626 1443 1655; x_wconf 83' lang='lat'>&amp;</span> <span class='ocrx_word' id='word_1_948' title='bbox 1453 1635 1520 1655; x_wconf 87' lang='lat' dir='ltr'>mea</span> <span class='ocrx_word' id='word_1_949' title='bbox 1529 1635 1598 1655; x_wconf 86' lang='lat' dir='ltr'>cum</span> <span class='ocrx_word' id='word_1_950' title='bbox 1610 1634 1702 1659; x_wconf 72' lang='lat' dir='ltr'>aetate,</span> <span class='ocrx_word' id='word_1_951' title='bbox 1715 1626 1748 1655; x_wconf 86' lang='lat'>&amp;</span> <span class='ocrx_word' id='word_1_952' title='bbox 1758 1635 1829 1655; x_wconf 90' lang='lat' dir='ltr'>cum</span> <span class='ocrx_word' id='word_1_953' title='bbox 1839 1633 1887 1656; x_wconf 88' lang='lat' dir='ltr'>tua</span> <span class='ocrx_word' id='word_1_954' title='bbox 1896 1647 1904 1660; x_wconf 93' lang='lat'>,</span> <span class='ocrx_word' id='word_1_955' title='bbox 1917 1628 2004 1656; x_wconf 87' lang='lat' dir='ltr'>Brute</span> <span class='ocrx_word' id='word_1_956' title='bbox 2014 1646 2023 1660; x_wconf 83' lang='lat'>‚</span> <span class='ocrx_word' id='word_1_957' title='bbox 2037 1626 2070 1656; x_wconf 75' lang='lat'>8:</span> <span class='ocrx_word' id='word_1_958' title='bbox 2080 1635 2151 1656; x_wconf 89' lang='lat' dir='ltr'>cum</span> <span class='ocrx_word' id='word_1_959' title='bbox 2161 1625 2218 1655; x_wconf 88' lang='lat' dir='ltr'>ali-</span> 
     </span>
     <span class='ocr_line' id='line_1_108' title="bbox 1261 1666 2218 1712; baseline -0.002 -14"><span class='ocrx_word' id='word_1_960' title='bbox 1261 1677 1373 1712; x_wconf 83' lang='lat' dir='ltr'>quanto</span> <span class='ocrx_word' id='word_1_961' title='bbox 1382 1668 1530 1708; x_wconf 79' lang='lat' dir='ltr'>superiore</span> <span class='ocrx_word' id='word_1_962' title='bbox 1539 1668 1742 1708; x_wconf 87' lang='lat' dir='ltr'>conjungitur.</span> <span class='ocrx_word' id='word_1_963' title='bbox 1771 1667 1926 1709; x_wconf 83' lang='lat' dir='ltr'>Siquidem</span> <span class='ocrx_word' id='word_1_964' title='bbox 1937 1668 1970 1698; x_wconf 87' lang='lat'>&amp;</span> <span class='ocrx_word' id='word_1_965' title='bbox 1980 1666 2078 1699; x_wconf 76' lang='lat' dir='ltr'>Crasso</span> <span class='ocrx_word' id='word_1_966' title='bbox 2086 1669 2159 1698; x_wconf 89' lang='lat' dir='ltr'>vivo</span> <span class='ocrx_word' id='word_1_967' title='bbox 2167 1666 2218 1697; x_wconf 79' lang='lat' dir='ltr'>‘di-</span> 
     </span>
     <span class='ocr_line' id='line_1_109' title="bbox 1261 1708 2218 1750; baseline -0.003 -9"><span class='ocrx_word' id='word_1_968' title='bbox 1261 1721 1324 1741; x_wconf 86' lang='lat' dir='ltr'>cere</span> <span class='ocrx_word' id='word_1_969' title='bbox 1334 1710 1456 1741; x_wconf 84' lang='lat' dir='ltr'>solebat:</span> <span class='ocrx_word' id='word_1_970' title='bbox 1484 1710 1516 1739; x_wconf 66' lang='grc' dir='ltr'>δι’</span> <span class='ocrx_word' id='word_1_971' title='bbox 1526 1711 1620 1750; x_wconf 83' lang='lat' dir='ltr'>magis</span> <span class='ocrx_word' id='word_1_972' title='bbox 1625 1710 1688 1749; x_wconf 86' lang='lat' dir='ltr'>jam</span> <span class='ocrx_word' id='word_1_973' title='bbox 1698 1711 1789 1739; x_wconf 85' lang='lat' dir='ltr'>etiam</span> <span class='ocrx_word' id='word_1_974' title='bbox 1800 1709 1917 1750; x_wconf 84' lang='lat' dir='ltr'>vigebat</span> <span class='ocrx_word' id='word_1_975' title='bbox 1926 1720 1997 1740; x_wconf 87' lang='lat' dir='ltr'>cum</span> <span class='ocrx_word' id='word_1_976' title='bbox 2008 1711 2144 1740; x_wconf 89' lang='lat' dir='ltr'>Antonio</span> <span class='ocrx_word' id='word_1_977' title='bbox 2153 1729 2162 1743; x_wconf 95' lang='lat'>‚</span> <span class='ocrx_word' id='word_1_978' title='bbox 2184 1708 2218 1738; x_wconf 89' lang='lat'>&amp;</span> 
     </span>
     <span class='ocr_line' id='line_1_110' title="bbox 1262 1751 2219 1792; baseline -0.001 -10"><span class='ocrx_word' id='word_1_979' title='bbox 1262 1763 1333 1784; x_wconf 87' lang='lat' dir='ltr'>cum</span> <span class='ocrx_word' id='word_1_980' title='bbox 1343 1752 1481 1792; x_wconf 89' lang='lat' dir='ltr'>Philippo</span> <span class='ocrx_word' id='word_1_981' title='bbox 1485 1752 1547 1791; x_wconf 82' lang='lat' dir='ltr'>jam</span> <span class='ocrx_word' id='word_1_982' title='bbox 1559 1751 1627 1780; x_wconf 84' lang='lat' dir='ltr'>sene</span> <span class='ocrx_word' id='word_1_983' title='bbox 1638 1771 1646 1784; x_wconf 94' lang='lat'>‚</span> <span class='ocrx_word' id='word_1_984' title='bbox 1658 1761 1711 1791; x_wconf 90' lang='lat' dir='ltr'>pro</span> <span class='ocrx_word' id='word_1_985' title='bbox 1721 1753 1777 1781; x_wconf 86' lang='lat' dir='ltr'>Cn.</span> <span class='ocrx_word' id='word_1_986' title='bbox 1789 1753 1926 1791; x_wconf 86' lang='lat' dir='ltr'>Pompeii</span> <span class='ocrx_word' id='word_1_987' title='bbox 1936 1752 2024 1782; x_wconf 86' lang='lat' dir='ltr'>bonis</span> <span class='ocrx_word' id='word_1_988' title='bbox 2034 1751 2163 1782; x_wconf 88' lang='lat' dir='ltr'>dicente.</span> <span class='ocrx_word' id='word_1_989' title='bbox 2184 1751 2219 1779; x_wconf 81' lang='lat' dir='ltr'>in</span> 
     </span>
     <span class='ocr_line' id='line_1_111' title="bbox 1263 1790 2218 1833; baseline -0.004 -8"><span class='ocrx_word' id='word_1_990' title='bbox 1263 1795 1314 1825; x_wconf 87' lang='lat' dir='ltr'>illa</span> <span class='ocrx_word' id='word_1_991' title='bbox 1323 1794 1581 1824; x_wconf 83' lang='lat' dir='ltr'>causaadolescens</span> <span class='ocrx_word' id='word_1_992' title='bbox 1589 1790 1662 1823; x_wconf 72' lang='lat' dir='ltr'>cum</span> <span class='ocrx_word' id='word_1_993' title='bbox 1671 1791 1742 1823; x_wconf 82' lang='lat' dir='ltr'>esset</span> <span class='ocrx_word' id='word_1_994' title='bbox 1750 1812 1759 1827; x_wconf 86' lang='lat'>,</span> <span class='ocrx_word' id='word_1_995' title='bbox 1771 1795 1908 1833; x_wconf 86' lang='lat' dir='ltr'>princeps</span> <span class='ocrx_word' id='word_1_996' title='bbox 1916 1792 1990 1827; x_wconf 86' lang='lat' dir='ltr'>fuit,</span> <span class='ocrx_word' id='word_1_997' title='bbox 2012 1793 2046 1823; x_wconf 90' lang='lat'>&amp;</span> <span class='ocrx_word' id='word_1_998' title='bbox 2054 1795 2089 1823; x_wconf 89' lang='lat' dir='ltr'>in</span> <span class='ocrx_word' id='word_1_999' title='bbox 2098 1800 2218 1825; x_wconf 81' lang='lat' dir='ltr'>eorum,</span> 
     </span>
     <span class='ocr_line' id='line_1_112' title="bbox 1264 1834 2219 1878; baseline -0.005 -11"><span class='ocrx_word' id='word_1_1000' title='bbox 1264 1846 1340 1878; x_wconf 86' lang='lat' dir='ltr'>quos</span> <span class='ocrx_word' id='word_1_1001' title='bbox 1350 1838 1384 1866; x_wconf 92' lang='lat' dir='ltr'>in</span> <span class='ocrx_word' id='word_1_1002' title='bbox 1393 1836 1516 1875; x_wconf 89' lang='lat' dir='ltr'>Sulpicii</span> <span class='ocrx_word' id='word_1_1003' title='bbox 1527 1842 1609 1864; x_wconf 60' lang='lat' dir='ltr'>aetate</span> <span class='ocrx_word' id='word_1_1004' title='bbox 1618 1835 1706 1874; x_wconf 88' lang='lat' dir='ltr'>posui</span> <span class='ocrx_word' id='word_1_1005' title='bbox 1718 1854 1726 1868; x_wconf 91' lang='lat'><strong><em>,</em></strong></span> <span class='ocrx_word' id='word_1_1006' title='bbox 1747 1844 1910 1864; x_wconf 88' lang='lat' dir='ltr'>numerum</span> <span class='ocrx_word' id='word_1_1007' title='bbox 1925 1834 2013 1865; x_wconf 71' lang='lat' dir='ltr'>facile</span> <span class='ocrx_word' id='word_1_1008' title='bbox 2026 1841 2219 1875; x_wconf 80' lang='lat' dir='ltr'>pervenerat:</span> 
     </span>
     <span class='ocr_line' id='line_1_113' title="bbox 1267 1875 2221 1917; baseline -0.004 -9"><span class='ocrx_word' id='word_1_1009' title='bbox 1267 1881 1299 1909; x_wconf 65' lang='grc' dir='ltr'>ἅς</span> <span class='ocrx_word' id='word_1_1010' title='bbox 1310 1879 1376 1908; x_wconf 89' lang='lat' dir='ltr'>suos</span> <span class='ocrx_word' id='word_1_1011' title='bbox 1384 1878 1462 1907; x_wconf 80' lang='lat' dir='ltr'>iiit&#39;er</span> <span class='ocrx_word' id='word_1_1012' title='bbox 1470 1877 1607 1917; x_wconf 85' lang='lat' dir='ltr'>aequaleis</span> <span class='ocrx_word' id='word_1_1013' title='bbox 1616 1879 1660 1905; x_wconf 92' lang='lat' dir='ltr'>M.</span> <span class='ocrx_word' id='word_1_1014' title='bbox 1672 1876 1810 1907; x_wconf 87' lang='lat' dir='ltr'>Pisonem</span> <span class='ocrx_word' id='word_1_1015' title='bbox 1822 1896 1831 1909; x_wconf 82' lang='lat'>‚</span> <span class='ocrx_word' id='word_1_1016' title='bbox 1843 1879 1886 1906; x_wconf 89' lang='lat' dir='ltr'>M.</span> <span class='ocrx_word' id='word_1_1017' title='bbox 1898 1875 2031 1907; x_wconf 78' lang='lat' dir='ltr'>Crafl&#39;um</span> <span class='ocrx_word' id='word_1_1018' title='bbox 2042 1896 2051 1910; x_wconf 90' lang='lat'>‚</span> <span class='ocrx_word' id='word_1_1019' title='bbox 2071 1878 2127 1906; x_wconf 88' lang='lat' dir='ltr'>Cn.</span> <span class='ocrx_word' id='word_1_1020' title='bbox 2138 1877 2221 1906; x_wconf 87' lang='lat' dir='ltr'>Len-</span> 
     </span>
     <span class='ocr_line' id='line_1_114' title="bbox 1266 1916 2222 1959; baseline -0.004 -9"><span class='ocrx_word' id='word_1_1021' title='bbox 1266 1921 1364 1951; x_wconf 90' lang='lat' dir='ltr'>tulum</span> <span class='ocrx_word' id='word_1_1022' title='bbox 1374 1941 1383 1953; x_wconf 90' lang='lat'>‚</span> <span class='ocrx_word' id='word_1_1023' title='bbox 1402 1922 1434 1950; x_wconf 88' lang='lat' dir='ltr'>P.</span> <span class='ocrx_word' id='word_1_1024' title='bbox 1446 1919 1613 1948; x_wconf 88' lang='lat' dir='ltr'>Lentulum</span> <span class='ocrx_word' id='word_1_1025' title='bbox 1622 1921 1726 1948; x_wconf 81' lang='lat' dir='ltr'>Suram</span> <span class='ocrx_word' id='word_1_1026' title='bbox 1735 1917 1825 1959; x_wconf 76' lang='lat' dir='ltr'>longe</span> <span class='ocrx_word' id='word_1_1027' title='bbox 1835 1917 1985 1958; x_wconf 82' lang='lat' dir='ltr'>praestitit:</span> <span class='ocrx_word' id='word_1_1028' title='bbox 2007 1918 2040 1948; x_wconf 88' lang='lat'>&amp;</span> <span class='ocrx_word' id='word_1_1029' title='bbox 2058 1928 2109 1947; x_wconf 85' lang='lat' dir='ltr'>me</span> <span class='ocrx_word' id='word_1_1030' title='bbox 2118 1916 2222 1947; x_wconf 89' lang='lat' dir='ltr'>adole-</span> 
     </span>
     <span class='ocr_line' id='line_1_115' title="bbox 1267 1957 2222 2001; baseline -0.005 -9"><span class='ocrx_word' id='word_1_1031' title='bbox 1267 1963 1398 1993; x_wconf 86' lang='lat' dir='ltr'>scentem</span> <span class='ocrx_word' id='word_1_1032' title='bbox 1409 1960 1512 1990; x_wconf 69' lang='lat' dir='ltr'>na&amp;us</span> <span class='ocrx_word' id='word_1_1033' title='bbox 1522 1958 1594 1989; x_wconf 67' lang='grc'><strong>0610</strong></span> <span class='ocrx_word' id='word_1_1034' title='bbox 1603 1961 1689 1989; x_wconf 84' lang='lat' dir='ltr'>annis</span> <span class='ocrx_word' id='word_1_1035' title='bbox 1699 1961 1852 1990; x_wconf 85' lang='lat' dir='ltr'>minorem</span> <span class='ocrx_word' id='word_1_1036' title='bbox 1862 1979 1870 1993; x_wconf 85' lang='lat'><em>‚</em></span> <span class='ocrx_word' id='word_1_1037' title='bbox 1883 1960 1974 2001; x_wconf 70' lang='lat' dir='ltr'>quam</span> <span class='ocrx_word' id='word_1_1038' title='bbox 1985 1968 2044 1990; x_wconf 84' lang='lat' dir='ltr'>erat</span> <span class='ocrx_word' id='word_1_1039' title='bbox 2053 1959 2124 2000; x_wconf 87' lang='lat' dir='ltr'>ipse,</span> <span class='ocrx_word' id='word_1_1040' title='bbox 2138 1957 2222 1988; x_wconf 88' lang='lat' dir='ltr'>mul-</span> 
     </span>
     <span class='ocr_line' id='line_1_116' title="bbox 1268 1997 2222 2041; baseline -0.005 -7"><span class='ocrx_word' id='word_1_1041' title='bbox 1268 2013 1314 2034; x_wconf 89' lang='lat' dir='ltr'>tos</span> <span class='ocrx_word' id='word_1_1042' title='bbox 1324 2012 1419 2033; x_wconf 84' lang='lat' dir='ltr'>annos</span> <span class='ocrx_word' id='word_1_1043' title='bbox 1427 2005 1442 2022; x_wconf 52' lang='grc' dir='ltr'>’ὃ</span> <span class='ocrx_word' id='word_1_1044' title='bbox 1452 2003 1485 2032; x_wconf 87' lang='lat' dir='ltr'>in</span> <span class='ocrx_word' id='word_1_1045' title='bbox 1495 2001 1594 2031; x_wconf 87' lang='lat' dir='ltr'>studio</span> <span class='ocrx_word' id='word_1_1046' title='bbox 1604 2001 1738 2041; x_wconf 83' lang='lat' dir='ltr'>ejusdem</span> <span class='ocrx_word' id='word_1_1047' title='bbox 1748 2001 1842 2031; x_wconf 89' lang='lat' dir='ltr'>laudis</span> <span class='ocrx_word' id='word_1_1048' title='bbox 1854 2004 2000 2032; x_wconf 78' lang='lat' dir='ltr'>exercuit:</span> <span class='ocrx_word' id='word_1_1049' title='bbox 2027 2002 2061 2031; x_wconf 73' lang='grc' dir='ltr'>δε</span> <span class='ocrx_word' id='word_1_1050' title='bbox 2072 2010 2173 2032; x_wconf 87' lang='lat' dir='ltr'>tecum</span> <span class='ocrx_word' id='word_1_1051' title='bbox 2182 1997 2222 2029; x_wconf 86' lang='lat' dir='ltr'>fi-</span> 
     </span>
     <span class='ocr_line' id='line_1_117' title="bbox 1269 2041 2221 2085; baseline -0.003 -10"><span class='ocrx_word' id='word_1_1052' title='bbox 1269 2046 1334 2076; x_wconf 87' lang='lat' dir='ltr'>mul</span> <span class='ocrx_word' id='word_1_1053' title='bbox 1346 2065 1353 2078; x_wconf 85' lang='lat'>‚</span> <span class='ocrx_word' id='word_1_1054' title='bbox 1374 2043 1445 2075; x_wconf 86' lang='lat' dir='ltr'>sicut</span> <span class='ocrx_word' id='word_1_1055' title='bbox 1453 2054 1509 2085; x_wconf 86' lang='lat' dir='ltr'>ego</span> <span class='ocrx_word' id='word_1_1056' title='bbox 1516 2043 1571 2083; x_wconf 72' lang='lat' dir='ltr'>pto</span> <span class='ocrx_word' id='word_1_1057' title='bbox 1582 2043 1698 2076; x_wconf 89' lang='lat' dir='ltr'>multis,</span> <span class='ocrx_word' id='word_1_1058' title='bbox 1710 2041 1807 2073; x_wconf 86' lang='lat' dir='ltr'>sic&#39;ille</span> <span class='ocrx_word' id='word_1_1059' title='bbox 1817 2053 1871 2083; x_wconf 88' lang='lat' dir='ltr'>pro</span> <span class='ocrx_word' id='word_1_1060' title='bbox 1883 2045 1981 2083; x_wconf 85' lang='lat' dir='ltr'>Appio</span> <span class='ocrx_word' id='word_1_1061' title='bbox 1992 2043 2119 2073; x_wconf 90' lang='lat' dir='ltr'>Claudio</span> <span class='ocrx_word' id='word_1_1062' title='bbox 2129 2042 2221 2074; x_wconf 87' lang='lat' dir='ltr'>dixit,</span> 
     </span>
     <span class='ocr_line' id='line_1_118' title="bbox 1267 2084 2288 2128; baseline -0.005 -11"><span class='ocrx_word' id='word_1_1063' title='bbox 1267 2087 1368 2128; x_wconf 84' lang='lat' dir='ltr'>paullo</span> <span class='ocrx_word' id='word_1_1064' title='bbox 1377 2096 1444 2116; x_wconf 86' lang='lat' dir='ltr'>ante</span> <span class='ocrx_word' id='word_1_1065' title='bbox 1452 2094 1594 2115; x_wconf 80' lang='lat' dir='ltr'>mortem.</span> <span class='ocrx_word' id='word_1_1066' title='bbox 1612 2085 1704 2115; x_wconf 89' lang='lat' dir='ltr'>Vides</span> <span class='ocrx_word' id='word_1_1067' title='bbox 1712 2087 1811 2125; x_wconf 84' lang='lat' dir='ltr'>igitur,</span> <span class='ocrx_word' id='word_1_1068' title='bbox 1824 2093 1855 2114; x_wconf 89' lang='lat' dir='ltr'>ut</span> <span class='ocrx_word' id='word_1_1069' title='bbox 1865 2085 1901 2114; x_wconf 88' lang='lat' dir='ltr'>ad</span> <span class='ocrx_word' id='word_1_1070' title='bbox 1912 2094 1938 2114; x_wconf 92' lang='lat' dir='ltr'>te</span> <span class='ocrx_word' id='word_1_1071' title='bbox 1948 2093 2107 2117; x_wconf 77' lang='lat' dir='ltr'>oratorem,</span> <span class='ocrx_word' id='word_1_1072' title='bbox 2120 2086 2220 2116; x_wconf 83' lang='lat' dir='ltr'>Brute,</span> <span class='ocrx_word' id='word_1_1073' title='bbox 2240 2084 2288 2127; x_wconf 87' lang='lat'>65</span> 
     </span>
     <span class='ocr_line' id='line_1_119' title="bbox 1268 2125 2224 2168; baseline -0.004 -10"><span class='ocrx_word' id='word_1_1074' title='bbox 1268 2130 1494 2168; x_wconf 86' lang='lat' dir='ltr'>pervenerimus</span> <span class='ocrx_word' id='word_1_1075' title='bbox 1505 2147 1513 2160; x_wconf 90' lang='lat'>,</span> <span class='ocrx_word' id='word_1_1076' title='bbox 1531 2135 1592 2155; x_wconf 89' lang='lat' dir='ltr'>tam</span> <span class='ocrx_word' id='word_1_1077' title='bbox 1612 2127 1717 2156; x_wconf 87' lang='lat' dir='ltr'>multis</span> <span class='ocrx_word' id='word_1_1078' title='bbox 1735 2129 1813 2155; x_wconf 88' lang='lat' dir='ltr'>inter</span> <span class='ocrx_word' id='word_1_1079' title='bbox 1829 2125 1965 2156; x_wconf 89' lang='lat' dir='ltr'>nostrum</span> <span class='ocrx_word' id='word_1_1080' title='bbox 1977 2146 1985 2159; x_wconf 88' lang='lat'>,</span> <span class='ocrx_word' id='word_1_1081' title='bbox 2003 2134 2149 2166; x_wconf 89' lang='lat' dir='ltr'>tuumque</span> <span class='ocrx_word' id='word_1_1082' title='bbox 2171 2126 2224 2154; x_wconf 86' lang='lat' dir='ltr'>in-</span> 
     </span>
     <span class='ocr_line' id='line_1_120' title="bbox 1269 2166 2225 2208; baseline -0.003 -9"><span class='ocrx_word' id='word_1_1083' title='bbox 1269 2172 1360 2199; x_wconf 86' lang='lat' dir='ltr'>itium</span> <span class='ocrx_word' id='word_1_1084' title='bbox 1371 2168 1491 2198; x_wconf 86' lang='lat' dir='ltr'>dicendi</span> <span class='ocrx_word' id='word_1_1085' title='bbox 1499 2166 1679 2207; x_wconf 87' lang='lat' dir='ltr'>interpositis</span> <span class='ocrx_word' id='word_1_1086' title='bbox 1687 2167 1871 2197; x_wconf 84' lang='lat' dir='ltr'>oratoribus?</span> <span class='ocrx_word' id='word_1_1087' title='bbox 1894 2178 1931 2197; x_wconf 80' lang='lat' dir='ltr'>ex</span> <span class='ocrx_word' id='word_1_1088' title='bbox 1940 2168 2049 2208; x_wconf 87' lang='lat' dir='ltr'>quibus</span> <span class='ocrx_word' id='word_1_1089' title='bbox 2059 2187 2068 2201; x_wconf 85' lang='lat'>‚</span> <span class='ocrx_word' id='word_1_1090' title='bbox 2078 2167 2225 2208; x_wconf 84' lang='lat' dir='ltr'>quoniam</span> 
     </span>
     <span class='ocr_line' id='line_1_121' title="bbox 1270 2207 2226 2250; baseline -0.004 -10"><span class='ocrx_word' id='word_1_1091' title='bbox 1270 2213 1305 2240; x_wconf 91' lang='lat' dir='ltr'>in</span> <span class='ocrx_word' id='word_1_1092' title='bbox 1323 2212 1381 2239; x_wconf 85' lang='lat' dir='ltr'>hoc</span> <span class='ocrx_word' id='word_1_1093' title='bbox 1399 2210 1536 2240; x_wconf 86' lang='lat' dir='ltr'>sermone</span> <span class='ocrx_word' id='word_1_1094' title='bbox 1546 2207 1647 2238; x_wconf 88' lang='lat' dir='ltr'>nostro</span> <span class='ocrx_word' id='word_1_1095' title='bbox 1658 2208 1744 2238; x_wconf 82' lang='lat' dir='ltr'>statui</span> <span class='ocrx_word' id='word_1_1096' title='bbox 1761 2211 1919 2239; x_wconf 80' lang='lat' dir='ltr'>neminem</span> <span class='ocrx_word' id='word_1_1097' title='bbox 1931 2219 2036 2239; x_wconf 89' lang='lat' dir='ltr'>eorum</span> <span class='ocrx_word' id='word_1_1098' title='bbox 2047 2229 2056 2243; x_wconf 83' lang='lat'>‚</span> <span class='ocrx_word' id='word_1_1099' title='bbox 2079 2208 2226 2250; x_wconf 71' lang='lat' dir='ltr'>quivim-</span> 
     </span>
     <span class='ocr_line' id='line_1_122' title="bbox 1272 2248 2225 2291; baseline -0.002 -10"><span class='ocrx_word' id='word_1_1100' title='bbox 1272 2259 1332 2281; x_wconf 80' lang='lat' dir='ltr'>rent</span> <span class='ocrx_word' id='word_1_1101' title='bbox 1342 2271 1350 2285; x_wconf 88' lang='lat'>‚</span> <span class='ocrx_word' id='word_1_1102' title='bbox 1374 2253 1531 2280; x_wconf 87' lang='lat' dir='ltr'>nominare</span> <span class='ocrx_word' id='word_1_1103' title='bbox 1541 2270 1549 2284; x_wconf 85' lang='grc'>,</span> <span class='ocrx_word' id='word_1_1104' title='bbox 1562 2260 1599 2280; x_wconf 83' lang='grc'>113</span> <span class='ocrx_word' id='word_1_1105' title='bbox 1609 2260 1662 2279; x_wconf 93' lang='lat' dir='ltr'>vos</span> <span class='ocrx_word' id='word_1_1106' title='bbox 1672 2249 1814 2280; x_wconf 79' lang='lat' dir='ltr'>curiosius</span> <span class='ocrx_word' id='word_1_1107' title='bbox 1826 2252 1970 2280; x_wconf 86' lang='lat' dir='ltr'>eliceretis</span> <span class='ocrx_word' id='word_1_1108' title='bbox 1979 2261 2016 2281; x_wconf 85' lang='lat' dir='ltr'>ex</span> <span class='ocrx_word' id='word_1_1109' title='bbox 2025 2261 2074 2280; x_wconf 88' lang='lat' dir='ltr'>ine</span> <span class='ocrx_word' id='word_1_1110' title='bbox 2084 2270 2092 2284; x_wconf 90' lang='lat'>‚</span> <span class='ocrx_word' id='word_1_1111' title='bbox 2103 2249 2176 2291; x_wconf 86' lang='lat' dir='ltr'>quid</span> <span class='ocrx_word' id='word_1_1112' title='bbox 2187 2248 2225 2279; x_wconf 88' lang='lat' dir='ltr'>de</span> 
     </span>
     <span class='ocr_line' id='line_1_123' title="bbox 1272 2291 2221 2334; baseline -0.003 -12"><span class='ocrx_word' id='word_1_1113' title='bbox 1272 2292 1563 2334; x_wconf 82' lang='lat' dir='ltr'>quoquejudicarem</span> <span class='ocrx_word' id='word_1_1114' title='bbox 1576 2302 1582 2320; x_wconf 80' lang='lat'>2</span> <span class='ocrx_word' id='word_1_1115' title='bbox 1599 2301 1649 2320; x_wconf 86' lang='lat' dir='ltr'>eos</span> <span class='ocrx_word' id='word_1_1116' title='bbox 1660 2311 1668 2325; x_wconf 84' lang='lat'>‚</span> <span class='ocrx_word' id='word_1_1117' title='bbox 1680 2293 1800 2333; x_wconf 84' lang='lat' dir='ltr'>quijam</span> <span class='ocrx_word' id='word_1_1118' title='bbox 1811 2292 1878 2321; x_wconf 87' lang='lat' dir='ltr'>sunt</span> <span class='ocrx_word' id='word_1_1119' title='bbox 1888 2295 1998 2322; x_wconf 83' lang='lat' dir='ltr'>mortui</span> <span class='ocrx_word' id='word_1_1120' title='bbox 2009 2313 2018 2326; x_wconf 87' lang='lat'><em>,</em></span> <span class='ocrx_word' id='word_1_1121' title='bbox 2039 2291 2221 2322; x_wconf 83' lang='lat' dir='ltr'>nominabo.</span> 
     </span>
     <span class='ocr_line' id='line_1_124' title="bbox 1275 2332 2223 2378; baseline -0.002 -14"><span class='ocrx_word' id='word_1_1122' title='bbox 1275 2338 1359 2366; x_wconf 89' lang='lat' dir='ltr'>Tum</span> <span class='ocrx_word' id='word_1_1123' title='bbox 1369 2337 1475 2364; x_wconf 89' lang='lat' dir='ltr'>Brutus</span> <span class='ocrx_word' id='word_1_1124' title='bbox 1486 2354 1495 2366; x_wconf 88' lang='lat'>,</span> <span class='ocrx_word' id='word_1_1125' title='bbox 1519 2336 1593 2362; x_wconf 90' lang='lat' dir='ltr'>Non</span> <span class='ocrx_word' id='word_1_1126' title='bbox 1611 2332 1653 2362; x_wconf 87' lang='lat' dir='ltr'>est</span> <span class='ocrx_word' id='word_1_1127' title='bbox 1664 2353 1672 2366; x_wconf 81' lang='lat'><strong>‚</strong></span> <span class='ocrx_word' id='word_1_1128' title='bbox 1696 2336 1796 2374; x_wconf 84' lang='lat' dir='ltr'>inquit</span> <span class='ocrx_word' id='word_1_1129' title='bbox 1811 2353 1819 2367; x_wconf 84' lang='lat'>‚</span> <span class='ocrx_word' id='word_1_1130' title='bbox 1843 2333 1895 2364; x_wconf 89' lang='lat' dir='ltr'>ista</span> <span class='ocrx_word' id='word_1_1131' title='bbox 1911 2335 2002 2366; x_wconf 72' lang='lat' dir='ltr'>causa.</span> <span class='ocrx_word' id='word_1_1132' title='bbox 2026 2343 2116 2378; x_wconf 82' lang='lat' dir='ltr'>quarn</span> <span class='ocrx_word' id='word_1_1133' title='bbox 2135 2333 2223 2366; x_wconf 80' lang='lat' dir='ltr'>dicis,</span> 
     </span>
     <span class='ocr_line' id='line_1_125' title="bbox 1275 2374 2225 2417; baseline -0.001 -12"><span class='ocrx_word' id='word_1_1134' title='bbox 1275 2375 1471 2417; x_wconf 84' lang='lat' dir='ltr'>quamobrem</span> <span class='ocrx_word' id='word_1_1135' title='bbox 1481 2374 1517 2404; x_wconf 90' lang='lat' dir='ltr'>de</span> <span class='ocrx_word' id='word_1_1136' title='bbox 1528 2376 1564 2403; x_wconf 87' lang='lat' dir='ltr'>iis</span> <span class='ocrx_word' id='word_1_1137' title='bbox 1574 2395 1582 2407; x_wconf 65' lang='lat'>2</span> <span class='ocrx_word' id='word_1_1138' title='bbox 1593 2377 1645 2415; x_wconf 81' lang='lat' dir='ltr'>qui</span> <span class='ocrx_word' id='word_1_1139' title='bbox 1654 2376 1773 2408; x_wconf 83' lang='lat' dir='ltr'>vivunt,</span> <span class='ocrx_word' id='word_1_1140' title='bbox 1785 2376 1862 2404; x_wconf 86' lang='grc'><strong>1111111</strong></span> <span class='ocrx_word' id='word_1_1141' title='bbox 1873 2377 1947 2406; x_wconf 89' lang='lat' dir='ltr'>velis</span> <span class='ocrx_word' id='word_1_1142' title='bbox 1957 2376 2066 2406; x_wconf 83' lang='lat' dir='ltr'>dicere.</span> <span class='ocrx_word' id='word_1_1143' title='bbox 2106 2383 2225 2404; x_wconf 79' lang='lat' dir='ltr'>uaenam</span> 
     </span>
     <span class='ocr_line' id='line_1_126' title="bbox 1276 2415 2226 2458; baseline -0.003 -11"><span class='ocrx_word' id='word_1_1144' title='bbox 1276 2420 1382 2458; x_wconf 81' lang='lat' dir='ltr'>igitur,</span> <span class='ocrx_word' id='word_1_1145' title='bbox 1400 2419 1525 2457; x_wconf 83' lang='lat' dir='ltr'>inquam</span> <span class='ocrx_word' id='word_1_1146' title='bbox 1535 2415 1597 2445; x_wconf 84' lang='lat' dir='ltr'>est?</span> <span class='ocrx_word' id='word_1_1147' title='bbox 1620 2418 1721 2446; x_wconf 84' lang='lat' dir='ltr'>Vereri</span> <span class='ocrx_word' id='word_1_1148' title='bbox 1731 2425 1759 2446; x_wconf 84' lang='lat' dir='ltr'>te</span> <span class='ocrx_word' id='word_1_1149' title='bbox 1770 2438 1778 2450; x_wconf 93' lang='lat'><em>‚</em></span> <span class='ocrx_word' id='word_1_1150' title='bbox 1791 2419 1890 2458; x_wconf 88' lang='lat' dir='ltr'>inquit</span> <span class='ocrx_word' id='word_1_1151' title='bbox 1899 2438 1908 2451; x_wconf 89' lang='lat'>‚</span> <span class='ocrx_word' id='word_1_1152' title='bbox 1928 2417 2053 2447; x_wconf 84' lang='lat' dir='ltr'>arbitror</span> <span class='ocrx_word' id='word_1_1153' title='bbox 2062 2427 2098 2446; x_wconf 88' lang='lat' dir='ltr'>ne</span> <span class='ocrx_word' id='word_1_1154' title='bbox 2107 2426 2161 2456; x_wconf 85' lang='lat' dir='ltr'>per</span> <span class='ocrx_word' id='word_1_1155' title='bbox 2169 2424 2226 2445; x_wconf 87' lang='lat' dir='ltr'>nos</span> 
     </span>
     <span class='ocr_line' id='line_1_127' title="bbox 1279 2456 2229 2499; baseline -0.004 -10"><span class='ocrx_word' id='word_1_1156' title='bbox 1279 2462 1327 2489; x_wconf 84' lang='lat' dir='ltr'>hic</span> <span class='ocrx_word' id='word_1_1157' title='bbox 1339 2460 1438 2489; x_wconf 86' lang='lat' dir='ltr'>sermo</span> <span class='ocrx_word' id='word_1_1158' title='bbox 1449 2468 1516 2487; x_wconf 91' lang='lat' dir='ltr'>tuus</span> <span class='ocrx_word' id='word_1_1159' title='bbox 1525 2456 1645 2488; x_wconf 72' lang='lat' dir='ltr'>emanet</span> <span class='ocrx_word' id='word_1_1160' title='bbox 1654 2479 1661 2491; x_wconf 89' lang='lat'><em>‚</em></span> <span class='ocrx_word' id='word_1_1161' title='bbox 1676 2458 1739 2487; x_wconf 86' lang='lat' dir='ltr'>&amp;ii</span> <span class='ocrx_word' id='word_1_1162' title='bbox 1750 2460 1803 2488; x_wconf 88' lang='lat' dir='ltr'>tibi</span> <span class='ocrx_word' id='word_1_1163' title='bbox 1815 2459 2004 2490; x_wconf 81' lang='lat' dir='ltr'>succenseant</span> <span class='ocrx_word' id='word_1_1164' title='bbox 2013 2479 2021 2492; x_wconf 93' lang='lat'>,</span> <span class='ocrx_word' id='word_1_1165' title='bbox 2032 2468 2108 2498; x_wconf 89' lang='lat' dir='ltr'>quos</span> <span class='ocrx_word' id='word_1_1166' title='bbox 2115 2464 2229 2499; x_wconf 52' lang='lat' dir='ltr'>praeter-</span> 
     </span>
     <span class='ocr_line' id='line_1_128' title="bbox 1278 2499 2230 2541; baseline -0.003 -11"><span class='ocrx_word' id='word_1_1167' title='bbox 1278 2502 1346 2530; x_wconf 68' lang='lat' dir='ltr'>iens.</span> <span class='ocrx_word' id='word_1_1168' title='bbox 1408 2500 1458 2529; x_wconf 88' lang='lat' dir='ltr'>uid</span> <span class='ocrx_word' id='word_1_1169' title='bbox 1468 2520 1476 2533; x_wconf 85' lang='lat'>‚</span> <span class='ocrx_word' id='word_1_1170' title='bbox 1488 2510 1542 2530; x_wconf 73' lang='lat' dir='ltr'>vos</span> <span class='ocrx_word' id='word_1_1171' title='bbox 1554 2520 1562 2533; x_wconf 92' lang='lat'><strong><em>,</em></strong></span> <span class='ocrx_word' id='word_1_1172' title='bbox 1582 2501 1705 2541; x_wconf 81' lang='lat' dir='ltr'>inquam</span> <span class='ocrx_word' id='word_1_1173' title='bbox 1715 2520 1722 2533; x_wconf 86' lang='lat'>‚</span> <span class='ocrx_word' id='word_1_1174' title='bbox 1733 2509 1826 2530; x_wconf 86' lang='lat' dir='ltr'>tacere</span> <span class='ocrx_word' id='word_1_1175' title='bbox 1835 2511 1900 2530; x_wconf 92' lang='lat' dir='ltr'>non</span> <span class='ocrx_word' id='word_1_1176' title='bbox 1909 2502 2065 2540; x_wconf 86' lang='lat' dir='ltr'>poteritis?</span> <span class='ocrx_word' id='word_1_1177' title='bbox 2083 2502 2150 2529; x_wconf 89' lang='lat' dir='ltr'>Nos</span> <span class='ocrx_word' id='word_1_1178' title='bbox 2161 2499 2230 2539; x_wconf 88' lang='lat' dir='ltr'>qui-</span> 
     </span>
     <span class='ocr_line' id='line_1_129' title="bbox 1280 2539 2232 2582; baseline -0.003 -10"><span class='ocrx_word' id='word_1_1179' title='bbox 1280 2543 1349 2572; x_wconf 89' lang='lat' dir='ltr'>dem</span> <span class='ocrx_word' id='word_1_1180' title='bbox 1361 2563 1369 2575; x_wconf 86' lang='lat'>‚</span> <span class='ocrx_word' id='word_1_1181' title='bbox 1381 2544 1498 2582; x_wconf 82' lang='lat' dir='ltr'>inquit,</span> <span class='ocrx_word' id='word_1_1182' title='bbox 1520 2541 1685 2575; x_wconf 66' lang='lat' dir='ltr'>facillime5</span> <span class='ocrx_word' id='word_1_1183' title='bbox 1707 2542 1757 2572; x_wconf 82' lang='lat' dir='ltr'>sed</span> <span class='ocrx_word' id='word_1_1184' title='bbox 1767 2550 1867 2572; x_wconf 85' lang='lat' dir='ltr'>tamen</span> <span class='ocrx_word' id='word_1_1185' title='bbox 1892 2546 1904 2570; x_wconf 88' lang='lat'><em>3</em></span> <span class='ocrx_word' id='word_1_1186' title='bbox 1914 2553 1941 2572; x_wconf 88' lang='lat' dir='ltr'>te</span> <span class='ocrx_word' id='word_1_1187' title='bbox 1951 2541 2075 2572; x_wconf 87' lang='lat' dir='ltr'>arbitror</span> <span class='ocrx_word' id='word_1_1188' title='bbox 2083 2541 2173 2571; x_wconf 86' lang='lat' dir='ltr'>malle</span> <span class='ocrx_word' id='word_1_1189' title='bbox 2183 2539 2232 2569; x_wconf 88' lang='lat' dir='ltr'>id—</span> 
     </span>
     <span class='ocr_line' id='line_1_130' title="bbox 1280 2583 2231 2624; baseline -0.003 -10"><span class='ocrx_word' id='word_1_1190' title='bbox 1280 2585 1378 2624; x_wconf 87' lang='lat' dir='ltr'>ipsum</span> <span class='ocrx_word' id='word_1_1191' title='bbox 1388 2593 1479 2613; x_wconf 81' lang='lat' dir='ltr'>tacere</span> <span class='ocrx_word' id='word_1_1192' title='bbox 1487 2603 1495 2616; x_wconf 83' lang='lat'><strong>,</strong></span> <span class='ocrx_word' id='word_1_1193' title='bbox 1507 2583 1596 2624; x_wconf 64' lang='lat' dir='ltr'>quam</span> <span class='ocrx_word' id='word_1_1194' title='bbox 1606 2585 1833 2613; x_wconf 83' lang='lat' dir='ltr'>taciturnitatem</span> <span class='ocrx_word' id='word_1_1195' title='bbox 1845 2583 1976 2614; x_wconf 89' lang='lat' dir='ltr'>nostram</span> <span class='ocrx_word' id='word_1_1196' title='bbox 1984 2584 2121 2623; x_wconf 85' lang='lat' dir='ltr'>experiri.</span> <span class='ocrx_word' id='word_1_1197' title='bbox 2145 2584 2231 2612; x_wconf 88' lang='lat' dir='ltr'>Tum</span> 
     </span>
     <span class='ocr_line' id='line_1_131' title="bbox 1280 2622 2231 2666; baseline -0.004 -10"><span class='ocrx_word' id='word_1_1198' title='bbox 1280 2637 1336 2666; x_wconf 88' lang='lat' dir='ltr'>ego</span> <span class='ocrx_word' id='word_1_1199' title='bbox 1347 2646 1354 2659; x_wconf 89' lang='lat'>‚</span> <span class='ocrx_word' id='word_1_1200' title='bbox 1367 2626 1442 2655; x_wconf 61' lang='lat' dir='ltr'>Ver}</span> <span class='ocrx_word' id='word_1_1201' title='bbox 1455 2627 1577 2665; x_wconf 78' lang='lat' dir='ltr'>inquam</span> <span class='ocrx_word' id='word_1_1202' title='bbox 1588 2645 1596 2658; x_wconf 81' lang='grc'><strong>,</strong></span> <span class='ocrx_word' id='word_1_1203' title='bbox 1618 2626 1691 2658; x_wconf 88' lang='lat' dir='ltr'>tibi,</span> <span class='ocrx_word' id='word_1_1204' title='bbox 1712 2627 1799 2655; x_wconf 87' lang='lat' dir='ltr'>Brute</span> <span class='ocrx_word' id='word_1_1205' title='bbox 1809 2625 1917 2656; x_wconf 89' lang='lat' dir='ltr'>dicam.</span> <span class='ocrx_word' id='word_1_1206' title='bbox 1940 2635 2004 2655; x_wconf 90' lang='lat' dir='ltr'>non</span> <span class='ocrx_word' id='word_1_1207' title='bbox 2016 2635 2066 2654; x_wconf 87' lang='lat' dir='ltr'>me</span> <span class='ocrx_word' id='word_1_1208' title='bbox 2075 2622 2231 2654; x_wconf 85' lang='lat' dir='ltr'>existima-</span> 
     </span>
     <span class='ocr_line' id='line_1_132' title="bbox 1282 2663 2230 2708; baseline -0.001 -12"><span class='ocrx_word' id='word_1_1209' title='bbox 1282 2678 1312 2697; x_wconf 79' lang='lat' dir='ltr'>v¹</span> <span class='ocrx_word' id='word_1_1210' title='bbox 1326 2670 1356 2696; x_wconf 90' lang='lat' dir='ltr'>in</span> <span class='ocrx_word' id='word_1_1211' title='bbox 1369 2668 1425 2697; x_wconf 88' lang='lat' dir='ltr'>hoc</span> <span class='ocrx_word' id='word_1_1212' title='bbox 1437 2667 1573 2697; x_wconf 73' lang='lat' dir='ltr'>sermone</span> <span class='ocrx_word' id='word_1_1213' title='bbox 1583 2668 1673 2708; x_wconf 81' lang='lat' dir='ltr'>usque</span> <span class='ocrx_word' id='word_1_1214' title='bbox 1683 2666 1719 2696; x_wconf 88' lang='lat' dir='ltr'>ad</span> <span class='ocrx_word' id='word_1_1215' title='bbox 1728 2669 1802 2697; x_wconf 85' lang='lat' dir='ltr'>hanc</span> <span class='ocrx_word' id='word_1_1216' title='bbox 1811 2676 1926 2697; x_wconf 83' lang='lat' dir='ltr'>aetatem</span> <span class='ocrx_word' id='word_1_1217' title='bbox 1937 2666 1994 2697; x_wconf 83' lang='lat' dir='ltr'>ess&#39;e</span> <span class='ocrx_word' id='word_1_1218' title='bbox 2005 2663 2230 2697; x_wconf 77' lang='lat' dir='ltr'>venturumzsed</span> 
     </span>
     <span class='ocr_line' id='line_1_133' title="bbox 1283 2708 2232 2749; baseline -0.004 -10"><span class='ocrx_word' id='word_1_1219' title='bbox 1283 2712 1321 2739; x_wconf 80' lang='lat' dir='ltr'>ita</span> <span class='ocrx_word' id='word_1_1220' title='bbox 1331 2711 1418 2739; x_wconf 79' lang='lat' dir='ltr'>traxit</span> <span class='ocrx_word' id='word_1_1221' title='bbox 1427 2709 1500 2738; x_wconf 87' lang='lat' dir='ltr'>ordo</span> <span class='ocrx_word' id='word_1_1222' title='bbox 1511 2718 1630 2738; x_wconf 78' lang='lat' dir='ltr'>aetatum</span> <span class='ocrx_word' id='word_1_1223' title='bbox 1640 2710 1807 2738; x_wconf 78' lang='lat' dir='ltr'>orationem</span> <span class='ocrx_word' id='word_1_1224' title='bbox 1820 2730 1828 2741; x_wconf 92' lang='lat'><em>‚</em></span> <span class='ocrx_word' id='word_1_1225' title='bbox 1840 2717 1872 2738; x_wconf 94' lang='lat' dir='ltr'>ut</span> <span class='ocrx_word' id='word_1_1226' title='bbox 1878 2710 1941 2749; x_wconf 80' lang='lat' dir='ltr'>jam</span> <span class='ocrx_word' id='word_1_1227' title='bbox 1950 2708 1986 2738; x_wconf 90' lang='lat' dir='ltr'>ad</span> <span class='ocrx_word' id='word_1_1228' title='bbox 1996 2709 2130 2738; x_wconf 86' lang='lat' dir='ltr'>minores</span> <span class='ocrx_word' id='word_1_1229' title='bbox 2140 2708 2232 2736; x_wconf 84' lang='lat' dir='ltr'>etiam</span> 
     </span>
     <span class='ocr_line' id='line_1_134' title="bbox 1281 2747 2235 2791; baseline -0.003 -11"><span class='ocrx_word' id='word_1_1230' title='bbox 1281 2752 1479 2791; x_wconf 88' lang='lat' dir='ltr'>pervenerim.</span> <span class='ocrx_word' id='word_1_1231' title='bbox 1503 2753 1662 2790; x_wconf 87' lang='lat' dir='ltr'>Interpone</span> <span class='ocrx_word' id='word_1_1232' title='bbox 1673 2752 1771 2789; x_wconf 85' lang='lat' dir='ltr'>igitur,</span> <span class='ocrx_word' id='word_1_1233' title='bbox 1781 2752 1889 2790; x_wconf 84' lang='lat' dir='ltr'>inquit,</span> <span class='ocrx_word' id='word_1_1234' title='bbox 1899 2749 1921 2780; x_wconf 90' lang='lat' dir='ltr'>fi</span> <span class='ocrx_word' id='word_1_1235' title='bbox 1928 2760 2004 2791; x_wconf 91' lang='lat' dir='ltr'>quos</span> <span class='ocrx_word' id='word_1_1236' title='bbox 2013 2749 2139 2779; x_wconf 85' lang='lat' dir='ltr'>videtur:</span> <span class='ocrx_word' id='word_1_1237' title='bbox 2148 2747 2235 2777; x_wconf 87' lang='lat' dir='ltr'>dein-</span> 
     </span>
     <span class='ocr_line' id='line_1_135' title="bbox 1284 2789 2234 2830; baseline -0.004 -8"><span class='ocrx_word' id='word_1_1238' title='bbox 1284 2793 1320 2822; x_wconf 87' lang='lat' dir='ltr'>de</span> <span class='ocrx_word' id='word_1_1239' title='bbox 1332 2793 1484 2822; x_wconf 80' lang='lat' dir='ltr'>redeamus</span> <span class='ocrx_word' id='word_1_1240' title='bbox 1494 2792 1529 2821; x_wconf 82' lang='lat' dir='ltr'>ad</span> <span class='ocrx_word' id='word_1_1241' title='bbox 1540 2800 1579 2826; x_wconf 85' lang='lat' dir='ltr'>te,</span> <span class='ocrx_word' id='word_1_1242' title='bbox 1591 2794 1622 2821; x_wconf 69' lang='grc' dir='ltr'>δε</span> <span class='ocrx_word' id='word_1_1243' title='bbox 1630 2791 1665 2821; x_wconf 88' lang='lat' dir='ltr'>ad</span> <span class='ocrx_word' id='word_1_1244' title='bbox 1678 2789 1883 2821; x_wconf 88' lang='lat' dir='ltr'>Hortensium.</span> <span class='ocrx_word' id='word_1_1245' title='bbox 1893 2790 1996 2822; x_wconf 73' lang='lat' dir='ltr'>Immo</span> <span class='ocrx_word' id='word_1_1246' title='bbox 2005 2789 2089 2825; x_wconf 74' lang='lat' dir='ltr'>verb,</span> <span class='ocrx_word' id='word_1_1247' title='bbox 2098 2792 2234 2830; x_wconf 82' lang='lat' dir='ltr'>inquam,</span> 
     </span>
     <span class='ocr_line' id='line_1_136' title="bbox 1285 2829 2311 2874; baseline -0.005 -11"><span class='ocrx_word' id='word_1_1248' title='bbox 1285 2834 1320 2864; x_wconf 89' lang='lat' dir='ltr'>ad</span> <span class='ocrx_word' id='word_1_1249' title='bbox 1332 2832 1543 2863; x_wconf 79' lang='lat' dir='ltr'>Hortensium:</span> <span class='ocrx_word' id='word_1_1250' title='bbox 1564 2834 1600 2863; x_wconf 84' lang='lat' dir='ltr'>de</span> <span class='ocrx_word' id='word_1_1251' title='bbox 1611 2844 1660 2862; x_wconf 87' lang='lat' dir='ltr'>me</span> <span class='ocrx_word' id='word_1_1252' title='bbox 1668 2833 1717 2862; x_wconf 83' lang='lat' dir='ltr'>alii</span> <span class='ocrx_word' id='word_1_1253' title='bbox 1728 2833 1830 2863; x_wconf 87' lang='lat' dir='ltr'>dicent</span> <span class='ocrx_word' id='word_1_1254' title='bbox 1841 2854 1850 2866; x_wconf 93' lang='lat'>,</span> <span class='ocrx_word' id='word_1_1255' title='bbox 1862 2833 1882 2862; x_wconf 88' lang='lat' dir='ltr'>fi</span> <span class='ocrx_word' id='word_1_1256' title='bbox 1891 2835 1941 2874; x_wconf 86' lang='lat' dir='ltr'>qui</span> <span class='ocrx_word' id='word_1_1257' title='bbox 1954 2833 2067 2862; x_wconf 79' lang='lat' dir='ltr'>volent.</span> <span class='ocrx_word' id='word_1_1258' title='bbox 2099 2829 2234 2861; x_wconf 66' lang='lat' dir='ltr'>Minime</span> <span class='ocrx_word' id='word_1_1259' title='bbox 2298 2832 2311 2852; x_wconf 82' lang='lat'>‘-</span> 
     </span>
     <span class='ocr_line' id='line_1_137' title="bbox 1286 2872 2240 2916; baseline -0.004 -11"><span class='ocrx_word' id='word_1_1260' title='bbox 1286 2875 1358 2905; x_wconf 73' lang='lat' dir='ltr'>vero</span> <span class='ocrx_word' id='word_1_1261' title='bbox 1369 2896 1378 2909; x_wconf 90' lang='lat'>,</span> <span class='ocrx_word' id='word_1_1262' title='bbox 1399 2877 1498 2916; x_wconf 79' lang='lat' dir='ltr'>inquit</span> <span class='ocrx_word' id='word_1_1263' title='bbox 1507 2896 1515 2908; x_wconf 94' lang='lat'>‚</span> <span class='ocrx_word' id='word_1_1264' title='bbox 1534 2885 1603 2905; x_wconf 87' lang='lat' dir='ltr'>nam</span> <span class='ocrx_word' id='word_1_1265' title='bbox 1613 2873 1664 2904; x_wconf 84' lang='lat' dir='ltr'>etsi</span> <span class='ocrx_word' id='word_1_1266' title='bbox 1675 2884 1725 2903; x_wconf 89' lang='lat' dir='ltr'>me</span> <span class='ocrx_word' id='word_1_1267' title='bbox 1732 2874 1821 2904; x_wconf 76' lang='lat' dir='ltr'>facile</span> <span class='ocrx_word' id='word_1_1268' title='bbox 1832 2876 1918 2904; x_wconf 88' lang='lat' dir='ltr'>omni</span> <span class='ocrx_word' id='word_1_1269' title='bbox 1927 2883 1980 2904; x_wconf 90' lang='lat' dir='ltr'>tuo</span> <span class='ocrx_word' id='word_1_1270' title='bbox 1991 2874 2128 2904; x_wconf 81' lang='lat' dir='ltr'>sermone</span> <span class='ocrx_word' id='word_1_1271' title='bbox 2138 2872 2240 2903; x_wconf 87' lang='lat' dir='ltr'>tenui-</span> 
     </span>
     <span class='ocr_line' id='line_1_138' title="bbox 1288 2913 2239 2956; baseline -0.006 -8"><span class='ocrx_word' id='word_1_1272' title='bbox 1288 2917 1323 2948; x_wconf 85' lang='lat' dir='ltr'>sti</span> <span class='ocrx_word' id='word_1_1273' title='bbox 1335 2938 1342 2951; x_wconf 89' lang='lat'>,</span> <span class='ocrx_word' id='word_1_1274' title='bbox 1367 2926 1469 2948; x_wconf 77' lang='lat' dir='ltr'>tamen</span> <span class='ocrx_word' id='word_1_1275' title='bbox 1486 2919 1511 2946; x_wconf 91' lang='lat' dir='ltr'>is</span> <span class='ocrx_word' id='word_1_1276' title='bbox 1529 2918 1607 2946; x_wconf 78' lang='lat' dir='ltr'>mihi</span> <span class='ocrx_word' id='word_1_1277' title='bbox 1618 2918 1736 2956; x_wconf 78' lang='lat' dir='ltr'>longior</span> <span class='ocrx_word' id='word_1_1278' title='bbox 1746 2916 1861 2946; x_wconf 85' lang='lat' dir='ltr'>videtur</span> <span class='ocrx_word' id='word_1_1279' title='bbox 1872 2935 1881 2950; x_wconf 83' lang='lat'>,</span> <span class='ocrx_word' id='word_1_1280' title='bbox 1903 2916 1985 2956; x_wconf 85' lang='lat' dir='ltr'>quod</span> <span class='ocrx_word' id='word_1_1281' title='bbox 2002 2925 2129 2956; x_wconf 83' lang='lat' dir='ltr'>propero</span> <span class='ocrx_word' id='word_1_1282' title='bbox 2138 2913 2239 2944; x_wconf 80' lang='lat' dir='ltr'>audire</span> 
     </span>
     <span class='ocr_line' id='line_1_139' title="bbox 2156 2955 2242 2986; baseline -0.023 0"><span class='ocrx_word' id='word_1_1283' title='bbox 2156 2955 2192 2986; x_wconf 88' lang='lat' dir='ltr'>de</span> <span class='ocrx_word' id='word_1_1284' title='bbox 2203 2963 2242 2984; x_wconf 90' lang='lat' dir='ltr'>te.</span> 
     </span>
    </p>
   </div>
   <div class='ocr_carea' id='block_1_12' title="bbox 294 3009 2248 3090">
    <p class='ocr_par' dir='ltr' id='par_1_12' title="bbox 294 3009 2248 3090">
     <span class='ocr_line' id='line_1_140' title="bbox 294 3009 2248 3032; baseline -0.007 0"><span class='ocrx_word' id='word_1_1285' title='bbox 294 3009 2248 3032; x_wconf 50' lang='lat' dir='ltr'><em>W</em></span> 
     </span>
     <span class='ocr_line' id='line_1_141' title="bbox 331 3043 2243 3090; baseline -0.007 -7"><span class='ocrx_word' id='word_1_1286' title='bbox 331 3066 341 3083; x_wconf 86' lang='lat'>1</span> <span class='ocrx_word' id='word_1_1287' title='bbox 350 3077 355 3083; x_wconf 88' lang='lat'>.</span> <span class='ocrx_word' id='word_1_1288' title='bbox 374 3054 715 3090; x_wconf 61' lang='lat' dir='ltr'>Populifrequenrisfirffiagiis</span> <span class='ocrx_word' id='word_1_1289' title='bbox 725 3054 899 3088; x_wconf 60' lang='lat' dir='ltr'>abrogaverit]</span> <span class='ocrx_word' id='word_1_1290' title='bbox 921 3055 994 3081; x_wconf 82' lang='lat' dir='ltr'>Alias</span> <span class='ocrx_word' id='word_1_1291' title='bbox 1006 3054 1056 3089; x_wconf 79' lang='lat' dir='ltr'>legi</span> <span class='ocrx_word' id='word_1_1292' title='bbox 1066 3054 1229 3088; x_wconf 68' lang='lat' dir='ltr'>frequentibus</span> <span class='ocrx_word' id='word_1_1293' title='bbox 1240 3071 1248 3085; x_wconf 89' lang='lat'>‚</span> <span class='ocrx_word' id='word_1_1294' title='bbox 1290 3052 1342 3078; x_wconf 87' lang='lat' dir='ltr'>bris</span> <span class='ocrx_word' id='word_1_1295' title='bbox 1353 3052 1500 3088; x_wconf 79' lang='lat' dir='ltr'>pluteariis.</span> <span class='ocrx_word' id='word_1_1296' title='bbox 1523 3052 1605 3087; x_wconf 77' lang='lat' dir='ltr'>Supra</span> <span class='ocrx_word' id='word_1_1297' title='bbox 1616 3050 1659 3076; x_wconf 79' lang='lat' dir='ltr'>ubi</span> <span class='ocrx_word' id='word_1_1298' title='bbox 1671 3049 1705 3080; x_wconf 79' lang='lat' dir='ltr'>cst</span> <span class='ocrx_word' id='word_1_1299' title='bbox 1718 3069 1726 3082; x_wconf 92' lang='lat'>,</span> <span class='ocrx_word' id='word_1_1300' title='bbox 1744 3051 1838 3083; x_wconf 63' lang='lat' dir='ltr'>vigebat</span> <span class='ocrx_word' id='word_1_1301' title='bbox 1848 3058 1898 3074; x_wconf 76' lang='lat' dir='ltr'>cum</span> <span class='ocrx_word' id='word_1_1302' title='bbox 1906 3050 2006 3074; x_wconf 77' lang='lat' dir='ltr'>Antonio</span> <span class='ocrx_word' id='word_1_1303' title='bbox 2017 3065 2026 3079; x_wconf 84' lang='lat'>‚</span> <span class='ocrx_word' id='word_1_1304' title='bbox 2044 3046 2102 3074; x_wconf 77' lang='lat' dir='ltr'>Pal.</span> <span class='ocrx_word' id='word_1_1305' title='bbox 2112 3046 2139 3072; x_wconf 72' lang='grc' dir='ltr'>ὃ(</span> <span class='ocrx_word' id='word_1_1306' title='bbox 2151 3043 2243 3079; x_wconf 74' lang='lat' dir='ltr'>Cujac.</span> 
     </span>
    </p>
   </div>
   <div class='ocr_carea' id='block_1_13' title="bbox 292 3090 1076 3128">
    <p class='ocr_par' dir='ltr' id='par_1_13' title="bbox 292 3090 1076 3128">
     <span class='ocr_line' id='line_1_142' title="bbox 292 3090 1076 3128; baseline -0.004 -9"><span class='ocrx_word' id='word_1_1307' title='bbox 292 3101 402 3120; x_wconf 70' lang='lat' dir='ltr'>annotat</span> <span class='ocrx_word' id='word_1_1308' title='bbox 414 3093 491 3128; x_wconf 69' lang='lat' dir='ltr'>Pigli.</span> <span class='ocrx_word' id='word_1_1309' title='bbox 502 3093 526 3118; x_wconf 89' lang='lat' dir='ltr'>in</span> <span class='ocrx_word' id='word_1_1310' title='bbox 542 3092 619 3118; x_wconf 76' lang='lat' dir='ltr'>Fastis</span> <span class='ocrx_word' id='word_1_1311' title='bbox 631 3091 680 3117; x_wconf 81' lang='lat' dir='ltr'>suis</span> <span class='ocrx_word' id='word_1_1312' title='bbox 690 3090 721 3117; x_wconf 79' lang='lat' dir='ltr'>ad</span> <span class='ocrx_word' id='word_1_1313' title='bbox 732 3101 828 3117; x_wconf 80' lang='lat' dir='ltr'>annum</span> <span class='ocrx_word' id='word_1_1314' title='bbox 841 3091 910 3116; x_wconf 83' lang='lat' dir='ltr'>urbis</span> <span class='ocrx_word' id='word_1_1315' title='bbox 923 3100 1076 3117; x_wconf 76' lang='lat' dir='ltr'>Dcxxxux.</span> 
     </span>
    </p>
   </div>
   <div class='ocr_carea' id='block_1_14' title="bbox 330 3125 1250 3162">
    <p class='ocr_par' dir='ltr' id='par_1_14' title="bbox 330 3125 1250 3162">
     <span class='ocr_line' id='line_1_143' title="bbox 330 3125 1250 3162; baseline -0.003 -8"><span class='ocrx_word' id='word_1_1316' title='bbox 330 3138 359 3154; x_wconf 82' lang='lat'>2.</span> <span class='ocrx_word' id='word_1_1317' title='bbox 378 3129 488 3161; x_wconf 70' lang='lat' dir='ltr'>Irtstudio</span> <span class='ocrx_word' id='word_1_1318' title='bbox 497 3129 592 3161; x_wconf 74' lang='lat' dir='ltr'>&lt;jusdem</span> <span class='ocrx_word' id='word_1_1319' title='bbox 602 3128 680 3152; x_wconf 78' lang='lat' dir='ltr'>laudis</span> <span class='ocrx_word' id='word_1_1320' title='bbox 694 3127 821 3160; x_wconf 64' lang='lat' dir='ltr'>exercuit]</span> <span class='ocrx_word' id='word_1_1321' title='bbox 843 3126 991 3162; x_wconf 81' lang='lat' dir='ltr'>Suspicatur</span> <span class='ocrx_word' id='word_1_1322' title='bbox 1003 3127 1098 3152; x_wconf 56' lang='lat' dir='ltr'>Rufius</span> <span class='ocrx_word' id='word_1_1323' title='bbox 1110 3125 1250 3159; x_wconf 59' lang='lat' dir='ltr'>legendum</span> 
     </span>
    </p>
   </div>
   <div class='ocr_carea' id='block_1_15' title="bbox 1291 3086 2249 3166">
    <p class='ocr_par' dir='ltr' id='par_1_15' title="bbox 1291 3086 2249 3166">
     <span class='ocr_line' id='line_1_144' title="bbox 1291 3086 1550 3116; baseline -0.008 -1"><span class='ocrx_word' id='word_1_1324' title='bbox 1291 3098 1343 3115; x_wconf 84' lang='lat' dir='ltr'>nou</span> <span class='ocrx_word' id='word_1_1325' title='bbox 1355 3086 1480 3114; x_wconf 81' lang='lat' dir='ltr'>admisere</span> <span class='ocrx_word' id='word_1_1326' title='bbox 1491 3097 1550 3116; x_wconf 80' lang='lat' dir='ltr'>cunr.</span> 
     </span>
     <span class='ocr_line' id='line_1_145' title="bbox 1327 3115 2249 3166; baseline -0.005 -17"><span class='ocrx_word' id='word_1_1327' title='bbox 1327 3133 1354 3155; x_wconf 69' lang='lat'>²-</span> <span class='ocrx_word' id='word_1_1328' title='bbox 1373 3125 1402 3150; x_wconf 73' lang='lat' dir='ltr'>‘Te</span> <span class='ocrx_word' id='word_1_1329' title='bbox 1412 3126 1477 3149; x_wconf 75' lang='lat' dir='ltr'>malle</span> <span class='ocrx_word' id='word_1_1330' title='bbox 1486 3125 1512 3149; x_wconf 86' lang='lat' dir='ltr'>id</span> <span class='ocrx_word' id='word_1_1331' title='bbox 1526 3124 1601 3166; x_wconf 57' lang='lat' dir='ltr'>lpfimr</span> <span class='ocrx_word' id='word_1_1332' title='bbox 1609 3121 1713 3157; x_wconf 59' lang='lat' dir='ltr'>tacerem]</span> <span class='ocrx_word' id='word_1_1333' title='bbox 1732 3121 1817 3150; x_wconf 80' lang='lat' dir='ltr'>Iidem</span> <span class='ocrx_word' id='word_1_1334' title='bbox 1827 3120 1888 3150; x_wconf 73' lang='lat' dir='ltr'>libri</span> <span class='ocrx_word' id='word_1_1335' title='bbox 1899 3118 2047 3148; x_wconf 84' lang='lat' dir='ltr'>excludunt</span> <span class='ocrx_word' id='word_1_1336' title='bbox 2055 3126 2201 3157; x_wconf 82' lang='lat' dir='ltr'>pronomen</span> <span class='ocrx_word' id='word_1_1337' title='bbox 2210 3115 2249 3144; x_wconf 67' lang='lat' dir='ltr'>id.</span> 
     </span>
    </p>
   </div>
   <div class='ocr_carea' id='block_1_16' title="bbox 287 3156 1556 3201">
    <p class='ocr_par' dir='ltr' id='par_1_16' title="bbox 287 3156 1556 3201">
     <span class='ocr_line' id='line_1_146' title="bbox 287 3156 1556 3201; baseline -0.004 -9"><span class='ocrx_word' id='word_1_1338' title='bbox 287 3165 365 3200; x_wconf 70' lang='lat' dir='ltr'>stadio</span> <span class='ocrx_word' id='word_1_1339' title='bbox 375 3184 384 3198; x_wconf 92' lang='lat'><em>,</em></span> <span class='ocrx_word' id='word_1_1340' title='bbox 403 3164 473 3201; x_wconf 82' lang='lat' dir='ltr'>quod</span> <span class='ocrx_word' id='word_1_1341' title='bbox 482 3164 570 3192; x_wconf 76' lang='lat' dir='ltr'>statim</span> <span class='ocrx_word' id='word_1_1342' title='bbox 579 3164 693 3200; x_wconf 80' lang='lat' dir='ltr'>arripuit</span> <span class='ocrx_word' id='word_1_1343' title='bbox 702 3162 846 3191; x_wconf 81' lang='lat' dir='ltr'>Lambinus</span> <span class='ocrx_word' id='word_1_1344' title='bbox 858 3172 866 3195; x_wconf 75' lang='lat'>5</span> <span class='ocrx_word' id='word_1_1345' title='bbox 887 3162 929 3190; x_wconf 75' lang='lat' dir='ltr'>sed</span> <span class='ocrx_word' id='word_1_1346' title='bbox 940 3172 992 3191; x_wconf 79' lang='lat' dir='ltr'>non</span> <span class='ocrx_word' id='word_1_1347' title='bbox 1002 3156 1207 3190; x_wconf 66' lang='lat' dir='ltr'>adsentientibus</span> <span class='ocrx_word' id='word_1_1348' title='bbox 1218 3161 1252 3189; x_wconf 84' lang='lat' dir='ltr'>li·</span> <span class='ocrx_word' id='word_1_1349' title='bbox 1291 3157 1387 3189; x_wconf 68' lang='lat' dir='ltr'>Forsan</span> <span class='ocrx_word' id='word_1_1350' title='bbox 1399 3170 1450 3188; x_wconf 84' lang='lat' dir='ltr'>nou</span> <span class='ocrx_word' id='word_1_1351' title='bbox 1462 3159 1540 3188; x_wconf 70' lang='lat' dir='ltr'>male.</span> <span class='ocrx_word' id='word_1_1352' title='bbox 1554 3181 1556 3183; x_wconf 50' lang='lat'>&gt;</span> 
     </span>
    </p>
   </div>
   <div class='ocr_carea' id='block_1_17' title="bbox 2123 3187 2254 3219">
    <p class='ocr_par' dir='ltr' id='par_1_17' title="bbox 2123 3187 2254 3219">
     <span class='ocr_line' id='line_1_147' title="bbox 2123 3187 2254 3219; baseline -0.015 -3"><span class='ocrx_word' id='word_1_1353' title='bbox 2123 3187 2254 3219; x_wconf 70' lang='lat' dir='ltr'>1.·,Adme&#39;-</span> 
     </span>
    </p>
   </div>
  </div>
 </body>
</html>
