2302 3353
550 122 632 170 An
667 123 1092 181 HERENNIUM,
1130 128 1324 174 LinER
1359 129 1704 193 QVARTuss

146 207 215 241 litio
225 207 286 243 est,
306 206 420 239 cumin
436 203 545 236 eodem
565 205 634 235 loco
655 213 812 234 manemus
823 224 831 238 ,
854 203 998 238 &aliud,
1020 213 1106 246 arque

147 251 228 283 aliud
238 251 334 281 dicere
344 249 490 279 videmur.
513 250 555 277 Ea
564 246 722 287 dupliciter
733 245 776 279 fit,
792 244 812 275 fi
821 254 872 275 aut
881 245 1008 275 eandem
1018 248 1106 285 plane

147 304 213 324 rem
223 292 368 323 dicemus,
379 298 427 320 aut
435 289 472 319 de
484 288 587 318 eadem
597 298 637 318 re.
660 288 796 318 Eandem
807 297 871 317 rem
882 287 1029 321 dicemus,
1041 298 1104 317 non

146 334 256 366 eodem
275 331 370 362 modo
389 330 399 369 (
410 341 479 361 nam
490 330 521 360 id
532 329 657 371 quidem
670 329 835 359 obtundere
853 329 1020 359 auditorem
1040 329 1083 359 est
1094 350 1102 363 ,

144 383 210 407 non
219 383 283 404 rem
295 373 428 413 expolire
441 372 451 413 )
471 376 481 391 ¹
494 373 542 402 sed
554 370 750 402 commutate.
775 370 1040 401 Commutabimus
1052 373 1104 400 tri—

143 417 277 458 pliciter,
289 415 398 448 verbis,
411 414 646 455 pronuntiando,
660 412 822 443 tractando.
846 412 952 442 Verbis
962 422 1103 442 commu-

143 459 284 491 tabimuS,
297 456 379 490 cum,
391 466 420 486 re
431 456 524 486 semel
534 455 613 486 dieta
625 476 633 490 ,
645 457 754 486 iterum
765 476 772 489 ,
784 464 834 485 aut
843 455 946 494 saepius
958 454 1026 483 aliis
1034 464 1102 484 ver-

141 501 189 531 bis
199 520 207 534 ,
219 509 284 540 quae
296 498 378 528 idern
388 498 506 528 valeant
516 518 525 531 ‚
545 497 649 528 eadem
661 507 706 527 res
715 496 882 538 proferetur
892 516 899 529 ‚
920 497 978 526 hoc
988 496 1083 526 modo
1096 507 1101 525 2

142 544 300 573 NULLUM
312 550 456 570 TANTUM
469 539 512 570 est
520 540 687 580 periculum
700 559 707 572 ,
730 539 811 579 quod
823 539 936 578 sapiens
946 547 1000 578 pro
1012 538 1103 568 salute

140 584 241 624 patriae
251 582 406 612 vitandum
416 581 582 612 arbitretur.
605 584 620 601 ²
631 580 710 611 Cum
721 589 822 621 agetur
832 580 1025 610 incolumitas
1035 589 1102 619 per-

140 633 229 666 petua
238 626 366 654 civitatis
377 635 385 657 3
398 625 450 664 qui
462 623 550 654 bonis
560 624 615 654 erit
624 624 787 654 rationibus
798 622 948 665 praeditus,
963 619 1101 660 profer-“to

140 667 262 697 nullum
281 668 348 696 vitae
369 665 531 696 discrimen
549 663 602 695 sibi
620 674 675 705 pro
693 664 823 694 fortunis
835 665 906 702 reip.
919 662 1101 703 tugiendum

140 708 271 749 putabit:
293 708 326 738 &
338 709 392 738 erit
402 709 435 737 in
446 717 477 737 ea
488 708 631 738 sententia
642 706 758 745 semper
767 725 775 739 ,
797 708 809 732 3
822 713 855 734 ut
863 714 916 744 pro
929 706 1020 744 patria
1041 703 1102 734 stu-

139 751 224 781 diose
245 751 383 791 quamvis
400 750 433 779 in
451 758 591 791 magnam
611 746 766 777 descendat
775 748 843 776 vitae
854 746 1097 776 dimicationem.

139 791 365 824 Pronuntiando
375 790 632 821 commutabimus
643 809 652 823 ,
665 787 761 819 situm
772 790 805 818 in
815 789 954 818 sermone
967 807 975 820 ,
989 796 1054 817 turn
1066 797 1099 817 in

138 835 305 865 acrimonia
314 853 323 867 ,
343 841 408 863 tum
419 834 451 862 in
462 833 520 862 alio
531 852 540 865 ,
553 840 640 872 atque
650 831 709 861 alio
720 840 828 872 genere
837 831 921 860 vocis
932 850 940 863 ,
954 838 1040 870 atque
1050 839 1101 870 ge-

140 875 201 907 stus
211 896 219 910 ,
240 875 344 906 eadem
354 873 450 904 verbis
462 872 681 904 commutando
693 892 701 906 ‚
723 873 969 913 pronuntiatione
979 881 1100 912 quoque

137 919 348 948 vehementius
367 915 607 946 immutabimus.
649 917 718 945 Hoc
736 924 833 955 neque
853 911 1098 944 commodiffime

138 959 226 990 scribi
243 957 340 999 potest
349 978 357 991 ,
377 967 473 998 neque
492 967 597 997 parurn
615 956 658 986 est
677 966 820 997 apertum.
843 965 932 996 quare
951 965 1015 985 non
1034 963 1100 996 eget

139 1001 281 1040 exempli.
300 1001 440 1030 Tertium
452 1009 545 1039 genus
557 998 599 1028 est
607 999 868 1031 commutationis,
881 996 962 1038 quod
972 995 1099 1026 transsan-

138 1042 178 1074 do
197 1040 375 1075 conficitur,
398 1039 419 1070 fi
429 1041 606 1071 sententiam
620 1041 802 1080 trajiciemus
812 1040 906 1070 autad
917 1039 1099 1069 sermocina—

76 1094 120 1127 43
138 1086 275 1118 tionem,
295 1082 386 1114 autad
396 1083 669 1113 exsuscitationem.
693 1082 912 1113 Sermocinatio
932 1079 975 1110 est
993 1079 1029 1110 de
1041 1090 1098 1121 qua

136 1126 253 1167 planius
271 1125 372 1165 paullo
390 1123 458 1164 post
473 1125 526 1155 suo
537 1125 606 1155 loco
625 1124 771 1154 dicemus.
803 1126 896 1154 Nunc
916 1122 1044 1152 breviter
1062 1121 1098 1152 ad

135 1169 214 1199 hanc
223 1177 288 1197 rem
300 1187 308 1201 ,
329 1166 409 1208 quod
422 1167 485 1197 satis
497 1165 529 1196 sit
539 1187 547 1201 ‚
569 1168 749 1208 attingemus
761 1177 767 1195 2
788 1167 820 1195 in
835 1175 893 1206 qua
901 1163 1100 1194 constituetur

136 1209 261 1249 alicujus
281 1210 415 1249 personae
436 1210 529 1239 oratio
539 1208 765 1239 accommodata
776 1207 810 1238 ad
822 1208 998 1249 dignitatem
1012 1226 1021 1239 ,
1040 1207 1100 1235 hoc

136 1251 243 1285 modo,
255 1259 297 1284 ut,
310 1260 371 1291 quo
379 1250 498 1280 facilius
509 1261 553 1280 res
565 1251 705 1292 cognosci
714 1247 811 1290 poffit,
823 1260 861 1279 ne
870 1249 907 1278 ab
916 1247 1022 1278 eadem
1033 1247 1100 1277 sen-

138 1295 232 1324 tentia
240 1294 412 1323 recedamus
425 1302 430 1321 :
452 1296 470 1319 4
478 1295 619 1323 snmus
628 1312 636 1326 ,
655 1294 707 1332 qui
718 1294 823 1322 omnia
832 1290 945 1330 reipub.
957 1290 1041 1320 causa
1052 1290 1100 1319 su-

138 1334 288 1375 scipienda
308 1333 440 1374 pericula
459 1334 575 1373 putabit
592 1354 600 1368 ‚
629 1334 704 1374 saepe
732 1333 794 1373 ipse
820 1333 921 1363 secum
949 1332 1096 1372 loquitur:

137 1379 214 1407 Non
223 1376 301 1406 mihi
312 1376 386 1409 soli,
399 1374 448 1406 sed
459 1378 549 1406 etiam
557 1395 566 1409 ,
584 1384 669 1416 atque
679 1373 754 1405 adeo
765 1375 863 1405 multo
873 1375 974 1415 potius
985 1393 994 1406 ,
1015 1381 1099 1402 natus

135 1419 203 1449 sum
214 1419 313 1458 patriae
325 1428 330 1446 :
349 1419 410 1447 vita
421 1436 429 1450 ,
449 1427 515 1458 quae
533 1417 594 1448 fato
614 1417 739 1447 debetur
747 1437 755 1451 ,
779 1417 864 1447 saluti
874 1417 973 1456 patriae
983 1412 1098 1455 potiffi-

136 1470 224 1490 mum
234 1459 373 1490 solvatur.
392 1458 477 1489 Aluit
487 1460 550 1490 haec
560 1469 611 1489 me
622 1469 627 1488 ι
640 1459 713 1493 tute,
725 1468 810 1500 atque
820 1456 944 1488 honeste
955 1456 1099 1497 produxit

136 1502 228 1543 usque
238 1500 273 1531 ad
284 1502 360 1531 lianc
369 1508 486 1531 aetatem
500 1511 505 1530 5
516 1503 631 1531 muniit
640 1511 721 1531 meas
731 1503 862 1531 rationes
873 1499 961 1529 bonis
971 1498 1095 1540 legibus,

136 1544 260 1584 optimis
272 1542 408 1573 moribus
417 1563 425 1576 ,
437 1541 651 1573 honestiffimis
662 1543 839 1582 disciplinis.
859 1540 941 1582 Qud
952 1540 1005 1574 est,
1017 1540 1097 1581 quod

135 1584 153 1616 ὲ
163 1595 213 1615 me
223 1585 288 1615 fatis
297 1587 325 1615 ei
334 1585 463 1625 persolvi
473 1583 560 1625 poflit
571 1605 579 1619 ,
600 1584 680 1615 unde
698 1586 762 1615 haec
780 1592 896 1624 accepta
914 1584 981 1614 sunt
993 1586 1003 1612 ?
1021 1583 1099 1622 Qia

135 1628 200 1658 haec
209 1627 341 1668 loquitur
349 1627 450 1657 secum
461 1627 575 1667 sapiens
585 1647 593 1661 ,
607 1627 680 1667 saepe
691 1636 746 1668 ego
756 1628 789 1656 in
799 1625 940 1667 periculis
950 1625 1095 1664 reipubli-

135 1679 178 1700 cae
195 1669 315 1699 nullum
333 1669 393 1709 ipse
411 1669 578 1709 periculum
588 1668 662 1710 fugi.
686 1671 762 1699 Item
775 1677 906 1699 mutatur
916 1677 961 1697 res
972 1665 1098 1696 dadan-

136 1710 177 1741 do
187 1730 196 1744 ,
209 1709 230 1740 fi
239 1710 400 1741 traducitur
408 1710 443 1741 ad
454 1711 717 1742 exsuscitationem
728 1731 736 1745 ‚
752 1709 825 1740 cum
838 1710 871 1740 <Sc
881 1719 937 1739 nos
947 1710 1097 1739 commoti

135 1752 234 1783 dicere
243 1752 409 1787 videamur,
425 1753 459 1784 &
468 1753 611 1783 auditoris
622 1755 762 1784 animum
773 1761 1008 1782 commovemus
1019 1771 1027 1784 ,
1040 1749 1092 1779 sic:

136 1797 221 1836 Q1s
241 1804 298 1825 Esr
316 1803 391 1825 TAM
413 1795 495 1824 tenui
506 1796 686 1836 cogitatione
696 1795 836 1835 praeditus
847 1814 855 1828 ‚
876 1794 961 1834 cujus
979 1795 1097 1823 animus

134 1837 223 1867 tantis
233 1846 269 1866 an
291 1835 374 1867 ustiis
385 1836 507 1867 invidiae
517 1839 699 1869 continetur,
707 1838 759 1878 qui
770 1846 835 1866 non
844 1837 924 1866 hunc
934 1836 1095 1865 hominem

135 1876 258 1908 studiofi
294 1878 343 1908 me
354 1879 453 1909 laudet
462 1899 471 1912 ,
485 1878 518 1908 ὅτ.
527 1878 774 1919 sapientissimum
781 1877 896 1918 judicet
905 1898 913 1912 ,
926 1879 975 1918 qui
988 1886 1041 1917 pro
1052 1876 1095 1906 sa·-

134 1920 195 1950 lute
205 1921 304 1959 patriae
315 1939 322 1953 ,
342 1930 396 1960 pro
407 1920 616 1951 incolumitate
627 1922 755 1951 civitatis
767 1940 775 1954 ,
795 1930 849 1960 pro
859 1922 934 1960 reip.
946 1918 1092 1952 fortunis,

135 1962 274 2002 quamvis
294 1971 438 2002 magnum
449 1981 457 1994 ‚
477 1969 562 2002 atque
573 1970 657 1992 atrox
669 1963 839 2002 periculum
857 1960 988 1991 studiose
1007 1960 1096 1990 susci-

136 2004 199 2043 piat
207 2022 216 2036 ,
238 2001 410 2034 &libenter
419 2002 519 2032 subeat
531 2006 542 2031 ?
565 2004 715 2044 Equidem
726 2004 807 2033 hunc
820 2004 982 2032 hominem
1002 2002 1096 2040 magis

138 2045 228 2084 cupio
240 2044 305 2073 satis
317 2043 432 2073 laudare
441 2063 449 2077 ,
465 2043 554 2084 quam
566 2044 685 2084 poffum
698 2055 703 2073 ;
724 2044 864 2085 idemque
875 2044 934 2073 hoc
944 2041 1024 2074 certo
1034 2043 1095 2072 scio

136 2085 226 2116 vobis
243 2085 388 2115 omnibus
406 2085 461 2114 usu
479 2088 590 2115 venire.
614 2087 728 2116 Eadem
738 2096 783 2115 res
794 2088 883 2126 igitur
893 2086 939 2115 his
951 2085 1045 2115 tribus
1063 2093 1096 2114 in

137 2126 268 2157 dicendo
277 2126 625 2157 commutabitur-modis
636 2147 644 2161 ,
655 2128 754 2157 verbis
764 2147 772 2160 ‚
784 2126 1009 2167 pronuntiando
1019 2146 1027 2159 ,
1041 2134 1098 2155 tra-

138 2167 248 2198 &ando
261 2178 266 2197 :
285 2168 334 2199 sed
345 2167 497 2199 tra&ando
510 2168 668 2209 dupliciter
679 2189 687 2203 ,
708 2169 959 2199 sermocinatione
970 2188 978 2201 ,
1001 2168 1033 2197 &
1043 2176 1098 2197 ex-

137 2210 336 2242 suscitatione.
361 2210 416 2240 Sed
427 2209 462 2240 de
473 2210 577 2240 eadem
588 2221 619 2241 re
628 2209 699 2241 cum
712 2211 847 2241 dicemus
859 2230 866 2243 ,
887 2210 1022 2249 pluribus
1033 2217 1097 2238 ute-

138 2262 208 2282 mur
215 2252 515 2282 commutationibus.
529 2254 611 2283 Nam
622 2252 694 2283 curn
706 2262 771 2283 rem
781 2251 954 2292 simpliciter
962 2261 1097 2291 pronun-

137 2296 309 2325 tiaverimus
322 2314 330 2327 ,
348 2295 494 2324 rationem
505 2296 671 2334 poterimus
682 2295 824 2335 subjicere
836 2305 842 2323 ;
863 2294 984 2324 Deinde
995 2293 1095 2332 dupli-

136 2345 204 2366 cem
214 2356 223 2370 ,
244 2336 293 2366 vel
311 2334 371 2366 fine
382 2336 547 2366 rationibus
565 2337 613 2366 vel
631 2346 702 2367 curn
721 2336 887 2367 rationibus
906 2338 1098 2376 pronuntiare

138 2378 312 2408 sententiam
325 2388 331 2406 2
355 2378 475 2408 Deinde
487 2377 589 2408 afferre
601 2380 783 2409 contrarium
797 2389 803 2408 z
822 2377 858 2408 de
868 2378 975 2419 quibus
994 2378 1098 2407 omni-

137 2417 192 2449 bus
202 2419 336 2450 diximus
348 2421 381 2449 in
391 2419 552 2450 verborum
563 2420 812 2451 exornationibus
824 2430 830 2449 :
850 2420 971 2451 Deinde
981 2418 1076 2449 simile
1088 2439 1095 2452 ,

74 2473 126 2509 44
141 2461 174 2492 δε
184 2461 411 2502 exemplum,de
420 2471 481 2502 quo
490 2462 544 2492 suo
556 2462 624 2492 loco
633 2463 717 2503 plura
726 2462 863 2493 dicemus
875 2472 880 2491 :
893 2461 1012 2492 Deinde
1021 2471 1098 2491 con-

136 2501 301 2534 clufionem
312 2524 320 2538 ,
333 2503 370 2533 de
379 2514 436 2544 qua
446 2504 478 2533 in
488 2503 619 2534 secundo
629 2505 723 2538 libro,
742 2515 807 2545 quae
822 2514 896 2544 opus
906 2503 1038 2537 fuerunt,
1051 2503 1097 2533 di—

136 2546 244 2576 ximus
254 2566 262 2579 ,
276 2544 522 2579 demonstrantes,
534 2548 825 2586 argumentationem
835 2545 1095 2587 quemadmodum

134 2587 314 2618 concludere
328 2595 471 2627 oporteat.
493 2589 530 2617 In
548 2588 607 2618 hoc
626 2588 706 2618 libro
725 2588 884 2618 docuimus
896 2608 904 2622 ,
925 2587 1096 2627 cujusmodi

134 2627 207 2659 ess'et
216 2631 371 2659 exornatio
382 2629 465 2659 verbi
476 2648 485 2663 2
497 2630 545 2660 cui
556 2629 741 2660 conclusioni
752 2640 869 2661 nomen
878 2628 928 2660 est.
951 2632 1029 2670 Ergo
1039 2629 1095 2659 hu-

129 2670 266 2711 jusmodi
275 2671 470 2701 vehementer
479 2679 580 2701 ornata
589 2674 697 2711 poterit
708 2670 765 2702 effe
776 2672 933 2712 expolitio,
942 2681 1006 2712 quae
1019 2680 1094 2701 con-

134 2711 221 2743 stabit
231 2722 268 2743 ex
276 2711 482 2753 frequentibus
491 2713 654 2744 verborum
670 2713 920 2744 exornationibus
932 2714 964 2743 &
975 2713 1092 2743 senten-

134 2754 251 2784 tiamm.
276 2756 345 2784 Hoc
365 2754 459 2784 modo
478 2756 568 2795 igitur
577 2755 691 2795 septem
701 2756 832 2795 partibus
843 2754 1021 2785 nafiiabitur.
1045 2755 1093 2785 fied

133 2795 171 2827 ab
180 2795 314 2837 ejusdem
324 2797 476 2828 sententiae
485 2806 550 2828 non
559 2797 730 2828 recedamus
741 2797 932 2838 exemplo,ut
943 2797 1014 2827 scire
1023 2797 1093 2837 pos—

173 2944 183 2963 1
191 2957 197 2964 .
215 2938 259 2963 Sed
266 2939 426 2973 commutata]
445 2939 487 2965 Ita
497 2947 601 2974 quoque
611 2946 706 2975 praeter
716 2938 902 2966 Lambinianos
913 2939 999 2965 noster
1010 2948 1090 2974 quar-

132 2977 187 3000 tus.
206 2973 235 3000 &
245 2973 278 3000 fic
287 2975 395 3001 omnino
407 2974 548 3011 legendum
561 2995 569 3009 ‚
580 2985 632 3003 non
642 2984 782 3002 commutare
792 2995 800 3009 ,
821 2976 903 3003 cuivis
913 2982 986 3012 patet
996 2984 1029 3002 ex
1040 2985 1091 3002 no-

134 3008 186 3036 stra
197 3008 376 3037 distinetione.

170 3052 199 3070 2.
216 3047 275 3071 Cum
284 3052 364 3078 agetur
373 3047 545 3082 incolumitas]
565 3048 607 3074 Ita
616 3057 722 3084 quoque
731 3047 818 3075 noster
828 3053 937 3084 quartus
950 3066 958 3080 ‚
977 3056 1030 3074 non
1046 3056 1093 3074 au-

129 3085 201 3112 getur
211 3098 220 3112 ‚
239 3080 309 3115 quod
319 3082 344 3108 iu
359 3082 470 3117 vulgatis
480 3083 669 3118 posterioribus
680 3104 687 3116 ‚
708 3085 736 3110 &
745 3083 876 3121 plerisque
887 3082 945 3110 mis.

147 3149 152 3154 ι
174 3122 200 3149 3.
218 3118 264 3140 'Pro
270 3119 455 3151 patriastudiose
466 3137 473 3150 ‚
483 3121 593 3153 quamvis
604 3139 613 3152 ‚
631 3115 698 3154 dja]
720 3119 799 3146 Haud
809 3120 887 3146 aliter
897 3127 988 3147 ornnes
998 3119 1090 3146 nosti-i.

132 3147 154 3178 ἱι
166 3156 251 3180 tamen
262 3161 326 3187 quos
337 3153 451 3183 contulit
459 3154 591 3183 stiffi-'idus
601 3156 700 3190 noster,
709 3155 811 3185 addunt
821 3164 912 3184 vocem
926 3156 1037 3190 ,studiffe
1050 3158 1089 3181 la·
1134 3157 1221 3182 culina.
1247 3154 1356 3190 quintus
1368 3166 1374 3182 z
1383 3164 1426 3189 pro
1437 3165 1486 3189 rep.
1496 3157 1572 3184 deb-erc
1582 3158 1736 3191 vequlhifcre
1745 3158 1786 3182 vsi
1793 3157 1858 3182 adire
1864 3163 1900 3187 pm
1908 3157 2004 3181 italum-

2043 145 2103 192 31.

1151 208 1185 238 sis
1197 230 1206 242 ‚
1226 209 1316 250 quam
1334 209 1422 241 facile
1439 211 1634 251 praeceptione
1653 209 1799 242 rhetorica
1809 219 1853 241 res
1865 210 1991 251 simplex
2002 212 2106 242 multi-

1149 251 1220 288 plici
1231 254 1346 282 ratione
1357 252 1503 283 t1·a5tetur.
1527 256 1668 283 SApmNs
1686 253 1806 282 nullum
1816 263 1870 292 pro
1879 253 1979 292 repub.
1990 256 2107 293 pericu-

1151 292 1215 320 lum
1226 293 1330 323 vitabit
1342 306 1349 327 3
1366 293 1435 324 ideo
1446 293 1527 335 quod
1540 295 1613 334 saepe
1624 293 1657 323 fit
1669 314 1677 327 ‚
1690 303 1723 324 ut
1732 314 1739 328 ,
1751 293 1823 324 cum
1834 305 1888 334 pro
1899 295 1998 334 repub.
2009 298 2104 334 perire

1150 333 1290 367 noluerit,
1303 334 1464 366 necessario
1475 346 1545 366 cum
1555 336 1703 376 republica
1712 345 1820 376 pereat.
1836 339 1873 367 Et
1881 338 2026 377 quoniam
2037 337 2104 366 sunt

1150 375 1255 403 omnia
1272 377 1435 407 commoda
1454 377 1469 407 :i
1483 380 1572 417 patria
1582 386 1697 418 accepta
1707 398 1716 411 ,
1736 378 1856 408 nullum
1866 378 2102 408 incommodum

1149 424 1202 453 pro
1212 418 1302 454 patria
1310 427 1395 456 grave
1406 419 1571 457 putandum
1581 419 1632 449 est.
1655 430 1725 460 ergo
1735 421 1786 460 qui
1797 418 1917 460 fugiunt
1937 419 1968 449 id
1989 422 2104 459 pericu-

1149 456 1213 485 lum
1226 476 1233 489 ,
1247 457 1327 502 quod
1339 467 1392 497 pro
1402 460 1502 497 repub.
1517 461 1706 491 subeundum
1717 461 1758 491 est
1767 482 1776 495 ,
1789 460 1875 491 stulte
1885 460 2007 491 faciunt.
2023 464 2105 491 Nam

1150 508 1245 538 neque
1257 498 1385 540 eflugere-
1396 502 1592 531 incommoda
1601 501 1720 541 possunt
1729 523 1737 537 ,
1751 503 1783 532 &
1793 504 1899 544 ingrati
1910 505 1942 532 in
1952 504 2107 533 civitatem

1149 541 1345 579 reperiuntur.
1368 543 1408 570 At
1418 560 1425 573 ,
1438 543 1489 580 qui
1499 545 1595 580 patrie<
1608 545 1736 582 pericula
1746 545 1798 574 suo
1807 545 1941 584 periculo
1951 554 2106 584 expetunt,

1149 582 1181 610 hi
1192 582 1335 621 sapientes
1346 583 1468 621 putandi
1482 583 1547 612 sunt
1558 603 1565 615 ,
1578 585 1649 613 cum
1661 586 1691 614 S:
1704 597 1773 615 eum
1786 607 1793 620 ,
1807 596 1897 627 quem
1908 586 2034 619 debent,
2048 587 2105 616 ho-

1148 632 1255 652 norem
1267 624 1384 663 reipub.
1396 623 1534 656 reddunt,
1548 625 1579 653 δε
1591 635 1643 664 pro
1654 628 1757 656 multis
1769 631 1863 667 perire
1874 629 1999 662 malunt,
2013 627 2104 668 quum

1147 674 1218 694 cum
1229 665 1342 695 multis.
1366 667 1487 695 Etenim
1497 667 1691 696 vehementer
1700 668 1741 697 est
1752 671 2104 710 iniquum,vitarn,quam

1145 705 1160 735 a
1171 716 1273 737 natura
1282 716 1429 746 acceptam
1444 716 1562 747 propter
1582 710 1702 746 patriam
1722 712 1939 741 conservaveris
1951 731 1959 745 ,
1983 721 2104 744 naturae,

1145 746 1216 777 cum
1227 757 1321 789 cogat,
1333 749 1453 779 reddere
1465 759 1469 777 z
1490 750 1599 788 patriae,
1611 748 1683 778 cum
1694 760 1776 790 roget
1786 772 1793 784 ,
1807 763 1869 782 non
1881 752 1947 783 dare
1960 764 1965 782 2
1988 753 2021 782 &
2031 752 2105 783 cum

1143 788 1231 829 poffis
1243 800 1312 820 cum
1328 791 1444 820 summa
1453 792 1562 820 virtute
1573 811 1580 824 ,
1605 791 1638 820 ὃς
1657 792 1772 821 honore
1791 803 1844 831 pro
1863 796 1953 833 patria
1971 796 2104 828 interire,

1146 832 1234 861 malle
1244 840 1296 871 per
1306 831 1482 865 dedccus,&
1493 834 1643 873 ignaviam
1655 835 1755 863 vivere
1770 845 1774 862 1
1788 836 1830 868 &,
1843 834 1912 865 cum
1924 846 1977 875 pro
1986 838 2103 870 amicis,

1146 873 1179 902 δε
1197 873 1367 913 parentibus
1380 894 1388 907 ,
1413 874 1445 903 δε
1455 876 1559 904 ceteris
1571 873 1737 904 necessariis
1748 876 1827 905 adire
1839 878 2005 915 periculum
2016 879 2104 911 velis,

1144 925 1196 954 pro
1207 915 1310 954 repub.
1323 918 1356 945 in
1366 917 1423 956 qua
1435 916 1466 945 δε
1478 917 1534 946 hoc
1546 936 1553 949 ,
1573 916 1691 946 &illud
1705 916 1919 947 sanstiffimum
1930 929 2044 948 nomen
2055 929 2105 959 pa-

1144 958 1206 986 triae
1216 959 1398 991 continetur,
1412 957 1495 987 nolle
1506 959 1537 987 in
1548 957 1711 988 discrimen
1721 961 1833 989 venire.
1864 962 1964 1000 Itaque
1977 963 2019 989 uti
2030 971 2103 990 con-

1143 998 1324 1028 temnendus
1336 998 1379 1028 est
1391 1019 1399 1032 ‚
1411 1001 1506 1039 quiin
1516 1000 1684 1041 navigando
1695 1001 1722 1030 se
1734 1021 1742 1034 ,
1755 1000 1845 1042 quam
1856 1004 1958 1031 navim
1970 1022 1977 1034 ,
1991 1004 2105 1032 mavult

1144 1041 1334 1070 incolumem
1347 1051 1352 1069 z
1374 1043 1414 1070 ita
1424 1043 1646 1080 vituperanduS,
1658 1044 1709 1083 qui
1720 1044 1752 1072 in
1764 1045 1834 1082 reip.
1849 1043 2032 1076 discrimine,
2048 1044 2104 1073 susc

1144 1082 1210 1122 plus
1222 1102 1230 1115 ,
1251 1082 1343 1123 quam
1355 1085 1516 1113 communi
1526 1083 1610 1113 saluti
1621 1103 1630 1117 ,
1651 1084 1789 1114 consulit.
1815 1087 1899 1115 Nave
1909 1087 1993 1114 enim
2003 1084 2104 1120 fiaeia.

1146 1124 1235 1154 multi
1246 1124 1416 1154 incolumes
1427 1125 1597 1154 evaserunt:
1621 1135 1658 1155 ex
1671 1125 1824 1167 naufragio
1835 1127 1933 1166 patriae
1945 1127 2039 1157 salvus
2052 1137 2106 1157 ne-

1146 1176 1199 1195 mo
1216 1165 1313 1205 potest
1332 1175 1459 1196 enatare.
1489 1167 1578 1206 Qod
1590 1168 1667 1198 mihi
1680 1168 1754 1198 bene
1765 1168 1882 1198 videtur
1893 1170 2005 1198 Decius
2016 1170 2106 1198 intel-

1146 1206 1261 1241 lexifl'e,
1275 1208 1365 1248 quise
1375 1206 1527 1239 devoviss'e
1537 1209 1694 1243 dicitur,&
1704 1220 1757 1250 pro
1768 1209 1938 1251 legionibus
1950 1212 1982 1239 in
1994 1210 2107 1240 hosteis

1145 1248 1300 1279 immisisse
1320 1250 1447 1279 medios.
1471 1249 1568 1280 amisit
1577 1260 1670 1281 vitam
1683 1262 1687 1280 :
1708 1261 1735 1281 at
1746 1262 1809 1282 non
1818 1252 1956 1292 perdidit.
1979 1262 2010 1281 re
2021 1255 2106 1282 enim

1144 1289 1294 1325 viliffima,
1309 1292 1341 1322 &
1351 1302 1489 1331 perparva
1502 1295 1667 1323 maximam
1678 1293 1816 1323 redemit.
1841 1293 1922 1323 dedit
1932 1295 2023 1324 vitam
2035 1314 2042 1327 ,
2059 1304 2107 1324 ac-

1145 1335 1222 1373 cepit
1231 1335 1355 1373 patriam
1369 1332 1480 1364 :amisit
1489 1336 1621 1365 animam
1634 1355 1642 1369 ,
1655 1337 1766 1375 potitus
1776 1335 1818 1365 est
1827 1336 1920 1376 gloria
1930 1356 1937 1369 ‚
1960 1346 2024 1376 quae
2034 1346 2104 1366 cum

1144 1375 1263 1405 summa
1281 1375 1367 1405 laude
1387 1375 1502 1416 prodita
1521 1376 1663 1407 vetustate
1682 1377 1816 1418 quotidie
1836 1379 1930 1418 magis
1958 1378 2105 1407 enitescit.

1145 1415 1236 1458 Qod
1255 1415 1274 1446 fi
1296 1421 1309 1444 5
1317 1427 1372 1457 pro
1383 1428 1442 1457 rep.
1454 1417 1562 1448 debere
1572 1418 1711 1448 accedere
1721 1418 1756 1449 ad
1766 1420 1935 1459 periculum
1948 1419 1980 1449 &
1991 1421 2107 1449 ratione

1143 1458 1383 1489 demonstratum
1396 1458 1456 1493 est,
1469 1460 1502 1488 δῖ
1513 1461 1654 1500 exemplo
1665 1461 1895 1500 comprobatum
1908 1481 1915 1494 ,
1928 1462 1950 1490 ii
1961 1461 2105 1501 sapientes

1144 1501 1212 1530 sunt
1231 1500 1425 1531 existimandi
1437 1522 1445 1535 ,
1466 1504 1517 1542 qui
1527 1503 1647 1532 nullum
1659 1512 1711 1542 pro
1722 1503 1811 1533 salute
1821 1505 1919 1542 patria:
1931 1503 2103 1543 periculum

1142 1545 1247 1573 vitant.
1279 1546 1315 1572 In
1335 1544 1382 1573 his
1400 1544 1491 1584 igitur
1508 1544 1666 1584 generibus
1677 1545 1823 1585 expolitio
1833 1545 1964 1575 versatur
1973 1565 1981 1578 ,
2002 1544 2037 1575 de
2047 1555 2104 1585 qua

1142 1584 1282 1625 produffl
1293 1585 1404 1619 sumuS,
1417 1595 1449 1616 ut
1458 1586 1542 1625 plura
1550 1585 1730 1620 diceremus,
1742 1585 1824 1628 quod
1834 1596 1899 1616 non
1908 1586 2014 1620 modo,
2029 1587 2102 1617 cum

1142 1627 1259 1657 causam
1269 1626 1411 1661 dicimus,
1423 1628 1551 1667 adjuvat,
1564 1628 1597 1658 δε
1607 1636 1733 1659 exornat
1742 1630 1910 1659 orationem
1923 1648 1932 1662 ,
1944 1628 1992 1659 sed
2004 1629 2103 1658 multo

1144 1668 1281 1699 maxime
1299 1678 1351 1709 per
1370 1679 1436 1700 eam
1453 1679 1630 1700 exercemur
1648 1670 1684 1700 ad
1712 1670 1894 1701 elocutionis
1921 1669 2102 1700 facultatem.

1144 1714 1242 1751 Qare
1259 1713 1422 1741 conveniet
1441 1720 1523 1742 extra
1532 1713 1650 1742 causam
1660 1714 1694 1742 in
1703 1712 1872 1743 exercendo
1881 1713 2010 1742 rationes
2019 1711 2104 1742 adhi—

1144 1753 1211 1783 bere
1222 1753 1418 1793 expolitionis
1429 1774 1437 1787 ,
1451 1755 1483 1783 in
1495 1753 1624 1784 dicendo
1634 1755 1677 1784 uti
1690 1775 1699 1787 ,
1711 1755 1782 1785 cum
1794 1753 2008 1785 exornabimus
2017 1763 2103 1794 argu-

1144 1797 1363 1825 mentationem
1376 1815 1383 1829 ,
1397 1795 1433 1825 de
1444 1805 1501 1836 qua
1511 1795 1647 1825 diximus
1658 1797 1691 1826 in
1701 1796 1779 1827 libro
1790 1795 1929 1826 secundo.
1955 1798 2103 1826 Commo-

1143 1839 1216 1867 ratio
1237 1836 1279 1867 est
1290 1857 1298 1871 ,
1319 1835 1391 1867 cum
1402 1839 1434 1867 in
1444 1839 1513 1868 loco
1525 1836 1695 1868 firmiffimo
1705 1858 1714 1871 ,
1733 1848 1794 1879 quo
1805 1846 1864 1868 tota
1872 1838 1956 1869 causa
1964 1839 2104 1868 contine-

1143 1887 1200 1913 tur,
1213 1887 1351 1909 manetur
1360 1879 1485 1913 diutius,
1498 1879 1531 1909 δε
1542 1879 1650 1910 eodem
1661 1880 1765 1919 saepius
1776 1879 1897 1910 reditur.
1921 1880 1975 1910 hac
1985 1880 2028 1909 uti
2039 1889 2105 1909 ma-

1143 1920 1228 1951 xime
1249 1923 1411 1955 convenit,
1432 1921 1505 1952 &id
1517 1920 1559 1951 est
1569 1923 1694 1951 oratoris
1704 1922 1778 1951 boni
1789 1920 1922 1951 maxime
1933 1923 2102 1961 proprium.

1144 1966 1220 1993 Non
1229 1964 1314 1992 enim
1326 1963 1410 1993 datur
1419 1963 1547 1993 auditori
1556 1962 1683 2002 potestas
1692 1964 1831 1993 animum
1845 1962 1881 1992 de
1892 1972 1921 1992 re
1936 1960 2103 1993 firmissima

1143 2004 1334 2034 dimovendi.
1365 2006 1446 2034 Huic
1463 2004 1639 2044 exemplum
1658 2004 1724 2034 satis
1746 2004 1893 2034 idoneum
1911 2004 2016 2042 subjici
2036 2014 2102 2034 non

1143 2047 1251 2085 potuit,
1263 2054 1415 2084 propterea
1425 2043 1507 2086 quod
1517 2047 1566 2075 hic
1577 2045 1661 2075 locus
1673 2055 1736 2075 non
1747 2044 1788 2075 est
1797 2044 1813 2076 a
1822 2053 1884 2075 tota
1893 2045 1977 2075 causa
1986 2046 2099 2085 separa—

1144 2096 1190 2116 tus
1202 2106 1210 2120 ,
1222 2085 1305 2116 sicuti
1316 2087 1490 2116 membrum
1501 2087 1622 2127 aliquod
1633 2107 1641 2121 ,
1654 2087 1703 2117 sed
1713 2095 1852 2127 tanquam
1858 2087 1971 2126 sanguis
1980 2107 1988 2120 ,
2001 2086 2102 2126 perfu-

1145 2129 1192 2158 sus
1203 2127 1245 2157 est
1255 2138 1307 2167 per
1317 2137 1414 2158 totum
1424 2138 1530 2168 corpus
1541 2129 1693 2158 orationis.
1712 2130 1875 2158 Contentio
1885 2127 1937 2162 est,
1949 2139 2000 2169 per
2009 2138 2101 2169 quam

1144 2172 1291 2199 contraria
1308 2169 1487 2200 referuntur.
1520 2173 1561 2201 Ea
1571 2169 1614 2200 est
1623 2172 1655 2199 in
1665 2170 1827 2200 verborum
1837 2170 2099 2204 exornationibu&

1144 2220 1176 2241 ut
1185 2211 1252 2241 ante
1264 2211 1434 2245 docuimuS,
1445 2211 1594 2252 ejusmodi
1608 2222 1613 2241 :
1627 2212 1750 2241 Inimicis
1759 2220 1787 2242 te
1796 2211 1984 2252 placabilem,
1995 2214 2103 2242 amicis

1144 2253 1363 2283 inexorabilem
1383 2254 1504 2293 praebes.
1528 2257 1564 2284 In
1584 2254 1796 2284 sententiarum
1808 2274 1817 2288 ,
1837 2254 2013 2294 hujusmodi
2025 2264 2030 2283 :
2054 2256 2106 2283 Vos

1144 2296 1227 2334 hujus
1238 2295 1446 2325 incommodis
1458 2295 1631 2338 lugetis‚iste
1642 2297 1713 2335 reip.
1724 2296 1888 2326 calamitate
1897 2295 2018 2326 laetatur.
2038 2298 2103 2325 Vos

1145 2336 1248 2367 vestris
1269 2336 1399 2367 fortunis
1411 2337 1549 2368 diffiditis
1559 2358 1567 2372 ,
1588 2337 1642 2368 iste
1653 2338 1732 2368 solus
1746 2337 1849 2376 suis-eo
1861 2340 1953 2367 mavis
1963 2335 2102 2368 confidit-

1144 2382 1224 2409 Inter
1233 2380 1295 2409 haec
1305 2379 1366 2409 duo
1377 2381 1610 2410 contentionum
1620 2390 1727 2420 genera
1738 2380 1795 2410 hoc
1805 2362 1927 2409 inter-eff
1936 2390 1941 2408 :
1968 2379 2044 2408 illud
2064 2388 2103 2408 ex

1144 2421 1241 2451 verbis
1260 2421 1394 2451 celeriter
1412 2422 1509 2452 relatis
1527 2421 1658 2453 constat:
1681 2420 1731 2451 hic
1741 2422 1890 2452 sententia:
1901 2423 2053 2450 contrariae
2062 2430 2102 2450 ex

1143 2465 1366 2503 comparatione
1378 2462 1540 2494 referantur
1549 2472 1674 2504 oportet.
1697 2461 1929 2496 Similitud0,est
1939 2465 2034 2492 oratio
2045 2471 2102 2492 tra-

1143 2505 1255 2535 ducens
1273 2505 1308 2535 ad
1328 2515 1392 2535 rem
1413 2507 1584 2546 quampiam
1603 2505 1714 2545 aliquid
1725 2514 1763 2534 ex
1773 2514 1802 2533 re
1814 2504 1919 2544 dispari
1929 2501 2034 2533 simile.
2060 2506 2102 2534 Ea

1144 2548 1273 2577 sumitur
1281 2555 1329 2577 aut
1340 2547 1466 2577 ornandi
1478 2548 1570 2581 causa,
1583 2556 1630 2577 aut
1641 2545 1851 2586 probandi,aut
1859 2548 1985 2586 apertius
1996 2546 2101 2575 dicen-

1143 2589 1174 2618 di
1186 2610 1194 2622 ,
1215 2598 1264 2618 aut
1273 2598 1340 2619 ante
1350 2590 1455 2619 oculos
1464 2589 1609 2629 ponendi.
1640 2587 1806 2629 Qomodo
1815 2589 1906 2629 igitur
1914 2596 2052 2628 quattuor
2062 2586 2100 2617 de

1143 2629 1232 2662 causis
1244 2631 1382 2665 sumitur,
1395 2633 1434 2661 ita
1442 2639 1579 2671 quattuor
1589 2631 1688 2660 modis
1699 2629 1824 2660 dicitur:
1842 2639 1893 2669 per
1902 2639 2100 2663 contrarium,

1141 2682 1193 2712 per
1202 2675 1394 2714 negationem
1407 2693 1415 2706 ‚
1435 2682 1487 2711 per
1497 2672 1668 2702 brevitatem
1682 2692 1690 2705 ,
1711 2681 1763 2711 per
1772 2672 1977 2702 collationem.
2008 2671 2054 2700 Ad
2067 2681 2101 2700 u-

1141 2724 1363 2755 namquamque
1384 2714 1535 2744 sumendos
1546 2714 1661 2744 causam
1674 2712 1879 2743 similitudinis
1888 2713 2099 2744 accommoda-

1141 2756 1241 2786 bimus
1252 2755 1381 2798 singulos
1393 2756 1500 2786 modos
1511 2755 1735 2795 pronuntiandi.
1769 2754 1902 2784 Ornandi
1912 2755 1994 2784 causa
2005 2755 2099 2784 sumi-

1141 2807 1186 2829 tur
1195 2808 1248 2838 per
1257 2800 1439 2829 contrarium
1451 2818 1459 2832 ,
1482 2796 1520 2828 sic
1532 2808 1537 2827 2
1560 2800 1637 2828 NON
1656 2806 1747 2827 Exim
1758 2817 1766 2831 ,
1787 2796 2046 2838 quemadmodum
2066 2798 2099 2826 in

2009 2839 2099 2878 palae-

1144 2942 1205 2966 buret
1217 2960 1224 2972 ,
1235 2941 1345 2974 quamvis
1356 2960 1364 2972 ‚
1373 2941 1425 2971 (ἕνα.
1445 2950 1497 2966 non
1509 2940 1660 2967 necessario.

1177 2984 1206 3009 4.
1225 2979 1323 3012 Sapiens
1334 2980 1375 3010 qui
1384 2979 1469 3009 omnm,
1480 2977 1546 3012 &c.]
1567 2976 1624 3004 Pal.
1635 2982 1743 3013 quartus
1754 2975 1873 3003 excludit
1883 2983 2028 3012 pronomen
2039 2975 2099 3007 qni,-

1143 3011 1229 3038 forsan
1241 3013 1324 3038 recte.

1180 3057 1205 3082 5.
1225 3051 1273 3074 Pro
1283 3054 1330 3079 rep.
1341 3048 1419 3073 daber-e
1429 3048 1534 3074 accedere
1543 3049 1576 3074 ad
1582 3049 1736 3083 periculum]
1757 3048 1900 3074 Lambinus
1915 3067 1921 3074 .
1933 3048 2010 3071 Avbere
2021 3044 2098 3070 ΜΝᾹὶ

1140 3085 1228 3116 adper.
1249 3082 1290 3108 sed
1302 3091 1397 3119 praeter
1409 3083 1466 3110 mff.
1478 3085 1523 3120 qui
1535 3084 1644 3112 mirifice
1656 3085 1712 3110 heic
1723 3085 1825 3111 variant
1839 3104 1846 3114 ,
1859 3086 1903 3109 ssr.
1916 3083 1998 3108 ssi-iat
2010 3081 2097 3109 derat,

1137 3120 1208 3154 quod
1219 3119 1317 3154 placuit
1328 3119 1487 3146 Gulielmio.
1506 3121 1563 3147 Pal.
1572 3130 1613 3157 pr.
1625 3120 1701 3146 habet
1721 3130 1759 3152 pro
1770 3128 1818 3153 rep.
1828 3117 2096 3151 deb:resus‘tu'percpcri-

1984 3196 1994 3214 1
2003 3207 2007 3212 .
2016 3169 2095 3212 Thia-l

2125 1798 2171 1830 45
