2337 3400
176 108 273 161 940
582 86 1082 135 MTULLM

177 185 274 215 neque
293 181 377 204 meos
387 170 485 211 lugere
494 166 610 198 diutius
619 163 735 206 poffim.
759 167 856 202 Quare
865 162 938 204 quid
949 161 982 192 ad
998 171 1048 205 me
1058 160 1127 191 scri·
1147 169 1150 198 j

178 216 257 257 psisti
266 217 300 246 de
311 212 529 255 permutatione
544 212 554 238 ?
570 206 649 248 quasi
659 206 729 236 verb
741 216 821 236 nuuc
832 215 881 234 me
892 214 953 233 non
965 212 1023 233 tua:
1036 202 1128 232 tacul-
1148 212 1149 238 i

179 267 249 287 tates
259 255 431 286 sustineant.
454 252 553 291 quain
565 260 594 280 rc
605 250 664 289 ipse
675 248 764 278 video
777 247 867 277 miser
877 266 884 279 ‚
898 246 930 275 &
939 246 1046 278 lentio,
1058 244 1129 284 quid
1149 258 1150 269 i

176 299 293 329 sceleris
303 294 486 327 admiserim,
496 292 568 322 cum
579 290 614 321 de
625 288 778 330 visceribus
788 291 859 321 tuis,
870 287 902 317 δε
915 287 969 316 'rilii
980 289 1035 320 tui,
1049 286 1130 316 satis-

178 338 311 369 faCturus
330 336 365 366 sis
376 357 384 369 ,
405 334 515 376 quibus
535 333 641 363 debes:
659 343 674 362 e
695 340 871 370 oacceptam
883 339 920 359 ex
931 330 1032 358 aerario
1042 337 1131 367 pecu-

178 382 262 410 niam
286 389 338 410 tuo
361 378 488 407 nomine
506 374 610 406 frustra
629 374 660 404 di
685 375 802 413 ipaiirn.
840 371 895 402 Sed
915 379 1014 400 tamen
1034 370 1067 399 δε
1087 372 1130 398 Μ.
1151 378 1153 384 ·

177 423 336 454 Antonio,
355 428 499 460 quantum
524 426 554 447 tu
566 416 732 457 scripseras,
753 414 932 453 &Caepioni
943 411 1134 442 tantumdem

176 464 311 494 solutum
323 461 381 493 est:
410 461 487 490 mihi
499 459 535 490 ad
546 459 575 488 id
586 478 593 492 ‚
615 457 696 499 quod
706 457 808 498 cogito
822 476 830 488 ,
843 456 916 488 hoc,
934 453 1015 494 quod
1027 454 1133 486 habco,

178 505 245 536 satis
267 504 317 535 est.
342 502 400 533 sive
420 504 504 531 enim
524 499 709 530 restituimur
725 518 733 532 ‚
752 497 811 528 sive
829 497 1038 537 desperamur,
1057 495 1134 525 nihil

139 555 144 559 ·
178 548 310 586 amplius
330 555 405 585 opus
421 543 470 573 est.
497 545 547 572 Tu
567 540 587 572 si
606 542 683 572 rorte
707 539 780 582 quid
799 541 854 570 erit
873 537 1019 568 molestiae
1032 557 1040 570 ,
1063 546 1089 566 te
1099 536 1134 566 ad

180 587 314 619 Crali'um
333 608 341 620 ,
360 587 393 616 δε
411 585 446 615 ad
467 584 631 615 Callidium
650 583 804 616 conferas,
830 581 946 611 censeo.
979 582 1133 619 Qantum

179 628 341 661 Hortensio
357 627 541 658 credendum
556 624 607 658 sit,
628 625 738 656 nescio.
763 623 940 654 mesumma
952 621 1134 661 simut'asione

178 676 309 704 amoris,
334 674 510 709 summaque
531 666 692 697 assiduitate
711 665 885 707 quotidiana
903 661 1132 694 sceleratiffime,

177 711 455 751 insidiosiffimeque
477 709 626 743 traEtavit,
648 707 791 748 adjuncto
812 716 931 747 quoque
942 707 1134 744 Arri0:quo-

178 766 248 786 ium
271 765 326 796 ego
343 751 474 784 consiliis
492 772 500 785 ‚
523 748 670 792 prom'iffis
688 770 696 783 ,
721 750 874 789 pra-,ceptis
895 746 1052 777 destitutus
1072 767 1080 779 ‚
1101 747 1132 774 in

177 799 253 828 hanc
262 798 463 827 calamitatem
474 793 576 824 'incidi-
601 792 656 823 Sed
672 793 732 823 haec
740 790 903 822 occultabis
916 809 924 822 ‚
945 788 1066 833 nequid
1078 787 1133 816 ob-

178 838 243 869 firit.
267 838 347 868 Illud
368 845 487 867 caveto-t
507 836 539 865 &
556 834 592 865 eo
608 843 681 874 puto
691 843 741 873 per
751 833 954 872 Pomponium
964 829 1134 860 iovendum

178 881 235 912 tibi
256 879 315 911 effe
331 880 429 920 ipsum
450 876 645 908 Hortensium
657 896 666 908 ,
684 885 722 905 ne
732 875 782 904 ille
791 873 909 906 versus,
931 874 984 913 qui
997 874 1027 901 in
1037 880 1064 901 te
1075 879 1135 900 erat

177 923 304 954 collatus
318 942 327 955 ,
347 921 418 952 cum
437 920 610 950 zdilititem
621 917 740 957 petebas
753 936 762 950 ,
785 916 820 946 de
832 916 895 955 lege
909 914 1028 944 Aurelia
1039 933 1046 947 ,
1059 912 1134 942 salso

176 964 355 996 testimonio
374 961 581 993 confirmetur.
613 959 702 989 Nihil
724 960 809 988 enim
828 966 890 987 tam
908 958 1022 988 timeo,
1041 954 1132 995 quam

180 1017 229 1040 ne,
244 1005 316 1036 cum
328 1005 497 1044 intelligant
514 1003 655 1031 homines
669 1021 678 1033 ‚
693 1009 844 1040 quantum
856 996 1068 1028 misericordiae
1080 1006 1135 1025 no-

176 1048 224 1078 bis
233 1057 290 1078 tuae
299 1056 417 1087 preceS,
429 1046 462 1075 &
476 1054 526 1081 tua
537 1045 612 1073 salus
620 1042 742 1073 allatura
753 1041 785 1072 fit
795 1061 803 1075 ‚
816 1047 991 1080 oppugnent
1002 1048 1029 1068 te
1044 1038 1135 1083 vehe-

176 1090 321 1121 mentius.
335 1085 499 1117 Messallam
510 1087 553 1116 tui
563 1084 730 1115 studiosum
741 1081 799 1114 effe
808 1083 943 1112 arbitror:
954 1083 1076 1119 Pompe)
1084 1088 1135 1107 um

176 1134 267 1162 etiam
287 1129 489 1160 simulatorem
508 1137 592 1168 puto.
616 1125 672 1157 Sed
692 1127 754 1156 haec
775 1127 892 1155 utinam
903 1132 966 1152 non
975 1123 1136 1166 experiare:

175 1173 258 1215 quod
269 1171 399 1212 precarer
407 1171 482 1201 deos
492 1190 500 1203 ‚
520 1167 573 1199 nisi
587 1178 667 1198 meas
678 1177 778 1207 preces
791 1165 890 1195 audire
898 1162 1054 1194 defiiflent.
1076 1165 1137 1192 Ve—

178 1223 353 1246 rumtamen
374 1222 501 1253 precor,
522 1212 610 1241 uthis
630 1208 761 1240 infinitis
781 1206 892 1238 nosti-is
904 1205 990 1234 malis
1001 1206 1139 1234 contenti

179 1255 237 1287 sint
257 1267 263 1285 :
290 1258 323 1285 in
350 1254 466 1296 quibus.
481 1263 546 1283 non
564 1250 659 1282 modo
676 1260 778 1281 tamen
796 1250 913 1280 nullius
933 1244 1009 1276 inest
1025 1247 1137 1285 peccati

180 1297 322 1328 infamia:
347 1296 396 1329 sed
407 1297 510 1326 omnis
518 1294 605 1325 dolor
616 1293 658 1323 est
669 1313 677 1326 ‚
688 1292 772 1333 quod
779 1290 895 1332 optime
912 1287 1086 1327 fastispaena
1096 1286 1139 1317 est

177 1343 315 1371 maxima
323 1337 493 1370 constituta.
517 1336 625 1366 Filiam
637 1345 735 1365 meam
748 1355 755 1368 ,
778 1334 903 1364 &tuam
915 1351 922 1365 ,
944 1331 1139 1359 Ciceronem-

177 1392 237 1423 que
246 1380 395 1414 nostrum,
408 1378 481 1421 quid
492 1388 558 1419 ego,
572 1376 713 1408 mifrater
723 1396 731 1410 ,
748 1376 801 1406 tibi
812 1370 1030 1406 commendem
1042 1374 1052 1400 ?
1062 1373 1140 1412 quin

177 1419 257 1456 illud
275 1432 390 1453 moereo
404 1441 412 1456 ‚
432 1421 513 1462 quod
532 1420 587 1451 tibi
609 1429 673 1449 non
696 1420 852 1448 minorem
862 1416 1002 1446 dolorem
1012 1414 1138 1444 illorum

179 1465 292 1497 orbitas
311 1463 416 1498 affert,
435 1463 527 1504 quam
551 1462 640 1492 mihi.
664 1459 720 1490 Sed
732 1480 741 1494 ,
759 1469 788 1489 te
807 1456 977 1488 incolumi,
997 1456 1064 1486 orbi
1073 1464 1138 1485 non

178 1516 277 1538 erunt.
298 1507 427 1547 Reliqua
438 1525 447 1538 ,
471 1507 510 1535 ita
526 1505 604 1534 mihi
623 1503 698 1533 salus
715 1502 813 1541 aliqua
830 1500 915 1530 detur
926 1519 934 1532 ,
953 1497 1138 1538 potestasque

178 1550 214 1579 in
231 1550 324 1588 patria
342 1546 496 1578 moriendi
507 1566 524 1579 ‚,
538 1554 571 1575 ut
589 1555 638 1575 me
658 1545 787 1575 lacrimae
805 1551 870 1572 non
890 1539 990 1570 sinunt
1000 1539 1136 1569 scribere.

178 1592 280 1622 Etiam
307 1590 481 1620 Terentiam
499 1587 597 1616 velim
622 1594 719 1616 tueare
741 1603 752 1618 ,
779 1584 918 1622 mihique
938 1581 975 1612 de
995 1580 1139 1611 omnibus

179 1632 267 1663 rebus
276 1631 425 1661 rescribas.
447 1631 492 1660 Sis
503 1626 704 1668 fortis,quoad
713 1627 756 1656 rei
765 1634 869 1656 natura
878 1625 1011 1664 patiatur.
1035 1622 1139 1652 Idibus

180 1675 294 1715 Juniis,
308 1671 538 1704 Thessalonicae.

366 1740 581 1770 MARCUS
611 1737 902 1777 QFRATRI,
926 1737 955 1765 S.

1161 86 1706 135 CicERoN1s

1167 162 1291 208 quidem
1311 160 1479 208 arbitrabar.
1502 165 1629 195 intimus
1650 185 1660 199 ‚
1677 165 1854 206 proximus,
1876 162 2128 196 familiarissimus

1170 204 1294 243 (lfflstlut'
1305 213 1352 232 aut
1365 201 1601 245 fiblBel'timuih
1619 215 1668 236 aut
1681 207 1885 238 mihiinvidit.
1903 210 1941 238 ita
1956 209 2032 238 mihi
2043 207 2122 237 nihil

1171 246 1281 274 mistro
1305 254 1410 284 praeter
1428 244 1521 275 fidem
1541 249 1708 278 amicorum
1720 259 1839 279 cautum
1852 247 2131 279 ineumconsiliuni

1172 288 1236 316 ruit.
1262 286 1352 325 Quod
1373 284 1393 316 fi
1412 294 1439 314 te
1458 289 1523 317 latis
1534 289 1704 320 innocentia
1713 300 1780 324 tua,
1805 290 2055 322 &misericordia
2069 291 2127 319 ho-

1174 330 1296 372 minum
1317 328 1448 358 vindicat
1471 330 1529 358 hoc
1552 337 1687 368 tempore
1705 330 1883 362 amolestia:
1904 334 2043 373 perspicis
2056 341 2126 371 pro-

1173 369 1254 399 iecto
1274 390 1282 403 ,
1301 380 1402 410 ecquae
1418 377 1489 399 nim
1513 370 1603 400 nobis
1619 371 1684 409 spes
1707 372 1806 402 salutis
1828 373 2019 414 relinquatur.
2043 376 2126 404 Nam

1174 422 1223 441 me
1234 414 1441 451 Pomponius,
1452 412 1484 442 δε
1493 415 1624 445 Sextius,
1636 412 1668 442 δε
1677 413 1745 442 Piso
1757 412 1856 443 noster
1867 410 1962 446 adhuc
1971 413 2129 446 Thessizlo-

1174 457 1250 483 nicae
1269 463 1476 487 retinuerunt,
1496 453 1568 483 cum
1589 454 1710 494 longius
1730 454 1878 485 discedere
1897 457 2128 497 propterncscio

1173 505 1249 535 quos
1268 505 1372 525 motus
1390 504 1532 526 vetarent.
1555 505 1661 525 verum
1673 506 1728 536 ego
1739 498 1832 536 magis
1841 499 1958 528 exitum
1971 518 1978 532 ,
1999 499 2127 528 illorum
2162 529 2165 531 ,

1174 539 1278 567 litteris
1290 557 1298 570 ‚
1319 537 1408 577 quiim
1429 538 1476 577 spe
1494 547 1571 567 certa
1582 537 1798 577 exspectabam.
1824 539 1902 568 Nam
1914 540 1989 579 quid
1999 541 2126 579 sperem,

1173 577 1377 619 potentiffimo
1387 581 1516 609 inimico
1528 599 1537 612 ,
1560 579 1770 609 dominatione
1781 578 2015 610 obtrectatorum
2026 601 2035 615 ‚
2056 583 2086 610 in
2093 580 2129 610 si·

1173 621 1290 651 delibus
1301 622 1419 654 amicis,
1430 621 1567 660 pluribus
1582 621 1695 651 invidis
1710 624 1720 650 ?
1746 624 1758 648 3
1770 624 1818 651 De
1829 623 2024 652 novisautem
2035 623 2130 653 tribu-

1175 665 1221 692 nis
1239 663 1279 702 pl.
1305 662 1348 692 est
1367 663 1418 692 ille
1437 662 1562 703 quidem
1585 664 1617 692 in
1630 672 1678 691 me
1688 661 1917 693 officiosissimus
1927 664 2063 696 Senius,
2085 664 2130 698 &2

1176 705 1276 744 spero,
1300 708 1318 731 4
1334 706 1472 738 Curtius,
1494 705 1573 734 Milo
1587 708 1619 737 ,5
1640 703 1765 738 Fadius,
1787 704 1957 735 Gratidius:
1978 703 2028 734 sed
2046 705 2130 735 valde

1173 746 1343 776 adversante
1357 746 1467 776 Clodio
1480 757 1484 774 1
1505 748 1558 787 qui
1568 748 1657 776 etiarn
1666 748 1797 786 privatus
1808 746 1910 777 eadem
1923 755 2014 776 manu
2024 748 2133 785 poterit

1171 790 1333 818 conciones
1357 790 1505 818 concitare
1525 798 1529 816 z
1549 787 1659 817 deinde
1677 789 1775 817 etiam⁴
1791 786 2127 827 intercesibrparabitur.

1174 833 1246 860 Haec
1255 831 1332 859 mihi
1341 828 1540 869 proficiscenti
1552 839 1616 859 non
1625 830 1877 869 proponebantur:
1889 830 1937 860 sed
1948 830 2020 869 saepe
2033 828 2133 859 triduo

1175 872 1293 902 summa
1315 881 1385 901 cum
1410 871 1632 911 gloriadicebar
1643 870 1700 901 effe
1710 871 1870 902 rediturus.
1894 871 1975 912 Qid
1986 880 2016 901 tu
2028 872 2132 912 igitur?

1174 915 1302 954 inquies.
1324 912 1419 954 quid?
1439 912 1534 942 multa
1556 922 1763 943 convenerunt
1774 933 1782 946 ‚
1803 923 1869 953 quae
1881 922 2015 943 mentem
2028 922 2132 943 extur-

1176 956 1277 985 barent
1303 965 1423 984 meam:
1446 954 1541 985 subita
1557 953 1688 984 defthio
1709 956 1848 994 Pompeji
1861 974 1869 988 ,
1887 955 2029 984 alienatio
2049 963 2130 984 cos5.

1175 1000 1266 1026 etiam
1290 1005 1453 1036 praetorum
1473 997 1569 1025 timor
1590 1015 1598 1029 ,
1627 996 1858 1035 publicanorum
1877 1006 1957 1026 arma
1977 1016 1986 1029 ,
2005 997 2139 1026 lacrimae„

1177 1048 1316 1068 meorum
1331 1048 1379 1067 me
1389 1038 1424 1067 ad
1434 1045 1551 1065 mortem
1562 1039 1602 1066 ire
1611 1037 1848 1076 prohibuerunt:
1869 1038 1951 1078 quod
1963 1038 2041 1067 certe
2057 1037 2088 1067 ὅ(
2100 1037 2137 1066 ad

1176 1078 1362 1109 honestatem
1376 1099 1384 1112 ‚
1405 1079 1438 1108 δε
1454 1078 1488 1108 ad
1511 1076 1700 1118 effugiendos
1721 1075 1938 1110 intolerabilem
1948 1079 2067 1109 dolores
2078 1078 2136 1108 fuit

1176 1119 1369 1160 aptiffimum.
1391 1119 1448 1150 Sed
1472 1119 1509 1149 de
1527 1120 1585 1149 hoc
1595 1117 1695 1158 scripsi
1705 1120 1741 1149 ad
1751 1122 1823 1150 rein
1834 1131 1867 1151 ea
1877 1121 2000 1160 epistola
2011 1140 2020 1154 ‚
2040 1130 2132 1161 quam

1178 1163 1336 1193 Phaetonti
1347 1161 1425 1191 dedi.
1451 1163 1543 1190 Nunc
1555 1170 1584 1190 tu
1597 1181 1605 1194 ‚
1618 1163 1764 1201 quoniam
1779 1163 1812 1192 in
1824 1171 1939 1192 tantum
1951 1161 2066 1191 luerum
2080 1182 2088 1196 ,
2101 1162 2135 1191 &

1180 1204 1313 1233 laborem
1324 1203 1457 1233 detrusus
1468 1211 1498 1231 es
1510 1222 1517 1236 ,
1541 1212 1685 1243 quantum
1696 1213 1789 1232 nemo
1802 1208 1947 1243 umquam
1958 1215 1962 1232 ;
1974 1202 1994 1233 si
2008 1204 2138 1233 relevare

1177 1254 1261 1286 potes
1279 1254 1481 1275 communem
1491 1244 1590 1274 casum
1602 1244 1807 1275 misericordia
1819 1246 2000 1275 hominum:
2023 1245 2134 1275 scilicet

1176 1287 1352 1317 incredibile
1361 1285 1506 1327 quiddam
1517 1285 1684 1326 assequeris.
1703 1285 1744 1316 sin
1755 1286 1844 1326 plane
1854 1287 2024 1317 occidimus
2036 1297 2042 1315 ι
2062 1286 2072 1325 (
2085 1296 2135 1316 me

1181 1329 1349 1368 miserum)
1368 1338 1422 1369 ego
1443 1328 1589 1358 omnibus
1612 1330 1688 1358 meis
1706 1330 1803 1358 exitio
1821 1327 1927 1362 fuero,
1946 1328 2057 1368 quibus
2067 1328 2137 1358 ante

1180 1370 1320 1401 dedecori
1329 1380 1394 1400 non
1406 1379 1495 1400 eram.
1521 1369 1576 1400 Sed
1588 1378 1618 1399 tu
1631 1390 1640 1402 2
1660 1378 1692 1399 ut
1703 1370 1772 1400 ante
1782 1370 1818 1400 ad
1832 1379 1859 1400 te
1871 1370 1986 1410 scripsi,
2007 1370 2141 1410 'perspice

1179 1421 1244 1442 rem
1255 1432 1264 1446 ‚
1285 1412 1318 1442 &
1340 1419 1488 1453 pertenta:
1510 1411 1543 1442 Sc
1560 1411 1596 1441 ad
1615 1421 1666 1441 me
1679 1431 1688 1445 ‚
1709 1421 1741 1442 ut
1758 1419 1881 1452 tempora
1892 1411 1991 1442 nostra
2002 1431 2011 1446 ‚
2031 1421 2094 1441 non
2107 1420 2140 1441 ut

1180 1463 1266 1484 amor
1275 1462 1342 1484 tuus
1355 1453 1411 1483 fert
1422 1473 1430 1486 ‚
1448 1452 1517 1483 vere
1527 1453 1681 1493 perscribe.
1705 1456 1769 1494 Ego
1779 1457 1872 1484 viram
1886 1474 1895 1488 ,
1918 1453 2015 1494 quoad
2025 1452 2142 1493 putabo

1179 1506 1228 1526 tua
1237 1494 1373 1526 inter-effe
1383 1495 1477 1525 autad
1487 1495 1568 1534 spem
1579 1494 1752 1526 servandam
1767 1493 1836 1528 ess'e,
1846 1495 1992 1525 retinebo.
2017 1498 2066 1525 Tu
2080 1504 2141 1525 no·—

1179 1539 1226 1568 bis
1235 1535 1449 1567 amiciffimum
1459 1538 1597 1567 Sexcium
1610 1537 1775 1577 cognosces
1787 1547 1795 1565 ε
1813 1537 1901 1567 credo
1913 1545 1962 1567 tua
1973 1537 2054 1566 caula
2064 1556 2072 1570 ,
2092 1536 2143 1566 vel

1180 1579 1366 1612 Lentulum,
1388 1579 1440 1618 qui
1458 1580 1514 1607 erit
1533 1587 1599 1607 cos.
1621 1587 1803 1618 quamquam
1814 1578 1883 1608 sunt
1893 1587 2006 1608 FACTA
2017 1587 2143 1608 vermis

1180 1629 1436 1651 DIFFiCiMORA.
1461 1622 1511 1649 Tu
1528 1620 1560 1649 &
1570 1620 1642 1660 quid
1653 1629 1728 1660 opus
1738 1618 1771 1649 sit
1781 1639 1789 1653 ‚
1810 1619 1843 1649 &
1855 1619 1928 1660 quid
1942 1618 1977 1649 fit
1988 1639 1996 1653 ‚
2021 1619 2145 1649 videbis

1180 1665 1322 1693 omnino.
1345 1665 1376 1692 Si
1388 1671 1471 1691 tuam
1480 1661 1678 1692 solitudinem
1693 1680 1702 1694 ‚
1721 1670 1982 1701 communemque
1990 1661 2143 1691 calamita-

1160 1727 1161 1733 ,
1183 1713 1244 1735 tem
1256 1714 1350 1734 nemo
1363 1703 1549 1743 despexerit:
1573 1712 1621 1732 aut
1630 1713 1681 1742 per
1692 1711 1719 1732 te
1729 1701 1839 1733 confici
1851 1703 1966 1742 aliquid
1977 1723 1985 1736 ‚
1997 1712 2047 1732 aut
2054 1703 2148 1736 nullo

1183 1745 1279 1775 modo
1295 1746 1415 1784 poterit.
1463 1743 1506 1773 sin
1528 1753 1554 1774 te
1576 1754 1698 1784 quoque
1719 1745 1838 1773 inimici
1863 1742 1969 1774 vexare
1986 1746 2145 1784 coeperint,

274 1804 376 1831 MAizo
386 1808 414 1830 te
425 1818 433 1832 ‚
446 1801 491 1829 mi
501 1797 590 1828 frater
602 1817 610 1830 ,
629 1800 639 1815 ¹
654 1806 692 1826 ne
704 1815 712 1829 ‚
732 1794 752 1824 fi
762 1805 824 1825 uno
839 1804 911 1824 meo
919 1792 1000 1823 faeio
1011 1792 1097 1825 &.tu‚
1109 1792 1142 1822 &

275 1852 384 1873 omnes
406 1842 467 1870 mei
488 1838 639 1869 corruistis
655 1858 663 1870 ,
684 1836 872 1876 improbitati
885 1855 893 1868 ‚
914 1835 946 1864 δε
959 1835 1061 1864 sceleri
1073 1843 1143 1863 meo

179 1885 292 1925 potius,
305 1884 395 1925 quam
406 1881 632 1922 imprudentiae,
643 1882 657 1898 ²
671 1879 858 1917 miseri-atque
869 1874 999 1917 affignes.
1021 1876 1143 1905 nullum

183 1926 226 1958 cst
244 1936 349 1958 meum
360 1933 514 1964 peccatum
525 1942 533 1956 ‚
553 1921 609 1953 nisi
617 1920 698 1961 quod
710 1922 746 1949 iis
757 1919 859 1948 credidi
874 1939 882 1952 ,
906 1918 922 1948 a
938 1917 1048 1958 quibus
1061 1916 1143 1947 nefas

181 1978 315 2010 putaram
335 1966 394 1998 effe
417 1976 467 1996 me
484 1965 600 2005 decipi,
621 1971 671 1993 aut
689 1964 779 1992 etiam
789 1960 899 2003 quibus
910 1969 948 1990 ne
958 1959 989 1989 id
1000 1959 1144 1999 expedire

221 2133 232 2149 1
241 2145 246 2150 .
265 2125 385 2159 Qefiuno
394 2133 440 2149 mco
451 2123 543 2156 saffo]
565 2122 698 2148 Vetustius
709 2119 761 2146 cusi
774 2139 780 2151 ‚
794 2121 848 2153 sato
860 2137 867 2150 ‚
888 2117 958 2153 quod
969 2119 1034 2145 item
1045 2119 1071 2145 iii
1084 2119 1131 2145 Pal
1140 2139 1145 2144 .

186 2169 228 2195 pr.
240 2161 267 2186 &
278 2168 397 2195 quarto3
418 2168 505 2194 neque
514 2159 552 2185 ita
561 2166 618 2184 erat
629 2156 780 2183 absurdum.

222 2206 250 2222 2.
269 2197 417 2230 Miserat-qne
435 2195 562 2228 affigncs.]
588 2194 630 2220 Est
650 2195 664 2219 a
684 2191 841 2218 Remu-ionis
861 2189 1024 2217 membrana.
1053 2197 1146 2216 cetera:

185 2233 256 2259 enim
266 2231 401 2258 adhierczzt
412 2231 557 2266 publicato,
568 2229 777 2263 misericordiaeque.

223 2277 250 2302 ζ.
268 2271 302 2294 Dc
311 2269 378 2294 novis
390 2276 466 2293 autem
476 2268 578 2292 tribunis
584 2266 636 2299 pL]
663 2266 741 2291 Haud
753 2263 831 2290 aliter
840 2262 988 2296 conjecerat
1007 2262 1038 2287 P.
1050 2262 1111 2288 Man
1117 2271 1146 2287 u-

185 2304 238 2331 ·‹ius
251 2323 259 2336 ,
270 2303 450 2340 adprobatque
461 2303 516 2328 Pal.
528 2309 615 2338 quart.
628 2310 687 2327 nam
699 2299 748 2326 sec.
761 2302 882 2326 Devotum
902 2308 944 2334 pr.
957 2299 984 2324 8:
995 2305 1058 2324 tert.
1071 2301 1147 2323 Dene-

172 2342 247 2372 stus,
257 2348 287 2367 ut
298 2340 370 2376 prius
382 2339 496 2373 vulgati.

221 2382 250 2407 4.
269 2375 394 2409 curtim]
417 2373 606 2410 Rescripserim
617 2381 676 2398 cum
688 2371 782 2405 Pigltio
793 2373 890 2397 Curius.
912 2369 1026 2396 rationes
1038 2369 1093 2403 ejus
1105 2368 1145 2394 vi-

189 2409 299 2440 deantur
311 2430 321 2445 ,
339 2411 368 2441 in
378 2409 506 2440 laborioso
516 2410 566 2439 illo
578 2417 658 2445 opere
669 2408 769 2436 Pastor,
787 2408 973 2434 Romanorum
987 2424 995 2438 ‚
1007 2404 1038 2432 ad
1049 2413 1148 2433 annum

1161 1821 1162 1826 ¹
1184 1785 1200 1806 ⁶
1220 1797 1258 1816 ne
1277 1785 1401 1816 cessaris.
1423 1795 1488 1815 non
1503 1787 1586 1815 enirn
1605 1785 1711 1825 gladiis
1723 1795 1846 1816 mecum
1857 1785 1905 1816 sed
1919 1785 2024 1815 litibus
2034 1795 2143 1827 agetur.

1161 1838 1163 1869 'l
1186 1827 1300 1858 Verum
1320 1829 1381 1857 haec
1398 1825 1492 1857 absint
1512 1827 1614 1856 velim.
1638 1830 1685 1857 Te
1709 1837 1781 1861 oro,
1805 1835 1837 1857 ut
1848 1827 1883 1857 ad
1895 1836 1944 1856 me
1953 1826 1989 1856 de
2001 1827 2146 1857 omnibus

1161 1881 1163 1894 i
1184 1870 1273 1900 rebus
1293 1870 1399 1900 scribas
1412 1889 1420 1901 ,
1440 1869 1472 1899 δε
1491 1870 1524 1899 in
1534 1878 1585 1898 me
1595 1870 1714 1899 7animi
1727 1867 1829 1908 potius
1843 1889 1852 1902 ‚
1874 1878 1924 1899 aut
1933 1867 2050 1898 consilii
2060 1877 2147 1908 putes

1162 1916 1163 1951 j
1188 1911 1294 1942 mincis
1303 1910 1360 1942 ess'e
1372 1931 1381 1946 ,
1401 1912 1493 1952 quiim
1506 1911 1590 1941 antea
1604 1921 1609 1940 z
1629 1912 1740 1941 amoris
1750 1909 1822 1941 vero
1833 1931 1843 1945 ‚
1862 1911 1895 1942 ὃς
1905 1908 2000 1941 officii
2008 1920 2074 1940 non
2086 1911 2152 1940 mi-.

1187 1954 1257 1985 nus.

1875 2000 1945 2045 M.
1979 1999 2028 2044 T
2045 2014 2078 2043 U
2092 2013 2148 2044 L.-

345 2086 1261 2107 “ww-m«-

1193 2116 1252 2142 urb.
1264 2117 1343 2143 cond.
1355 2126 1449 2143 ncxcv
1458 2125 1479 2142 i.

1232 2161 1257 2186 5.
1279 2154 1368 2178 Fadius
1380 2152 1530 2186 Gratidius]
1543 2152 1616 2178 Idem
1628 2152 1763 2178 Manutius
1775 2150 1968 2178 rescribendum
1979 2150 2088 2186 putabat
2096 2150 2149 2175 Fa-

1170 2222 1171 2226 *
1191 2188 1302 2220 bricius,
1313 2188 1500 2224 obsecutusque
1511 2189 1546 2215 est
1557 2188 1714 2214 Lambinus.
1734 2186 1776 2213 sed
1789 2187 1910 2214 omnibus
1921 2187 1996 2213 libi-is
2007 2186 2149 2212 abnuenti—

1191 2224 1250 2251 bus.
1271 2225 1297 2250 &
1311 2233 1381 2252 <erte
1392 2225 1543 2259 aequejuvit
1554 2225 1712 2250 Ciceronem
1725 2223 1832 2254 Fadius,
1843 2232 1920 2259 quain
1933 2220 2077 2249 Fbericiiis.

1229 2261 1256 2286 6.
1278 2265 1323 2296 Q
1333 2262 1436 2295 affaris.
1446 2271 1490 2286 non
1503 2280 1510 2292 ‚
1531 2260 1598 2294 ὠὴ]
1621 2260 1676 2286 Pal.
1688 2259 1739 2285 sec.
1750 2267 1814 2285 tert.
1823 2260 1850 2285 &
1862 2260 1877 2284 :i
1888 2267 1963 2284 manu
1976 2257 2084 2284 secunda
2094 2257 2150 2292 pri-

1193 2305 1250 2322 mus
1261 2297 1391 2330 adjiciunt
1403 2316 1410 2328 ‚
1422 2306 1449 2321 ne
1459 2297 1552 2330 ceſjhris
1562 2305 1595 2320 me
1605 2296 1821 2329 cet·ti0rcmfaccrc‚
1830 2302 1857 2320 ut
1867 2294 2004 2320 adem-mm.
2024 2293 2152 2328 idemque
2187 2323 2192 2327 ·

1195 2333 1293 2368 reperit
1304 2333 1329 2359 in
1344 2334 1378 2359 Α.
1392 2332 1577 2358 Woiiweiius.

1826 2366 1845 2376 n-

1230 2376 1258 2402 7.
1281 2372 1362 2394 Am'mi
1378 2371 1454 2400 potius
1472 2374 1515 2393 aut
1533 2369 1616 2401 consilii
1630 2374 1704 2400 pictas
1722 2365 1883 2401 mimasque]
1904 2364 2066 2394 Gulielmius
2085 2372 2160 2392 voce.

1166 2431 1169 2435 ,
1192 2404 1355 2440 transpoiita,
1367 2411 1410 2431 aut
1417 2401 1496 2438 fossus
1508 2405 1592 2438 confilii
1599 2413 1644 2431 non
1655 2404 1725 2431 mala.
