2316 3395
215 131 306 175 172
635 109 1134 160 MTULLH

204 208 253 229 ma
265 198 396 240 generis:
415 205 506 238 quam
516 195 668 226 interdum
678 215 686 228 ‚
704 193 766 235 quo
776 194 893 232 planius
904 193 1081 232 accipiatur,
1100 201 1167 231 par-

205 249 269 271 tem
281 240 350 270 licet
359 241 518 269 nominare
527 259 534 272 ‚
553 239 612 268 hoc
624 236 718 266 modo
733 247 737 264 :
761 236 794 265 Si
805 237 848 264 ita
860 239 869 254 ¹
882 235 978 265 Fabiae,
988 235 1114 274 pecunia
1123 233 1167 263 le-

205 292 269 325 gati
279 281 343 312 csta
353 283 431 315 viro,
443 279 462 310 fi
473 283 500 310 ei
510 282 576 310 viro
585 276 812 310 materfamilias
821 275 906 307 esset:
921 275 943 306 ss
953 288 985 306 ea
997 286 1030 306 in
1041 285 1168 306 manum
1188 311 1190 317 γ

1189 320 1190 337 ³
1208 328 1266 358 que
1275 327 1383 348 eorum
1395 319 1533 348 locorum
1545 338 1552 351 ‚
1572 327 1648 358 quos
1661 317 1784 356 exposui
1796 338 1803 351 ,
1826 318 1874 347 sua
1890 317 2028 358 quaedam
2039 318 2178 349 membra

206 335 272 355 non
281 332 473 356 convenerat,
485 322 563 351 nihil
574 321 707 351 debetur.
726 322 830 350 Genus
839 321 924 349 enim
934 318 986 352 est,
999 328 1078 348 uxor
1088 329 1092 347 :
1103 319 1168 355 ejus

208 366 274 396 duae
285 365 392 395 formae
402 377 410 399 ·‚
422 375 479 394 una
488 368 502 383 2
513 360 787 395 marrumfamilifis,
798 371 910 394 earum,
920 371 986 402 qux
997 362 1029 390 in
1041 370 1169 391 manum

206 416 435 440 convenerunt3
457 406 556 438 altera,
568 415 681 437 earum,
694 414 759 444 quae
769 402 986 434 tantummodo
997 412 1104 432 uxores
1118 402 1171 431 ha·-

206 449 325 479 bentur.
345 451 443 489 quain
453 457 534 488 parte
543 446 614 476 curn
624 445 715 476 fuerit
724 446 821 479 Fabia,
834 445 964 485 legatum
975 446 1075 474 cinon
1085 444 1171 474 vidc-
1190 462 1192 468 ν

206 500 265 521 tur.
291 494 317 520 A
326 489 534 522 similitudine,
547 490 604 518 hoc
613 488 724 519 modo:
748 488 781 518 Si
791 487 852 516 ades
861 498 902 517 eae
911 495 1086 517 corruerunt
1099 506 1106 519 ,
1126 487 1173 515 vi-

207 535 325 562 tiumve
334 532 479 565 fecerunt,
491 541 619 572 quarum
632 529 818 560 ususfructus
828 530 941 571 legatus
952 528 994 558 est
1009 549 1016 561 ‚
1032 529 1115 557 heres
1126 538 1172 557 re-

206 573 327 604 stituere
339 584 402 603 non
412 573 500 603 debet
510 594 518 607 ‚
532 583 588 603 nec
598 571 716 602 reficere
728 592 736 604 ‚
748 582 814 601 non
826 573 919 613 magis
930 591 937 604 ,
949 570 1041 610 quam
1053 570 1173 599 servum

204 616 377 648 restituere,
399 614 419 644 si
431 617 455 644 is
466 635 474 649 ‚
493 616 578 652 cujus
589 613 775 644 ususfructus
793 614 906 654 legatus
923 612 982 645 est,
1005 610 1171 651 deperisset.

206 660 233 688 A
249 656 437 687 differentia:
464 660 528 686 Non
541 678 548 689 ,
566 656 592 697 fi
607 657 698 686 uxori
715 657 760 685 vir
774 655 884 696 legavit
900 664 994 684 omne¹
1003 662 1172 694 argentum,

206 699 289 740 quod
301 699 389 729 suum
400 698 471 729 ess'et
485 710 489 728 :
505 697 628 731 idcirco,
639 707 705 739 qua:
715 699 747 727 in
758 696 938 727 nominibus
950 695 1082 728 fuerunt,
1096 695 1174 736 lega—

206 750 234 772 ta
244 742 318 771 sunt
349 740 484 770 multum
495 743 578 770 enim
588 739 689 770 differt
698 759 706 772 ‚
727 740 759 769 in
770 737 873 769 arcane
885 736 1015 778 positum
1027 736 1061 767 sit
1070 745 1174 776 argen-

209 792 286 816 tum,
302 786 312 809 3
326 793 363 812 an
373 785 405 812 in
417 783 524 813 tabulis
537 782 686 812 debeatur.
707 784 753 811 Ex
763 783 913 811 contrario
924 777 1076 811 autcnhsic
1089 789 1093 807 ς
1108 781 1173 807 Non

205 824 284 854 debet
294 834 325 854 ea
335 825 446 854 mulier
456 836 474 858 ‚⁷
484 826 533 854 cui
542 826 588 855 vir
597 823 751 853 bonorum
762 824 884 852 suorum
896 820 1119 851 usumfrufifflm
1131 820 1174 849 le·
1193 825 1195 842 ῑ

206 868 297 908 gavit,
309 866 400 896 caellis
411 868 546 899 vinariis,
560 867 592 896 δε
601 866 721 896 oleariis
730 865 828 904 plenis
840 863 952 899 relictis
963 883 970 896 ‚
982 872 1083 902 putare
1095 861 1125 892 id
1136 861 1173 891 ad

208 909 235 938 se
253 910 412 948 pertinere.
436 909 504 939 usus
515 910 599 938 enim
611 928 619 941 ‚
641 917 706 937 non
716 907 823 937 abusus
833 926 840 939 ‚
863 906 975 945 legatus
987 904 1042 934 est.
1063 914 1094 934 ea
1105 905 1174 934 sunt

167 959 192 991 4
209 952 288 980 inter
296 951 325 980 se
335 953 490 981 contraria.
523 950 571 980 Ab
578 948 727 987 adjunEtis
739 960 743 977 z
765 948 797 978 Si
808 958 839 976 ea
850 947 950 976 mulier
959 945 1173 976 testamentum

207 992 281 1023 fecit
289 1012 296 1025 ‚
315 1003 381 1033 quae
403 992 431 1022 se
447 994 542 1032 capite
560 1000 729 1031 numquam
747 990 895 1020 diminuit
904 1010 912 1021 ‚
934 999 997 1018 non
1008 988 1127 1018 videtur
1137 997 1174 1017 ex

206 1034 309 1065 edicto
320 1036 454 1074 praetoris
463 1033 629 1064 secundum
638 1043 685 1062 eas
694 1032 807 1062 tabulas
818 1029 954 1071 possessio
966 1030 1036 1060 dari.
1066 1030 1175 1064 adiun-

204 1077 287 1118 gitur
306 1078 389 1107 enim
402 1096 410 1109 ,
431 1085 464 1106 ut
482 1075 647 1106 secundum
660 1075 813 1104 servorum
826 1094 834 1105 ,
856 1072 1021 1103 secundum
1033 1072 1171 1103 exulum,

205 1118 374 1150 secundum
392 1118 588 1156 puerulorum
606 1116 718 1146 tabulas
733 1113 870 1155 poffeffio
880 1113 1015 1144 videatur
1025 1123 1062 1143 ex
1072 1112 1174 1143 edisio

207 1159 280 1190 dari.
313 1160 361 1190 Ab
379 1159 624 1190 antecedentibus
639 1166 739 1188 autem
751 1177 759 1190 ‚
779 1154 1075 1196 &consequentibus
1087 1155 1175 1183 &re-

205 1202 408 1242 pugnantibus
419 1221 427 1234 ‚
440 1203 498 1231 hoc
510 1199 602 1230 modo
614 1211 619 1229 2
642 1200 689 1230 Ab
698 1197 941 1228 antecedentibus
951 1218 959 1229 ‚
978 1197 1011 1226 Si
1023 1196 1081 1225 viri
1092 1195 1175 1235 culpa

207 1243 323 1274 fanum
334 1243 377 1274 cst
387 1244 565 1276 divortium,
578 1240 628 1272 etsi
636 1245 653 1269 4
662 1240 772 1271 mulier
781 1242 926 1270 nuntium
939 1235 1060 1270 remisit,
1071 1246 1173 1267 tamen

207 1295 263 1325 pro
273 1285 374 1315 liberis
385 1295 505 1315 manere
515 1285 593 1314 niliil
605 1291 731 1324 oportet.
752 1284 778 1312 A
787 1279 1053 1321 consequentibus:
1065 1279 1098 1309 Si
1108 1289 1173 1307 mu-

207 1328 270 1360 lier,
284 1326 356 1357 cuin
367 1326 467 1357 suisset
476 1336 570 1366 nupta
578 1336 649 1356 cum
660 1335 707 1358 eo2
718 1325 840 1365 quicum
851 1321 1044 1353 connubium
1054 1331 1119 1351 non
1130 1320 1175 1350 es-

208 1370 252 1401 set
262 1389 270 1402 ,
283 1371 429 1399 nuntium
441 1367 553 1399 remisit
562 1389 571 1402 ‚
590 1369 737 1408 quoniam
748 1367 801 1406 qui
810 1367 870 1395 nati
880 1365 948 1394 sunt
957 1383 965 1397 ‚
984 1371 1099 1403 patrem
1109 1372 1174 1392 non

208 1411 385 1451 sequuntur,
396 1421 450 1451 pro
460 1411 563 1440 liberis
572 1419 692 1439 manere
702 1408 782 1438 nihil
792 1415 920 1447 oportet.
945 1408 971 1435 A
982 1406 1173 1476 reaepugnanti-

207 1452 280 1484 bus:
300 1453 334 1482 Si
342 1450 554 1493 patei-flimilids
573 1453 661 1481 uxori
672 1450 848 1481 ancillarum
859 1446 995 1478 usumfru
1031 1457 1083 1476 um
1095 1447 1174 1486 lega—

207 1496 255 1526 vit
264 1494 279 1524 a
289 1493 354 1525 filio
366 1515 374 1528 ‚
399 1505 497 1536 neque
509 1494 526 1524 a
544 1493 675 1524 secundo
694 1491 801 1522 herede
818 1491 927 1532 legavit
939 1500 944 1519 :
966 1497 1087 1518 mortuo
1108 1487 1173 1518 filio

208 1536 323 1567 mulier
334 1535 559 1567 iistimfruRiim
568 1546 632 1566 non
643 1536 772 1565 amittet.
795 1531 878 1574 quod
889 1533 972 1561 enim
984 1530 1076 1560 semel
1087 1529 1173 1560 testa-

209 1587 318 1608 mento
327 1579 416 1608 alicui
427 1578 531 1608 datum
541 1577 584 1607 est
594 1597 602 1610 ,
615 1577 646 1607 id
655 1577 690 1607 ab
701 1586 737 1606 eo
747 1577 846 1604 invito
855 1594 864 1608 ,
875 1575 924 1604 cui
933 1573 1037 1603 datum
1047 1571 1088 1602 est
1098 1593 1106 1605 ,
1122 1582 1174 1602 au-

206 1619 280 1651 ferri
290 1630 356 1650 non
365 1619 471 1660 potest.
495 1628 636 1660 repugnat
645 1620 728 1648 enim
739 1616 819 1647 reete
829 1617 959 1655 accipere
970 1635 978 1648 ‚
996 1615 1172 1644 &invitum

207 1661 343 1693 reddere¹
375 1662 423 1692 Ab
436 1660 638 1692 efficientibus
647 1658 738 1691 causis
748 1665 767 1692 ‚'
778 1660 837 1688 hoc
847 1657 960 1688 modo:
978 1655 1114 1685 Omnibus
1132 1655 1175 1686 est

203 1704 256 1745 jus
275 1707 288 1731 5
297 1705 442 1744 parietem
460 1703 610 1734 direEtum
620 1703 655 1733 ad
665 1704 810 1742 parietem
821 1709 1022 1730 communem
1032 1698 1175 1741 adjunge—

205 1756 241 1776 :re
252 1766 261 1779 ‚
277 1746 328 1776 vel
338 1745 469 1776 soiidum
482 1766 490 1780 ‚
512 1746 561 1776 vel
571 1744 766 1775 fornicatum.
790 1752 818 1773 at
828 1741 916 1783 siquis
928 1743 960 1771 in
970 1742 1078 1781 pariete
1088 1751 1174 1770 com-

207 1789 300 1818 muni
310 1787 509 1818 demoliendo
519 1787 624 1817 damni
643 1785 748 1816 infesti
766 1786 937 1826 promiserit
949 1794 954 1812 z
973 1793 1038 1813 non
1057 1783 1178 1812 debebit

205 1829 342 1871 praestare
352 1830 435 1871 quod
443 1829 549 1860 fornix
558 1830 626 1859 vitii
635 1827 748 1858 fecerit.
772 1837 836 1857 non
846 1828 930 1856 enim
940 1826 965 1865 ej
972 1836 1003 1855 us
1014 1826 1090 1856 vitio
1101 1844 1109 1858 ,
1123 1827 1175 1866 qui

206 1872 375 1902 demolitus
397 1870 439 1902 est
449 1892 458 1905 ‚
479 1871 627 1902 damnum
637 1869 750 1900 fanum
762 1868 805 1899 est
814 1889 823 1902 ,
846 1868 895 1898 sed
905 1868 968 1904 ejus
980 1868 1077 1907 operis
1086 1869 1174 1900 vitio,

209 1913 293 1955 quod
303 1915 343 1943 ita
353 1912 533 1944 aedificatum
545 1912 597 1947 est,
610 1921 641 1942 ut
649 1911 789 1951 suspendi
798 1921 861 1940 non
872 1908 976 1950 poffet.
1004 1909 1051 1939 Ab
1061 1907 1176 1938 effeEtis

206 1956 299 1986 rebus
308 1976 317 1989 ‚
338 1956 397 1985 hoc
408 1955 503 1985 modo
516 1966 521 1984 :
543 1954 613 1984 cam
633 1954 733 1982 mulier
748 1955 813 1983 viro
832 1954 864 1982 in
882 1961 1009 1982 manum
1020 1953 1175 1984 convenit,

211 1999 329 2031 omnia,
340 2007 407 2038 quae
418 1998 553 2027 mulieris
563 1996 696 2029 fuerunt,
707 1993 723 2015 ⁶
732 1996 788 2025 viri
799 1993 876 2024 fiunt
885 1993 962 2024 dotis
972 1994 1109 2022 nomine.
1128 1995 1174 2022 Ex

208 2041 434 2079 comparatione
451 2048 553 2070 autem
570 2040 675 2069 omnia
693 2037 794 2079 valent
802 2057 810 2071 ‚
835 2047 901 2077 qua:
920 2036 986 2066 sunt
1004 2034 1156 2074 ejusmodi
1168 2045 1173 2064 :

205 2086 222 2111 7
234 2081 322 2121 Qod
330 2083 359 2110 in
369 2092 396 2110 re
405 2082 519 2118 maiore
529 2081 610 2111 valet
619 2101 627 2114 ‚
639 2080 734 2110 valeat
744 2081 777 2108 in
786 2081 905 2109 minore
920 2088 925 2106 z
944 2075 1003 2107 utfi
1013 2079 1045 2106 in
1056 2077 1127 2106 urbe
1138 2075 1174 2106 fi-

206 2133 262 2153 nes
271 2133 336 2153 non
345 2132 487 2164 reguntur
498 2142 507 2156 ‚
527 2133 626 2163 neque
634 2131 709 2162 aqua
717 2123 751 2150 in
761 2121 833 2150 urbe
843 2129 980 2151 arceatur.
1013 2122 1090 2149 Item
1101 2129 1175 2149 con-

208 2164 270 2195 tra:
292 2164 380 2205 Qud
388 2166 416 2193 in
426 2165 532 2194 minore
541 2165 635 2198 valet,
657 2163 794 2193 valeatin
805 2163 928 2201 majore.
949 2161 1109 2190 licetidem
1121 2171 1176 2190 ex-

207 2206 348 2246 emplum
357 2214 540 2236 convertere.
563 2209 642 2237 Item
654 2216 659 2234 :
684 2204 772 2244 Qod
780 2204 808 2233 in
818 2214 845 2232 re
854 2205 917 2243 pari
927 2202 1020 2235 valet,
1036 2203 1131 2232 valeat
1143 2204 1176 2231 in

207 2249 274 2282 hac,
285 2258 352 2288 quae
361 2257 412 2288 par
420 2247 463 2278 est
474 2259 479 2277 z
490 2257 532 2281 ut,
544 2249 693 2289 Qoniam
704 2247 771 2277 usus
780 2244 939 2275 auditui-itas
950 2243 1049 2277 fundi,
1060 2239 1074 2262 8
1087 2244 1173 2273 bien-

208 2292 299 2321 nium
309 2290 351 2320 est
361 2310 369 2324 ,
382 2288 416 2320 sit
426 2299 517 2320 etiam
527 2290 648 2321 aedium.
669 2298 696 2319 at
705 2290 738 2318 in
748 2288 810 2329 lege
822 2287 898 2318 aedes
906 2296 970 2315 non
980 2285 1174 2325 appellantur,

207 2332 244 2362 δε
254 2332 323 2362 sunt
330 2341 494 2362 ceterarum
505 2332 659 2365 omnium,
669 2339 795 2371 quarum
803 2338 921 2359 annuus
930 2326 971 2357 est
981 2327 1058 2356 usus.
1081 2327 1176 2357 valeat

208 2375 342 2415 aequitas,
352 2383 417 2414 quae
427 2373 545 2413 paribus
555 2375 588 2403 in
597 2372 688 2402 causis
696 2373 775 2411 pai-ia
786 2372 792 2407 j
798 2381 848 2401 ura
856 2368 1006 2400 desiderat.
1039 2371 1113 2408 Qae
1121 2378 1173 2397 au-

208 2425 273 2446 tem
285 2416 468 2446 extrinsecus
476 2414 684 2448 assumuntur,
695 2424 727 2444 ea
736 2412 871 2442 maxime
883 2422 920 2442 ex
931 2410 1105 2441 aurstoritate
1116 2410 1173 2440 du-

209 2468 327 2491 cuntur.
353 2461 453 2500 itaque
464 2461 560 2489 Graeci
569 2459 652 2489 taleis
661 2458 935 2499 argumentationes
945 2477 954 2490 ,
978 2453 1097 2492 άῑέχυες
1115 2464 1172 2484 vo-

206 2510 275 2532 cant
284 2521 293 2535 ‚
311 2500 342 2530 id
353 2501 395 2531 est
403 2522 411 2534 ,
430 2503 498 2530 artis
507 2502 654 2543 expertas:
673 2510 706 2530 ut
715 2520 724 2533 ,
735 2498 801 2529 siim
810 2498 986 2538 respondeas
996 2518 1004 2532 ,
1023 2496 1172 2537 Qonitmz

205 2545 241 2573 P.
253 2543 384 2573 Scaevola
394 2543 424 2573 id
435 2543 533 2573 solum
545 2541 603 2573 esse
613 2542 744 2573 ambitus
754 2541 866 2571 redium
875 2540 1003 2574 dixerit,
1021 2539 1102 2580 quod
1120 2548 1172 2578 pa-

205 2586 290 2615 siens
301 2586 477 2614 communis
487 2585 607 2626 tegendi
617 2582 823 2614 causate&um
832 2582 1026 2622 projiceretur
1035 2601 1044 2614 ,
1060 2591 1098 2610 ex
1109 2590 1170 2621 quo

206 2627 242 2656 in
250 2625 365 2656 teEtum
374 2626 449 2666 ejus,
459 2626 549 2656 aedeis
557 2629 609 2668 qui
616 2623 790 2666 protexiss‘et
800 2644 809 2658 ‚
819 2634 892 2665 aqua
902 2623 1062 2656 deflueret,
1075 2622 1105 2652 id
1116 2621 1172 2652 tibi

204 2668 255 2710 jus
265 2667 370 2698 videri.
403 2670 460 2697 His
472 2670 562 2709 igitur
571 2670 646 2698 locis
658 2688 666 2701 ‚
677 2667 805 2708 quisunt
814 2664 939 2706 expositi
950 2686 959 2699 ,
979 2664 1014 2696 ad
1025 2674 1118 2694 omne
1127 2673 1172 2694 ar—

206 2718 390 2751 gumentum
401 2709 610 2749 reperiendum
622 2730 629 2743 ‚
652 2718 794 2750 tanquam
810 2709 970 2738 elementis
979 2706 1170 2748 quibusdam,

208 2748 384 2792 significatio
394 2772 402 2786 ‚
415 2751 448 2781 δε
457 2751 675 2782 demonstratio
683 2751 777 2782 datur.
809 2748 923 2781 Utrum
932 2751 1022 2790 igitur
1030 2747 1175 2778 hira-enus

208 2793 277 2824 satis
287 2792 348 2824 est?
366 2793 422 2824 tibi
432 2793 558 2834 quidem
575 2802 635 2825 tam
651 2802 737 2825 acuto
746 2813 756 2828 ‚
778 2792 812 2823 &
829 2801 891 2823 tam
908 2799 1052 2832 occupato
1060 2810 1069 2825 ‚
1088 2797 1174 2831 puto.

253 2904 262 2922 1
270 2915 276 2922 .
296 2898 479 2935 Fabisepccum'a
489 2898 565 2930 legata
576 2899 621 2929 eff,
630 2898 698 2931 [lym]
710 2897 802 2924 Aliter
811 2897 900 2923 isthaec
908 2897 1102 2933 interpretatur
1114 2895 1175 2921 Ho-

211 2938 334 2959 romanus
346 2931 393 2958 lib.
406 2941 416 2958 1
424 2952 430 2958 .
441 2931 554 2958 Observ.
565 2942 622 2968 cap.
633 2941 679 2965 24.

250 2975 278 2992 2.
297 2972 410 2994 :Uati-um
418 2969 536 3000 familiae,
547 2978 628 2993 earum
637 2978 695 3003 quie,
707 2969 774 3002 eye]
787 2968 954 3000 Pithoeanus‚
965 2970 1055 3002 eaeficn?
1064 2968 1175 3002 quae,&c.

212 3002 272 3031 Pal.
282 3005 327 3030 ἷκτο
336 3006 370 3029 eft*
378 3013 437 3037 quae,
447 3005 497 3034 dyc.
509 3011 539 3030 ut
548 3012 672 3040 appareat
682 3004 830 3031 dietioncm
841 3015 923 3031 earum
932 3004 983 3031 effi:
994 3007 1009 3031 a
1019 3004 1111 3041 glossa.

253 3047 280 3074 3.
298 3042 339 3065 An
347 3042 373 3064 in
383 3041 470 3065 tabulas
479 3040 618 3074 debeatur]
630 3040 704 3066 Idem
717 3041 885 3067 Hotomanus
896 3041 1040 3068 delendum
1050 3047 1126 3078 putat
1135 3039 1178 3067 di-

215 3073 335 3102 &ionem
345 3075 504 3110 postremam
515 3085 572 3111 cap.
584 3085 630 3109 ²5-

251 3118 280 3144 4.
300 3113 392 3137 Mulier
409 3115 519 3140 numium
538 3111 650 3148 maistin]
669 3111 790 3141 Illustrat
808 3113 979 3142 Hotomanus
996 3112 1067 3142 libro
1079 3122 1104 3141 1.
1121 3111 1181 3141 Ob-

216 3145 315 3176 servat.
327 3155 385 3184 cap.
397 3156 444 3183 ²5·

1192 579 1193 594 ³
1212 567 1343 608 possunt,
1355 577 1387 597 ut
1396 567 1538 601 fundum,
1550 567 1640 597 aedeis
1653 587 1660 600 ‚
1671 568 1815 606 parietem
1824 587 1832 599 ‚
1845 565 2034 597 stillicidium
2044 588 2053 601 ‚
2065 569 2184 601 manci-

1213 110 1742 158 CICERONIS

1187 196 1189 204 '
1205 191 1261 222 Sed
1272 211 1280 225 ,
1299 192 1446 232 quoniam
1456 190 1579 222 avidum
1592 191 1753 221 hominem
1765 189 1799 221 ad
1809 191 1858 221 has
1872 189 2006 222 discendi
2017 191 2118 233 epulas
2125 201 2173 224 re-
2191 198 2213 231 5

1188 251 1189 259 ι
1207 235 1284 273 cepi,
1295 232 1331 263 sic
1341 236 1495 273 accipiam,
1507 242 1538 263 ut
1550 234 1743 274 reliquiarum
1753 231 1786 263 sit
1795 235 1895 274 pocius
1906 233 2029 274 aliquid,
2046 234 2137 275 quam
2146 243 2176 265 te

1209 276 1282 305 hinc
1291 278 1382 316 patiar
1393 286 1456 306 non
1464 276 1599 306 satiatum
1609 274 1765 305 discedere.
1794 275 1922 316 Qando
1934 285 2003 315 ergo
2016 276 2178 317 unusquis-

1210 359 1299 390 habet
1310 380 1318 393 .
1336 360 1467 400 eaquam
1481 357 1672 389 subtilissime
1681 359 1907 399 persequamur,
1932 360 1965 389 &
1983 358 2120 399 primum
2139 359 2179 389 de

1210 402 1271 441 ipsa
1279 400 1459 431 definitione
1471 401 1596 430 dicatur.
1622 399 1761 438 Definitzo
1770 421 1777 433 ‚
1789 400 1830 430 est
1841 403 1937 431 oratio
1948 421 1955 434 ‚
1967 411 2032 441 quae
2042 401 2084 434 id,
2095 399 2180 442 quod

1212 442 1366 476 definitur,
1378 444 1508 483 explicat
1520 462 1528 474 ,
1538 441 1611 482 quid
1623 441 1668 471 sit.
1695 440 1923 472 Definitionum
1932 452 2032 472 autem
2042 442 2103 472 duo
2111 443 2182 473 sunt

1212 495 1319 525 genera
1329 486 1436 524 prima.
1462 488 1568 514 Unum
1578 493 1679 513 earum
1691 493 1803 517 rerum,
1813 494 1878 524 quae
1890 485 1974 514 sunt:
1996 484 2124 514 alterurn
2134 494 2183 514 ea-

1213 537 1281 556 rum
1294 547 1302 560 ‚
1320 536 1386 567 quae
1398 526 1618 565 intelliguntur.
1648 524 1708 562 Effe
1719 535 1750 554 ea
1759 525 1828 555 dico
1839 544 1847 558 ,
1869 535 1935 565 quae
1943 527 2025 555 cerni
2035 545 2044 559 ‚
2062 527 2185 567 tangive

1212 613 1311 650 pium,
1324 609 1482 650 pecudem,
1499 608 1728 649 supelleffilem,
1741 618 1847 648 penuS,
1858 618 1963 641 cetera,
1974 618 2036 649 quo
2044 618 2081 639 ex
2092 619 2184 651 gene—

1215 662 1245 682 re
1255 651 1391 693 quaedam
1404 651 1556 682 interdum
1570 651 1659 680 nobis
1669 649 1841 680 definienda
1851 650 1928 680 sunt.
1953 653 2018 679 Non
2029 651 2078 688 effe
2086 651 2185 681 rursus

1215 704 1247 724 ea
1258 695 1406 735 dicmquae
1418 695 1507 734 tangi,
1518 691 1754 722 demonstrarive
1766 702 1830 721 non
1840 691 1978 731 poss'unt,
1990 695 2071 722 cerni
2081 701 2185 724 tamen

1214 738 1331 769 animo,
1344 735 1567 776 atqueintelligi
1577 732 1715 774 poss'unr:
1740 742 1783 767 ut,
1796 732 1815 762 si
1825 734 2042 774 usucapionem
2051 754 2059 768 ,
2074 733 2095 764 fi
2106 743 2187 765 tute-

1215 778 1275 808 lam
1286 798 1293 811 ‚
1313 777 1333 807 si
1342 786 1474 819 gentem,
1486 775 1506 806 fi
1515 778 1705 818 agnationem
1717 774 1852 809 definias,
1864 785 1991 816 quarum
2003 786 2102 806 rerum
2112 777 2187 806 nul-

1215 819 1280 849 lum
1297 818 1396 849 subest
1413 816 1492 859 quasi
1508 827 1630 857 corpus:
1655 816 1698 847 est
1715 826 1815 848 tamen
1833 817 1971 858 quaedam
1980 817 2185 849 conformatio

1214 859 1353 902 insignita
1364 881 1372 894 ‚
1393 861 1426 890 &
1437 858 1576 900 impreffa
1586 859 1802 904 intelligentia:
1820 869 1910 900 quam
1922 861 2082 890 notionem
2093 871 2182 891 voco.
2216 878 2222 881 <

1214 913 1247 932 ea
1256 903 1329 943 saepe
1339 904 1371 932 in
1380 901 1618 943 argumentando
1637 901 1817 931 definitione
1830 901 2009 940 explicanda
2025 902 2101 932 sunt-
2126 905 2184 933 At-
2205 896 2215 899 ‘⁷

1213 955 1271 985 que
1279 942 1572 982 etiam-definitiones
1583 963 1591 976 ‚
1602 943 1667 973 aliae
1675 943 1742 972 sunt
1750 943 1947 982 partitionum
1959 963 1967 977 ‚
1984 943 2048 973 aliae
2057 942 2184 974 divisio-

1215 997 1302 1016 num.
1326 987 1527 1017 Partitionum
1540 1005 1548 1018 ,
1560 984 1633 1014 cum
1642 995 1686 1014 res
1697 995 1729 1014 ea
1737 1004 1744 1017 ‚
1759 994 1823 1024 quae
1833 984 1980 1024 proposita
1987 984 2031 1015 est
2039 1006 2046 1019 ,
2059 980 2138 1026 quafi
2147 987 2183 1016 in

1215 1027 1353 1058 membra
1361 1027 1551 1067 discerpitur:
1570 1036 1602 1056 ut
1614 1047 1622 1060 ,
1633 1024 1653 1055 fi
1662 1027 1782 1066 quisjus
1792 1026 1877 1055 civile
1886 1026 1963 1056 dicat
1971 1027 2001 1056 id
2011 1025 2068 1057 effe
2078 1047 2086 1061 ‚
2095 1027 2182 1068 quod.

1214 1071 1247 1099 in
1257 1070 1382 1112 legibus,
1393 1068 1665 1101 senatusconsultis,
1676 1067 1910 1107 rebusjudicatis
1920 1087 1928 1101 ,
1936 1069 2181 1108 jurisperitorum

1214 1111 1400 1144 aurstoritate,
1413 1110 1519 1140 edrffis
1529 1109 1767 1151 magistratuum,
1781 1112 2019 1150 m01·e‚aequitate
2029 1109 2179 1142 consistat.

1215 1151 1411 1183 Divisionum
1429 1160 1530 1182 autem
1546 1150 1687 1180 definitio
1698 1150 1811 1180 formas
1821 1154 1942 1181 omneis
1951 1151 2177 1193 compleGkitur,

1213 1204 1279 1234 quae
1289 1194 1343 1224 sub
1352 1204 1388 1223 eo
1397 1204 1505 1234 genere
1514 1193 1590 1225 sunt,
1602 1192 1683 1233 quod
1691 1191 1845 1226 definitur,
1856 1193 1912 1222 hoc
1921 1193 2032 1223 modo:
2050 1193 2182 1224 ..Abalie-

1214 1236 1292 1265 natio
1303 1255 1311 1268 ‚
1321 1234 1364 1265 est
1373 1236 1396 1275 ej
1403 1245 1435 1264 us
1446 1236 1506 1268 rei,
1517 1244 1583 1275 quae
1592 1235 1723 1274 mancipi
1733 1233 1775 1263 est
1785 1253 1793 1266 ‚
1805 1243 1854 1264 aut
1862 1234 1982 1265 traditio
1991 1235 2075 1265 alteri
2083 1246 2177 1271 nexu,
2315 1259 2316 1263 ,

1214 1286 1264 1308 aut
1273 1279 1304 1307 in
1310 1278 1377 1317 jure
1385 1275 1484 1310 ccffio,
1496 1279 1575 1306 inter
1582 1286 1657 1317 quos
1666 1285 1698 1306 ea
1705 1276 1771 1315 jure
1780 1276 1864 1305 civili
1874 1274 1938 1306 fieri
1945 1275 2077 1316 possunt.
2102 1281 2178 1309 Sunt
2194 1279 2220 1315 6
2310 1295 2316 1390 Ι

1216 1319 1249 1350 &
1266 1318 1322 1349 alia
1336 1329 1444 1360 genera
1458 1317 1693 1348 definitionum:
1713 1317 1762 1347 sed
1779 1317 1814 1347 ad
1825 1318 1914 1357 hujus
1925 1318 1995 1348 libri
2005 1318 2180 1352 institutum

1214 1361 1264 1391 illa
1274 1362 1353 1391 nihil
1360 1362 1526 1401 pertinent:
1550 1358 1667 1390 tantum
1680 1358 1723 1389 est
1730 1358 1909 1394 dicendum,
1920 1362 1973 1409 qui
1981 1358 2015 1390 sit
2023 1360 2181 1392 definitio-

1214 1405 1262 1433 nis
1273 1401 1393 1433 modus.
1415 1404 1463 1433 Sic
1473 1403 1563 1443 igitur
1571 1409 1684 1431 veteres
1692 1402 1871 1442 praecipiunt
1881 1412 1891 1435 2
1905 1411 1976 1432 cum
1986 1403 2005 1432 s
2001 1403 2123 1433 umseris
2133 1413 2178 1438 ea,

1213 1455 1279 1486 qua:
1289 1445 1356 1476 sunt
1364 1446 1392 1474 ei
1401 1446 1443 1474 rei
1452 1464 1461 1479 ‚
1482 1450 1573 1485 quarn
1581 1442 1706 1473 definire
1716 1443 1791 1473 velis
1801 1463 1809 1476 ,
1832 1454 1904 1473 cum
1912 1443 1978 1474 aliis
1985 1447 2179 1480 communia,

1214 1488 1306 1528 usque
1316 1486 1352 1517 eo
1362 1486 1498 1528 persequi
1509 1506 1517 1520 ‚
1536 1485 1611 1515 dum
1620 1487 1778 1525 proprium
1787 1483 1933 1515 efficiatur
1942 1505 1950 1519 ‚
1969 1485 2052 1527 quod
2060 1487 2179 1521 nullam

1214 1530 1246 1559 in
1255 1529 1344 1559 aliam
1354 1538 1418 1558 rem
1428 1527 1577 1558 transferri
1586 1525 1681 1567 poffit.
1704 1530 1748 1557 Ut
1756 1528 1823 1560 hoc,
1835 1527 1981 1563 Hereditas
1990 1527 2032 1558 est
2038 1531 2179 1569 pecunia.

1214 1573 1387 1602 Commune
1398 1569 1503 1600 adhuc.
1528 1569 1623 1599 multa
1632 1570 1716 1599 enim
1727 1579 1833 1610 genera
1842 1569 1910 1600 sunt
1918 1571 2065 1609 pecuniae.
2090 1570 2178 1602 Adde

1213 1612 1294 1654 quod
1315 1613 1461 1653 sequitur:
1480 1621 1540 1657 quie
1553 1618 1640 1640 morte
1654 1611 1780 1652 alicujus
1794 1610 1830 1641 ad
1846 1613 2020 1652 quempiam
2028 1612 2177 1652 pervenit.

1215 1654 1355 1685 nondum
1374 1653 1417 1685 est
1433 1653 1584 1684 definitio.
1607 1653 1713 1683 multis
1729 1654 1815 1683 enim
1830 1652 1932 1683 modis
1948 1652 2008 1683 fine
2018 1653 2181 1686 hereditate

1216 1699 1311 1728 teneri
1320 1705 1513 1729 mortuorum
1522 1697 1658 1737 pecuniae
1665 1693 1798 1736 pofl'unt.
1827 1698 1937 1726 Unum
1949 1695 2023 1727 adde
2036 1697 2177 1732 verbum,

1207 1741 1284 1779 jure.
1306 1741 1368 1780 jam
1379 1739 1395 1769 a
1406 1740 1626 1769 communitate
1636 1747 1681 1768 res
1690 1736 1841 1778 disjuncta
1848 1737 1999 1768 videbitur
2006 1758 2015 1773 ,
2036 1746 2070 1769 ut
2082 1737 2117 1769 fit
2125 1748 2180 1769 ex-

1214 1783 1320 1822 plicata
1329 1780 1481 1815 definitio,
1491 1779 1529 1811 sic
1541 1791 1546 1809 :
1570 1780 1726 1811 Hereditas
1735 1779 1778 1810 est
1785 1781 1912 1820 pecunia
1920 1800 1929 1814 ‚
1940 1790 2005 1821 quae
2016 1789 2114 1810 morte
2123 1781 2181 1811 ali-

1215 1825 1262 1864 cuj
1267 1834 1301 1854 us
1310 1823 1344 1854 ad
1353 1825 1527 1865 quempiam
1537 1821 1674 1862 pervenit
1679 1822 1689 1862 j
1694 1832 1757 1852 ure.
1781 1821 1932 1851 Nondum
1942 1821 1985 1852 cst
1994 1823 2060 1852 satis
2073 1833 2078 1851 z
2089 1821 2176 1860 adde,

1216 1874 1303 1895 necea
1309 1873 1361 1895 aut
1371 1866 1464 1906 legata
1474 1863 1653 1895 testamento
1663 1884 1671 1898 ‚
1681 1873 1730 1894 aut
1739 1861 1915 1903 poffeffione
1925 1872 2048 1894 retenta.
2071 1863 2180 1902 confe-

1216 1907 1300 1938 &um
1309 1907 1361 1938 est.
1384 1910 1521 1948 Itemque
1533 1927 1541 1940 ,
1552 1914 1585 1936 ut
1594 1905 1671 1936 illud
1682 1927 1690 1940 ‚
1700 1905 1825 1935 Gentiles
1835 1906 1903 1936 sunt
1911 1925 1919 1939 ‚
1937 1907 1989 1946 qui
1998 1906 2114 1937 inter-se
2124 1916 2178 1937 eo-

1215 1950 1286 1981 dem
1297 1951 1423 1980 nomine
1436 1949 1513 1979 sunt.
1545 1950 1621 1979 Non
1630 1947 1673 1978 est
1683 1949 1758 1978 satis.
1784 1947 1849 1987 Qi
1857 1947 1893 1976 ab
1903 1949 2045 1988 ingenuis
2054 1948 2178 1980 oriundi

1215 1993 1292 2022 sunt.
1317 1995 1366 2022 Ne
1374 1991 1404 2021 id
1414 1990 1541 2032 quidem
1552 1990 1617 2020 satis
1626 1989 1676 2020 est.
1705 1989 1838 2029 Qorum
1855 1991 1995 2029 majorum
2012 2000 2106 2020 nemo
2117 1991 2179 2021 ser-

1214 2036 1344 2064 vitutem
1355 2034 1485 2064 servivit.
1518 2031 1611 2073 Abest
1619 2034 1708 2062 etiam
1720 2042 1818 2061 nunc:
1837 2031 1903 2074 Qi
1919 2033 2010 2071 capite
2026 2042 2090 2062 non
2108 2033 2178 2063 sunt

1214 2076 1376 2108 deminuti.
1399 2078 1468 2105 Hoc
1477 2072 1594 2104 fortasse
1604 2074 1670 2104 satis
1680 2073 1733 2103 est.
1768 2074 1856 2102 Nihil
1868 2075 1952 2102 enim
1962 2073 2051 2103 video
2060 2077 2179 2104 Scaevo-

1216 2119 1274 2148 lam
1287 2138 1294 2151 ‚
1313 2116 1492 2157 pontificem
1503 2136 1512 2149 ‚
1530 2115 1566 2145 ad
1581 2116 1658 2145 hanc
1677 2113 1892 2145 definitionem
1901 2113 2053 2144 addidisse.
2078 2118 2178 2156 Atque

1215 2161 1277 2189 haec
1295 2161 1370 2189 ratio
1388 2158 1467 2188 valet
1481 2159 1514 2187 in
1531 2166 1658 2197 utroque
1675 2166 1783 2196 genere
1799 2155 2017 2185 definitionum
2029 2175 2037 2189 ‚
2062 2155 2121 2187 five
2130 2157 2176 2191 id,

1215 2201 1296 2242 quod
1304 2200 1357 2234 est,
1367 2199 1476 2233 siveid,
1488 2198 1570 2239 quod
1580 2198 1758 2238 intelligitur
1768 2217 1776 2231 ,
1788 2196 1997 2227 definiendum
2009 2198 2060 2228 est.
2084 2200 2178 2229 Parti-

1215 2252 1336 2273 tionum
1345 2250 1444 2272 autem
1455 2261 1463 2274 ‚
1483 2241 1515 2270 &
1525 2238 1709 2269 divisionum
1720 2249 1812 2280 genus
1831 2239 1916 2279 quale
1934 2237 2004 2269 esset
2014 2260 2022 2273 ,
2042 2239 2178 2271 ostendi-

1214 2294 1294 2317 muS‚
1306 2283 1354 2314 scd
1364 2282 1436 2324 quid
1446 2284 1524 2312 inter
1534 2282 1563 2311 se
1573 2279 1711 2311 differant
1720 2302 1728 2314 ,
1740 2283 1857 2321 planius
1867 2281 2031 2311 dicendum
2040 2281 2092 2312 est.
2137 2285 2175 2313 In
2197 2293 2216 2328 7

1212 2327 1369 2366 partitione
1380 2322 1459 2365 quasi
1470 2323 1606 2353 membra
1616 2323 1698 2352 sunt:
1718 2332 1750 2352 ut
1758 2331 1892 2363 corporis
1901 2343 1909 2356 ‚
1927 2332 2031 2362 caput,
2045 2325 2175 2359 humeri,

1213 2377 1331 2400 manus,
1342 2367 1439 2399 latera,
1449 2375 1542 2398 crura,
1554 2364 1655 2405 pedes,
1668 2365 1700 2394 Sc
1709 2374 1814 2395 cetera.
1838 2368 1872 2395 In
1885 2364 2031 2395 divisione
2044 2386 2052 2398 ‚
2067 2365 2176 2397 formae

1212 2413 1279 2447 sunt
1287 2433 1295 2445 ‚
1314 2421 1384 2452 quas
1395 2412 1491 2441 Graeci
1503 2405 1586 2442 ἰᾶἐιις
1596 2419 1720 2440 vocant:
1740 2408 1831 2439 nostri
1845 2430 1853 2443 ,
1865 2409 1885 2440 si
1896 2412 1947 2451 qui
1958 2411 2021 2441 haec
2029 2410 2108 2441 forte
2120 2420 2180 2442 tra-

1212 2453 1406 2492 &ant‚species
1414 2453 1577 2493 appellant:
1597 2462 1661 2482 non
1669 2450 1793 2491 pessime
1804 2452 1834 2481 id
1848 2452 1971 2493 quidem
1981 2473 1989 2486 ‚
2001 2452 2049 2483 sed
2058 2453 2178 2483 inutili-

1212 2506 1254 2526 ter
1264 2496 1299 2526 ad
1309 2494 1470 2525 mutandos
1482 2495 1562 2524 casus
1574 2495 1607 2524 in
1618 2493 1758 2524 dicendo.
1782 2494 1892 2524 Nolim
1903 2496 1998 2527 enim,
2011 2504 2048 2524 ne
2060 2493 2081 2525 fi
2092 2496 2176 2525 Lati-

1210 2537 1249 2568 ne
1268 2537 1393 2578 quidem
1404 2536 1463 2566 dici
1475 2534 1562 2576 posfit
1573 2555 1580 2569 ‚
1600 2536 1764 2576 specierum
1775 2555 1783 2569 ‚
1805 2536 1838 2566 &
1850 2536 2003 2576 speciebus
2011 2535 2107 2566 dicere
2119 2547 2124 2566 :
2142 2536 2178 2567 δε

1213 2581 1287 2619 saepe
1298 2580 1343 2608 liis
1355 2577 1465 2609 casibus
1476 2577 1625 2608 utendum
1635 2577 1695 2608 est:
1713 2586 1741 2608 at
1749 2577 1857 2608 formis
1867 2598 1875 2611 ‚
1898 2578 1931 2608 δε
1947 2577 2116 2609 formarum
2125 2588 2179 2609 ve-

1213 2622 1278 2651 lim.
1298 2620 1377 2650 Cum
1386 2630 1486 2650 autem
1498 2628 1625 2660 utroque
1633 2620 1727 2650 verbo
1738 2619 1819 2649 idem
1830 2618 2021 2661 significetur,
2033 2630 2177 2650 commo-

1213 2664 1337 2693 ditatem
1357 2664 1390 2692 in
1409 2661 1538 2692 dicendo
1556 2672 1620 2692 non
1640 2662 1767 2692 arbitror
1780 2661 1999 2703 negligendam.
2028 2664 2131 2692 Genus
2142 2662 2176 2693 &:

1213 2704 1346 2734 formam
1365 2703 1515 2744 definiunt
1529 2705 1588 2734 hoc
1604 2703 1716 2734 modo:
1737 2704 1829 2732 Genus
1840 2724 1849 2737 ,
1865 2703 1908 2733 est
1920 2705 2008 2734 notio
2017 2703 2054 2734 ad
2062 2704 2177 2744 plureis

1216 2744 1396 2776 differentias
1406 2748 1568 2786 pertinens.
1587 2748 1696 2779 Forma,
1708 2744 1751 2775 est
1760 2747 1857 2779 notio,
1868 2746 1954 2785 cujus
1964 2744 2132 2776 differentia
2139 2744 2177 2776 ad

1217 2797 1303 2830 caput
1311 2790 1428 2828 generis
1439 2808 1448 2822 ‚
1467 2788 1499 2818 &
1509 2786 1588 2830 quasi
1594 2786 1715 2818 fontem
1726 2786 1827 2818 referri
1835 2786 1942 2829 potest.
1956 2788 2118 2817 Notionem
2126 2797 2179 2828 ap-
2230 2801 2243 2824 ς

2083 2829 2178 2870 pello,

2311 1391 2314 1403 l

1258 2904 1284 2928 5.
1304 2899 1424 2921 Par-retem
1434 2897 1546 2921 dereffum
1557 2915 1565 2926 ,
1575 2893 1642 2928 dra]
1656 2894 1744 2928 Hujus
1755 2903 1861 2929 quoque
1871 2893 2015 2929 explicatio
2025 2890 2138 2928 petenda
2147 2891 2182 2918 ab

1220 2932 1368 2958 Hotomani
1380 2931 1447 2957 libro
1461 2941 1496 2957 11.
1507 2931 1619 2957 Observ.
1629 2939 1685 2965 cap.
1698 2939 1721 2956 1.

1255 2968 1282 2993 6.
1302 2969 1424 3001 Virifium
1433 2968 1490 2994 doris
1499 2965 1613 2999 nomine]
1625 2967 1665 2992 De
1676 2974 1708 2992 eo
1717 2966 1798 2992 etiam
1810 2965 1982 2992 Hotomanus
1992 2962 2181 3001 disputationi-

1219 3003 1341 3038 busjuris
1352 3003 1439 3029 civilis
1449 3002 1482 3029 de
1492 3002 1607 3029 Dotibus
1619 3021 1627 3034 ‚
1638 3011 1694 3037 cap.
1708 3003 1770 3036 1.§.
1784 3010 1810 3035 5.

1256 3047 1284 3074 7.
1304 3040 1371 3072 Qud
1379 3042 1404 3064 in
1415 3048 1439 3064 re
1446 3040 1533 3072 majore
1540 3040 1608 3064 valet
1619 3057 1627 3070 ,
1645 3039 1731 3064 valeat
1743 3041 1769 3063 in
1779 3036 1891 3071 mere]
1911 3037 2082 3064 Hotomanus
2092 3036 2179 3064 inter·-

1219 3074 1353 3113 ponendas
1364 3081 1439 3111 putat
1447 3074 1513 3101 duas
1524 3074 1661 3110 negativas
1671 3073 1719 3099 lib.
1732 3081 1743 3100 1
1751 3082 1774 3099 1.
1785 3072 1898 3099 Obserw
1909 3082 1964 3109 cap.
1975 3081 2003 3099 2.

1257 3110 1285 3138 8.
1304 3114 1429 3140 Biennium
1439 3111 1499 3147 crist]
1512 3109 1586 3139 Idem
1596 3110 1782 3147 corrigendum
1792 3116 1869 3146 putat
1877 3108 1967 3139 libai.
1977 3108 2182 3146 Observ.cap.2.*

1220 3147 1322 3176 biennis.
2167 3167 2171 3177 .-

2092 3187 2116 3208 ι.
2127 3176 2186 3206 Pei!
