2339 3379
573 132 1173 183 E121s·r.AD·A1>1³1UM

335 224 476 255 M.‘1·.c.
508 224 659 255 APPIO
680 224 851 254 PULCH
866 224 950 256 Ro,
982 224 1010 252 S.
1026 223 1067 251 D.

234 273 371 352 CUM
391 284 496 306 meum
512 273 626 305 sardium
636 284 706 304 cum
717 284 771 305 tuo
780 283 920 314 comparo
932 293 941 307 ,
953 271 1002 302 etsi
1013 281 1077 302 non
1088 272 1184 312 magis

320 317 397 347 mihi
410 315 496 347 faveo
505 317 539 346 in
548 315 648 347 nostra
656 318 788 347 amicitia
803 315 912 347 tuenda
922 335 931 350 ‚
943 324 1032 355 quam
1043 312 1098 343 tibi
1111 323 1116 341 ε
1141 322 1182 342 ta-

227 369 302 390 men
321 359 421 389 multo
439 359 535 400 magis
552 368 622 388 meo
640 357 720 388 fasta
739 357 890 392 deleEtom
914 358 1005 398 quarn
1024 363 1086 385 tuo.
1117 357 1181 398 Ego

227 402 312 432 enim
322 398 470 430 Brundisii
478 398 599 441 quaesivi
608 410 645 430 ex
656 401 776 435 Phania,
785 403 832 436 cuj
837 410 870 430 us
880 400 958 429 mihi
968 397 1089 428 videbar
1098 395 1131 425 &
1146 396 1182 424 h-

227 443 382 473 delitatem
393 451 459 483 erga
468 451 496 471 te
504 441 682 482 perspexiss'e
693 463 701 476 ‚
720 443 753 473 ὃς
766 441 848 473 noss'e
858 442 962 471 locum
972 460 981 473 ,
999 446 1090 487 quem
1101 437 1180 477 apud

218 494 254 515 ¹te
269 485 295 514 is
303 492 433 513 teneret:
456 493 547 524 quam
566 487 599 514 in
616 494 728 524 partem
747 485 911 525 provinciae
921 483 1057 512 maxime
1067 487 1180 519 putaret

216 534 254 555 ·te
267 525 364 559 velle,
385 534 417 555 ut
431 527 464 555 in
485 526 671 556 succedendo
688 526 824 566 primurn
843 526 991 556 venirem.
1027 520 1107 552 Cum
1126 520 1178 549 ille

222 567 304 596 mihi
313 566 509 607 respondisset
520 587 527 601 2
539 568 617 598 nihil
628 578 678 598 me
688 568 742 598 tibi
751 569 860 609 gratius
870 565 964 597 facere
975 562 1056 605 posse
1067 582 1075 596 ‚
1087 561 1177 607 quam

222 606 288 638 fiad
298 608 399 639 Sidam
417 609 614 650 navigassem:
636 609 686 640 etsi
696 612 801 640 minus
817 609 969 650 dignitatis
986 604 1111 636 habebat
1125 604 1176 633 ille

219 650 368 681 adventus
379 671 388 684 ‚
411 652 444 682 ὅ(
453 652 488 681 ad
499 652 608 682 multas
623 662 667 682 res
677 654 756 682 mihi
767 650 870 681 minus
881 658 940 679 erat
952 657 1036 687 aptus
1045 666 1054 680 ‚
1075 654 1175 676 tamen

215 693 263 722 ‘ita
273 702 324 722 me
334 692 398 723 dixi
407 692 568 724 faisturum.
591 694 676 724 Idem
686 704 741 734 ego
751 693 822 724 cum
835 694 872 722 L.
885 690 1029 721 Clodium
1041 690 1176 734 Corcyra:

216 733 429 765 convenissem
441 755 449 769 ‚
479 737 638 766 hominem
660 737 698 766 ita
714 735 768 765 tibi
786 731 986 773 conjunctum
999 749 1008 763 ,
1030 737 1062 759 ut
1083 729 1173 760 mihi,

221 786 294 806 cum
305 777 360 806 illo
371 787 442 807 cum
453 778 607 818 loquerer,
627 786 727 813 tecum
737 777 822 816 loqui
830 774 947 804 viderer
958 783 964 801 z
983 771 1050 801 dixi
1060 772 1087 800 ei
1099 790 1107 804 ‚
1127 779 1176 799 me

221 819 265 848 ita
275 817 425 849 faeturum
436 817 504 853 effe,
518 828 549 849 ut
561 821 594 848 in
607 828 672 848 earn
682 826 794 858 partem
804 836 812 849 ‚
823 824 911 856 quam
921 814 1032 845 Phania
1043 809 1175 853 rogasset,

221 862 358 900 primum
369 862 515 890 venirem.
540 863 629 890 Tunc
638 860 690 889 ille
700 860 778 888 mihi
787 867 856 888 curn
866 856 971 896 gratias
981 853 1082 896 egisset
1092 873 1100 887 ‚
1113 863 1177 882 ma-

221 902 379 942 gnoperea
397 912 446 932 me
461 902 587 941 petivit,
607 909 638 930 ut
648 900 827 932 Laodiceam
842 899 980 938 protinus
991 899 1085 926 irem:
1106 903 1134 925 te
1144 896 1176 924 in

221 945 320 983 prima
337 946 490 983 provincia
507 943 584 973 velle
594 941 652 972 effe
664 963 672 976 ,
692 951 724 972 ut
736 951 825 983 quam
843 941 981 981 primum
1001 937 1176 968 decederes:

222 987 308 1026 quin,
321 983 376 1015 nisi
385 994 440 1026 ego
451 982 594 1014 successor
607 982 696 1014 essem
708 1004 718 1017 ‚
738 993 829 1024 quem
840 992 871 1013 tu
883 990 1005 1021 cuperes
1017 980 1131 1012 videre,
1149 987 1176 1008 te

220 1027 306 1057 antea
317 1047 325 1059 ,
338 1036 428 1067 quarn
440 1025 495 1055 tibi
505 1024 666 1056 successum
677 1025 764 1059 esset,
777 1022 963 1055 decessurum
972 1020 1059 1052 fuisse
1071 1032 1076 1051 :
1095 1020 1177 1062 quod

221 1067 344 1109 quidem
356 1076 414 1098 erat
432 1068 668 1098 consentaneum
685 1078 754 1098 curn
764 1069 802 1097 iis
812 1067 935 1100 litteris,
954 1074 1026 1106 quas
1044 1073 1099 1104 ego
1109 1065 1175 1092 Ro-

221 1119 282 1140 mae
292 1119 459 1149 acceperam
472 1120 478 1138 z
496 1119 534 1140 ex
545 1110 653 1150 quibus
662 1107 841 1150 perspexisse
852 1109 930 1138 mihi
940 1106 1071 1139 videbar,
1083 1114 1175 1146 quam

219 1149 374 1182 festinares
391 1151 542 1182 decedere.
565 1152 720 1191 Respondi
731 1149 860 1184 Clodio,
882 1159 932 1179 me
946 1151 986 1179 ita
1005 1145 1063 1177 esse
1081 1145 1178 1176 136111-

220 1202 289 1223 1um
301 1213 310 1226 ,
332 1203 365 1223 ac
376 1194 476 1223 multo
485 1192 610 1234 quidem
625 1192 770 1223 libentius
782 1212 790 1226 ‚
807 1193 899 1233 quam
910 1211 918 1225 ,
939 1189 959 1220 fi
969 1189 1045 1220 illu'd
1056 1187 1180 1219 effetfa-

218 1235 377 1269 ciendum,
390 1235 473 1276 quod
487 1236 681 1275 promiseram
692 1236 823 1265 Phaniae.
843 1236 885 1263 Ita
897 1233 929 1263 &
938 1230 1100 1262 consilium
1111 1240 1180 1260 mu-

219 1278 297 1310 tavi,
319 1276 351 1306 86
361 1277 396 1306 ad
407 1286 435 1306 te
445 1276 544 1306 statim
564 1287 630 1307 mea
640 1287 730 1307 manu
741 1277 859 1316 scriptas
870 1277 980 1305 litteras
999 1271 1066 1303 mifi
1081 1284 1093 1318 :⁴
1107 1281 1179 1313 quas

220 1317 346 1358 quidem
356 1327 394 1348 ex
410 1320 468 1348 tuis
479 1318 586 1348 litteris
598 1319 735 1349 intellexi
745 1319 814 1348 satis
823 1326 936 1348 mature
947 1315 982 1346 ad
999 1324 1026 1345 te
1045 1313 1103 1344 esse
1112 1324 1178 1354 per-

221 1360 303 1390 latas.
327 1362 396 1389 Hoc
405 1369 459 1400 ego
474 1370 544 1389 meo
554 1359 633 1390 frisio
643 1360 728 1390 valde
738 1358 879 1390 delecior.
894 1358 973 1388 nihil
983 1359 1066 1387 enim
1076 1357 1177 1395 poruit

221 1399 288 1430 fieri
297 1402 455 1431 amantius.
478 1399 636 1431 Confidera
645 1411 726 1431 nunc
738 1399 865 1430 viciffim
875 1409 972 1430 tuum.
997 1402 1072 1429 Non
1083 1395 1178 1427 modo

218 1443 264 1472 ibi
273 1452 338 1472 non
347 1441 428 1472 fuisti
439 1462 448 1475 ‚
464 1442 516 1472 ubi
527 1452 577 1472 me
585 1442 676 1484 quam
684 1442 819 1483 primum
833 1442 933 1472 videre
943 1439 1039 1481 poffes
1051 1460 1059 1474 ‚
1079 1439 1128 1470 sed
1140 1449 1176 1468 eo

217 1481 369 1514 disceffisti
383 1503 391 1517 ‚
411 1482 472 1524 quo
484 1494 538 1525 ego
549 1494 576 1515 te
586 1495 625 1514 ne
643 1485 778 1525 persequi
795 1484 918 1525 quidem
929 1481 1044 1523 poffem
1058 1483 1178 1521 triginta

218 1525 325 1556 diebus
337 1544 346 1559 ‚
365 1525 484 1566 quitibi
495 1526 530 1556 ad
547 1526 753 1557 decedendum
763 1526 826 1567 lege
837 1525 883 1565 (ut
896 1525 1018 1566 opinor)
1036 1523 1176 1554 Cornelia

208 1565 376 1597 ‘constituti
394 1565 498 1598 efi'ent.
523 1577 555 1598 ut
565 1577 651 1598 tuum
670 1567 783 1598 facium
793 1588 801 1602 ,
821 1570 891 1609 qui,
911 1577 972 1608 quo
981 1569 1086 1596 animo
1095 1566 1174 1595 inter

217 1618 276 1639 nos
286 1607 376 1638 fimus
387 1628 395 1642 ,
407 1610 546 1651 ignorant
555 1630 564 1644 ‚
578 1610 669 1641 alieni
681 1611 817 1640 hominis
828 1630 836 1644 ,
847 1614 893 1648 <ut
902 1606 1046 1639 levissime
1061 1607 1172 1646 dicam)

217 1650 254 1681 δε
265 1649 409 1691 fugientis
418 1651 606 1692 congressum
619 1663 625 1681 ;
647 1662 750 1682 meum
761 1650 846 1684 vero,
858 1651 926 1691 conj
932 1647 1097 1680 unfflffimi
1107 1669 1116 1682 ‚
1139 1648 1171 1678 δε

206 1691 392 1722 -amiciffimi
410 1691 470 1723 effe
487 1693 632 1724 videatur.
656 1697 700 1724 Ac
710 1695 788 1724 mihi
806 1702 908 1723 tamen
925 1691 1013 1726 ante,
1033 1691 1126 1733 quarn
1138 1693 1172 1720 in

216 1735 407 1774 provinciam
416 1736 551 1765 venirem
565 1756 574 1769 ,
589 1735 710 1766 redditae
720 1736 788 1766 sunt
798 1735 850 1765 ate
861 1735 965 1765 litterae
977 1744 982 1762 t
1000 1733 1109 1775 quibus
1122 1730 1172 1762 etfi

211 1783 246 1805 ‘te
257 1775 385 1806 Tarsum
394 1774 542 1816 proficisci
557 1777 797 1811 demonstrabas,
816 1785 920 1806 tamen
939 1776 1018 1805 mihi
1034 1784 1098 1805 non
1116 1773 1172 1804 du-

207 1816 301 1847 ''biam
316 1817 398 1856 spem
408 1819 470 1847 mei
479 1819 683 1849 conveniendi
692 1817 848 1849 afferebas:
870 1827 940 1848 cum
953 1819 1071 1850 interea,
1082 1815 1172 1846 credo

218 1857 360 1899 equidem
372 1878 380 1892 ‚
401 1859 539 1889 malivoli
549 1861 693 1890 homines
703 1861 773 1899 (late
787 1862 872 1890 enim
882 1867 961 1899 patet
977 1859 1036 1889 hoc
1046 1857 1170 1890 vitium,

220 1903 231 1920 ¹
245 1899 328 1929 &est
338 1902 422 1930 enim
442 1902 473 1930 in
492 1901 610 1942 multis)
631 1902 679 1932 sed
690 1911 789 1931 tamen
807 1900 995 1941 probabilem
1014 1899 1170 1929 materiam

218 1940 299 1972 11αᾶ1
311 1941 459 1972 sermonis
468 1962 478 1975 ‚
494 1943 590 1983 ignari
607 1953 684 1974 rneae
694 1942 867 1973 constantiae
878 1962 886 1976 ‚
904 1941 1088 1972 conabantur
1099 1940 1173 1970 alie-

210 1992 289 2013 rnare
300 1982 316 2012 a
327 1992 354 2013 te
365 1984 553 2014 voluntatem
564 1994 662 2014 meam
675 1995 679 2013 z
694 1986 748 2025 qui
758 1993 786 2014 te
795 1983 898 2014 forum
908 1982 991 2014 Tarsi
999 1993 1082 2024 agere
1092 2002 1100 2016 ‚
1117 1980 1173 2011 sta-

217 2034 300 2054 tuere
311 2025 415 2058 multa,
426 2025 595 2059 decernere,
606 2026 614 2063 1'
619 2026 734 2056 udicare
747 2045 754 2059 ,
764 2025 897 2056 dicerent
907 2045 915 2059 ,
925 2035 995 2056 cum
1005 2023 1101 2065 posses
1108 2025 1171 2063 jam

217 2066 375 2106 suspicari,
395 2066 450 2097 tibi
462 2066 519 2097 effe
529 2066 708 2098 successum:
729 2077 795 2108 quae
811 2078 848 2097 ne
858 2067 894 2097 ab
912 2069 949 2096 iis
962 2066 1086 2107 quidem
1107 2064 1171 2094 fieri

216 2107 367 2140 solerent,
389 2110 441 2149 qui
452 2108 535 2139 brevi
555 2119 690 2150 tempore
706 2113 721 2128 ²
734 2108 787 2139 sibi
798 2108 913 2139 succedi
932 2117 1080 2149 putarent.
1104 2110 1170 2137 Ho-

216 2158 285 2179 rum
296 2160 350 2190 ego
361 2150 498 2180 sermone
520 2161 585 2181 non
596 2151 755 2185 movebar,
775 2152 943 2192 quinetiam
963 2150 1073 2189 (credas
1094 2150 1170 2179 mihi

215 2191 325 2231 velim)
337 2190 355 2220 si
365 2192 437 2232 quid
448 2201 480 2222 tu
490 2203 598 2234 ageres,
610 2194 701 2223 levari
713 2203 761 2223 me
771 2193 911 2233 putabam
922 2191 1059 2222 molestia
1071 2202 1075 2220 :
1090 2191 1123 2221 &
1132 2200 1170 2221 ex

213 2242 314 2263 annua
323 2235 488 2273 provincia,
499 2245 564 2276 quae
575 2236 652 2265 mihi
662 2236 750 2277 longa
758 2235 878 2265 videtur
889 2255 897 2267 ,
917 2238 929 2262 3
940 2233 1101 2274 propejam
1113 2242 1170 2263 un-

214 2273 315 2305 decim
329 2274 476 2305 menfium
487 2279 675 2317 provinciam
694 2276 800 2307 fastam
813 2275 869 2306 esse
878 2276 1041 2318 gaudebam
1054 2295 1063 2309 ‚
1082 2273 1101 2304 fi
1119 2274 1170 2305 ab·

216 2315 292 2346 senti
304 2318 381 2347 mihi
398 2320 488 2348 unius
506 2317 615 2348 mensis
632 2319 714 2348 labor
730 2317 877 2348 detra&us
896 2317 975 2348 effet.
998 2317 1077 2347 Illud
1089 2316 1169 2355 (vere

215 2357 325 2399 dicam)
336 2369 390 2389 me
405 2369 527 2394 movet,
548 2361 582 2390 in
594 2369 673 2391 tanta
685 2360 822 2390 rnilitum
840 2362 983 2400 paucitate
1002 2357 1097 2389 abess'e
1117 2360 1169 2388 tris

215 2400 364 2435 cohortis,
375 2411 442 2442 quae
453 2400 508 2432 sint
517 2400 694 2442 pleniffimae
707 2412 712 2430 :
733 2411 787 2431 nec
799 2412 847 2432 me
858 2402 929 2433 scire
940 2400 992 2431 ubi
1001 2399 1066 2430 sint.
1096 2402 1168 2430 Mo-

215 2439 368 2472 lestiffime
393 2452 491 2473 autem
519 2444 584 2474 fero
606 2455 612 2473 :
636 2443 718 2484 quod
730 2464 738 2478 ‚
759 2452 786 2473 te
804 2443 856 2473 ubi
877 2444 993 2474 visurus
1012 2440 1066 2472 fim
1085 2463 1094 2476 ‚
1114 2452 1167 2472 ne·

214 2481 277 2512 scio
289 2493 294 2511 2
310 2493 403 2524 eoque
414 2485 447 2515 ad
458 2491 485 2515 te
494 2486 602 2516 tardius
614 2485 720 2527 scripsi,
732 2485 814 2526 quod
824 2485 960 2526 quotidie
971 2494 997 2515 te
1008 2484 1105 2525 ipsum
1114 2494 1167 2514 ex-

217 2523 401 2563 spectabam:
421 2536 491 2557 cum
511 2530 623 2558 interea
640 2538 678 2558 ne
698 2529 810 2557 litteras
829 2527 953 2568 quidem
965 2527 1038 2557 ullas
1056 2527 1165 2566 accepi,

206 2575 281 2606 >quae
302 2576 350 2596 me
367 2567 525 2602 docerent3
541 2569 614 2610 quid
627 2579 724 2611 ageres
737 2589 745 2602 ‚
764 2578 813 2599 aut
832 2569 884 2599 ubi
895 2577 923 2599 te
932 2568 1048 2599 visurus
1064 2566 1167 2598 ess'em.

215 2610 318 2647 ltaque
327 2611 427 2638 virum
437 2609 558 2644 fortem,
571 2613 708 2652 mihique
723 2613 754 2640 in
766 2612 871 2650 primis
884 2610 1042 2650 probatum
1053 2630 1061 2643 ‚
1073 2613 1170 2640 Anto-

206 2649 316 2682 ·niurn,
328 2650 504 2690 praefectum
515 2661 720 2686 evocatorum,
737 2651 802 2681 misi
812 2652 846 2682 ad
858 2661 896 2685 te,
907 2653 975 2684 cui,
992 2650 1013 2680 fi
1023 2651 1078 2681 tibi
1087 2651 1173 2681 vide-

214 2698 280 2725 tur,
299 2693 450 2723 cohorteis
467 2693 607 2745 tradferes:
625 2703 676 2728 ut,
699 2694 774 2725 dum
796 2703 914 2734 tempus
935 2694 1006 2723 anni
1024 2691 1171 2724 ess'etido-

1209 132 1854 190 PurcnnvM,L11³.111.
2091 139 2187 206 659

1205 228 1207 232 ’
1226 228 1336 253 neum,
1355 219 1469 262 aliquid
1483 220 1706 266 negotiigerere
1715 219 1842 260 possem.
1865 221 1901 250 In
1915 229 1986 261 quo,
1998 227 2049 250 tuo
2059 220 2186 252 consilio

1226 270 1258 291 u:
1268 271 1318 291 me
1329 261 1475 301 sperarem
1486 261 1543 292 efle
1554 262 1674 293 usurum
1685 282 1694 296 ,
1713 263 1746 293 &
1755 264 1887 293 amicitia
1897 261 1996 292 nostra
2007 282 2016 295 ‚
2036 262 2069 299 ὃς
2078 264 2184 295 litterae

1223 310 1280 333 tuae
1290 302 1433 334 fecerant:
1456 307 1474 331 4
1482 303 1565 344 quod
1576 313 1614 335 ne
1628 314 1711 335 nunc
1720 304 1843 345 quidem
1856 304 1989 344 despero.
2007 304 2064 334 Sed
2072 304 2178 345 plane.

1223 344 1343 383 quando
1354 365 1363 378 ,
1384 354 1434 376 aut
1443 345 1495 376 ubi
1516 354 1544 376 te
1554 346 1671 376 visurus
1681 344 1735 376 sim
1747 365 1756 381 ,
1775 345 1830 376 nisi
1841 346 1876 377 ad
1887 356 1937 376 me
1955 346 2101 386 scripseris
2111 366 2120 380 ‚
2141 357 2181 377 ne

1221 386 1357 430 suspicari
1369 386 1493 426 quidem
1513 386 1641 427 possum.
1665 390 1728 429 Ego
1738 408 1746 422 ,
1768 396 1801 418 ut
1821 398 1870 419 me
1889 388 1944 418 tibi
1964 386 2178 419 amiciflimuin

1221 425 1296 460 esse,
1309 427 1341 457 Sc
1351 430 1428 468 aequi
1441 448 1449 462 ,
1462 429 1494 459 &
1505 430 1603 470 iniqui
1614 430 1794 470 intelligant,
1805 430 1925 460 curabo.
1951 432 1999 460 De
2010 439 2064 460 tuo
2083 432 2115 460 in
2127 440 2177 461 me

1219 470 1324 498 animo
1340 471 1455 509 iniquis
1465 470 1546 500 secus
1565 470 1759 501 existimandi
1771 471 1880 501 videris
1890 471 2033 502 nonnihil
2053 472 2114 502 loci
2124 472 2179 503 de-

1219 507 1302 538 disse⁴
1329 509 1359 539 id
1371 510 1390 539 fi
1403 514 1566 541 correxeris
1577 532 1584 545 ,
1604 514 1681 541 milii
1693 513 1776 543 valde
1794 522 1909 553 gratum
1922 514 1986 543 erit.
2012 516 2069 546 Et,
2090 523 2123 544 ut
2145 523 2175 543 u:

1217 549 1322 580 habere
1332 554 1480 597 rationem
1492 551 1583 591 possis
1595 573 1601 586 ,
1621 564 1683 593 quo
1695 555 1761 584 loco
1773 565 1821 584 me
1832 575 1840 588 ‚
1863 555 1938 585 salva
1948 555 2010 596 lege
2021 555 2170 589 Cornelia,

1218 601 1392 626 conventas,
1407 603 1463 632 ego
1474 596 1505 623 in
1515 598 1702 633 provinciam
1716 598 1784 625 veni
1797 596 1891 635 pridie
1902 596 1966 626 Kal.
1979 600 2061 626 Seirt.
2075 599 2129 627 iter
2140 599 2173 627 in

1218 633 1355 664 Ciliciam
1366 633 1443 664 facio
1453 644 1505 674 per
1514 636 1738 675 Cappadociam.
1751 638 1839 667 castra
1852 639 1933 667 movi
1946 639 1980 668 ab
1991 640 2097 668 Iconio
2107 640 2174 678 pri-

1216 674 1265 704 die
1275 675 1424 706 Kalendas
1441 679 1518 715 Sept.
1548 679 1640 707 Nunc
1658 687 1689 707 tu
1710 679 1742 708 ὃς
1753 688 1790 708 ex
1808 679 1913 709 diebus
1927 700 1934 712 ,
1956 679 1988 709 δε
2005 689 2043 709 cx
2054 689 2169 710 ratione

1215 717 1342 750 itineris,
1354 715 1374 745 si
1384 717 1499 757 putabis
1512 727 1559 747 me
1571 717 1627 747 esse
1640 720 1883 749 conveniendum
1898 742 1904 753 ,
1917 721 2078 751 constitues
2091 742 2099 754 ‚
2111 732 2171 762 quo

1216 757 1284 788 loco
1295 757 1327 788 id
1341 758 1589 789 commodissime
1601 758 1665 789 fieri
1678 759 1775 800 possit,
1789 762 1820 790 ὃς
1830 772 1889 800 quo
1901 763 1960 792 die.
1993 764 2073 793 Vale.

1228 855 1286 933 P
1351 812 1762 841 M.T.C.s.D.APP10
1790 814 2043 845 PULCHRO.

1298 859 1451 887 Luminis
1468 857 1565 887 verbis
1584 857 1618 887 ad
1632 867 1659 888 te
1671 857 1794 888 scribam
1809 877 1816 890 ,
1837 869 1906 889 cum
1919 859 1983 898 plus
2003 862 2059 891 otii
2072 860 2178 892 metus

1300 909 1361 928 ero.
1384 901 1456 928 Haec
1466 897 1562 939 scripsi
1572 899 1682 933 subito,
1693 909 1763 930 cum
1777 903 1857 929 Bruti
1868 904 1950 939 pueri
1961 902 2115 932 Laodicea:
2127 914 2179 932 me

1220 939 1449 974 convenissent,
1469 941 1503 971 δε
1523 941 1551 971 se
1569 943 1704 971 Romam
1725 951 1879 981 properare
1899 941 2049 972 dixissent,
2076 947 2178 984 Itaque

1220 982 1316 1012 nullas
1328 984 1365 1012 iis
1376 1002 1384 1016 ‚
1401 982 1596 1023 praeterquam
1606 983 1641 1013 ad
1658 992 1703 1017 te,
1724 984 1756 1012 &
1767 983 1801 1013 ad
1815 985 1938 1014 Brutum
1950 1003 1959 1016 ‚
1979 984 2046 1013 dec-i
2059 986 2177 1016 litzeras.

1221 1025 1325 1065 Legati
1334 1027 1463 1065 Appiani
1484 1027 1561 1055 mihi
1579 1026 1725 1055 volumen
1737 1028 1752 1054 a
1770 1035 1816 1059 te,
1834 1026 1959 1064 plenum
1977 1027 2102 1066 querela:
2118 1030 2179 1056 ini—

1219 1064 1368 1106 quiffimae
1377 1086 1385 1100 ‚
1398 1066 1591 1097 reddiderunt
1602 1087 1609 1099 ‚
1621 1067 1701 1108 quod
1711 1077 1817 1096 eorum
1829 1066 2059 1097 aedificarionem
2075 1070 2178 1098 litteris

1219 1109 1297 1137 meis
1308 1107 1507 1148 impediss'em.
1540 1108 1652 1139 Eadem
1672 1117 1771 1139 autem
1782 1109 1907 1148 epistola
1922 1109 2061 1149 petebas,
2083 1119 2178 1140 uteos

1219 1149 1309 1190 quam
1320 1149 1456 1190 primum
1469 1171 1478 1184 ,
1497 1160 1533 1180 ne
1545 1153 1577 1180 in
1594 1152 1728 1180 hiemem
1748 1150 1931 1184 inciderent,
1951 1150 1987 1181 ad
2003 1149 2178 1182 facultatem

1219 1190 1399 1226 aedificandi,
1411 1192 1567 1223 liberarem
1581 1203 1586 1221 ·.
1603 1196 1616 1219 5
1628 1193 1659 1222 ἃ
1670 1191 1756 1222 simul
1769 1193 1902 1232 peracure
1913 1193 2083 1233 querebare,
2094 1192 2177 1233 quod

1219 1243 1270 1263 eos
1285 1234 1393 1264 tributa
1401 1235 1519 1275 exigere
1529 1243 1660 1265 vetarem
1672 1254 1679 1267 ,
1689 1234 1773 1274 prius
1785 1254 1792 1267 ‚
1804 1234 1896 1274 quarn
1908 1245 1962 1274 ego
1973 1255 1982 1268 ,
2005 1245 2034 1264 re
2043 1238 2174 1276 cognita,

1217 1273 1422 1315 permisislem.
1451 1286 1545 1317 genus
1573 1278 1658 1306 enim
1677 1276 1828 1315 quoddam
1857 1275 1944 1306 fuisse
1973 1276 2175 1316 impediendi,

1218 1327 1288 1346 curn
1299 1327 1354 1359 ego
1364 1319 1542 1359 cognoscere
1555 1328 1619 1348 non
1633 1316 1748 1358 poss'ein
1759 1337 1767 1351 ,
1781 1316 1836 1347 nisi
1845 1328 1916 1348 cum
1927 1317 1963 1348 ad
1978 1318 2112 1348 hiemem
2123 1329 2174 1348 me

1216 1368 1255 1388 ex
1268 1360 1373 1389 Cilicia
1381 1358 1565 1399 recepissem.
1587 1360 1633 1389 Ad
1644 1362 1748 1390 omnia
1758 1360 1856 1399 accipe
1869 1370 1874 1388 ;
1885 1359 1917 1389 &
1925 1360 2070 1400 cognosce
2080 1362 2177 1400 aequi-

1215 1408 1305 1431 tatem
1316 1400 1643 1440 expostulationistuae.
1669 1400 1807 1432 Primum
1819 1420 1827 1435 ‚
1845 1400 1918 1432 cum
1935 1401 1971 1431 ad
1991 1411 2041 1430 me
2059 1402 2175 1431 aditum

1215 1440 1396 1477 ess'etabiis‚
1416 1446 1468 1484 qui
1480 1444 1614 1474 dicerent
1627 1463 1635 1477 ‚
1657 1443 1713 1474 {ise
1730 1443 1930 1473 intolerabilia
1947 1442 2058 1473 tributa
2076 1445 2174 1483 exigi:

1214 1484 1287 1524 quid
1297 1484 1399 1515 habuit
1410 1487 1576 1526 iniquitatis
1587 1506 1595 1519 ‚
1609 1495 1659 1515 me
1670 1485 1807 1519 scribere,
1817 1495 1855 1514 ne
1864 1483 2004 1518 facerent,
2014 1485 2174 1525 antequam

1213 1535 1269 1566 ego
1285 1536 1348 1556 rem
1361 1546 1370 1560 ‚
1389 1527 1564 1567 causamque
1583 1525 1780 1569 cognossem?
1805 1529 1880 1556 Non
1899 1535 2033 1566 poteram
2045 1545 2054 1559 ‚
2073 1525 2174 1559 credo,

1212 1576 1279 1598 ante
1287 1569 1436 1598 hiemem.
1463 1567 1500 1599 fic
1511 1570 1595 1598 enirn
1607 1569 1720 1599 scribis.
1747 1566 1836 1609 Qiasi
1850 1567 1922 1597 vero
1934 1567 1970 1598 ad
1988 1568 2175 1608 cognoscens

1213 1608 1287 1639 dum
1297 1620 1352 1650 ego
1361 1609 1397 1640 ad
1408 1610 1496 1644 illos,
1517 1620 1580 1640 non
1591 1610 1636 1640 illi
1654 1610 1689 1640 ad
1709 1619 1759 1639 me
1776 1610 1878 1639 venire
1896 1608 2064 1639 debuerint.
2091 1612 2172 1640 Tam

1214 1651 1304 1692 longe
1316 1655 1327 1681 ἓ
1344 1653 1456 1692 inquis,
1488 1651 1570 1692 Qid
1582 1654 1592 1680 ?
1602 1650 1675 1681 cum
1687 1651 1776 1681 dabas
1785 1652 1822 1680 iis
1835 1651 1957 1683 litteras,
1968 1660 2020 1691 per
2027 1660 2099 1692 quas
2109 1661 2176 1681 nie·

1214 1702 1285 1722 cum
1297 1693 1400 1735 agebas
1411 1713 1421 1727 ,
1440 1703 1477 1724 ne
1488 1703 1539 1723 eos
1549 1693 1727 1733 impedirem
1740 1713 1748 1726 ‚
1765 1702 1827 1733 quo
1839 1694 1940 1722 minus
1953 1701 2020 1722 ante
2038 1694 2173 1723 hiemem

1212 1733 1395 1765 aedificarent
1403 1755 1411 1769 ‚
1424 1745 1487 1765 non
1497 1745 1549 1765 eos
1559 1735 1594 1765 ad
1605 1745 1654 1764 me
1663 1743 1808 1765 venturos
1818 1734 2016 1764 arbitrabare?
2036 1735 2168 1765 Tamets
2165 1747 2174 1765 1

1214 1776 1245 1806 id
1255 1776 1380 1818 quidem
1390 1776 1526 1807 fecerunt
1542 1776 1678 1807 ridicule.
1695 1786 1766 1817 quas
1777 1777 1861 1806 enim
1872 1776 1983 1805 litteras
2001 1773 2172 1809 afferebant,

1214 1826 1247 1849 ut
1256 1828 1332 1858 opus
1341 1817 1438 1848 aestate
1446 1817 1540 1849 facere
1550 1817 1685 1859 possent,
1705 1828 1752 1848 eas
1760 1819 1838 1847 mihi
1848 1816 1915 1857 post
1926 1817 2064 1848 brumam
2074 1818 2175 1848 reddi--

1215 1859 1335 1890 derunt.
1363 1859 1419 1891 Sed
1428 1860 1514 1895 scito,
1526 1860 1558 1890 δε
1566 1861 1666 1890 multo
1677 1860 1789 1900 plureis
1798 1857 1856 1888 esse
1869 1879 1878 1891 ‚
1888 1859 1940 1899 qui
1950 1858 1987 1888 de
1997 1859 2116 1890 tributis
2125 1870 2172 1889 re-

1211 1901 1326 1935 cusent,
1335 1900 1425 1941 quam
1437 1904 1490 1942 qui
1500 1903 1582 1942 exigi
1591 1901 1705 1932 velint:
1728 1901 1761 1930 δε
1770 1910 1820 1930 me
1830 1908 1930 1930 tamen
1941 1920 1949 1932 ,
1959 1900 2043 1941 quod
2054 1910 2082 1931 te
2092 1902 2172 1931 velle

1211 1941 1386 1972 existimem
1399 1962 1407 1976 ‚
1419 1940 1476 1972 effe
1485 1942 1647 1973 fa&urum.
1670 1945 1718 1973 De
1729 1943 1873 1982 Appianis
1883 1940 2038 1973 haetenus.
2061 1946 2088 1972 A
2097 1945 2172 1973 Pau—

1212 1984 1302 2018 fania,
1313 1984 1437 2014 Lentuli
1449 1985 1569 2018 liberto,
1583 1984 1707 2014 accenso
1717 1993 1789 2014 meo
1803 2003 1811 2016 ,
1821 1983 1944 2016 audivi,
1959 1993 2030 2014 cum
2045 1983 2168 2017 diceret,

1212 2034 1239 2055 te
1251 2026 1350 2056 secum
1361 2024 1420 2055 effe
1428 2025 1566 2067 questum
1578 2045 1587 2060 ‚
1609 2025 1693 2066 quod
1707 2025 1763 2055 tibi
1775 2024 1897 2055 obviam
1918 2035 1982 2055 non
1995 2024 2169 2065 prodiss'em.

1210 2067 1330 2097 Scilicet
1339 2066 1484 2097 contemsi
1495 2077 1540 2098 te:
1562 2077 1618 2098 nec
1635 2066 1733 2108 potest
1744 2065 1808 2096 fieri
1820 2076 1872 2096 me
1889 2067 2053 2108 quidquam
2073 2067 2173 2107 super-

1213 2109 1291 2138 bius.
1315 2108 1393 2139 Cum
1405 2118 1478 2149 puer
1496 2118 1564 2140 tuus
1575 2109 1611 2140 ad
1623 2119 1672 2139 me
1692 2108 1818 2139 secunda
1830 2107 1893 2139 fere
1913 2110 2015 2149 vigilia
2031 2108 2170 2143 venisset,

1212 2151 1294 2192 isque
1307 2160 1336 2180 te
1356 2160 1423 2181 ante
1443 2152 1541 2182 lucem
1561 2152 1701 2181 Iconium
1721 2152 1799 2180 mihi
1817 2160 1979 2181 ventumm
1998 2149 2171 2184 nuntiass'et,

1212 2194 1510 2233 incertumquesutra
1519 2194 1576 2227 via,
1593 2192 1666 2222 cum
1676 2190 1771 2222 essent
1779 2192 1861 2222 duae:
1887 2193 1976 2222 altera
1985 2195 2152 2223 Varronem
2159 2213 2169 2225 ,

1210 2243 1296 2264 tuum
1308 2233 1676 2268 familiariffimum‚altera
1685 2232 2040 2274 QLeptam‚praefe6tum
2049 2233 2168 2265 fabriim

1211 2286 1326 2310 meum,
1338 2276 1392 2306 tibi
1403 2276 1525 2306 obviam
1538 2275 1614 2306 misi.
1637 2276 1778 2306 mandavi
1790 2278 1906 2316 utrique
1920 2285 2037 2308 eorum,
2051 2285 2084 2305 ut
2097 2276 2166 2306 ante

1186 2325 1187 2329 ’
1209 2318 1245 2348 ad
1259 2328 1307 2348 me
1316 2327 1524 2352 excurrerent,
1547 2327 1579 2348 ut
1598 2317 1653 2347 tibi
1665 2318 1788 2348 obviarn
1807 2317 1927 2358 prodire
1945 2316 2069 2358 poss'em.
2094 2320 2170 2347 Cur-

1210 2369 1277 2390 rens
1289 2362 1380 2400 Lepta
1388 2362 1474 2390 venit
1484 2380 1492 2393 ,
1507 2361 1644 2400 mihique
1657 2361 1828 2393 nuntiavit,
1841 2360 1940 2398 tejam
1953 2358 2041 2389 castra
2050 2368 2170 2398 praeter-

1208 2400 1337 2443 gress'um
1348 2400 1416 2432 este.
1439 2401 1601 2432 confestim
1613 2404 1754 2431 Iconium
1764 2404 1846 2431 veni.
1864 2409 1958 2431 cetera
1968 2402 2031 2441 jam
2044 2400 2169 2430 11111110-

1211 2453 1239 2473 ta
1249 2443 1325 2473 sunt.
1350 2447 1399 2473 An
1412 2454 1466 2484 ego
1486 2444 1543 2473 tibi
1557 2443 1678 2474 obviam
1691 2453 1755 2473 non
1767 2443 1917 2483 prodirem
1931 2445 1941 2471 ?
1959 2444 2092 2482 primum
2105 2445 2168 2482 Ap—

1208 2488 1260 2526 pio
1280 2485 1427 2516 Claudio?
1451 2485 1559 2516 deinde
1571 2506 1578 2519 ,
1600 2487 1773 2526 imperatori
1786 2487 1795 2513 ?
1814 2484 1922 2514 deinde
1936 2504 1944 2518 ‚
1965 2493 2050 2513 more
2072 2485 2171 2523 majo-

1207 2530 1293 2558 rum?
1319 2527 1428 2558 deinde
1439 2548 1447 2562 ‚
1460 2527 1542 2568 quod
1553 2536 1638 2567 caput
1649 2526 1690 2556 cst
1702 2547 1710 2560 ‚
1730 2528 1851 2556 amico?
1874 2526 2039 2565 praesertim
2053 2535 2123 2555 cum
2136 2527 2168 2555 iii

1212 2569 1269 2600 isto
1279 2579 1384 2611 genere
1395 2569 1494 2599 multo
1504 2570 1594 2599 etiam
1611 2566 1796 2598 ambitiosius
1809 2566 1903 2597 facere
1923 2567 2032 2597 soleam
2046 2587 2054 2600 ,
2074 2567 2167 2608 quarn

1209 2612 1309 2641 honos
1322 2621 1418 2644 meus,
1431 2611 1463 2640 &
1474 2611 1602 2651 dignitas
1612 2609 1749 2649 postulat.
1773 2609 1828 2639 Sed
1841 2610 1903 2639 haec
1913 2608 2066 2639 haEoenus.
2084 2609 2165 2638 Illud

1209 2652 1290 2683 idem
1304 2653 1440 2683 Pausania
1450 2652 1566 2682 dicebat
1576 2672 1584 2686 ‚
1605 2661 1632 2681 te
1644 2648 1752 2681 dixisse
1765 2661 1770 2679 t
1795 2650 1932 2693 Qidni?
1955 2653 2068 2691 Appius
2083 2652 2165 2680 Len-

1210 2695 1276 2725 tulo
1287 2714 1294 2728 ,
1307 2695 1453 2725 Lentulus
1463 2696 1562 2735 Appio
1572 2691 1707 2735 proceffit
1719 2693 1841 2723 obviam
1855 2703 1861 2722 z
1884 2693 1990 2724 Cicero
1999 2694 2099 2763 Appii}
2110 2702 2168 2740 tio—

1534 2747 1538 2751 ·
2103 2743 2145 2764 uit
2157 2739 2168 2765 ?

207 2823 211 2829 '
252 2826 277 2845 1.
296 2823 328 2845 Et
337 2823 473 2846 effenimin
483 2822 587 2856 multu]
609 2821 756 2848 Nemausus
776 2820 830 2847 sum
850 2819 983 2846 discedere
1003 2820 1017 2845 :i
1031 2818 1163 2852 Vic‘iorio,
1187 2819 1191 2848 Ι
1209 2818 1323 2846 Viam-ii
1343 2817 1438 2845 editio.
1459 2818 1620 2845 Gulielmius
1643 2824 1730 2844 tamen
1750 2817 1776 2843 in
1788 2815 1896 2843 Codicis
1909 2814 2033 2842 Peckiaii'i
2053 2813 2100 2841 scri
2123 2822 2165 2841 tu-

205 2851 284 2891 ·J'all.
295 2854 343 2882 sec.
373 2865 440 2883 uart.

215 2866 410 2930 ›inprobant-(lam
418 2893 447 2928 ju

216 2930 278 2949 cmm
289 2945 296 2957 ,
313 2927 374 2956 &in
383 2930 470 2956 multis.

245 2967 282 2999 .²·
299 2964 349 2988 sthi
358 2965 451 2996 succedi
463 2967 606 3002 putarent]
627 2967 671 2993 Sic
688 2975 780 2993 omues
800 2965 867 2992 Pall.
887 2965 998 2992 Gruter.
1017 2963 1164 2991 Vifftffl'lus·

207 2993 280 3021 :ilias
291 3006 297 3023 z
314 2999 436 3032 fiacceffum
445 3003 477 3027 iri
484 3010 606 3033 putarent.

255 3039 281 3066 3.
299 3035 372 3066 Prope
380 3036 434 3068 jam
442 3038 546 3064 undecim
555 3041 660 3073 mensium
667 3038 840 3072 provinciam]
863 3039 934 3064 3⁶¹¹&
947 3036 1041 3063 Lamb'
1061 3037 1167 3061 “udec‘m

214 3067 314 3099 mensum
323 3079 331 3093 .-
349 3070 419 3104 quod
428 3078 514 3099 tamen
526 3074 552 3100 in
564 3075 639 3102 nullo
647 3076 757 3101 omnino
768 3074 916 3101 nostrorum
937 3074 1021 3110 reperi
1033 3084 1039 3099 ι
1060 3079 1086 3098 at
1096 3073 1165 3098 vide-

213 3108 257 3126 tur
267 3112 316 3129 non
327 3106 449 3146 videretur
465 3108 609 3137 ostentatur
619 3113 636 3138 a.
644 3110 758 3138 vietorii
769 3111 796 3137 ὃ(
807 3111 893 3147 prima
901 3109 968 3136 edit.
986 3109 1054 3136 Pan.
1064 3118 1105 3145 I‘T·
1117 3107 1166 3134 sec*

215 3146 303 3173 quart.
315 3148 402 3175 quint.
412 3143 497 3170 Varie.

249 3182 278 3208 4.
296 3177 362 3210 Qad
369 3188 396 3204 nc
405 3187 468 3205 nunc
476 3181 565 3214 «pridem
575 3181 690 3218 ἅψαι]
709 3184 751 3210 Ita
760 3183 878 3219 quinque
888 3182 956 3211 Pan.
970 3181 1029 3210 cod.
1041 3179 1164 3214 Gruterb

449 2857 538 2919 3111111.
548 2859 652 2884 Primus
663 2861 750 2884 vitium
761 2860 794 2883 εξῖ
804 2860 898 2883 enimin
908 2857 985 2881 multis
996 2866 1002 2880 :
1014 2866 1064 2882 non
1076 2863 1161 2882 tamen

1211 2865 1263 2882 ram
1279 2875 1286 2886 ,
1306 2864 1382 2890 quam
1395 2855 1423 2880 δε
1433 2864 1482 2890 ego
1494 2856 1518 2881 iu
1531 2853 1648 2880 editione
1658 2854 1742 2888 prima
1751 2852 1889 2880 auinmdve
1906 2860 1934 2878 to
1948 2871 1954 2882 ‚
1974 2850 2105 2887 propende
2116 2858 2163 2882 iat,

469 2894 508 2920 ico
519 2894 662 2921 leetionem
674 2894 732 2920 cod.
745 2893 827 2920 l’eck.
846 2894 894 2919 late
911 2895 971 2918 enim
989 2894 1028 2918 hoc
1046 2899 1113 2925 patet
1123 2896 1165 2918 vi·
1209 2892 1269 2926 qued
1277 2901 1304 2917 ne
1315 2910 1323 2922 ‚
1346 2901 1403 2928 ιρι-ο
1415 2900 1463 2924 floe)
1491 2900 1525 2924 ego
1535 2900 1596 2916 nunc
1605 2891 1696 2924 quic-'cm
1706 2890 1795 2923 despero
1806 2909 1814 2921 ‚
1838 2897 1867 2915 ut
1877 2887 2018 2915 confirmet
2030 2886 2165 2923 desperare

1211 2929 1234 2954 se
1245 2927 1278 2953 de
1288 2927 1395 2953 consilio
1415 2927 1506 2963 Appii.
1527 2926 1597 2962 quod
1617 2927 1702 2962 prima
1720 2925 1809 2952 fronte
1827 2924 1928 2961 aliquid
1947 2931 2054 2961 apparet
2067 2943 2075 2956 ,
2094 2922 2136 2949 sed
2149 2922 2166 2949 si

1210 2964 1353 3000 perpendas
1364 2965 1390 2989 &c
1405 2972 1544 2998 componas
1555 2971 1613 2989 cum
1624 2961 1792 2998 sequentibus
1812 2961 1940 2988 frix-olum
1952 2960 2034 2996 magis
2045 2969 2128 2986 nauco
2138 2968 2167 2986 ac

1210 3001 1246 3026 les
1255 3002 1293 3026 ius
1306 2999 1406 3035 tippula
1415 2999 1543 3026 invenies.
1565 3008 1626 3025 nain
1637 2999 1664 3025 δί
1675 2999 1787 3025 nimium
1798 2996 1973 3033 intelligendo
1985 2996 2101 3023 nostrum
2111 2995 2165 3022 stu-

1209 3045 1300 3072 porem
1311 3035 1457 3071 prodimus.

1250 3081 1276 3105 5.
1296 3073 1520 3105 Etfimnlpcraciite
1530 3071 1682 3105 querebam]
1703 3071 1766 3097 Non
1778 3070 1935 3097 temerarius
1947 3066 2082 3095 cousensus
2093 3067 2163 3107 l'all.

1213 3107 1336 3134 scc.tert.
1348 3109 1557 3144 quart.Grutei·.
1569 3106 1796 3134 stewech.1²eck.
1815 3115 1874 3133 cuin
1893 3105 2041 3132 editionum
2060 3112 2161 3139 prima:

1212 3145 1316 3177 &fimat
1327 3145 1482 3178 pcraccurati
1491 3145 1618 3180 querebare
1628 3154 1634 3168 :
1653 3142 1704 3170 Sed
1714 3143 1779 3170 mihi
1790 3151 1851 3171 ante
1861 3142 1910 3170 hoc
1920 3149 2008 3171 tamen
2017 3140 2101 3176 placet
2106 3146 2166 3171 fer-

1214 3181 1291 3209 acme.
1312 3202 1314 3204 .

1595 3216 1622 3243 0
1633 3225 1650 3244 o
1662 3225 1678 3244 ο
1689 3225 1706 3244 ο
1725 3224 1742 3243 2
2097 3206 2172 3238 1·Ᾰᾶ

2198 822 2208 853 J
