2297 3389
676 172 989 216 ORATIO
1055 187 1132 217 IN

185 252 244 288 fet,
265 262 294 286 te
304 253 497 285 Albinovano
515 249 627 282 dediffe
638 270 648 284 ,
669 255 680 271 ¹
691 252 794 292 easque
805 253 837 282 in
848 253 937 292 hujus
947 251 1066 292 judicio
1080 250 1137 282 effe

184 298 326 328 recitatas.
348 298 385 326 Iri
397 303 527 336 quorum
544 293 637 322 altero
651 302 683 322 es
700 292 849 324 confess'us
860 314 868 327 ‚
890 294 906 324 a
921 303 948 324 te
961 293 1139 324 accusatores

186 336 244 368 efle
263 335 424 368 insttu6tos
435 356 444 368 ,
464 335 497 365 ὃς
513 334 690 365 subornatos
709 345 715 364 z
742 337 774 365 in
794 336 886 365 altero
906 334 1138 366 inconstantiam

184 387 267 410 tuam
280 377 352 409 curn
365 378 484 407 levitate
494 396 504 410 ,
523 385 590 406 tum
603 377 692 406 etiam
701 377 821 417 perjurio
832 378 1017 417 implicatam
1027 374 1139 406 refelli-

186 420 223 451 sti
235 432 240 450 :
256 419 327 451 curn
338 438 347 452 ‚
358 428 449 459 quem
459 416 674 448 alieniffimum
684 418 700 448 ὲ
710 427 738 448 te
750 417 808 449 ess‘e
817 417 939 449 dixiffis
948 438 956 452 ,
968 427 1040 448 eum
1051 417 1137 447 domi

185 470 243 492 tuae
251 458 351 491 fuisse:
362 469 454 500 quem
463 461 720 499 praevaricatorem
730 460 766 491 ab
775 461 867 491 initio
873 458 1030 500 judicasse-5
1038 479 1048 493 ,
1059 459 1086 488 ei
1098 466 1137 491 te,

102 515 104 518 ’
148 515 170 539 2
184 512 260 544 quos
269 499 412 542 rogasset,
430 501 467 531 ad
476 501 674 532 accusandum
684 502 778 532 libros
796 502 907 532 dixeris
926 499 1048 532 dedifl'e.
1080 501 1139 529 Ni-

185 542 286 574 mium
297 552 328 572 es
339 543 505 573 vehemens
516 563 525 576 ,
545 542 690 584 feroxque
700 553 821 578 natura,
841 553 906 574 non
924 551 1007 583 putas
1023 541 1067 572 fas
1083 538 1141 571 esse

183 584 311 615 verbum
322 593 360 614 ex
369 594 421 614 ore
431 586 514 615 exire
523 585 699 626 cujusquam
711 606 719 619 ,
739 586 822 627 quod
831 595 896 615 non
904 583 1073 624 jucundum
1085 603 1094 617 ‚
1109 582 1141 612 δε

183 624 390 656 honorificum
399 625 434 656 ad
443 628 538 656 aureis
546 636 609 657 tuas
620 627 741 658 accidat.
765 627 873 658 venisti
882 629 973 656 iratus
983 624 1140 655 omnibus:

183 666 267 709 quod
279 677 333 708 ego
343 687 352 701 ,
365 666 487 698 simulac
497 676 524 698 te
533 668 655 708 adspexi
667 689 676 702 ,
696 668 780 709 prius
798 668 889 710 quam
908 668 993 708 loqui
1011 664 1139 705 coepisti‚

183 707 257 739 cum
266 709 335 739 ante
344 710 462 739 Gellius
471 730 480 744 ‚
502 710 649 739 nutricula
660 711 866 741 seditiosorum
878 711 1022 738 omnium
1031 727 1041 740 ‚
1061 705 1142 736 testi-

182 753 326 785 monium
338 751 470 785 diceret,
489 751 581 785 sensi,
602 761 690 793 atque
703 751 834 791 providi.
857 748 980 789 repente
998 751 1081 777 enim
1099 757 1140 781 te,

182 801 324 833 tanquam
339 793 454 832 serpens
471 794 487 823 ὲ
506 793 657 827 latibulis,
682 793 779 822 oculis
789 790 996 821 eminentibus
1007 810 1014 824 ‚
1033 788 1140 819 inflato

181 834 265 864 collo
276 854 284 868 ,
296 835 422 864 tumidis
431 835 596 865 cervicibus
605 833 733 864 intulisti
745 843 750 862 :
765 841 798 863 ut
806 833 884 862 mihi
893 841 1054 862 renovatus
1063 835 1078 851 2
1088 831 1140 861 ille

181 883 251 906 tuus
269 877 302 905 in
318 885 346 906 te
380 874 424 890 *⁸³
451 885 582 906 veterem
594 884 697 904 meum
708 875 842 905 amicum
855 894 863 908 ,
882 873 931 904 sed
942 882 1042 904 tamen
1052 882 1139 903 tuum

181 916 366 948 familiarem
379 916 564 947 defenderim
577 936 585 950 ‚
603 915 675 946 cum
697 917 730 946 in
750 917 803 946 hac
820 917 938 946 civitate
955 917 1141 956 oppugnatio

180 959 291 992 soleat,
315 969 372 999 qua
382 967 412 988 tu
422 968 504 987 nunc
513 959 603 987 uteris
614 978 623 990 ,
639 967 872 999 nonnumquam
884 977 892 991 ,
906 955 1038 987 defensio
1049 966 1140 986 num-

180 1010 272 1041 quam
287 1000 455 1039 vituperari.
478 998 534 1029 Sed
551 1009 653 1040 quaero
672 999 688 1030 a
706 1008 734 1029 te
745 1019 753 1033 ‚
774 1009 827 1029 cur
837 1002 872 1029 C.
884 999 1061 1029 Cornelium
1077 1008 1140 1027 non

181 1041 384 1072 defenderem.
407 1050 483 1070 num
498 1041 601 1080 legem
611 1041 741 1081 aliquam
753 1042 912 1071 Cornelius
925 1049 1028 1070 contra
1043 1040 1140 1080 auspi-

179 1085 225 1114 cia
243 1083 358 1113 tulerit:
382 1092 458 1112 num
470 1082 582 1112 AEliam
594 1103 602 1116 ,
624 1093 700 1112 num
714 1081 830 1113 Fufiam
847 1083 943 1123 legem
962 1082 1136 1123 neglexerit:

180 1134 256 1155 num
265 1123 382 1154 consuli
392 1125 456 1153 vim
466 1124 596 1154 attulerit
608 1135 613 1153 ;
632 1134 707 1154 num
717 1126 838 1155 armatis
849 1124 1028 1154 hominibus
1040 1143 1048 1156 ,
1059 1132 1137 1153 tem-

177 1166 264 1207 plum
276 1167 421 1195 tenuerit:
440 1175 518 1195 num
528 1164 749 1196 intercessorem
761 1168 791 1196 vi
802 1166 957 1206 dejecerit:
980 1175 1056 1195 num
1068 1165 1138 1195 reli-

177 1208 285 1249 giones
292 1207 437 1247 polluerit
448 1217 453 1236 ;
474 1210 611 1237 aerarium
620 1208 803 1238 exhauserit:
824 1207 1039 1247 rempublicam
1051 1217 1136 1236 com-

177 1249 286 1289 pilarit.
319 1251 387 1279 Tua
395 1249 481 1282 sunt,
501 1258 549 1279 tua
558 1249 696 1280 sunthaec
705 1251 819 1280 omnia.
834 1249 977 1279 Cornelio
987 1248 1136 1288 ejusmodi

178 1291 258 1320 nihil
276 1289 432 1329 objefflmm
450 1290 502 1321 est.
526 1291 672 1321 Codicem
686 1289 787 1332 legiss‘c
803 1290 970 1321 dicebatur.
994 1289 1136 1320 defende-

177 1331 283 1365 batur,
303 1331 427 1361 testibus
445 1332 568 1373 collegis
587 1333 668 1366 suis,
685 1342 749 1362 non
761 1332 905 1362 recitandi
922 1331 1004 1361 causa
1022 1330 1134 1372 legisse,

176 1374 228 1404 sed
238 1374 448 1413 recognofiendi.
472 1372 632 1403 Constabat
642 1383 742 1403 tamen
751 1393 760 1407 ‚
779 1373 956 1403 Cornelium
966 1374 1134 1402 concilium

177 1415 235 1445 illo
244 1414 293 1445 die
303 1413 444 1444 dimififfe
454 1434 463 1448 ‚
474 1413 675 1444 intercessioni
683 1413 817 1455 paruisse.
841 1417 890 1445 Tu
901 1414 973 1444 vero
983 1434 991 1448 ‚
1002 1416 1052 1444 cui
1062 1416 1136 1444 Cor—

176 1457 253 1486 nelii
268 1454 401 1486 defensio
418 1455 571 1495 displicet,
593 1466 685 1497 quam
704 1456 821 1486 causam
839 1457 874 1486 ad
892 1465 1033 1496 patronos
1052 1464 1132 1489 tuos,
1154 1473 1156 1479 ι

175 1506 227 1528 aut
245 1497 335 1538 quod·
346 1507 382 1526 os
398 1496 522 1529 afferes?
544 1499 655 1538 quibus
673 1498 731 1533 iam
749 1498 931 1538 praescribis,
950 1506 1062 1538 quanto
1072 1498 1134 1527 illis

171 1538 285 1579 probro
293 1538 433 1569 futurum
439 1537 490 1573 fit,
506 1538 526 1569 fi
538 1548 566 1569 te
576 1539 768 1570 defenderint
778 1560 793 1574 ,
804 1539 876 1570 cum
888 1549 920 1570 tu
932 1540 1010 1569 mihi
1020 1542 1133 1569 Corne-

173 1581 209 1610 lii
227 1579 436 1611 defensionem
455 1582 490 1611 in
506 1580 674 1611 maledicitis
688 1581 891 1621 objiciendam
903 1583 1024 1620 putaris.
1048 1583 1134 1611 Atta-

174 1631 248 1652 men
257 1623 334 1656 hoc,
353 1624 455 1653 Vatini
467 1642 477 1656 ‚
498 1632 657 1653 memento
675 1624 778 1663 paullo
794 1623 861 1663 post
878 1622 965 1653 istam
984 1621 1132 1653 defensio-

173 1672 248 1694 nem
258 1673 356 1694 meam
367 1683 375 1698 ‚
387 1674 477 1705 quam
488 1673 519 1694 tu
529 1665 620 1695 bonis
629 1667 703 1695 viris
713 1663 892 1705 displicuisse
901 1665 989 1699 dicis,
1001 1675 1051 1694 me
1061 1674 1131 1695 cum

173 1704 304 1735 universi
320 1707 426 1746 populi
436 1708 572 1737 Romani
590 1707 708 1737 summa
727 1707 884 1737 voluntate
902 1727 910 1741 ‚
935 1704 1001 1737 tum
1020 1708 1131 1746 optimi

170 1747 314 1788 cujusque
323 1746 460 1789 singulari
471 1747 880 1790 studio,magnificentiffime
890 1747 957 1789 post
965 1749 1132 1778 hominum

172 1790 354 1819 memoriam
367 1790 524 1820 consulem
541 1789 656 1821 fabium
667 1812 682 1824 ,v
697 1792 860 1831 omniaque
882 1801 915 1821 ea
934 1800 983 1821 me
1001 1790 1133 1827 pudenter

171 1829 294 1859 vivendo
303 1831 496 1862 consecutum
510 1831 568 1862 esse
578 1852 587 1866 ‚
607 1842 672 1872 quae
687 1841 718 1862 tu
733 1833 926 1873 impudenter
938 1831 1130 1862 vaticinando

140 1878 163 1910 3*
174 1871 285 1910 sperare
295 1879 324 1901 te
334 1872 407 1912 saepc
418 1872 533 1904 dixisti.
577 1876 660 1904 Nam
677 1873 760 1915 quod
779 1875 857 1904 mihi
870 1872 1027 1904 discessum
1043 1873 1129 1913 obje-

171 1911 238 1942 cisti
248 1922 356 1943 meum
367 1933 376 1947 ‚
388 1913 421 1944 &
430 1914 513 1955 quod
523 1915 633 1945 horum
644 1935 653 1950 ‚
672 1915 782 1956 quibus
795 1916 846 1945 ille
856 1915 920 1945 dies
929 1913 1130 1945 acerbissimus

169 1952 232 1984 fuit
242 1974 255 1987 ‚
270 1956 323 1994 qui
339 1955 423 1985 idem
440 1955 495 1985 tibi
506 1955 669 1986 laetiffimus
680 1977 689 1989 ‚
709 1956 826 1987 luftum
838 1957 1029 1998 &gemitum
1041 1966 1130 1986 reno-

172 2004 242 2025 vare
252 1995 397 2026 voluisti:
417 2005 534 2027 tantum
546 1997 604 2027 tibi
611 1998 777 2037 respondeo
790 2017 799 2031 ,
820 2008 858 2027 ne
869 2018 878 2031 ‚
897 1997 970 2027 cum
980 2006 1013 2027 tu
1024 2017 1032 2031 ‚
1052 2006 1130 2027 cete-

170 2046 269 2077 raeque
277 2038 448 2077 reipublicae
457 2037 552 2078 pestes
562 2058 570 2072 ,
591 2048 746 2069 armorum
760 2040 877 2069 causam
887 2048 1056 2080 quaereretis
1066 2059 1074 2072 ‚
1096 2039 1130 2068 δε

168 2076 241 2108 cum
257 2086 307 2120 per
320 2089 414 2108 meum
426 2090 523 2109 nomen
535 2080 671 2111 fortunas
685 2081 883 2121 locupletium
894 2082 1020 2120 diripere
1032 2101 1040 2114 ‚
1062 2081 1129 2110 san-

191 2121 295 2150 uinem
312 2123 487 2161 principum
506 2123 636 2152 civitatis
657 2123 834 2157 exsorbere,
853 2122 1059 2153 crudelitatem
1073 2132 1128 2151 ve-

195 2170 259 2191 ram
271 2181 280 2195 ,
299 2161 467 2204 odiumque
478 2163 656 2194 diuturnum
669 2184 677 2198 ,
699 2164 779 2205 quod
790 2166 823 2194 in
834 2165 931 2195 bonos
939 2165 1003 2204 jam
1013 2166 1128 2194 invete-

167 2210 267 2232 ratum
284 2203 454 2238 habebam,
475 2205 600 2235 saturare
618 2208 765 2246 cuperetis
780 2217 785 2235 :
808 2207 901 2237 scelus
913 2226 922 2240 ,
944 2206 976 2236 δε
991 2205 1128 2236 furorem

164 2243 296 2274 vestrum
308 2245 419 2275 cedendo
431 2246 568 2276 maluisse
578 2246 712 2290 frangere
724 2268 733 2281 ‚
749 2247 840 2289 quam
851 2247 1024 2278 refistendo.
1047 2250 1129 2289 Qa—

164 2295 196 2316 re
205 2295 275 2326 peto
284 2286 299 2317 a
311 2295 339 2316 te
348 2306 357 2320 ‚
378 2296 411 2317 ut
425 2288 503 2317 mihi
512 2288 648 2328 ignoscas
657 2309 666 2322 ,
687 2292 790 2319 Vatini
803 2311 812 2323 ,
832 2289 903 2320 cum
915 2292 1013 2329 patriae
1023 2299 1128 2329 peper-

167 2329 262 2358 cerim
271 2347 281 2362 ,
292 2338 383 2369 quam
394 2329 540 2360 servaram
553 2340 559 2358 z
580 2329 613 2359 δι’,
622 2350 631 2364 ,
643 2329 664 2359 fi
674 2340 729 2371 ego
739 2340 767 2360 te
775 2331 959 2371 perditorem
971 2351 980 2365 ,
994 2331 1026 2361 δε
1037 2341 1128 2361 vexa—

172 2377 269 2399 torem
286 2371 457 2410 reipublicae
475 2370 540 2400 fero
552 2391 569 2404 ,c
583 2380 614 2401 tu
634 2381 685 2401 me
703 2373 961 2407 conservatorem,
986 2371 1129 2402 &custo—

166 2409 237 2440 dem
248 2410 333 2442 feras.
355 2412 465 2442 deinde
480 2415 545 2452 ejus
558 2415 617 2442 viri
632 2412 792 2444 discessum
803 2416 937 2454 increpas
949 2434 957 2448 ,
978 2424 1067 2455 quem
1080 2415 1128 2443 vi-

166 2451 217 2482 des
228 2472 238 2486 ‚
253 2455 394 2484 omnium
405 2456 522 2484 civium
532 2453 676 2485 desiderio
688 2475 696 2489 ‚
713 2454 802 2495 ipsius
813 2457 945 2498 denique
955 2455 1126 2496 reipublicae

164 2492 251 2524 lufitu
261 2493 319 2524 esse
328 2500 521 2526 revocatum?
543 2500 582 2527 At
595 2498 679 2527 enim
694 2496 819 2531 dixisti,
839 2508 891 2528 non
909 2508 988 2531 mea,
1011 2498 1128 2527 sedrei-

163 2535 291 2576 publicae
300 2537 382 2568 causa
390 2538 532 2568 homines
541 2538 578 2568 de
587 2548 659 2568 meo
670 2539 769 2569 reditu
778 2538 930 2570 laborafl‘e.
954 2538 1043 2581 Qasr
1053 2538 1126 2569 vero

165 2577 320 2618 quisquam
335 2580 382 2608 vir
393 2580 553 2610 excellenti
567 2582 672 2610 animo
686 2582 720 2610 in
733 2581 950 2621 rempublicam
968 2579 1123 2622 ingressus,

163 2619 325 2659 optabilius
334 2620 500 2661 quidquam
508 2621 677 2656 arbitretur,
688 2622 779 2663 quam
790 2624 819 2653 se
828 2621 844 2653 a
853 2623 912 2653 suis
921 2623 1040 2653 civibus
1050 2624 1124 2662 reip.

160 2660 246 2692 causa
261 2660 357 2704 diligi.
379 2663 499 2699 Scilicet
513 2664 611 2704 aspera
628 2674 696 2695 mea
714 2673 836 2695 natura:
857 2662 992 2695 difficilis
1011 2664 1124 2695 aditus:

1202 170 1636 219 VATtNiuM.
2053 187 2147 232 >5¹¹

1183 250 1281 289 gravis
1290 250 1391 281 vultus
1403 262 1409 281 t
1429 252 1553 292 superba
1563 252 1715 294 responsa:
1735 251 1870 284 insolens
1882 253 1943 284 vita
1955 263 1961 283 :
1980 262 2076 284 nemo
2085 253 2144 283 hu-

1183 293 1361 322 manitatem
1382 303 1502 328 mearn‚
1523 304 1616 325 nemo
1634 295 1886 326 consuetudinem
1900 314 1909 329 >
1930 304 2024 325 nemo
2042 293 2144 324 consi-

1182 332 1258 361 ]ium
1271 352 1280 365 >
1302 343 1395 364 nemo
1407 336 1557 366 auxilium
1567 337 1751 378 requirebat:
1771 338 1856 377 cujus
1865 335 2011 367 defiderio
2022 335 2067 375 (ut
2080 337 2143 366 haec

1184 375 1313 403 minima
1323 374 1433 416 dicam)
1443 376 1544 407 forum
1557 378 1699 409 moestum
1711 399 1719 413 ‚
1735 389 1818 409 muta
1828 381 1909 410 curia
1918 399 1926 412 ,
1941 379 2046 408 omnia
2053 377 2141 408 deni-

1182 423 1240 453 que
1255 414 1402 446 bonarum
1415 420 1524 448 artium
1539 419 1633 450 studia
1646 419 1798 451 siluerunt.
1819 420 1876 452 Sed
1887 421 1965 450 nihil
1979 418 2013 449 fit
2025 418 2138 450 factum

1184 464 1250 499 mea
1260 457 1359 486 causa:
1376 461 1480 488 omnia
1491 461 1541 490 illa
1551 462 1816 492 senatusconsulta:
1832 462 1937 502 populi
1949 459 2140 497 juffa21taiiae

1184 503 1276 526 totius
1287 515 1295 528 ,-
1315 498 1492 529 cunctarum
1508 502 1680 532 societatum
1693 524 1701 538 ‚
1721 505 1921 545 collegiorum
1931 504 2073 533 omnium
2085 502 2140 532 de-

1183 546 1261 567 creta
1278 538 1314 566 de
1337 548 1385 568 me
1397 559 1404 572 ‚
1424 542 1595 580 reipublicae
1612 545 1695 575 causa
1715 544 1771 575 effe
1789 545 1865 576 sacia
1880 545 2033 576 fateamur.
2057 543 2140 585 Qid

1185 589 1267 619 ergo,
1279 580 1373 609 homo
1385 582 1602 620 imperitissime
1611 586 1712 616 solidae
1722 587 1827 620 laudis,
1839 597 1872 617 ac
1882 597 1960 616 veta:
1971 586 2138 626 dignitatis,

1184 619 1367 668 praestantius
1385 625 1462 651 mihi
1480 626 1579 663 potuit
1596 627 1746 659 accidere?
1762 629 1833 669 quid
1848 628 2009 668 optabilius
2025 626 2061 657 ad
2080 629 2141 656 im-

1185 662 1395 708 mortalitatem
1416 664 1536 703 gloriae,
1560 676 1645 707 arque
1664 669 1698 698 ad
1717 672 1899 700 memoriam
1918 671 1981 699 mei
1998 669 2138 698 nominis

1185 703 1396 743 sempiternam
1408 724 1416 737 ‚
1434 707 1524 745 quam
1536 711 1656 737 omneis
1667 710 1724 739 hoc
1733 712 1824 740 civeis
1836 721 1920 741 meos
1932 710 2059 750 judicare
2069 729 2079 744 ‚
2094 711 2141 740 ci-

1183 746 1281 774 vitatis
1293 746 1418 776 salutem
1427 757 1498 777 cum
1509 758 1575 779 mea
1585 751 1676 780 unius
1686 751 1776 781 salute
1787 751 1843 782 esse
1854 751 2138 792 conjunstam3Qod

1182 786 1307 826 quidem
1321 797 1376 829 ego
1390 788 1445 818 tibi
1456 789 1549 820 reddo
1560 799 1658 820 tuum.
1683 801 1752 822 nam
1765 812 1773 826 a
1795 803 1828 823 ut
1844 803 1875 823 tu
1893 804 1941 824 ine
1959 803 2060 823 carum
2077 791 2136 823 esse

1182 827 1285 875 dixisti
1297 829 1418 865 senatui,
1432 832 1605 872 populoque
1614 835 1708 862 Rom.
1721 843 1784 863 non
1797 843 1856 864 tam
1867 836 2034 868 meacausa,
2044 834 2135 876 quam

1181 879 1255 909 reip.
1268 868 1306 900 sic
1316 881 1371 912 ego
1381 880 1409 901 te
1419 891 1427 905 ‚
1442 882 1626 914 quamquam
1637 873 1673 904 sis
1683 877 1771 904 omni
1781 875 1897 905 diritate
1907 895 1914 909 ‚
1929 886 2015 916 atque
2025 878 2138 906 imma-

1182 914 1273 941 nitate
1290 915 1468 943 taeterrimus
1479 934 1488 947 ‚
1509 924 1609 945 tamen
1623 916 1692 946 dico
1706 915 1763 947 effe
1777 916 1850 946 odio
1863 919 1977 947 civitati
1992 927 2056 947 non
2074 926 2141 947 tam

1182 962 1235 982 tuo
1246 973 1254 986 ,
1274 954 1364 994 quam
1379 956 1454 995 reip.
1465 959 1602 986 nomine.
1626 961 1723 998 Atque
1735 978 1744 992 ,
1763 968 1796 988 ut
1811 958 1971 999 aliquando
1987 958 2022 988 ad
2039 968 2067 988 te
2083 969 2135 988 ve-
2150 967 2173 996 4

1181 997 1262 1024 niam
1274 1015 1282 1028 ,
1294 995 1329 1025 de
1341 1006 1390 1026 me
1400 998 1456 1027 hoc
1467 996 1500 1027 sit
1510 1007 1691 1029 extremum.
1716 1003 1813 1041 Quin
1829 1009 1980 1038 QisQun
1998 998 2135 1029 nostrum

1181 1036 1217 1066 de
1229 1037 1327 1076 seipse
1342 1038 1498 1078 loquatur,
1522 1044 1608 1070 3non
1625 1041 1668 1071 est
1684 1043 1752 1072 sane
1770 1052 1835 1072 non
1850 1041 1892 1071 est
1909 1041 2133 1081 requirendum:

1181 1078 1253 1108 boni
1265 1079 1475 1120 virijudicent.
1499 1082 1529 1111 id
1546 1081 1588 1112 est
1606 1085 1733 1113 maximi
1749 1085 1920 1116 momenti,
1942 1082 2134 1122 &ponderis¹

1180 1122 1253 1150 Duo
1267 1121 1335 1151 sunt
1347 1130 1482 1162 tempora
1493 1143 1501 1156 ‚
1520 1124 1630 1164 quibus
1646 1125 1820 1155 nostrorum
1835 1127 1949 1155 civium
1968 1123 2136 1164 fpestentur

1175 1161 1289 1201 judicia
1301 1163 1338 1192 de
1352 1164 1459 1193 nobis:
1479 1175 1574 1195 unum
1591 1167 1734 1200 honoris,
1754 1168 1879 1197 alterum
1891 1167 2001 1197 salutis.
2025 1168 2135 1196 Honos

1179 1204 1245 1234 talis
1263 1205 1367 1244 populi
1381 1208 1475 1236 Rom.
1491 1208 1647 1238 voluntate
1665 1211 1764 1248 paucis
1782 1207 1825 1238 est
1843 1208 2028 1241 delatus‚⁴ac
2045 1207 2133 1237 mihi:

1180 1246 1257 1276 salus
1272 1255 1355 1276 tanto
1368 1246 1468 1284 studio
1477 1251 1606 1279 civitatis
1615 1252 1734 1281 nemini
1744 1250 1907 1280 reddita-de
1919 1259 1947 1279 te
1959 1258 2060 1279 autem
2076 1249 2135 1278 ho-

1179 1289 1279 1317 mines
1288 1288 1360 1328 quid
1371 1289 1499 1320 sentiant
1510 1311 1518 1324 ‚
1537 1293 1569 1321 in
1584 1292 1699 1322 honore
1715 1294 1829 1332 experti
1842 1292 1964 1322 sumus:
1985 1296 2018 1320 in
2029 1291 2145 1323 salute,-

1180 1329 1399 1368 exspeEt-zmus.
1422 1335 1502 1366 4Et‚
1523 1342 1555 1363 ut
1573 1342 1601 1362 te
1618 1344 1688 1364 cum
1708 1336 1834 1364 homine
1850 1343 1934 1367 uno,
1952 1342 2016 1362 non
2029 1331 2132 1362 solum

1177 1370 1438 1410 impudentissimo
1449 1393 1456 1406 ‚
1476 1382 1565 1415 atque
1575 1374 1686 1405 infimo
1695 1375 1851 1406 conferam
1863 1386 1868 1403 :
1889 1374 1926 1404 de
1938 1374 2039 1414 teipso
2050 1393 2059 1408 ‚
2077 1375 2135 1403 ho-

1177 1414 1262 1442 mine
1281 1413 1314 1442 &
1331 1414 1566 1454 arrogantissimo
1581 1437 1590 1450 ,
1615 1417 1648 1447 &
1667 1418 1746 1447 mihi
1762 1414 1971 1447 inimiciffimo
1988 1435 2003 1449 ,ν
2020 1425 2140 1456 quaero,-

1178 1456 1280 1484 Vatini
1292 1475 1300 1488 ,
1313 1464 1410 1485 utrum
1422 1457 1539 1487 tandem
1552 1467 1636 1498 putes
1647 1479 1655 1492 ,
1670 1460 1740 1489 huic
1749 1460 1881 1492 civitati,
1897 1459 1969 1488 huic
1977 1458 2049 1496 reip.
2063 1458 2134 1486 huic

1178 1496 1262 1530 urbi,
1285 1498 1331 1526 his
1345 1498 1466 1537 templis
1477 1519 1486 1532 ‚
1507 1502 1625 1532 aerario,
1646 1503 1753 1534 curiae,
1771 1502 1844 1530 viris
1859 1501 1924 1532 his,
1940 1508 2015 1540 quos
2035 1498 2132 1531 vides,

1178 1538 1288 1567 horum
1300 1538 1407 1573 bonis,
1425 1540 1574 1575 fortunis,
1595 1542 1695 1572 libetis
1707 1562 1715 1576 ,
1735 1541 1854 1572 civibus
1862 1543 1986 1574 ceteris,
2001 1539 2132 1579 denique

1179 1579 1307 1609 deorum
1325 1582 1548 1612 immortalium
1568 1583 1719 1618 delubris,
1739 1584 1878 1623 auspiciis
1892 1602 1900 1615 ,
1923 1581 2133 1622 religionibus,

1173 1622 1283 1651 melius
1296 1620 1403 1656 fuisse,
1426 1623 1458 1653 &
1470 1624 1683 1664 praestabilius,
1705 1635 1755 1654 me
1771 1628 1870 1655 civem
1890 1625 1922 1653 in
1941 1624 1994 1654 hac
2012 1624 2132 1654 civitate

1173 1663 1250 1702 nafiz‘
1260 1683 1269 1697 ‚
1284 1673 1320 1693 an
1333 1664 1378 1693 te?
1394 1663 1466 1695 cum
1477 1668 1553 1696 mihi
1566 1667 1627 1696 haec
1637 1666 1825 1707 responderis
1836 1687 1845 1699 ‚
1859 1667 1957 1696 aurita
1967 1664 2130 1705 impuden-

1174 1714 1218 1734 ter
1228 1724 1238 1738 ‚
1257 1714 1290 1735 ut
1302 1715 1410 1736 manus
1422 1706 1437 1737 a
1451 1716 1478 1737 te
1492 1708 1635 1738 homines
1649 1711 1702 1738 vix
1716 1707 1862 1739 abstinere
1876 1706 2002 1747 poffint:
2023 1715 2072 1736 aut
2091 1708 2133 1735 ita

1174 1746 1334 1781 dolenter,
1353 1748 1557 1789 utaliquando
1576 1749 1709 1780 fistailia
1720 1771 1730 1783 ‚
1744 1759 1809 1791 quae
1823 1750 1892 1779 sunt
1904 1748 2023 1782 inflata,
2037 1757 2129 1778 rum·

1173 1798 1297 1828 pantur:
1318 1798 1383 1819 tum
1397 1795 1574 1822 memoriter
1586 1792 1765 1831 respondeto
1778 1791 1813 1821 ad
1826 1801 1856 1821 ea
1867 1811 1876 1824 ,
1895 1801 1959 1831 quae
1973 1790 2009 1820 de
2024 1799 2050 1820 te
2064 1789 2130 1829 ipso

1174 1840 1287 1871 rogaro.
1321 1836 1360 1862 At
1378 1832 1455 1862 iilud
1474 1833 1741 1874 tenebricofiffimum
1754 1842 1871 1872 tempus
1887 1833 2021 1863 ineuntis
2039 1834 2133 1862 aetatis
2148 1836 2170 1866 5

1173 1881 1230 1902 tuae
1244 1874 1335 1912 patiar
1347 1873 1445 1904 latere.
1469 1876 1539 1905 licet
1554 1877 1680 1916 impune
1699 1885 1751 1915 per
1769 1885 1818 1904 me
1837 1876 1961 1913 parietes
1977 1875 2011 1903 in
2028 1873 2131 1903 adole-

1172 1915 1282 1944 scentia
1289 1914 1455 1953 perfoderis
1465 1935 1475 1950 ,
1486 1918 1606 1947 vicinos
1616 1918 1788 1956 compilatis
1797 1936 1805 1949 ‚
1817 1924 1945 1945 matrem
1955 1914 2130 1945 verberaris.

1172 1955 1277 1985 habeat
1285 1957 1344 1986 hoc
1352 1958 1511 1996 praemium
1523 1967 1572 1988 tua
1581 1959 1743 1999 indignitas
1754 1977 1761 1990 ‚
1778 1966 1810 1987 ut
1821 1956 2025 1987 adolescentiae
2035 1965 2128 1996 turpi-

1172 1996 1246 2026 tudo
1257 2016 1265 2030 ,
1281 1997 1458 2028 obscuritate
1469 2019 1478 2032 ‚
1499 1999 1530 2029 &
1540 1999 1675 2029 sordibus
1686 2001 1745 2029 tuis
1756 1999 1918 2040 obtegatur.
1942 1997 2129 2038 Qiaestutam

1171 2037 1271 2077 petisti
1282 2048 1352 2068 curn
1363 2042 1504 2070 P-SeXtio
1514 2061 1529 2074 ,γ
1542 2040 1612 2071 cum
1626 2042 1675 2071 hic
1685 2041 1764 2070 nihil
1774 2041 1944 2081 loqueretur
1954 2059 1962 2073 ‚
1982 2037 2129 2078 nisi-quod

1170 2080 1272 2120 agebat
1284 2090 1289 2108 1
1310 2089 1342 2110 tu
1357 2080 1392 2110 de
1405 2082 1497 2111 altero
1510 2083 1664 2112 consulatu
1678 2082 1809 2123 gerendo
1823 2091 1852 2112 te
1865 2081 1978 2112 diceres
1992 2091 2127 2122 cogitare.

1171 2124 1281 2161 Qaero
1291 2122 1341 2152 abs
1352 2131 1399 2155 te,
1418 2125 1556 2154 teneasne
1578 2126 1745 2157 memoria,
1766 2121 1838 2154 cum
1858 2126 1889 2154 P.
1904 2125 2022 2153 Sextius
2048 2132 2131 2163 quae·

1173 2162 1233 2193 stor
1243 2162 1276 2193 fit
1285 2163 1401 2194 cunffls
1410 2164 1555 2206 suffragiis
1564 2165 1659 2195 faetus
1670 2186 1678 2199 ‚
1690 2175 1761 2195 tunc
1775 2175 1802 2195 te
1816 2167 1869 2196 vix
1879 2185 1888 2199 ‚
1907 2166 2013 2194 'invitis
2026 2174 2133 2194 omni·-

1173 2205 1227 2234 bus
1238 2225 1246 2238 ,
1262 2215 1326 2235 non
1334 2207 1440 2246 populi
1451 2206 1599 2238 beneficio
1609 2228 1618 2241 ,
1634 2207 1682 2237 sed
1691 2207 1823 2237 consulis
1833 2227 1842 2242 ,
1858 2216 2029 2238 extremum
2040 2205 2128 2234 ,ω’ὺι-

1163 2246 1225 2287 fiffi
1236 2250 1251 2276 ἓ·
1266 2249 1298 2277 in
1312 2258 1348 2277 eo
1362 2247 1552 2288 magistratu,
1573 2248 1646 2279 cum
1659 2250 1713 2279 tibi
1724 2259 1834 2290 magno
1843 2250 1973 2279 clamore
1992 2246 2130 2288 (Jaquaria

1169 2290 1325 2328 provincia
1334 2290 1411 2319 sorte
1422 2289 1572 2331 obtigisset
1580 2311 1588 2325 ,
1609 2290 1751 2321 missusne
1761 2291 1796 2320 fis
1806 2290 1820 2321 a
1831 2301 1882 2321 me
1891 2290 2013 2321 consule
2022 2293 2131 2320 Putem

1169 2333 1216 2360 los
1225 2350 1234 2364 ,
1245 2340 1277 2360 ut
1286 2330 1358 2360 inde
1367 2340 1474 2361 aurum
1485 2335 1651 2372 exportari,
1663 2342 1879 2373 argentumque
1889 2332 2083 2372 prohiberes?
2094 2341 2127 2360 in

1169 2382 1205 2401 eo
1217 2374 1341 2413 negotio
1352 2393 1361 2406 ,
1383 2372 1455 2403 cum
1468 2382 1495 2403 tc
1504 2384 1568 2404 non
1581 2373 1711 2410 custodem
1719 2374 1755 2404 ad
1765 2374 1961 2404 continendas
1972 2394 1979 2406 ‚
2000 2373 2047 2402 sed
2059 2382 2129 2412 pora

1170 2416 1292 2443 titorem
1314 2415 1349 2444 ad
1368 2415 1534 2455 partiendas
1554 2419 1678 2447 merceis
1698 2414 1821 2446 miss‘um
1841 2425 1956 2456 putares
1968 2435 1977 2448 ‚
1998 2424 2129 2454 cumque

1172 2458 1315 2486 omnium
1326 2456 1436 2487 domos
1448 2477 1458 2490 7
1471 2459 1627 2497 apothecas
1637 2479 1646 2493 ,
1662 2461 1763 2489 naveis
1774 2478 1783 2492 ,
1802 2455 1979 2488 furacissime
1991 2455 2130 2486 scrutare-

1170 2507 1202 2527 re
1213 2518 1222 2533 ,
1247 2504 1261 2527 7
1272 2499 1470 2539 hominesque
1485 2503 1604 2540 negotia
1618 2502 1764 2541 gerenteis
1774 2519 1782 2533 ‚
1799 2499 1921 2538 judiciis
1933 2495 2128 2537 iniquissimis

1170 2541 1299 2570 irretires
1309 2560 1317 2573 ,
1328 2550 1508 2570 mercatores
1521 2552 1537 2570 e
1547 2544 1617 2571 navi
1629 2541 1823 2582 egredientem
1833 2549 1952 2570 terreres
1963 2559 1970 2572 ,
1982 2539 2129 2582 conscen-

1170 2581 1288 2612 denteis
1297 2592 1460 2612 morarere:
1474 2584 1610 2613 teneasne
1620 2585 1768 2612 memoria
1777 2602 1784 2615 ‚
1797 2583 1851 2611 tibi
1862 2591 1895 2610 in
1904 2590 2056 2610 conventu
2067 2583 2128 2611 Pu-

1169 2624 1258 2653 teolis
1270 2633 1378 2653 manus
1390 2623 1447 2653 effe
1458 2624 1556 2654 allatas
1568 2627 1577 2642 ²
1594 2625 1629 2654 ad
1640 2634 1690 2654 me
1699 2624 1855 2653 consulem
1870 2643 1878 2655 ,
1889 2622 2122 2652 Puteolanorum

1168 2666 1301 2706 querelas
1316 2663 1375 2695 effe
1385 2665 1515 2696 delatas?
1532 2665 1599 2706 post
1616 2665 1791 2707 quaesturam
1808 2664 1958 2695 exierisne
1969 2664 2085 2734 legilms'
2095 2666 2131 2694 iri

2002 2716 2020 2735 u
2034 2715 2128 2735 terio-

199 2803 223 2822 1.
242 2797 335 2831 Easque
343 2800 369 2823 in
378 2798 448 2832 hujm
458 2799 547 2833 juditio
556 2799 596 2833 ff
607 2818 616 2832 ‚
633 2800 701 2834 ὅγε]
722 2800 764 2826 Sic
775 2799 886 2827 Erfurd.
895 2800 924 2826 8(
936 2799 995 2826 Pal.
1006 2809 1090 2827 nonus
1104 2809 1113 2831 τ,

160 2838 213 2857 non
223 2833 301 2867 paulo
310 2833 438 2860 evelatius
449 2836 530 2870 quam
541 2835 677 2871 vulgatum
688 2840 714 2862 ln
722 2838 863 2871 hocjudicio.

197 2874 225 2892 ι.
242 2869 282 2893 Ille
290 2875 346 2894 tuus
354 2872 381 2895 in
390 2876 412 2895 te
419 2871 433 2886 ⁴
445 2873 459 2886 ⁸
469 2877 571 2896 veterem
581 2875 682 2898 amiram
694 2891 702 2903 ‚
719 2873 791 2907 &e.]
813 2871 953 2898 Turnebus
963 2871 1023 2898 heic
1033 2872 1060 2898 in
1071 2871 1120 2898 ms.

162 2909 298 2964 ἔῆσιῃὲειη
309 2904 375 2932 vidit
387 2912 471 2933 totam
480 2908 616 2943 paginam.
634 2908 749 2944 ideoque
769 2909 867 2935 meritc>
886 2908 1028 2944 insignitur
1047 2909 1120 2934 locus

201 2947 239 2964 eri
252 2948 293 2965 co.

198 2981 233 3013 3¹.
243 2977 416 3015 Qqneft‘sanh
431 2988 475 3004 non
485 2981 520 3004 eff
531 2980 721 3014 requi-residunt]
747 2980 816 3007 Estii
829 2980 895 3006 Pali.
906 2979 1038 3006 omnibus.
1050 2980 1120 3015 prius

162 3009 289 3048 publicati
298 3009 505 3040 destituebantur
517 3015 565 3041 illo
575 3016 672 3048 altero,
683 3026 728 3042 nan
739 3020 775 3043 ef?
785 3036 793 3049 ‚
806 3017 849 3043 cui
859 3025 946 3043 tamen
958 3015 1002 3043 sua
1013 3018 1122 3052 empha-

161 3049 193 3070 tis
204 3053 213 3074 ;
234 3044 362 3082 habetque
372 3048 455 3075 editio
465 3051 580 3078 exoleta.

196 3086 226 3112 4.
245 3084 278 3106 Et
289 3089 316 3106 ut
333 3089 353 3108 re
363 3092 413 3109 cum
421 3087 562 3112 homimum
574 3107 582 3119 ‚
601 3087 668 3122 ἀι]
690 3088 809 3124 Expreffi
820 3088 966 3115 editionem
985 3088 1121 3124 vulgatam

161 3122 272 3142 avorum
281 3125 338 3142 aero
350 3137 359 3149 ,
369 3119 412 3144 cui
421 3121 521 3148 accedit
532 3122 588 3148 Pul.
599 3122 649 3148 sec,
660 3131 748 3158 quart.
761 3125 847 3159 quint.
859 3124 917 3150 dec.
937 3134 996 3151 nain
1007 3126 1121 3161 primus,

162 3152 195 3176 ΒΥ
203 3158 315 3194 assecuta
323 3154 410 3179 humine
417 3165 473 3187 nm,
482 3157 533 3187 &m
553 3157 617 3194 sept.
638 3162 669 3184 Ει
678 3166 706 3184 ut
716 3169 751 3184 me
759 3167 834 3185 recum
843 3162 930 3186 humine
940 3170 998 3192 um,
1009 3170 1122 3196 quomo-

160 3184 197 3214 do
207 3188 221 3214 ν
229 3185 368 3217 instoriam.
390 3196 419 3217 at
428 3200 511 3220 nonus
521 3203 528 3220 ς
544 3194 589 3227 sed
596 3201 622 3220 ux
630 3200 653 3220 te
662 3204 711 3222 cum
725 3197 812 3223 homine
820 3197 941 3231 unae-rc.
958 3196 1126 3225 Gulielmius

1163 2801 1220 2827 heic
1230 2801 1267 2828 'ita
1277 2801 1398 2829 confusus
1409 2802 1457 2833 est,
1469 2809 1497 2828 ut
1507 2801 1618 2828 nesciam
1629 2800 1695 2827 bona
1705 2799 1758 2826 fide
1769 2798 1953 2836 repraesentnrc
1964 2797 2030 2834 quid
2041 2797 2132 2825 fuerit

1164 2838 1190 2864 in
1203 2839 1230 2863 S.
1240 2837 1312 2864 Vici.
1324 2839 1351 2863 &
1365 2838 1474 2864 Erfurd.
1494 2838 1540 2864 nili
1551 2837 1622 2873 quod
1632 2847 1685 2863 nou
1699 2846 1707 2862 x
1715 2836 1838 2863 'ideaiitur
1849 2836 1868 2862 ii
1879 2836 1990 2862 omnino
2000 2834 2131 2861 recedere„

1165 2875 1182 2900 ii
1193 2873 1387 2900 Lambinianis.

1203 2919 1230 2943 5.
1249 2912 1296 2942 Ista
1305 2911 1415 2943 quaefimt
1426 2913 1514 2943 inflata
1525 2909 1692 2943 rumpantur-i]
1714 2907 1793 2935 Haud
1804 2907 1853 2934 abii
1874 2909 1889 2934 it
1900 2907 2017 2934 leffione
2024 2907 2123 2943 prima,

1165 2945 1322 2972 confirmata
1342 2949 1358 2971 a
1368 2946 1496 2972 Palatinis
1507 2955 1614 2972 novem.
1632 2945 1736 2981 vulgat-i
1747 2943 1900 2972 interseruit
1917 2946 1962 2970 ilfa
1974 2963 1982 2976 ,
2002 2943 2045 2970 sed
2064 2943 2121 2978 ejus
2131 2963 2137 2966 .

1166 2981 1272 3008 nullum
1287 2981 1422 3017 vestigium
1440 2982 1465 3007 iii
1477 2981 1579 3008 iisdem.

1201 3018 1230 3043 6.
1250 3020 1363 3051 Aquaria
1376 3019 1530 3052 provincia]
1552 3019 1593 3044 Dc
1606 3026 1636 3044 ea
1644 3016 1713 3044 bella
1724 3016 1809 3044 multa
1818 3016 1904 3043 noster
1914 3015 2029 3052 Lipsius,
2039 3014 2088 3042 lib⁴
2102 3023 2124 3041 x.
2135 3036 2138 3037 ν

1168 3053 1265 3089 Antiq.
1278 3053 1423 3080 lesft'ioiiuin
1435 3063 1489 3089 cap.
1508 3062 1548 3079 η.

1204 3097 1232 3123 7.
1252 3089 1402 3123 Homtnesque
1419 3093 1507 3122 negotia
1522 3088 1653 3124 germ-ter]
1676 3089 1786 3116 Gembl.
1807 3089 1836 3115 δε
1847 3089 1874 3115 S.
1887 3087 2125 3114 Vifiioidstiterum

1169 3124 1228 3152 heic
1238 3124 1334 3151 habent
1345 3128 1447 3158 negotii‚·
1465 3125 1644 3161 probabatque
1663 3125 1782 3162 impensi:
1793 3124 1928 3151 Gifanius.
1947 3132 2032 3159 neque
2050 3123 2130 3148 aliter

1170 3161 1310 3187 Orationis
1329 3170 1376 3197 pro
1387 3162 1611 3202 Qiutio-eapit:
1622 3170 1665 3196 19.
1683 3161 1705 3189 f.
1717 3163 1757 3198 stu*
1765 3162 2032 3196 negotiithemssrensi:
2049 3164 2131 3193 quem
2147 3177 2151 3180 .

1170 3196 1259 3225 locum
1270 3197 1338 3225 item
1348 3196 1492 3226 adnotarat
1500 3197 1681 3227 Gulielmius*

2022 3239 2034 3258 π
2043 3249 2047 3256 .
2057 3229 2151 3264 ἔφαν
