2297 3389
581 161 892 206 ORAT1o
961 173 1098 207 PRo

190 248 250 280 uod
260 244 338 279 mihi
347 243 549 290 graviffimum
560 241 630 273 effer
638 240 677 273 fic
687 242 785 273 dicere
795 262 803 277 ‚
823 243 872 274 sed
882 243 1008 284 impune
1021 252 1124 275 tamen

168 259 309 323 deberem
319 289 434 322 dicere5
456 288 523 316 Non
535 284 614 315 νσέἶὲ.
637 295 710 315 nam
728 285 800 326 quid
818 284 1015 327 assequerere,
1038 284 1059 315 fi
1074 286 1123 316 illa

168 342 302 364 extrema
310 327 481 361 defensione
493 337 607 361 uterer,
623 327 760 369 Populum
770 348 778 362 ,
793 327 1022 369 quodvolmfflt,
1033 328 1124 367 fecis-

133 382 152 415 7
163 376 194 417 s?
204 396 213 410 ‚
226 385 277 404 non
286 369 523 414 quoddebusffir?
545 368 627 411 Qid
639 389 647 403 ‚
668 368 688 398 si
698 370 803 409 populi
812 379 933 411 quoque
941 368 1055 400 faEtum
1068 369 1121 399 de-

163 416 258 448 fendo
268 435 277 450 ‚
288 410 450 444 Laterensis
460 432 469 446 ‚
485 412 518 442 &
528 411 624 442 doceo
634 432 642 445 ,
659 413 715 441 Cn.
725 412 880 442 Plancium
891 421 955 442 non
964 409 1121 450 obrepfiffe

164 459 201 490 nd
212 460 360 488 honorem
371 474 379 489 ‚
396 453 445 484 sed
455 464 491 484 eo
501 452 615 484 venisse
624 453 697 483 curs
693 464 710 483 u
720 473 728 487 ,
741 456 794 495 qui
803 454 920 493 semper
928 455 1053 494 patuerit
1064 454 1120 482 ho-

165 499 302 530 minibus
316 498 375 527 hoc
392 495 495 526 nostro
512 494 639 536 equestri
654 496 745 528 loco?
762 494 924 536 poffumne
934 497 1046 536 eripere
1055 504 1122 526 ora-

163 542 241 572 tioni
252 549 309 570 tuae
318 539 549 569 contentionem
558 536 691 568 vestrum
707 557 716 571 ‚
738 548 804 579 qua:
817 537 931 568 naastan
939 535 1001 568 sine
1011 545 1122 568 contu-

162 583 255 613 melia
264 591 327 611 non
336 580 434 621 potest
444 600 452 614 ‚
475 584 483 600 ¹
497 581 530 610 δε
547 589 574 610 te
590 580 625 610 ad
641 581 758 611 causam
772 579 934 621 aliquando
945 580 1120 620 crimenque

162 624 329 654 deducere?
350 625 399 656 Si,
419 621 502 664 qubd
515 624 624 664 equitis
634 624 729 652 Rom.
744 620 825 652 filius
839 621 880 651 est
889 641 900 656 ‚
920 620 1050 652 inferior
1061 619 1120 650 effe

160 666 284 696 debuit:
305 675 414 695 omnes
431 674 531 695 tecum
550 666 686 705 equitum
700 667 913 695 Romanorum
931 661 988 692 filii
1003 663 1120 702 petive-

159 715 241 738 runt.
266 707 423 737 nihildico
442 707 582 747 amplius.
605 707 664 736 hoc
680 715 781 736 tamen
800 706 913 738 miror,
930 714 982 734 cur
1000 712 1032 734 tu
1047 705 1120 734 huic

158 747 350 790 potiffimum
362 749 481 779 irascare
492 769 500 782 ‚
516 751 568 789 qui
578 746 747 789 longiffime
759 746 774 776 a
787 754 814 775 te
824 744 930 775 abfuit.
954 745 1115 786 Equidem,

159 791 181 820 si
195 791 316 832 quando
326 811 335 824 ,
356 799 390 821 ut
403 790 454 824 fit,
471 790 610 830 ja&orin
620 789 704 819 turba
714 807 723 822 ,
742 797 806 816 non
817 787 907 818 illum
920 787 1025 817 accuso
1036 807 1044 821 ,
1065 789 1117 827 qui

158 832 202 863 est
214 834 248 863 in
262 834 380 863 summa
394 834 470 863 sacra
480 834 528 862 via
539 851 547 865 ,
564 830 636 860 cum
646 839 702 870 ego
711 828 748 859 ad
758 828 884 858 Fabium
894 828 1044 859 fornicem
1054 831 1118 858 im-

154 875 270 916 pellor:
291 875 340 905 sed
349 884 420 905 eum
431 894 439 907 ,
457 875 551 914 quiin
561 872 718 912 meipsum
729 872 856 901 incurrit
866 891 875 904 ‚
894 879 981 911 atque
991 871 1111 901 incidit.

155 919 209 947 Tu
219 926 317 958 neque
327 916 467 956 QPedio
478 934 487 947 ,
507 913 578 943 forti
588 915 656 943 viro
667 933 676 947 ,
696 913 848 943 succenses
860 933 869 947 ,
889 923 987 954 neque
998 914 1068 943 huic
1077 916 1114 943 A.

154 959 256 989 Plotio
267 979 276 992 ,
287 955 475 988 ornatiss'imo
485 956 607 985 homini
618 975 626 989 ‚
637 954 780 985 familiari
789 964 861 984 meo
873 965 878 984 :
899 955 932 985 δε
942 955 977 985 ab
988 965 1025 985 eo
1039 974 1048 988 ,
1062 957 1115 996 qui

154 1001 212 1030 hos
221 1000 369 1032 dimovit,
388 1000 490 1038 potius
501 1018 510 1032 ‚
528 997 619 1038 quam
633 997 669 1027 ab
684 998 721 1027 iis
732 1017 742 1030 ,
761 999 815 1037 qui
829 999 861 1026 iti
877 1005 904 1027 te
917 997 1017 1037 ipsum
1029 998 1115 1028 incu-

154 1042 299 1074 buerunt,
320 1049 347 1071 te
357 1040 515 1080 depulsum
526 1048 619 1079 putas.
649 1038 706 1069 Sed
716 1047 818 1068 tamen
828 1039 892 1068 haec
901 1039 956 1068 tibi
966 1038 1008 1069 est
1017 1040 1114 1079 prima

151 1093 224 1114 cum
235 1082 356 1113 Plancio
368 1102 376 1115 ,
397 1083 515 1124 generis
531 1080 620 1111 vestri
632 1101 641 1114 ‚
659 1080 845 1121 familiaeque
857 1083 1016 1111 contentio
1027 1101 1036 1114 ,
1055 1091 1113 1121 qua

151 1124 203 1155 abs
213 1133 240 1154 te
251 1125 390 1155 vincitur.
414 1126 473 1154 Cur
481 1125 565 1153 enim
576 1133 642 1152 non
652 1121 797 1152 confitear
805 1142 814 1156 ‚
835 1122 917 1163 quod
928 1121 1044 1153 necesse
1055 1122 1111 1152 est?

149 1166 200 1196 sed
217 1176 282 1196 non
302 1167 351 1196 hic
372 1167 464 1206 magis
478 1186 486 1199 ,
507 1165 599 1206 quam
618 1174 672 1206 ego
689 1164 705 1194 a
722 1166 798 1194 meis
812 1164 1063 1204 competitoribus
1078 1164 1111 1195 δε

148 1208 237 1241 alias,
263 1208 296 1238 δε
311 1210 345 1238 111
364 1208 534 1238 consulatus
552 1207 701 1246 petitione
719 1206 868 1236 vincebar.
891 1206 946 1237 Sed
961 1206 1051 1241 vide,
1072 1216 1111 1237 ne

149 1250 212 1280 haec
222 1250 283 1289 ipsa
292 1269 301 1284 ‚
315 1260 381 1291 quae
392 1249 517 1289 despicis
528 1268 537 1282 ‚
550 1250 621 1278 huic
632 1246 784 1288 suffragata
793 1246 857 1278 sint.
881 1250 930 1278 Sic
939 1250 1023 1279 enim
1035 1258 1110 1279 con-

147 1290 291 1322 feramus.
323 1290 374 1322 Est
394 1301 481 1321 tuum
509 1299 625 1320 nomen
651 1298 774 1330 utraque
798 1289 915 1320 familia
941 1291 1108 1320 consulare.

147 1334 237 1363 Num
255 1332 371 1364 dubitas
388 1334 498 1372 igitur,
520 1334 596 1373 quin
609 1340 717 1361 omnes
730 1351 739 1364 ‚
758 1333 810 1372 qui
824 1330 927 1361 favent
940 1331 1106 1366 nobilitati,

146 1377 200 1415 qui
210 1375 241 1405 id
251 1383 358 1414 putant
366 1373 425 1404 effe
433 1374 671 1413 pulcherrimum
680 1392 688 1406 ,
704 1374 756 1413 qui
766 1373 951 1413 imaginibus
961 1392 969 1407 ‚
987 1375 1038 1415 qui
1048 1384 1108 1404 no-

145 1417 283 1446 minibus
302 1415 406 1446 vestris
423 1415 574 1445 ducuntur
585 1434 593 1448 ,
612 1423 640 1445 te
654 1414 774 1444 aedilem
788 1414 933 1445 fecerint?
955 1415 1107 1456 Equidem

145 1467 211 1488 non
228 1458 346 1488 dubito.
370 1457 445 1491 Sed,
465 1456 485 1486 fi
504 1467 610 1497 pamm
630 1456 720 1486 multi
740 1457 827 1490 sunt,
845 1458 898 1498 qui
915 1457 1106 1489 nobilitatem

145 1508 335 1529 amentznum
344 1498 398 1530 ista
407 1498 449 1530 est
460 1498 559 1529 nostra
567 1499 782 1539 culpa?etenim
795 1498 831 1529 ad
845 1500 979 1539 caput‚&
990 1499 1025 1530 ad
1034 1498 1106 1530 fon-

108 1535 127 1569 8
146 1550 206 1572 tem
219 1541 372 1582 utriusque
381 1543 499 1582 generis
511 1543 681 1571 veniamus.
697 1543 748 1571 Tu
757 1551 787 1570 es
798 1550 835 1571 ex
847 1543 1019 1581 municipio
1028 1543 1107 1572 anti-

142 1582 288 1624 quissimo
296 1584 480 1617 Tusculano,
491 1586 505 1603 ²
514 1593 551 1613 ex
560 1593 620 1624 quo
628 1583 766 1623 plurimae
775 1583 900 1613 familiae
914 1583 982 1613 sunt
994 1584 1105 1614 consu-

141 1625 217 1655 lares
231 1636 237 1654 1
248 1627 281 1655 in
290 1625 400 1666 quibus
410 1624 452 1656 est
461 1627 552 1656 etiarn
560 1627 711 1667 Juvenria,
723 1625 824 1666 quote
838 1625 961 1666 reliquis
971 1627 1104 1656 munici-

143 1667 203 1707 piis
212 1668 358 1698 omnibus
367 1677 432 1697 non
443 1668 519 1697 sunt.
544 1669 604 1697 Hic
617 1666 660 1697 est
670 1666 686 1696 ὲ
697 1666 872 1707 Ρτπὶεὲὶυῑα
882 1669 996 1697 Atinati
1009 1688 1017 1702 ‚
1038 1677 1103 1698 non

144 1717 205 1739 tam
215 1710 308 1749 prisca
316 1729 325 1743 ‚
337 1719 402 1739 non
412 1718 472 1739 tam
483 1710 627 1739 honorata
636 1729 644 1743 ‚
656 1717 790 1739 nontam
799 1708 975 1739 suburbana.
998 1712 1104 1751 Qan-

142 1758 210 1781 tum
220 1750 356 1782 interesse
365 1753 411 1781 vis
424 1751 463 1780 ad
473 1751 610 1780 rationem
619 1751 729 1792 petendi
740 1754 751 1780 ἓ
774 1749 911 1781 Primum
924 1750 1025 1781 utrum
1037 1761 1101 1782 ma-

143 1794 189 1834 gis
199 1792 297 1823 favere
305 1801 388 1832 putas
399 1795 545 1823 Atinateis
555 1814 564 1827 ,
576 1803 612 1824 an
623 1792 811 1823 Tusculanos
822 1813 831 1827 ,
842 1793 922 1823 suis?
936 1793 1020 1823 alteri
1030 1794 1100 1832 (sci-

144 1844 177 1864 re
189 1836 273 1864 enim
288 1835 346 1864 hoc
358 1844 478 1875 propter
489 1836 677 1865 vicinitatem
686 1834 774 1865 facile
785 1833 919 1875 possum)
929 1834 1001 1866 cum
1011 1836 1103 1875 hujus
1122 1857 1124 1868 .

145 1875 322 1906 ornatiffimi
333 1896 341 1910 ,
351 1884 435 1917 atque
446 1878 556 1917 optimi
566 1878 624 1907 viri
634 1897 642 1911 ‚
655 1879 707 1907 Cn.
722 1879 891 1911 Saturnini,
906 1885 1020 1916 patrem
1030 1876 1103 1908 aedi-

144 1918 208 1947 lem
218 1938 226 1952 ,
242 1917 315 1948 cum
325 1927 482 1957 praetorem
492 1918 635 1948 viderunt
644 1938 653 1953 ,
672 1918 755 1959 quod
766 1920 883 1958 primus
894 1918 946 1948 ille
957 1928 1022 1948 non
1032 1928 1102 1948 mo—

145 1958 186 1989 do
198 1961 230 1990 in
240 1970 306 1990 earn
315 1959 464 1990 familiam
475 1979 483 1993 ‚
506 1959 555 1990 sed
565 1961 656 1990 etiam
666 1962 699 1990 in
706 1959 915 2000 praefecturam
925 1960 1010 1990 illam
1021 1980 1029 1994 ,
1044 1960 1102 1999 sel-

141 2001 202 2031 lam
211 2002 334 2031 curulem
346 1999 503 2031 attulisset:
523 2001 696 2031 mirandum
713 2003 747 2030 in
763 2001 894 2031 modum
914 2002 1002 2031 laetati
1023 2002 1102 2031 sunt.

140 2043 250 2073 alteros
259 2043 371 2082 (credo,
383 2044 452 2084 quia
461 2042 604 2072 refertum
615 2041 658 2072 est
669 2044 872 2082 municipium
883 2042 1099 2073 consularibus:

141 2094 212 2115 riam
234 2085 403 2115 malevolos
421 2094 486 2114 non
505 2082 564 2113 effe
580 2083 662 2114 certo
679 2084 752 2125 scio)
773 2094 941 2124 numquam
962 2084 1100 2113 intellexi

139 2129 153 2154 Ξ
165 2125 375 2157 vehementius
386 2126 542 2166 hospitum
556 2126 678 2156 suorum
694 2127 809 2156 honore
820 2126 918 2156 laetari.
944 2124 1100 2155 Habemus

139 2169 199 2198 hoc
208 2178 282 2198 nos:
302 2168 413 2199 habent
425 2167 524 2198 nostra
537 2169 715 2208 municipia.
738 2167 821 2209 Qiid
838 2177 894 2208 ego
913 2168 949 2198 de
968 2177 1018 2196 me
1029 2187 1039 2200 ‚
1061 2166 1098 2197 de

135 2208 224 2240 fratre
241 2220 312 2240 meo
331 2210 456 2250 loquar?
475 2219 606 2250 quorum
626 2209 792 2239 honoribus
809 2212 869 2250 agri
885 2208 978 2249 prope
997 2208 1096 2239 dicam

135 2250 189 2292 ipfi
201 2271 209 2286 ,
222 2252 400 2292 montesque
408 2250 557 2280 faverunt.
577 2261 653 2280 num
663 2251 784 2292 quando
793 2252 877 2281 vides
888 2251 1095 2282 Tusculanum

134 2294 268 2334 aliquem
279 2293 316 2324 de
326 2295 490 2323 M.Catone
498 2293 554 2322 illo
564 2294 596 2322 in
607 2295 695 2322 omni
704 2295 812 2323 virtute
822 2295 957 2333 principe
967 2313 975 2326 ‚
993 2296 1009 2319 4
1018 2302 1093 2322 num

137 2335 173 2366 de
184 2338 236 2366 Ti.
246 2336 441 2367 Coruncanio
453 2354 462 2367 ,
478 2336 634 2374 municipe
644 2334 697 2364 suo
708 2354 717 2368 ‚
731 2345 806 2364 num
817 2335 854 2364 de
865 2343 909 2365 tot
920 2335 1017 2365 Fabiis
1026 2335 1093 2376 glo-

135 2379 222 2408 riari?
243 2377 370 2408 verbum
388 2386 482 2406 nemo
499 2375 579 2406 facit.
602 2378 661 2410 At,
683 2378 718 2406 in
730 2386 954 2417 quemcumque
966 2380 1095 2416 Arpina-

135 2427 197 2450 tem
208 2418 348 2449 incideris
359 2438 367 2453 ,
390 2420 481 2448 etiam
495 2416 516 2448 fi
529 2417 609 2448 nolis
622 2438 630 2451 ‚
650 2419 707 2449 erit
726 2427 826 2448 tamen
845 2419 900 2449 tibi
916 2417 1035 2449 fortasse
1057 2418 1093 2448 de

136 2461 225 2491 nobis
235 2460 348 2502 aliquid
358 2481 366 2495 ,
379 2463 392 2488 5
400 2460 512 2501 aliquid
522 2459 601 2490 certe
613 2459 649 2489 de
659 2462 691 2490 C.
701 2462 799 2490 Mario
808 2460 1006 2491 audiendum.
1030 2461 1093 2491 Pri-

134 2501 225 2532 mum
242 2505 332 2543 igitur
347 2503 396 2532 hic
413 2502 516 2532 habuit
529 2501 624 2532 studia
639 2502 762 2532 suorum
776 2503 923 2533 ardentia:
951 2512 983 2533 tu
1002 2511 1091 2536 tanta,

134 2554 244 2585 quanta
261 2547 294 2574 in
314 2544 481 2574 homnibus
497 2545 559 2584 jam
574 2545 712 2583 sarmatis
730 2544 897 2574 honoribus
914 2543 973 2575 effe
986 2553 1093 2585 potue-

133 2596 213 2616 runt.
236 2586 357 2617 Deinde
368 2587 412 2617 tui
422 2588 591 2626 municipes
602 2606 610 2619 ‚
630 2585 697 2615 sunt
712 2586 758 2615 illi
771 2586 897 2627 quidem
912 2586 1092 2627 splendidis-

134 2626 202 2658 simi
213 2629 369 2659 homines:
386 2628 434 2658 sed
444 2636 543 2658 tamen
553 2629 656 2668 pauci,
672 2626 691 2656 si
702 2628 826 2669 quidem
836 2638 906 2657 cum
918 2629 1092 2659 Atinatibus

131 2669 335 2701 conferantur.
359 2671 448 2708 hujus
457 2670 629 2710 praefedlmra
641 2689 649 2703 ,
665 2670 752 2709 plena
765 2672 899 2700 virorum
914 2668 1094 2700 fortiffimo-

132 2721 201 2742 rum
213 2733 221 2746 ‚
243 2711 283 2743 fic
300 2721 333 2743 ut
350 2712 432 2743 nulla
445 2721 505 2743 tota
516 2713 600 2743 ltalia
613 2711 797 2752 frequentior
811 2712 871 2743 dici
883 2710 979 2752 poffit.
1002 2723 1093 2754 quam

1168 161 1282 209 Cn.
1340 162 1698 210 PLANcro.
2036 167 2129 231 483

1173 244 1299 285 quidem
1309 255 1392 276 nunc
1400 245 1633 277 multitudinem
1643 246 1754 278 videtis
1764 266 1773 282 ,
1797 245 1911 283 iudices
1921 266 1930 282 ,
1947 246 1980 277 in
1990 247 2134 288 squalore,

1175 288 1208 317 &
1218 286 1301 318 1116111
1314 288 1478 329 supplicem
1487 289 1586 319 vobis.
1610 290 1653 319 Hi
1668 297 1712 319 tot
1724 291 1838 330 equites
1848 290 2005 323 Romani,
2024 298 2069 321 tot
2079 293 2133 320 tri-

1174 328 1248 358 buni
1258 332 1351 360 aerarii
1363 333 1446 369 (nam
1456 331 1577 370 plebem
1587 329 1603 361 a
1609 330 1727 370 judicio
1738 328 1908 362 dimisimus
1919 351 1928 366 ‚
1947 341 2013 372 quae
2022 330 2132 363 curristi}

1170 372 1305 401 comitiis
1317 371 1423 412 adfuit)
1439 372 1511 413 quid
1525 373 1642 402 roboris
1654 392 1664 407 ,
1681 372 1755 413 quid
1772 372 1926 414 dignitatis
1945 373 2035 413 hujus
2052 375 2131 414 peti-

1171 412 1250 440 tioni
1266 413 1448 444 attulerunt?
1471 424 1538 444 non
1554 416 1639 444 enim
1659 416 1773 446 tribum
1783 417 1981 446 Terentinam
1992 435 2001 449 ‚
2022 415 2057 445 de
2071 425 2130 456 qua

1170 452 1270 482 dicam
1280 454 1341 484 alio
1352 455 1420 485 loco
1430 475 1437 489 ,
1451 455 1500 485 sed
1511 455 1697 496 dignitatem,
1710 457 1757 487 sed
1768 457 1928 487 oculorum
1938 456 2128 497 conjeetum.

1168 494 1219 524 sed
1229 494 1357 525 solidam
1368 516 1377 529 ‚
1399 497 1593 527 &robustam
1605 518 1614 531 ‚
1635 499 1668 528 δε
1685 497 1825 529 affiduam
1841 498 2042 540 frequentiam
2052 508 2127 539 prae-

1169 535 1309 566 buerunt.
1330 538 1398 579 Jam
1408 540 1574 578 municipia
1581 540 1798 580 conjunciiioiie
1809 543 1897 571 etiam
1908 541 2067 570 vicinitatis
2074 551 2128 570 ve-

1167 578 1325 608 hementer
1335 588 1507 609 moventur.
1531 583 1643 611 Omnia
1653 602 1661 614 ‚
1684 592 1750 623 quae
1763 582 1831 614 dico
1844 583 1881 613 de
1894 583 2016 614 Plancio
2026 602 2035 617 ‚
2056 582 2124 613 dico
2140 588 2165 620 9

1168 628 1305 660 expertus
1324 622 1357 650 in
1374 619 1472 651 nobis.
1498 621 1600 652 sumus
1616 626 1701 653 enim
1716 623 1841 655 finitimi
1855 625 2038 655 Atinatibus.
2061 625 2127 655 lau-

1166 660 1263 692 danda
1275 661 1318 693 est
1328 683 1337 695 ,
1358 662 1408 692 vel
1423 664 1515 693 etiarn
1529 664 1654 694 amanda
1666 667 1804 696 vicinitas
1816 687 1824 700 .
1844 669 1977 698 retinens
1991 675 2124 697 veterem

1164 703 1254 733 illum
1265 703 1363 734 officii
1375 714 1495 734 morem
1505 724 1514 738 ‚
1530 714 1595 734 non
1604 705 1744 737 infuscata
1754 708 1967 738 malevolentia
1977 728 1985 742 ‚
2007 718 2071 738 non
2080 708 2126 738 as-

1163 745 1243 790 sueta
1252 746 1417 777 mendaciis
1430 766 1438 780 ,
1454 756 1518 776 non
1527 745 1622 776 fucata
1634 767 1642 781 ,
1658 757 1721 777 non
1731 748 1821 780 fallax
1831 770 1838 783 ‚
1855 760 1919 780 non
1930 750 2046 780 erudita
2054 751 2125 780 arti-

1164 788 1235 817 licio
1246 788 1435 828 simulationis
1449 788 1497 818 vel
1511 788 1698 823 suburbano,
1718 790 1766 819 vel
1777 792 1867 821 etiam
1878 792 2000 822 urbano.
2025 801 2122 822 nemo

1161 831 1288 869 Arpinas
1302 840 1366 860 non
1377 830 1498 861 Plancio
1513 829 1627 860 studuit
1637 850 1645 863 ,
1667 840 1760 861 nemo
1771 834 1899 863 Soranus
1910 853 1918 867 ‚
1940 843 2033 863 nemo
2043 832 2122 864 Casie

1162 881 1215 901 nas
1225 891 1234 906 ‚
1253 881 1346 902 nemo
1357 873 1503 913 Aquinas.
1526 880 1608 902 totus
1620 872 1671 902 ille
1685 872 1793 903 trastus
1806 874 2016 904 celeberrimus
2027 895 2034 908 ,
2059 878 2122 904 Ve-

1159 913 1466 947 nafranus,Allifanus
1477 925 1482 943 :
1494 921 1554 944 tota
1564 914 1695 955 denique
1704 914 1803 945 nostra
1813 916 1863 945 illa
1872 916 2016 955 aspera,&
2027 926 2119 946 mon-

1159 956 1242 985 tuost
1252 976 1260 989 .
1277 956 1309 986 &
1320 955 1417 986 fidelis
1429 976 1436 989 ‚
1457 956 1491 986 δε
1500 953 1627 996 simplex
1636 977 1644 989 ‚
1667 957 1700 987 δε
1709 956 1821 987 fautrix
1832 957 1954 987 suorum
1966 960 2046 999 regio
2058 979 2065 991 ‚
2090 960 2120 987 sc

1159 997 1249 1037 hujus
1264 998 1381 1029 honore
1395 999 1514 1031 ornari,
1534 998 1563 1028 se
1573 1000 1671 1039 augeri
1681 998 1824 1040 dignitate
1834 999 2026 1029 arbitrabatur
2041 1010 2046 1028 t
2069 1000 2124 1029 iis*

1159 1038 1292 1081 demque
1311 1050 1392 1070 nunc
1410 1039 1426 1070 a
1447 1041 1622 1080 municipiis
1635 1040 1744 1070 adsunt
1755 1043 1869 1081 equites
1880 1043 1973 1071 Rom.
1986 1041 2119 1081 publice..

1157 1090 1229 1111 cum
1250 1082 1408 1123 legationis
1425 1081 1603 1112 testimonio
1617 1093 1622 1110 :
1641 1092 1696 1112 nec
1706 1085 1826 1113 minore
1835 1093 1917 1113 nunc
1927 1083 1996 1112 sunt
2005 1082 2119 1112 sollici-

1156 1123 1279 1157 tudine,
1297 1123 1389 1164 quam
1399 1132 1466 1154 turn
1477 1131 1559 1154 erant
1569 1123 1678 1154 studio.
1702 1126 1817 1154 etenim
1828 1124 1870 1155 est
1884 1134 2036 1154 GRAvrus
2050 1124 2120 1164 spo-

1156 1164 1221 1195 liari
1236 1164 1370 1196 fortunis
1381 1186 1390 1199 ‚
1409 1165 1502 1206 quam
1513 1175 1578 1195 non
1587 1176 1622 1195 au
1645 1166 1850 1207 eridignitate.
1874 1169 1953 1207 Ergo
1968 1174 2000 1196 ut
2013 1166 2070 1196 alia
2083 1167 2115 1196 111

1154 1214 1183 1236 tc
1193 1217 1275 1238 crant
1287 1207 1450 1238 illustriora
1461 1227 1470 1241 ‚
1490 1176 1653 1237 Laterengls
1665 1229 1673 1241 ,
1696 1218 1761 1249 quae
1775 1207 1829 1238 tibi
1844 1210 1972 1247 majores
1985 1209 2030 1238 tui
2047 1207 2120 1237 reli-

1153 1258 1295 1289 querant:
1322 1248 1360 1280 sic
1370 1258 1398 1279 te
1407 1250 1544 1281 Plancius
1556 1250 1614 1279 hoc
1623 1260 1687 1279 non
1698 1250 1796 1280 solum
1809 1251 1970 1290 municipii
1982 1270 1991 1284 ,
2005 1248 2114 1279 verum

1153 1293 1245 1321 etiam
1263 1292 1430 1322 vicinitatis
1452 1301 1561 1332 genere
1579 1292 1729 1322 vincebat.
1753 1291 1808 1321 nisi
1821 1292 1899 1322 forte
1913 1300 1941 1322 te
1954 1293 2117 1324 Lavicana.

1150 1341 1200 1362 aut
1216 1334 1392 1366 Bovillana,
1414 1342 1464 1363 aut
1483 1333 1600 1363 Gabina
1619 1335 1756 1364 vicinitas
1777 1333 1942 1374 adjuvabat.
1970 1333 2078 1375 quibus
2099 1332 2118 1363 ὲ

1152 1376 1327 1414 municipiis
1336 1376 1390 1405 vix
1397 1375 1461 1415 jam
1473 1395 1482 1408 ,
1504 1377 1557 1415 qui
1568 1385 1678 1404 carnem
1686 1377 1800 1406 Latinis
1811 1384 1912 1416 petant
1921 1395 1929 1409 ‚
1949 1376 2117 1404 inveniun-

1150 1425 1207 1446 tur.
1230 1417 1402 1458 Adjungam
1413 1436 1422 1450 ,
1443 1415 1464 1446 fi
1473 1418 1518 1447 vis
1528 1436 1537 1451 ‚
1556 1416 1587 1447 id
1598 1437 1608 1451 ,
1627 1417 1708 1457 quod
1720 1426 1751 1447 tu
1761 1420 1852 1448 etiam
1863 1419 1933 1448 huic
1944 1415 2043 1446 obesse
2054 1426 2110 1456 pu-

1153 1466 1212 1492 tas,
1234 1468 1348 1498 patrem
1361 1458 1574 1498 publicanum:
1593 1461 1646 1499 qui
1664 1459 1739 1489 ordo
1755 1468 1868 1501 quanto
1887 1459 2063 1499 adjumento
2080 1457 2114 1488 sl[

1149 1501 1182 1530 in
1191 1502 1319 1534 honore,
1331 1502 1399 1540 quis
1410 1500 1522 1530 nescit?
1534 1500 1589 1530 flos
1599 1503 1682 1531 enim
1694 1504 1832 1542 equitum
1843 1504 1939 1532 Rom.
1950 1509 2116 1530 ornamen»

1149 1550 1214 1572 tum
1225 1544 1372 1575 civitatis,
1394 1540 1623 1572 firmamentum
1641 1544 1754 1582 reipub.
1772 1542 1987 1583 publicanorum
2005 1541 2113 1571 ordine

1147 1587 1331 1614 continetur.
1354 1585 1431 1624 Qis
1440 1583 1483 1613 est
1493 1586 1582 1624 igitur
1591 1586 1643 1624 qui
1654 1593 1757 1625 neget²
1770 1584 1885 1614 ordinis
1899 1584 1963 1623 ejus
1975 1582 2110 1613 studium

1146 1625 1234 1657 fuisse
1245 1628 1278 1656 in
1289 1627 1406 1656 honore
1416 1625 1527 1655 Plancii
1538 1623 1680 1666 singulare
1691 1632 1702 1657 ?
1720 1636 1818 1666 neque
1828 1627 1939 1664 injuria
1951 1635 1956 1654 :
1968 1625 2016 1655 vel
2028 1624 2111 1666 quod

1146 1677 1207 1699 erat
1221 1676 1321 1708 pater,
1343 1669 1369 1697 is
1379 1669 1431 1708 qui
1442 1666 1484 1697 est
1493 1669 1630 1707 princeps
1639 1668 1704 1707 jam
1720 1667 1773 1697 diu
1788 1668 2039 1707 publicanorum:
2061 1666 2110 1696 vel

1145 1709 1228 1752 quod
1239 1712 1263 1740 is
1273 1709 1309 1739 ab
1319 1709 1406 1739 sociis
1415 1709 1505 1740 unice
1521 1708 1714 1748 diligebatur:
1733 1709 1782 1739 vel
1791 1709 1873 1750 quod
1883 1706 2111 1751 diligentissime

1145 1752 1281 1794 rogabat:
1301 1751 1352 1781 vel
1368 1752 1439 1792 quia
1456 1760 1510 1790 pro
1530 1748 1596 1780 filio
1614 1751 1816 1791 supplicabat,
1835 1752 1883 1781 vel
1892 1761 1963 1792 quia
1975 1751 2064 1789 hujus
2074 1751 2109 1780 iu

1143 1795 1235 1825 illum
1255 1792 1394 1823 ordinem
1415 1793 1534 1823 summa
1551 1790 1652 1823 officia
1670 1792 1824 1834 quaesturae
1844 1813 1852 1827 ‚
1884 1792 2110 1832 tribunatusque

1144 1835 1337 1867 constabant:
1357 1835 1405 1865 vel
1418 1833 1500 1875 quod
1512 1834 1558 1864 illi
1570 1835 1602 1864 in
1621 1835 1678 1864 hoc
1687 1834 1825 1864 ornando
1836 1834 1957 1863 ordinem
1962 1834 1992 1873 fi
2003 1843 2108 1867 ornare,

1147 1879 1180 1908 &
1197 1877 1353 1908 consulere
1370 1876 1472 1906 liberis
1490 1876 1549 1906 suis
1569 1876 1796 1906 arbitrabantur.
1821 1876 1943 1916 Aliquid
1958 1885 2106 1915 praeoerea,

1147 1919 1267 1959 (timide
1279 1918 1347 1948 dico
1359 1937 1368 1952 ,
1381 1917 1429 1949 sed
1440 1926 1542 1948 tamen
1552 1917 1716 1947 dicendum
1726 1917 1784 1947 est:
1795 1918 1804 1958 )
1815 1927 1879 1947 non
1889 1919 1973 1947 enim
1985 1917 2106 1957 opibus,

1145 1972 1210 1992 non
1224 1960 1373 1991 invidiosa
1385 1961 1475 2000 gratia
1486 1979 1494 1993 ‚
1513 1969 1578 1988 non
1587 1960 1721 1998 potentia
1731 1960 1784 1989 vix
1793 1958 1912 1989 ferenda
1924 1979 1932 1993 ‚
1954 1958 2003 1988 sed
2017 1968 2107 1988 com-

1144 2003 1367 2033 memoratione
1377 1999 1516 2030 beneficii
1527 2020 1535 2033 ‚
1548 2001 1598 2031 sed
1607 2000 1814 2030 misericordia
1823 2020 1833 2033 ‚
1847 2000 1894 2030 sed
1904 2000 2041 2040 precibus
2051 2000 2108 2030 ali-

1141 2044 1214 2084 quid
1231 2042 1386 2073 attulimus
1402 2043 1494 2071 etiam
1507 2051 1574 2071 nos.
1597 2042 1741 2081 appellavi
1757 2042 1903 2082 populum
1914 2062 1922 2075 ,
1942 2038 1956 2061 ⁶
1967 2041 2106 2071 tribubus

1142 2083 1264 2115 submisi
1275 2093 1324 2113 me
1335 2103 1344 2116 ‚
1357 2083 1390 2114 &
1400 2083 1563 2122 supplicavi
1575 2092 1581 2111 :
1597 2083 1676 2112 ultro
1687 2084 1873 2114 mehercules
1886 2084 1912 2113 se
1922 2083 2000 2112 mihi
2009 2084 2103 2113 etiam

1140 2125 1313 2157 offerenteis
1323 2144 1331 2159 ,
1348 2125 1427 2155 ultro
1435 2124 1627 2164 pollicenteis
1638 2126 1749 2165 rogavi.
1773 2126 1866 2155 valuit
1877 2125 1962 2164 causti
1972 2124 2100 2165 rogandi.

1139 2179 1204 2200 non
1214 2168 1321 2210 gratia:
1340 2176 1396 2196 nec
1408 2186 1417 2200 ‚
1437 2165 1458 2196 si
1476 2167 1522 2196 vir
1541 2165 1756 2205 amplissimus,
1777 2169 1826 2197 cui
1840 2167 1920 2196 nihil
1933 2166 1993 2200 est,
2016 2166 2101 2207 quod

1138 2211 1253 2253 roganti
1271 2207 1397 2239 concedi
1411 2217 1474 2237 non
1485 2208 1551 2247 jure
1562 2206 1666 2247 poffit‚
1685 2208 1722 2238 de
1732 2209 1833 2249 aliquo
1845 2228 1854 2243 ,
1873 2218 1906 2238 ut
1918 2208 1992 2238 dicis
2004 2228 2012 2242 ‚
2034 2217 2100 2239 non

1138 2251 1329 2293 impetravit,
1349 2259 1405 2291 ego
1424 2250 1491 2279 sum
1511 2259 1647 2291 arrogans
1669 2270 1677 2284 ‚
1703 2249 1786 2291 quod
1806 2260 1856 2280 me
1875 2249 2001 2280 valuiffe
2021 2249 2101 2280 dico.

1139 2297 1221 2325 Nam
1231 2314 1239 2328 ³
1258 2302 1292 2324 ut
1301 2293 1442 2323 omittam
1454 2291 1531 2321 illud
1540 2310 1547 2323 2
1566 2290 1650 2331 quod
1661 2302 1715 2333 ego
1725 2302 1778 2332 pro
1789 2302 1825 2322 eo
1834 2292 2006 2322 laborabam
2019 2312 2027 2326 ‚
2046 2293 2101 2332 qui

1138 2336 1254 2366 valebat
1263 2336 1323 2375 ipse
1332 2343 1385 2373 per
1395 2333 1454 2363 sese
1470 2344 1475 2362 :
1498 2343 1649 2363 ROGATIO
1665 2334 1726 2373 ipsa
1743 2334 1859 2373 semper
1875 2333 1917 2364 cst
1932 2332 2101 2374 gratiosilii-

1136 2388 1195 2411 ma,
1207 2388 1274 2418 quae
1284 2375 1327 2407 est
1337 2373 1440 2405 officio
1449 2373 1672 2405 necessitudinis
1682 2375 1846 2415 conjunEta
1856 2376 2003 2406 maxime.
2018 2380 2032 2403 7
2040 2385 2099 2405 ne-

1135 2430 1192 2461 que
1202 2430 1258 2461 ego
1269 2418 1307 2449 sic
1317 2416 1457 2458 rogabam
1471 2437 1479 2451 ,
1501 2426 1533 2446 ut
1542 2426 1639 2457 petere
1649 2417 1766 2448 viderer
1775 2437 1784 2452 ‚
1804 2419 1873 2458 quia
1883 2418 2038 2447 familiaris
2049 2417 2096 2447 cs-

1137 2464 1180 2493 set
1196 2472 1283 2491 meus
1294 2480 1302 2494 ‚
1323 2461 1393 2500 quia
1405 2460 1526 2489 vicinus
1536 2479 1544 2493 ,
1563 2461 1632 2499 quia
1642 2459 1731 2499 hujus
1740 2468 1859 2500 parente
1871 2460 1985 2497 semper
2001 2459 2098 2498 pluri-

1139 2503 1228 2534 mum
1247 2501 1339 2534 ess'em
1358 2501 1446 2531 usus:
1466 2500 1516 2531 sed
1534 2510 1567 2531 ut
1584 2500 1664 2541 quasi
1683 2503 1798 2541 parenti
1810 2521 1818 2534 ‚
1842 2500 1875 2530 δε
1887 2499 2003 2530 custodi
2013 2510 2097 2530 meo.

1137 2557 1202 2577 non
1211 2546 1347 2587 potentia
1360 2552 1427 2573 mea
1437 2562 1445 2576 ‚
1457 2542 1505 2572 sed
1516 2543 1598 2572 causa
1608 2545 1771 2583 rogationis
1781 2542 1839 2572 fuit
1847 2542 1984 2582 gratiosa.
2003 2551 2099 2572 nemo

1138 2599 1206 2619 mea
1223 2587 1412 2619 restitutione
1432 2585 1545 2614 laetatus
1562 2583 1607 2615 est
1625 2604 1634 2618 ‚
1662 2594 1756 2614 nemo
1770 2585 1881 2623 injuria
1899 2583 1998 2614 doluit
2015 2604 2024 2617 .
2048 2584 2100 2614 cui

1130 2641 1196 2662 non
1213 2631 1302 2668 hujus
1318 2631 1352 2658 in
1368 2637 1416 2656 me
1436 2625 1640 2656 misericordia
1665 2635 1742 2667 grata
1757 2624 1855 2655 fuerit.
1909 2627 2031 2656 Etenim
2042 2645 2051 2659 ‚
2073 2623 2095 2655 si

1134 2683 1202 2703 ante
1212 2673 1342 2703 reditum
1354 2672 1407 2699 Cn.
1420 2669 1540 2698 Plancio
1559 2668 1587 2697 se
1603 2666 1695 2709 vulgo
1713 2668 1770 2697 viri
1785 2667 1880 2701 boni,
1899 2666 1970 2697 cum
1982 2669 2097 2698 hictri-

1134 2716 1280 2746 bunatum
1291 2720 1402 2754 peteret
1413 2730 1421 2745 ‚
1434 2711 1512 2740 ultro
1523 2708 1689 2741 offerebant
1700 2719 1705 2739 z
1718 2704 1732 2728 8
1740 2711 1789 2741 cui
1799 2719 1916 2740 nomen
1926 2719 2032 2782 meursii
2043 2710 2095 2756 ab·

2016 2759 2095 2782 entis

174 2850 196 2867 1.
217 2845 249 2867 Er
258 2849 279 2867 te
290 2843 323 2868 ad
331 2844 428 2875 causizm
446 2842 600 2877 aliquanda]
622 2843 682 2868 Vox
705 2842 801 2869 ultima
822 2841 933 2868 immiffii
953 2841 1025 2868 suasu
1042 2844 1100 2869 Tu·
1116 2850 1119 2873 1
1138 2842 1154 2868 fi
1166 2842 1287 2877 inquam,
1300 2846 1483 2877 reponeretur,
1502 2841 1648 2865 Coruncanio
1659 2857 1667 2871 ,
1677 2841 1805 2872 municipes
1807 2838 1865 2872 fito:
1876 2858 1883 2871 ,
1894 2848 1950 2865 7³:141
1960 2838 2026 2864 deror
2042 2840 2093 2863 Fa-

136 2876 230 2912 ringici
241 2878 513 2912 codicis5t¹tiitionibtis
523 2878 580 2904 aliis
591 2878 713 2904 omnibus
724 2879 823 2905 defuit.

171 2921 199 2939 2.
218 2919 258 2940 Ex
267 2917 523 2950 quoplurimaesamiliz
532 2915 618 2950 finan]
631 2915 735 2941 Anton.
748 2915 910 2951 Augustinus
917 2916 1000 2948 plures
1012 2915 1094 2941 male-

122 2946 200 2980 -bat3
221 2950 382 2978 Gulielmius
398 2955 489 2985 prirnae.

172 2992 198 3019 3.
221 2988 378 3013 Vehementius
399 2990 512 3022 hospitum
531 2988 627 3021 suorum
654 2987 768 3022 honore]

137 3055 253 3083 lielmius
265 3057 289 3084 in
300 3061 426 3090 hominum,
437 3059 507 3095 quod
519 3068 576 3086 erat
587 3061 612 3087 in
625 3060 714 3086 Ursini
727 3060 774 3086 ms.

169 3099 197 3124 4.
209 3096 270 3118 Num
280 3094 305 3118 de
313 3097 399 3121 'Tiberio
409 3099 553 3122 Coruncanio
562 3097 734 3129 muniripcsuo,
745 3096 812 3130 &c.]
824 3097 969 3132 Stephanus
980 3096 1089 3132 Pighius
1108 3090 1110 3115 1

800 2986 911 3013 Erfurd.
930 2990 1092 3020 municipium.
1110 3005 1112 3023 3

134 3019 203 3046 Pali.
214 3021 278 3047 nibil
291 3024 401 3056 variant,
411 3025 439 3049 ὃ(
451 3024 514 3050 fei-ri
524 3031 629 3060 poterat
642 3024 757 3059 vulgata.
778 3023 922 3050 inclinabat
933 3031 1021 3050 tamen
1033 3025 1092 3050 Gu—
1110 3046 1111 3056 ¹

1109 3061 1111 3087 i
1130 3059 1222 3086 eodem
1235 3057 1391 3093 exemplari.

1114 2874 1118 2907 1
1134 2878 1178 2904 biis
1193 2880 1303 2911 gloriari.

1173 2924 1198 2948 5.
1220 2914 1334 2948 astrui-nii
1343 2914 1401 2938 certi»
1411 2913 1436 2937 dc
1447 2915 1474 2937 C.
1486 2914 1568 2937 Mario
1578 2911 1744 2945 audiendum]
1767 2913 1808 2939 lta
1817 2911 1920 2947 optime
1932 2909 2094 2938 Erfurdiana

1135 2950 1298 2976 membrana.
1318 2958 1394 2975 autea
1405 2956 1459 2974 crat
1471 2948 1579 2979 insulse,
1590 2948 1718 2981 aliquid&
1727 2948 1753 2973 de
1763 2950 1791 2973 C.
1803 2952 1872 2974 Mar.

1167 2988 1195 3012 6.
1214 2985 1497 3018 75·il⁷11htsss'i1barig'simin]
1519 2984 1680 3019 'l'uringicus
1692 2984 1758 3010 liber
1767 2986 1885 3010 tributim.
1898 2993 1948 3010 non
1960 2981 2092 3018 displicet.

1167 3031 1194 3057 7.
1215 3026 1293 3056 Nequi·
1303 3025 1361 3046 enim
1370 3031 1405 3053 rgo
1418 3022 1447 3051 lic
1457 3020 1561 3054 rogan]
1585 3021 1746 3047 Particulam
1757 3023 1817 3046 enim
1829 3019 1933 3046 venuste
1944 3018 2044 3046 accedit
2055 3027 2090 3045 ex

1165 3096 1192 3121 8.
1213 3098 1346 3120 Cmnomcn
1365 3102 1439 3118 mcum
1458 3093 1560 3126 absentis
1579 3094 1676 3126 honori,
1698 3094 1764 3128 elya]
1787 3094 1846 3119 Vox
1871 3092 1971 3126 absentis
1986 3089 2091 3117 reddita

130 3126 266 3154 adeundus
278 3128 323 3154 lib.
336 3139 366 3156 vi
391 3131 536 3158 Fastorum.
557 3140 632 3169 putat
643 3133 712 3158 enim
725 3132 862 3163 excidisse,
873 3136 1035 3158 Camerinum.
1048 3132 1089 3157 sed
1107 3122 1109 3165 1
1129 3131 1209 3158 modo
1221 3130 1338 3160 auftori,
1347 3129 1510 3156 liberalitate
1520 3129 1755 3164 codicis-lenensis.
1767 3128 1865 3156 ibidem
1876 3129 1946 3153 enini
1959 3136 2027 3153 nunc
2037 3126 2091 3152 ser-

130 3163 159 3188 &
171 3173 234 3190 mox
246 3164 304 3190 loco
315 3164 356 3191 illi
366 3168 445 3192 Fabiis
460 3187 467 3198 ,
487 3167 628 3199 legendum
643 3175 766 3195 autumat
779 3189 785 3200 ,
805 3170 898 3194 Fulviis
907 3170 1025 3194 ‘libai-tem
1039 3171 1088 3201 glo·
1107 3168 1109 3191 1
1127 3175 1205 3193 vatur
1216 3166 1260 3192 ille
1280 3166 1345 3191 olim
1368 3164 1554 3192 Erfurdianus.
1578 3165 1699 3193 videatur
1710 3165 1904 3200 Zinzerlingus
1924 3164 2012 3191 noster
2022 3163 2090 3188 Pro-

125 3201 210 3234 riarit
229 3201 268 3228 At
278 3209 328 3239 ego
338 3201 482 3230 arbitrabar
503 3198 623 3232 faciliore
644 3204 774 3232 medicina
792 3204 876 3232 sanari
887 3205 974 3231 locum
995 3203 1086 3240 poss'e5
1106 3197 1108 3235 1
1128 3202 1246 3230 mulli-:lis
1259 3202 1369 3230 critic-x
1385 3211 1442 3238 cap.
1455 3211 1542 3229 xxxv.

1529 3239 1602 3275 Ppp
1627 3243 1644 3264 '2
2009 3243 2032 3262 1.
2056 3220 2095 3262 Eas

2128 1881 2174 1905 10
