2379 3400
235 158 358 201 1170
623 133 687 179 M.
780 129 1142 177 Tun'Lix

236 223 345 255 discere
364 221 380 249 Ξι
388 226 415 247 te
425 214 505 246 volo.
530 214 609 244 Nam
617 211 688 241 cum
700 211 776 242 mihi
788 208 923 250 quaedam
933 208 997 239 casu
1009 206 1182 236 viderentur

234 265 270 295 sic
280 270 408 292 evenire,
421 267 450 287 ut
461 253 597 295 prsedich
608 251 700 282 elli-nt
710 253 724 281 a
735 249 942 282 divinantibus
954 261 959 278 :
971 247 1075 279 dixisti
1086 249 1180 278 multa

232 307 268 336 dc
276 304 339 334 casu
351 321 358 334 ,
376 310 424 331 ut,
447 291 743 333 1⁷51ier1umjaciposi'e
752 293 816 323 casu
830 312 837 325 7
850 289 1180 332 quattuortalisjactis?

231 342 452 386 quadringentis
466 359 474 371 ,
486 345 606 367 centum
620 337 764 364 Venerios
774 343 837 363 non
846 331 927 373 poffe
937 332 1003 363 casu
1012 330 1179 362 consistere.

232 384 365 418 Primum
379 382 478 412 nescio
490 399 498 411 ,
519 388 570 408 cur
580 386 641 406 non
653 375 761 415 possint
774 386 778 404 t
791 375 838 405 sed
851 385 913 405 uon
926 384 1040 415 pugno:
1053 373 1182 403 abundas

232 430 314 456 enim
333 422 479 453 similibus
495 431 499 449 :
512 419 600 449 habes
621 418 652 448 δε
663 417 839 456 resperfionem
849 417 1054 458 pigmentorum
1065 436 1074 448 ,
1094 415 1127 444 &
1139 425 1182 444 ro-

226 467 317 504 strum
336 466 395 504 fuis
406 484 413 497 ‚
435 463 467 492 &
477 462 531 492 alia
545 460 699 500 permulta.
723 460 807 488 Idem
820 458 1001 488 Carneadem
1013 456 1125 499 fingere
1137 456 1182 487 di-

232 519 274 540 cis
284 508 314 536 dc
323 507 412 549 capite
420 503 551 542 Tamfii.
575 499 661 543 Qasr
672 511 733 530 non
745 502 873 540 potuerit
885 501 914 530 id
924 502 1042 530 evenire
1053 498 1118 529 casu
1129 518 1138 532 ‚
1150 498 1182 528 &

233 560 298 581 non
319 558 349 578 in
368 548 457 577 omni
479 553 627 574 marmore
646 541 758 572 necess'c
770 541 803 572 fit
813 541 904 572 inesse
914 541 1126 572 velPraxitelia
1136 550 1182 571 ca·

233 593 304 632 pita.
325 590 375 620 illa
383 590 464 618 enim
477 586 536 626 ipsa
551 583 932 615 efficiuntur-detraffione:
953 594 1006 613 nec
1019 582 1180 624 quidquam

234 634 307 663 illuc
326 629 468 662 affertura
479 627 640 658 Praxitele:
655 626 702 656 sed
713 625 785 655 cum
798 626 892 656 multa
903 626 970 656 sunt
984 624 1129 657 deti-dh,
1151 625 1183 654 &

234 674 269 704 ad
290 674 468 703 lineamenta
488 671 545 698 oris
556 675 736 708 perventum
749 666 790 697 est
801 687 809 700 ‚
830 677 893 697 tum
905 667 1053 708 intelligas
1064 686 1072 700 ‚
1095 666 1181 698 illud,

237 715 384 756 quodiam
398 711 566 751 expolitum
578 708 628 743 sit,
652 710 734 739 imus
743 707 839 739 fuine.
861 708 1056 749 potestigitur
1066 709 1121 738 tale
1131 707 1186 737 ali-

236 756 307 798 quid
325 757 412 785 etiam
435 754 481 783 sua
502 752 604 791 sponte
624 753 656 780 in
679 751 848 790 lapicidinis
869 752 1019 781 Chiorum
1033 748 1185 780 exstitiss‘e.
1204 767 1206 791 l

236 798 290 828 Sed
314 796 345 826 sit
368 797 424 825 hoc
437 793 551 824 sisium.
573 793 668 833 quid?
689 793 863 823 iunubi'ous
876 802 1042 832 numquam
1052 791 1187 821 animad-

235 837 347 869 vertisti
368 838 464 866 leonis
485 834 617 865 formam
630 854 637 867 ‚
658 835 958 874 authippocentauri?
978 833 1075 864 Potest
1085 834 1184 873 igitur,

203 891 214 901 “
237 880 326 922 quod,
341 877 433 908 modu
445 876 579 918 negabas,
592 877 743 905 veritatem
753 877 829 916 casm
841 876 961 904 imitari⁴
975 876 1030 906 Sed
1041 876 1187 915 quoniam

237 924 272 952 de
291 924 385 954 exus,
407 919 440 950 &
459 919 626 959 fulguribus
649 918 716 947 satis
735 917 776 948 est
794 918 974 958 disputatum
989 938 997 951 ‚
1017 918 1188 947 ostentare-

236 964 323 996 stant,
337 972 369 992 ut
378 970 437 992 tota
449 961 634 1000 haruspicina
645 957 677 988 sit
686 959 866 998 pertrafihita.
880 959 968 989 Mula
981 967 1081 999 partus
1091 958 1189 998 prola-

235 1015 282 1036 tus
292 1004 333 1035 est
343 1004 358 1034 a
368 1013 396 1033 te
407 1014 412 1032 t
425 1013 468 1033 res
480 1001 627 1031 mirabilis
640 1020 648 1034 ‚
666 1010 816 1042 propterea
825 1003 894 1042 quia
904 1001 1028 1042 nonsicpk
1038 1000 1078 1039 fit
1087 1011 1098 1027 .·
1108 1000 1155 1030 sed
1170 997 1191 1028 si

235 1046 302 1077 fieri
313 1055 376 1075 non
389 1042 528 1085 potuisti-t
538 1062 547 1077 ‚
570 1041 646 1073 fxi-sta
653 1051 717 1072 non
729 1042 810 1073 effer.
836 1047 932 1083 Atque
943 1044 1000 1073 hoc
1007 1052 1111 1072 contra
1120 1051 1189 1071 om-

237 1090 287 1119 nia
305 1086 418 1117 ostenta
441 1086 552 1119 valeam
579 1093 745 1124 numquam
759 1105 766 1117 ,
786 1084 867 1125 quod
890 1083 953 1114 fieri
975 1093 1039 1114 non
1047 1085 1188 1124 potuerit,

234 1128 293 1160 ess'e
301 1127 414 1158 fatilum
428 1138 433 1156 2
445 1125 487 1156 sm
498 1127 638 1167 potuerit,
648 1135 711 1155 non
722 1124 780 1156 effe
792 1126 976 1157 mirandum.
1001 1128 1191 1155 CAUSARUM

235 1172 319 1201 enim
345 1170 493 1210 ignoratio
508 1171 539 1198 in
549 1178 578 1197 re
589 1177 669 1198 nova
681 1169 873 1198 mirationem
882 1167 963 1198 facit.
990 1167 1093 1197 eadem
1105 1168 1193 1207 igno-

234 1215 310 1243 ratio
322 1210 341 1241 si
353 1215 383 1240 in
394 1211 480 1241 rebus
489 1208 599 1240 usitatis
611 1208 663 1244 est3
675 1219 738 1239 non
749 1211 904 1239 miramur.
928 1218 998 1239 nam
1013 1211 1066 1249 qui
1077 1208 1192 1238 mulam

233 1252 376 1294 peperisse
394 1261 518 1283 miratur
528 1271 536 1285 ‚
557 1253 599 1284 is,
613 1261 676 1292 quo
687 1251 781 1281 modo
795 1261 869 1292 equa
877 1253 968 1291 pariat
979 1271 988 1284 ‚
1000 1260 1048 1280 aut
1059 1251 1192 1280 omnino

235 1306 301 1336 quae
312 1304 412 1325 natura
422 1303 537 1334 partum
549 1294 710 1323 animantis
718 1291 817 1326 faciat,
831 1295 954 1334 ignorat.
967 1292 1026 1325 sed,
1039 1292 1120 1332 quod
1131 1300 1193 1320 cre-

235 1337 292 1367 bro
302 1336 394 1369 videt,
407 1345 469 1365 non
481 1337 614 1368 miratur,
626 1333 753 1368 etiarnsi,
765 1344 817 1365 cur
827 1334 994 1368 fiat‚nescit.
1010 1338 1018 1353 ¹
1031 1334 1112 1374 quod
1125 1332 1193 1362 ante

235 1388 302 1409 non
313 1377 398 1412 vidit,
409 1377 439 1408 id
451 1376 470 1406 fi
481 1378 633 1410 evenerit,
647 1375 799 1406 ostentum
810 1375 868 1406 css'e
877 1376 986 1406 censet.
1008 1378 1121 1406 Utrum
1136 1376 1194 1414 igi-

235 1430 293 1453 tur,
307 1419 379 1450 curn
390 1419 528 1458 concepit
549 1418 631 1448 mula
641 1437 649 1452 ‚
671 1427 708 1448 an
720 1417 790 1448 cum
801 1420 936 1458 peperit,
957 1416 1110 1448 ostentum
1129 1415 1195 1445 est?

235 1463 393 1501 conceptio
402 1470 503 1491 contra
514 1469 647 1490 naturam
658 1458 836 1490 fortaslezsed
847 1469 945 1499 partus
955 1459 1048 1499 prope
1062 1456 1193 1489 necessa-

237 1505 308 1533 rius.
331 1502 387 1533 Sed
395 1502 465 1542 quid
476 1502 579 1541 plura?
600 1510 698 1531 ortum
710 1501 864 1531 videamus
874 1501 1076 1541 haruspicinae.
1100 1499 1138 1529 fic
1150 1499 1194 1530 fa-

237 1543 366 1576 cillime,
378 1542 451 1583 quid
462 1542 564 1572 habeat
573 1541 754 1572 au&oritatis
763 1562 770 1575 ‚
783 1542 996 1581 judicabimus.
1020 1545 1116 1583 Tages
1125 1543 1193 1581 qui-

238 1585 309 1615 dam
321 1584 429 1614 dicitur
439 1585 471 1612 in
480 1593 548 1624 agro
559 1582 851 1624 Tarquinienfi,cum
864 1593 938 1615 terra
945 1592 1083 1616 araretur,
1092 1582 1124 1613 ὃς
1136 1583 1195 1612 sul-

238 1636 291 1656 cus
300 1624 386 1655 altius
397 1623 466 1654 esset
476 1622 632 1664 impressus
642 1644 650 1657 ‚
672 1623 800 1654 extitiss’e
809 1624 929 1664 repente
941 1645 950 1658 ,
964 1625 997 1654 &
1009 1634 1078 1654 eum
1091 1622 1194 1654 affatus

238 1666 363 1707 ess’c‚qui
373 1666 477 1696 arabat.
493 1668 521 1695 ls
530 1675 628 1696 autem
638 1668 782 1706 Tages‚ut
793 1668 824 1696 in
837 1666 923 1696 libris
933 1665 976 1696 est
987 1666 1191 1700 Etruscorum,

239 1709 346 1749 puerili
358 1708 452 1747 specie
462 1706 572 1737 dicitur
581 1707 677 1741 visus,
692 1707 828 1747 sedftm'li
845 1706 933 1738 fuisse
948 1707 1105 1749 prudentia.
1128 1708 1193 1747 ejus

237 1749 376 1790 adspefiu
387 1748 458 1778 cum
473 1746 667 1788 obstupuisset
676 1748 822 1779 bubulcus
833 1768 842 1782 ‚
861 1749 1084 1790 clamoremque
1097 1751 1193 1787 majo-

240 1801 304 1823 rem
315 1800 384 1821 cum
395 1789 593 1819 admiratione
613 1788 766 1819 edidisset:
788 1791 966 1820 concursum
987 1789 1047 1820 effe
1064 1789 1192 1823 fa&um‚

239 1841 391 1873 rotamque
402 1831 485 1861 brevi
503 1839 638 1871 tempore
656 1833 688 1860 in
698 1840 769 1861 eum
783 1831 886 1861 locum
907 1833 1056 1861 Etruriam
1079 1840 1193 1861 conve-

237 1872 331 1904 niffe:
353 1882 416 1903 tum
436 1873 525 1902 illum
539 1873 622 1913 plura
641 1872 776 1902 locutum
794 1872 1121 1905 multisaudientibus,
1141 1873 1193 1913 qui

238 1917 342 1946 omnia
367 1915 431 1951 ejus
450 1914 538 1944 verba
559 1915 752 1953 exceperint,
781 1913 947 1954 litterisque
967 1913 1194 1944 mandaverint:

239 1967 366 1987 omnem
375 1965 474 1986 autem
485 1957 653 1985 orationem
664 1954 752 1985 fuisse
761 1964 827 1985 eam
839 1975 847 1988 ‚
859 1965 915 1996 qua
926 1956 1123 1995 haruspicinae
1134 1955 1193 1985 dis-

240 1999 350 2037 ciplina
367 1998 587 2028 contineretur:
609 2006 674 2027 eam
684 1996 783 2036 postea
794 1995 916 2027 creviffe
934 1997 1021 2027 rebus
1033 2000 1122 2027 novis
1139 2007 1192 2028 co-

239 2039 467 2081 gnoscendis&
476 2038 511 2069 ad
522 2038 625 2068 eadem
636 2039 687 2068 illa
693 2040 837 2079 principia
846 2037 1018 2069 referendis.
1030 2041 1103 2069 Haec
1111 2049 1192 2070 acce-

239 2083 342 2121 pimus
351 2081 386 2111 ab
398 2079 475 2121 ipsis:
486 2082 547 2111 haec
558 2081 660 2120 scripta
669 2080 855 2111 conservant:
867 2081 947 2111 hunc
953 2080 1072 2111 fontem
1085 2081 1194 2111 habent

241 2123 414 2163 disciplinae.
440 2125 526 2152 Num
546 2132 615 2163 ergo
637 2131 710 2162 opus
723 2121 763 2152 est
773 2122 808 2152 ad
819 2123 880 2153 haec
890 2121 1054 2153 refellenda
1067 2125 1192 2153 Carnea—

241 2165 277 2195 de
296 2167 306 2192 ?
325 2173 398 2194 num
417 2165 567 2203 Epicuro?
585 2162 636 2194 Est
658 2173 695 2193 nc
717 2164 872 2204 quisquam
897 2165 935 2195 ita
954 2162 1099 2204 defipiens
1111 2184 1119 2198 ,
1138 2166 1190 2205 qui

239 2205 338 2236 credat
346 2215 497 2236 exaratum
508 2203 577 2239 esse,
589 2205 680 2235 deum
691 2204 800 2240 dicam,
813 2216 850 2236 an
860 2206 1019 2236 hominem
1034 2205 1074 2235 ?s1
1085 2206 1190 2239 deum,

241 2257 293 2277 cur
313 2247 341 2277 se
351 2255 455 2277 contra
465 2255 600 2277 naturam
619 2248 651 2277 in
669 2255 777 2277 terram
797 2246 964 2281 abdiderit,
988 2256 1020 2277 ut
1029 2247 1190 2288 patefafims

241 2298 335 2319 aratro
356 2289 454 2319 lucem
466 2287 645 2328 adspiceret?
662 2288 743 2330 Qid
756 2292 768 2318 ἓ
792 2288 874 2319 idern
887 2298 988 2319 nonne
997 2298 1108 2329 poterat
1117 2290 1190 2319 deus

241 2330 419 2360 hominibus
430 2330 616 2369 disciplinam
629 2332 776 2370 superiore
786 2330 802 2360 ὲ
818 2331 886 2361 loco
895 2331 1006 2361 tradere
1019 2335 1031 2360 .⁷
1049 2332 1078 2361 Si
1089 2339 1190 2361 autem

240 2374 338 2402 homo
358 2372 409 2401 ille
425 2374 521 2412 Tages
539 2370 615 2405 fuit,
635 2381 767 2412 quonam
787 2372 882 2402 modo
891 2374 991 2413 potuit
1002 2381 1076 2402 terra
1086 2373 1189 2413 oppres-

234 2414 289 2452 sus
299 2413 416 2442 vivere?
436 2413 515 2443 unde
524 2413 614 2453 porro
627 2414 677 2443 illa
688 2415 804 2453 potuit,
817 2423 881 2454 quae
892 2414 1017 2444 docebat
1026 2415 1100 2444 alios
1111 2433 1119 2447 ,
1132 2414 1192 2454 ipse

243 2453 398 2484 didiciss'e?
417 2455 464 2485 sed
475 2464 530 2496 ego
541 2453 744 2495 infipientior,
755 2455 848 2496 quam
860 2455 905 2485 illi
915 2455 966 2495 ipfi
979 2475 988 2489 ,
1000 2457 1052 2496 qui
1065 2454 1118 2485 ista
1129 2465 1191 2485 cre-

183 2498 227 2529 24
244 2496 317 2526 dunt
327 2516 335 2530 ‚
347 2498 397 2536 qui
411 2496 536 2536 quidem
552 2505 654 2526 contra
665 2505 785 2527 eostam
796 2497 848 2527 diu
858 2496 1017 2537 disputem.
1037 2500 1130 2527 Vetus
1141 2506 1191 2526 au-

244 2546 305 2567 tem
323 2538 398 2568 illud
417 2539 537 2568 Catonis
548 2537 713 2568 admodum
729 2539 835 2568 scitum
846 2537 887 2568 est
898 2559 907 2572 ,
926 2541 993 2578 Qu
1007 2548 1143 2568 MtRARl
1157 2547 1192 2568 sa

244 2578 338 2618 ajebat
357 2599 365 2612 ,
387 2588 475 2619 Qon
493 2589 559 2609 NON
579 2589 729 2609 mnsam
749 2586 944 2614 antistare,
964 2589 1189 2611 HARUSPICEM

245 2629 318 2649 cum
339 2630 502 2651 vmrssizr.
526 2623 624 2659 Quota
645 2623 729 2652 enim
745 2632 871 2663 quaeque
890 2632 934 2652 rcs
944 2621 1192 2662 evenitpi·aedi6ta

243 2661 279 2691 :ib
297 2660 380 2691 istis?
398 2672 448 2692 aut
468 2661 488 2692 fi
508 2665 770 2703 evenitquippiam
783 2684 792 2698 ‚
811 2663 884 2704 quid
895 2661 989 2694 afferri
1003 2663 1099 2703 potest
1112 2683 1120 2697 ‚
1140 2674 1192 2694 cur

246 2711 308 2731 non
326 2703 387 2732 casu
409 2704 437 2733 id
460 2705 615 2734 evenerit?
634 2707 701 2734 Rex
721 2705 847 2738 Prusias,
866 2705 939 2735 cum
959 2705 1190 2746 Annibaliapud

246 2751 314 2773 eum
329 2745 475 2776 exsulanti
486 2745 647 2788 depugnari
659 2748 798 2787 placeret,
810 2747 932 2788 negabat
943 2747 970 2778 se
980 2747 1097 2782 audere,
1107 2747 1190 2789 quod

1239 126 1788 175 CicERorxrs

1222 216 1291 238 exta
1304 206 1508 247 prohiberent.
1531 207 1589 236 „An
1599 213 1632 235 ru
1644 225 1652 238 ‚
1677 208 1776 248 inquit
1785 227 1794 241 ³
1818 208 1969 240 caruncula
1979 209 2111 241 vitulina
2121 219 2185 241 ma-

1222 260 1262 278 vi<
1282 269 1290 283 ‚
1317 245 1404 290 quktm
1425 249 1585 288 imperatori
1605 249 1692 276 verm
1709 248 1810 278 credere
1833 253 1844 280 ἓ
1865 251 1973 293 Qid?
1996 253 2056 291 ipse
2079 253 2184 288 caesar,

1222 291 1292 321 cum
1313 302 1328 321 a
1353 290 1474 320 summo
1496 290 1647 329 haruspice
1660 298 1832 321 moneretur
1846 310 1855 325 ‚
1875 302 1912 322 ne
1924 295 1955 323 in
1969 293 2103 324 Africam
2115 289 2184 324 ante*

1224 333 1361 363 brumam
1374 331 1603 364 transmitteret,
1616 340 1717 360 nonne
1731 331 1907 364 transmisit?
1923 336 2006 374 quod
2017 337 2048 365 ni
2060 333 2184 369 fecisset,

1223 378 1301 402 Ζιιηι)
1330 375 1358 402 in
1379 374 1432 403 loco
1452 382 1561 402 omnes
1581 372 1816 403 adversariorum
1852 376 1945 414 copiae
1965 375 2188 408 convenissent.

1225 416 1306 454 Quid
1324 425 1379 456 ego
1398 414 1589 454 haruspicum
1608 414 1745 454 responsa
1756 424 1997 447 commemorem
2010 437 2018 451 ,
2045 417 2186 458 (possum

1224 457 1365 498 equidem
1385 456 1638 496 innumerabilia)
1656 465 1721 497 quae
1741 466 1789 486 aut
1808 457 1896 486 nullos
1910 457 2077 491 habuerunt
2087 462 2187 490 exitus

1225 509 1275 529 aut
1293 499 1466 528 contrarios?
1484 500 1553 528 Hoc
1570 499 1655 528 civili
1675 498 1776 532 bello,
1798 498 1841 528 dii
1859 500 2046 530 immortales
2065 520 2074 535 ,
2093 502 2187 542 quam.

1228 542 1321 571 multa
1339 541 1494 571 luserunt?
1512 549 1578 580 quae
1602 540 1690 570 nobis
1712 542 1745 570 in
1765 541 1913 570 Graeciam
1937 543 2038 571 Roma
2049 543 2186 582 responsa

1226 584 1415 623 haruspicum
1441 580 1525 611 missa
1535 582 1621 612 sunt?
1644 591 1708 622 quae
1728 581 1807 612 dieta
1819 582 1986 622 Pompeio?
2008 585 2186 615 etenimille

1226 625 1392 655 admodum
1405 626 1481 653 excis
1492 643 1500 657 ‚
1523 623 1556 653 &
1568 621 1694 653 ostentis
1707 623 1895 654 movebatur.
1919 626 1994 654 Non
2006 624 2089 654 lubet
2100 635 2188 655 corn-

1228 676 1394 697 memorare
1410 686 1418 699 ‚
1438 675 1493 695 nec
1506 667 1577 695 vero
1588 663 1702 695 necess'e
1712 664 1754 695 cst
1766 686 1775 698 ,
1788 665 1840 695 tibi
1851 666 2025 705 praesertim,
2037 668 2088 707 qui
2097 668 2189 696 inter-

1229 709 1320 739 fuisti.
1344 707 1428 738 vides
1438 716 1538 737 tamen
1549 706 1723 736 omniafere
1733 716 1845 740 contra,
1856 717 1889 737 ac
1898 707 1978 738 dieta
1991 706 2058 741 sint,
2072 707 2190 738 evenis-

1231 750 1268 782 sc.
1292 750 1349 782 Sed
1375 751 1437 780 liaec
1457 747 1610 779 haetenus.
1631 757 1712 778 nunc
1731 749 1768 778 ad
1779 748 1895 779 ostenta
1904 751 2072 779 veniamus.
2093 749 2189 780 Multa

1232 804 1282 823 me
1290 791 1414 822 consule
1425 791 1440 821 -12
1451 800 1500 820 me
1513 790 1577 830 ipso
1588 790 1691 829 scripta
1701 790 1836 821 recitasti:
1849 791 1942 821 multa
1952 799 2019 821 ante
2030 789 2199 825 Marsicum,

1233 835 1348 866 bellum
1368 832 1383 863 a
1403 833 1525 863 Sisenna
1542 832 1669 862 condia
1686 831 1828 862 attulisti:
1844 833 1939 862 multa
1957 842 2026 863 ante
2052 833 2193 863 Lacedae-

1234 878 1412 907 moniorum
1434 874 1543 904 malam
1555 883 1686 915 pugnam
1697 876 1728 903 in
1739 873 1874 904 Leuaris
1885 873 1900 903 ”a
1912 873 2095 904 Callisthene
2105 884 2194 905 com-

1234 925 1397 949 memorata
1408 915 1524 946 dixisti.
1536 915 1572 945 de
1583 916 1694 955 quibus
1703 916 1802 945 dicam
1813 916 1952 956 equidem
1965 914 2101 957 singulis,
2112 925 2191 957 quo-

1233 961 1268 991 ad
1289 960 1361 990 utile
1379 958 1546 988 videbitur:
1567 957 1617 987 sed
1637 957 1802 987 dicendum
1823 960 1914 987 etiam
1939 957 1981 987 est
1990 958 2026 988 de
2037 958 2194 988 universis.

1233 1005 1308 1041 Qae
1329 1000 1372 1031 est
1381 1001 1465 1030 enim
1477 998 1530 1029 ista
1540 1000 1556 1028 a
1568 998 1627 1028 diis
1637 998 1770 1038 profesta
1780 998 1956 1039 significatio
1969 1019 1977 1032 ‚
2007 999 2039 1029 δε
2049 998 2127 1040 quasi
2138 999 2197 1029 de·

1235 1044 1386 1074 nuntiatio
1396 1042 1618 1072 calamitatum?
1631 1044 1643 1067 3
1654 1039 1728 1080 quid
1738 1048 1836 1070 autem
1848 1041 1957 1071 volunt
1968 1050 1999 1070 ea
2009 1041 2051 1070 dii
2063 1044 2196 1071 immor-

1235 1085 1306 1116 tales
1328 1081 1465 1124 primum
1487 1079 1685 1122 significantes
1701 1100 1709 1114 ,
1733 1090 1798 1121 quae
1818 1079 1878 1112 fine
1898 1083 2108 1122 interpretibus
2129 1091 2194 1113 non

1234 1124 1392 1167 pofl'umus
1413 1123 1598 1163 intelligere:
1615 1122 1724 1152 deinde
1735 1132 1767 1152 ea
1781 1142 1789 1155 ,
1809 1133 1875 1163 quae
1884 1132 1983 1153 cavere
1996 1126 2194 1164 nequeamus?

1236 1171 1275 1198 At
1295 1169 1353 1197 hoc
1375 1175 1414 1195 ne
1432 1166 1574 1194 homines
1590 1164 1713 1204 quidem
1726 1164 1812 1203 probi
1822 1165 1956 1198 faciunt,
1977 1173 2010 1194 ut
2020 1167 2193 1196 amicisim-

1234 1208 1383 1251 pendentm
1399 1206 1577 1236 calamitates
1594 1205 1756 1245 praedicant
1774 1226 1782 1240 ‚
1802 1216 1874 1246 quas
1893 1207 1939 1236 illi
1958 1205 2086 1246 effugere
2105 1208 2195 1237 nullo

1236 1251 1332 1282 modo
1355 1248 1465 1290 poffint
1484 1258 1491 1277 :
1511 1247 1686 1281 utmedici‚
1710 1257 1891 1288 quamquam
1912 1249 2087 1288 intelligunt
2108 1248 2194 1288 saepe,

1237 1290 1338 1324 tamen
1357 1299 1524 1331 numquam
1542 1290 1626 1329 aegris
1637 1288 1741 1319 dicunt
1751 1290 1806 1319 illo
1815 1291 1923 1320 morbo
1934 1299 1985 1320 eos
1995 1288 2051 1319 efl'e
2064 1292 2196 1320 moritu-

1235 1343 1294 1365 ros.
1318 1336 1434 1363 Orvims
1452 1333 1536 1362 enim
1556 1340 1763 1360 PRAEDICTIO
1783 1332 1855 1361 mali
1867 1341 1930 1362 turn
1941 1332 2101 1371 probatur,
2118 1331 2199 1361 cume

1235 1376 1270 1406 ad
1280 1374 1512 1416 praediffionem
1522 1374 1620 1403 cautio
1630 1373 1809 1413 adjungitur.
1842 1373 1923 1412 Quid
1934 1375 1941 1402 i
1945 1375 2022 1414 gitur
2031 1382 2080 1403 aut
2091 1372 2196 1403 osten—

1237 1427 1264 1448 ta
1278 1438 1288 1452 ‚
1309 1426 1358 1447 aut
1376 1425 1484 1446 eorum
1503 1418 1696 1454 interpretes,
1717 1415 2024 1447 velLacedaemonios
2035 1414 2112 1445 olim
2125 1413 2194 1448 ‚vel

1239 1468 1334 1499 nuper
1355 1456 1472 1488 nostros
1492 1456 1695 1494 adjuverunt?
1713 1449 1917 1498 quaee‘sffigna
1926 1456 2052 1486 deorum
2061 1456 2194 1495 putanda

1236 1502 1315 1534 sunt,
1330 1508 1451 1530 curtam
1464 1497 1577 1537 obscura
1586 1496 1729 1527 fuerunt?
1747 1497 1859 1528 sienim
1872 1518 1879 1531 ,
1893 1506 1926 1528 ut
1939 1498 2191 1538 intelligeremus,

1236 1541 1309 1583 quid
1326 1539 1398 1570 effer.-
1414 1548 1592 1570 eventurum
1607 1549 1616 1572 3
1635 1537 1732 1578 aperte
1751 1539 1890 1569 declarari
1901 1539 2074 1579 oportebat,
2093 1548 2143 1569 aut
2154 1548 2193 1569 ne

1236 1581 1342 1613 occulte
1359 1580 1482 1622 quidem
1495 1599 1504 1614 ‚
1525 1578 1545 1608 fi
1563 1589 1597 1609 ea
1607 1579 1671 1610 sciri
1683 1579 1833 1610 nolebant.
1856 1582 1925 1622 Jam
1935 1579 2006 1610 vero
2015 1580 2191 1620 conjedlmra

1236 1625 1340 1655 omnis
1361 1643 1370 1657 ,
1390 1625 1423 1652 in
1442 1631 1498 1663 qua
1516 1623 1622 1651 nititur
1638 1620 1807 1656 divinatio,
1828 1623 1957 1663 ingeniis
1975 1623 2139 1652 hominum
2160 1624 2195 1652 in

1238 1666 1347 1696 multas
1358 1685 1367 1698 ‚
1391 1674 1423 1694 ac
1443 1663 1573 1693 diversas
1587 1682 1596 1696 ‚
1617 1670 1666 1692 aut
1675 1664 1764 1692 etiam
1777 1665 1934 1694 contrarias
1942 1665 2048 1703 parteis
2057 1664 2130 1704 saepe
2139 1663 2199 1693 de*

1236 1707 1362 1738 ducitur.
1387 1707 1431 1734 Ut
1448 1706 1531 1734 enim
1552 1705 1584 1733 in
1601 1703 1688 1744 causis
1699 1703 1892 1742 judicialibus
1904 1705 1962 1735 alia
1971 1704 2013 1735 est
2021 1704 2201 1744 conje&ura-

1236 1748 1408 1779 accusatoris
1419 1765 1427 1779 ‚
1442 1746 1498 1775 alia
1507 1744 1675 1775 defensoris
1683 1764 1692 1779 ‚
1712 1745 1745 1775 &
1756 1754 1858 1776 tamen
1869 1746 2022 1786 utriusque
2029 1746 2196 1777 credibilis:

1236 1789 1273 1819 fic
1293 1791 1327 1819 in
1347 1786 1492 1817 omnibus
1509 1788 1547 1816 iis
1566 1785 1653 1816 rebus
1665 1806 1674 1820 ‚
1693 1796 1760 1827 quae
1775 1786 1946 1827 conjeEtura
1964 1786 2196 1828 investigarivi-

1235 1831 1360 1863 dentur,
1382 1837 1491 1869 anceps
1507 1838 1536 1858 re
1559 1829 1651 1858 exitur
1665 1830 1771 1858 oratio.
1795 1831 1876 1870 Qas
1896 1837 1996 1860 autem
2007 1839 2053 1859 res
2064 1839 2129 1860 tum
2141 1838 2196 1860 na-

1235 1881 1300 1903 tura
1309 1891 1317 1905 ‚
1335 1880 1400 1902 tum
1411 1871 1494 1901 casus
1502 1880 1531 1900 a.
1543 1879 1602 1903 ert,
1622 1879 1832 1911 nonumquam
1843 1871 1932 1901 etiam
1943 1881 2058 1900 errorem
2070 1871 2196 1944 creandi-

1236 1912 1369 1943 militudo
1381 1923 1392 1940 -·
1411 1921 1518 1953 magna
1528 1911 1651 1942 stultitia
1660 1911 1703 1942 est
1711 1921 1811 1942 earum
1823 1922 1923 1943 rerum
1932 1912 2006 1942 deos
2014 1911 2109 1943 facere
2119 1923 2136 1943 e
2161 1923 2195 1943 e-

1237 1953 1446 1989 &oresmausas
1458 1963 1557 1984 rerum
1570 1963 1633 1983 non
1644 1963 1781 1994 quaerere.
1804 1957 1854 1985 Tu
1865 1963 1945 1985 vates
1955 1956 2088 1985 Boeotios
2099 1954 2196 1985 credis

1235 1997 1373 2028 Lebadiae
1393 1994 1500 2026 vidifl'e
1520 2005 1558 2025 ex
1571 1996 1713 2036 gallorum
1720 1995 1954 2035 gallinaceorum
1965 2005 2052 2028 cantu
2063 2016 2073 2031 ‚
2090 1995 2193 2027 via-0-

1236 2041 1310 2070 riam
1323 2037 1380 2068 ess'e
1391 2036 1609 2068 Thebanorum
1623 2056 1631 2071 ,
1643 2039 1712 2077 quia
1721 2037 1790 2077 galli
1805 2036 1879 2068 visti
1889 2036 1972 2068 silere
1982 2038 2131 2072 solerent,
2142 2048 2198 2070 ca·-

1235 2091 1306 2111 nere
1325 2079 1463 2110 vistores.
1488 2081 1557 2109 Hoc
1567 2080 1659 2120 igitur
1674 2088 1727 2119 per
1740 2079 1865 2120 gallinas
1878 2081 1995 2122 Jupiter
2010 2088 2097 2111 tantae
2112 2081 2192 2111 civi·

1229 2124 1282 2153 tati
1295 2120 1410 2163 signum
1420 2120 1526 2151 dabat?
1543 2124 1591 2151 An
1601 2121 1660 2151 111ae
1672 2130 1740 2151 aves
1749 2140 1758 2155 ‚
1771 2120 1826 2151 nisi
1835 2121 1906 2152 curn
1917 2123 2046 2152 vicerint
2055 2141 2063 2155 ‚
2084 2131 2190 2153 canere

1235 2175 1299 2195 non
1310 2164 1405 2194 solent
1418 2166 1430 2193 ἓ
1453 2166 1567 2193 Attum
1577 2162 1723 2193 canebant
1732 2182 1741 2196 ‚
1755 2172 1811 2193 nec
1819 2165 1960 2194 vicerant.
1983 2163 2017 2194 Id
2027 2165 2112 2194 enim
2124 2183 2133 2198 ,
2143 2166 2193 2194 in-

1233 2208 1317 2247 quies
1328 2226 1336 2240 ,
1359 2204 1523 2236 ostentum.
1548 2206 1694 2246 Magnum
1717 2203 1790 2234 vero
1803 2214 1808 2234 :
1819 2203 1898 2246 quafi
1909 2205 2001 2245 pisces
2011 2225 2021 2239 ‚
2047 2215 2111 2236 non
2120 2205 2193 2247 galli

1233 2250 1408 2278 cecinerint.
1431 2247 1513 2287 quod
1531 2255 1632 2277 autem
1653 2245 1695 2276 est
1718 2253 1836 2286 tempus
1848 2267 1856 2280 ‚
1875 2256 1937 2288 quo
1946 2247 1994 2277 illi
2005 2257 2057 2276 non
2067 2247 2197 2281 cantent,

1234 2291 1281 2319 vel
1291 2289 1395 2319 noetui
1404 2298 1478 2320 num
1488 2308 1499 2324 ‚
1522 2288 1571 2319 vel
1582 2287 1749 2318 diurnum?
1767 2287 1850 2328 quod
1862 2287 1882 2318 si
1893 2287 2022 2319 vistores
2029 2288 2189 2322 alacritate,

1236 2332 1268 2361 δε
1284 2330 1359 2372 quasi
1378 2332 1479 2361 laetitia
1489 2349 1498 2363 ‚
1523 2329 1558 2360 ad
1567 2329 1738 2360 canendum
1748 2331 1916 2360 excitantur
1926 2331 2041 2372 :potuit
2050 2327 2188 2360 accidisse

1234 2374 1290 2403 alia
1307 2380 1431 2413 quoque
1454 2372 1576 2405 laetitia‚
1600 2381 1658 2412 qua
1668 2370 1704 2401 ad
1713 2379 1835 2402 cantum
1848 2379 2051 2401 moverentur.
2069 2373 2192 2401 Demo-

1235 2417 1327 2444 critus
1345 2413 1470 2454 quidem
1487 2415 1613 2453 optimis
1634 2412 1734 2442 verbis
1742 2413 1857 2442 causam
1869 2412 1998 2453 explicat
2006 2422 2058 2443 cur
2068 2420 2134 2442 ante
2145 2413 2193 2442 lu-

1237 2466 1294 2484 cem
1301 2457 1371 2496 galli
1383 2462 1495 2484 canant.
1518 2453 1642 2495 depulso
1651 2455 1734 2484 enim
1745 2453 1782 2484 de
1791 2453 1923 2494 perstore,
1935 2454 2011 2486 &in
2023 2464 2116 2485 omne
2125 2464 2194 2485 cor-

1235 2507 1290 2538 pus
1302 2497 1400 2527 diviso
1412 2517 1420 2530 ‚
1440 2497 1473 2526 &
1483 2499 1500 2523 4
1511 2493 1670 2526 mitificato
1680 2495 1761 2529 cibo,
1773 2504 1876 2526 cantus
1885 2495 1982 2530 edere,
1994 2497 2094 2537 quiete
2104 2496 2192 2527 satia-

1237 2549 1296 2569 tos:
1309 2541 1360 2580 qui
1371 2538 1494 2579 quidem
1500 2537 1611 2579 filontio
1625 2536 1717 2572 noeirs,
1730 2546 1763 2568 ut
1771 2539 1810 2568 ait
1823 2539 1951 2572 Ennius,
1968 2541 1982 2566 5
1984 2539 2091 2578 favent
2093 2537 2194 2578 fauci-

1235 2579 1285 2610 bus
1304 2580 1383 2619 ruffis
1405 2590 1492 2611 cantu
1512 2599 1520 2614 ,
1543 2580 1704 2621 plausuque
1724 2588 1865 2619 premunt
1887 2580 1955 2611 alas.
1998 2579 2081 2610 Cum
2099 2581 2192 2621 igitur

1237 2624 1292 2652 hoc
1313 2622 1426 2653 animal
1445 2631 1505 2652 tam
1517 2621 1551 2652 sit
1564 2630 1708 2652 canorum
1721 2621 1769 2652 sua
1778 2621 1885 2662 sponte
1898 2641 1907 2655 ‚
1927 2620 1999 2661 quid
2010 2623 2043 2652 in
2055 2629 2195 2652 mentem*

1235 2666 1320 2695 venit
1329 2664 1504 2695 Callistheni
1514 2663 1697 2697 dicere,deos
1704 2663 1789 2705 gallis
1798 2661 1914 2704 fignum
1926 2661 2037 2694 dediss'e
2044 2661 2191 2708 cantqndb

1237 2706 1306 2737 cum
1321 2707 1350 2737 id
1361 2707 1408 2736 vel
1419 2715 1520 2736 natura
1537 2725 1546 2738 ‚
1568 2705 1616 2735 vel
1625 2705 1706 2735 casus
1717 2702 1833 2735 efficere
1843 2703 2003 2744 potuisset?
2021 2704 2197 2743 Sanguinem·

1231 2747 1329 2789 plmffi
1351 2749 1464 2779 senatui
1486 2749 1660 2778 nuntiatum
1679 2745 1722 2778 est
1744 2765 1754 2781 ,
1791 2748 1944 2777 Atratum
1959 2746 2047 2777 etiam
2058 2745 2199 2783 fluvium

2073 2785 2198 2825 flua-ise

287 2868 310 2885 Ι.
331 2864 398 2901 Qud
406 2871 461 2903 ame
469 2873 512 2889 non
525 2864 613 2898 widin]
628 2865 669 2891 Est
681 2865 712 2891 ab
722 2865 839 2893 editione
849 2866 1004 2893 Victoriana
1013 2867 1041 2892 8<
1052 2866 1119 2894 1³:211.
1130 2877 1196 2904 qua.-

247 2902 318 2921 1u0r.
333 2907 403 2932 prius
414 2902 476 2930 culi,
486 2900 544 2932 quod
552 2908 629 2925 atatem
639 2911 683 2927 non
691 2902 766 2928 vidit.

285 2955 311 2972 2.
333 2950 411 2972 Unoin
429 2949 472 2972 loco
482 2958 554 2974 omncs
567 2969 575 2980 ,
593 2951 658 2985 ὡς]
682 2953 788 2988 Vulgati
802 2972 810 2985 ‚
828 2963 901 2980 unum
909 2957 935 2981 in
945 2956 1016 2981 Iocum
1027 2973 1034 2986 ‚
1047 2954 1089 2981 sed
1100 2962 1195 2991 praeter

248 2981 317 3023 2411.
327 2983 353 3024 (85
365 2982 507 3022 editionem
519 2985 629 3024 Victorii
643 3007 651 3018 ,
670 2989 695 3014 in
707 2998 759 3023 quo
768 2997 843 3017 extat
861 2991 991 3019 alterum:
1015 2991 1100 3027 sicque
1113 2999 1193 3019 etiam

249 3022 276 3044 δ.
289 3019 416 3049 Victoris,
427 3021 471 3044 nili
483 3019 551 3054 quod
562 3029 595 3052 is,
606 3026 646 3048 nni
656 3027 680 3049 in
690 3026 742 3051 loco.

285 3077 312 3105 3·
333 3070 396 3101 “REI-1
404 3077 481 3095 aurem
490 3072 571 3096 volum
580 3081 606 3096 ⁴¹¹¹
617 3073 660 3104 dil,
670 3075 735 3109 ἐγὼ]
757 3077 798 3102 Sic
808 3078 876 3104 Pall.
887 3087 978 3105 omnes
989 3079 1017 3105 δε
1028 3078 1055 3104 S.
1065 3077 1195 3109 Vit'roris,

248 3113 332 3154 neque
345 3105 443 3132 recedit
454 3105 565 3131 ViEloiii
576 3106 669 3140 editio,
681 3119 759 3145 quam
772 3114 841 3148 quod
852 3114 914 3150 ipsa,
925 3123 952 3142 ea
961 3116 1044 3142 volum
1054 3115 1096 3144 dh·-
1114 3112 1197 3143 [caio

253 3141 379 3178 sangaris,
389 3145 442 3177 quei
451 3137 528 3170 berem
538 3151 565 3169 ‘a
575 3144 664 3171 aoltmt.

1274 2877 1301 2902 4.
1321 2871 1466 2903 &lutificata
1477 2869 1549 2902 ciba]
1567 2868 1611 2895 Est
1621 2869 1636 2894 :i
1648 2867 1821 2899 Victorianus,
1831 2867 1871 2893 cui
1882 2865 2037 2892 succurrunt
2048 2863 2120 2890 ultro
2133 2863 2192 2891 Pal.

1238 2906 1317 2942 prim.
1327 2915 1356 2931 ac
1367 2905 1470 2932 secund.
1484 2914 1544 2931 nam
1558 2912 1620 2931 tert.
1632 2905 1660 2931 ὃ(
1671 2910 1759 2940 quart.
1770 2903 1909 2936 modificato,
1919 2898 2054 2937 quomodo
2065 2900 2123 2926 aliae
2133 2899 2192 2927 edi-

1242 2943 1346 2972 tiones;
1368 2942 1468 2977 inepte.
2022 2972 2026 2976 Ι

1279 2988 1304 3011 5.
1321 2978 1532 3011 Fam-nifaucibm
1542 2978 1608 3010 ruffis
1625 2973 1722 3007 canna]
1743 2973 1787 3000 Est
1797 2973 1813 3001 ὀ.
1823 2971 1977 2999 νὶᾶοήαηιι
1994 2971 2102 3008 aliisque
2112 2970 2200 2999 editu.

1239 3013 1406 3041 solummodo
1418 3011 1553 3039 distinctio
1564 3011 1600 3037 cst
1611 3020 1626 3036 a
1636 3008 1794 3035 Gulielmio.
1814 3010 2114 3043 nani‚f}i7¹mtsaucibus:
2124 3017 2152 3033 ru
2170 3015 2192 3033 ις

1239 3057 1312 3077 cantu
1324 3068 1332 3081 ,
1350 3051 1402 3079 dyc.
1423 3047 1557 3073 l'ic'korius
1569 3047 1658 3079 favent
1677 3046 1787 3071 cantibus
1805 3047 1872 3078 ruffis
1890 3051 1962 3070 cama
1975 3064 1983 3076 ,
2002 3044 2033 3070 P.
2045 3043 2194 3075 Manutius,

1242 3084 1386 3111 Lambinus
1400 3103 1408 3115 ,
1418 3085 1518 3110 Brutus
1529 3081 1614 3107 minus
1628 3079 1712 3107 rcere.
1732 3090 1790 3107 nam
1797 3082 1883 3114 favere
1897 3087 1970 3107 cantu
1981 3099 1990 3113 ‚
2000 3079 2035 3107 cst
2044 3087 2141 3106 canere:
2163 3084 2196 3106 ut

1233 3124 1322 3155 favere
1332 3120 1414 3153 linguis
1427 3137 1436 3150 ‚
1454 3117 1567 3157 ominati
1588 3116 1674 3147 verbis
1685 3116 1770 3151 henes
1789 3126 1842 3147 uon
1864 3124 1949 3147 tacere
1960 3135 1970 3152 ,
1989 3123 2020 3146 ut
2030 3115 2087 3144 vult
2096 3115 2195 3142 Petrus

1241 3156 1353 3186 Μαι-[ωε.
1373 3155 1425 3183 haec
1435 3151 1606 3182 Gulielmius.
2124 3187 2141 3213 s

2091 3193 2116 3215 ι.
2138 3193 2188 3213 In·
