2337 3400
614 118 1129 168 M.Tux.1.11

201 143 299 192 534

1212 115 1751 162 C1cERoN1s

200 208 279 239 certe
298 207 375 238 nihil
391 205 434 236 cst
453 204 521 234 loci.
557 208 827 232 SACROSANCTUM
851 199 936 227 enim
964 195 1043 226 nihil
1062 192 1158 234 potest
1201 193 1305 235 gloria,
1316 193 1480 232 Scipiones,
1490 194 1596 224 Brutos
1608 215 1616 229 ‚
1629 197 1788 230 Horatios,
1801 192 1933 229 Cassios,
1947 195 2106 230 Metellos,
2124 194 2161 227 δε

148 255 189 287 16
205 248 274 283 esse,
288 249 339 279 nisi
350 248 430 288 quod
440 256 490 286 per
501 244 658 285 populum,
671 242 831 282 plebemve
842 240 984 269 sancitum
995 236 1046 267 est.
1067 235 1159 277 Qod

208 291 228 321 si
242 293 299 321 hoc
308 290 406 319 foedus
419 309 426 322 ‚
437 287 518 328 quod
528 287 657 326 populus
669 287 801 315 Roman.
811 280 931 312 auctor-c
942 281 1042 311 senatu
1054 299 1062 313 ,
1074 287 1162 325 corn-

205 332 408 364 mendatione‚
425 330 458 360 &
469 329 585 370 judicio
595 325 745 357 vetustatis
757 345 765 358 ‚
777 325 931 354 voluntate
945 343 954 355 ,
966 322 998 352 δε
1009 321 1164 351 sententiis

207 376 266 405 suis
284 372 478 412 comprobat,
498 370 580 400 idem
594 367 736 409 stiffi-agiis
746 363 981 406 comprobasset:
1000 362 1074 405 quid
1093 370 1164 409 erat,

206 425 258 446 cnr
268 424 306 447 ex
316 415 381 454 ipso
394 413 507 444 foedere
517 411 699 442 Gaditanum
715 412 748 439 in
765 411 918 438 civitatem
930 405 1061 436 nostram
1072 413 1163 444 recipi

210 467 275 487 non
294 456 415 486 liceret?
438 454 516 485 nihil
526 453 569 484 est
579 455 662 483 enim
675 451 757 482 aliud
768 452 801 480 in
811 449 922 480 foedere
933 469 941 482 ,
953 447 1007 479 nisi
1018 467 1027 481 ,
1043 457 1088 477 ni-
1108 454 1168 475 1>1A

209 508 251 528 m·
271 507 418 528 AETERNA
438 506 504 526 FAx
523 495 566 526 fit.
590 494 671 536 Qiid
684 494 714 523 id
733 492 768 523 ad
778 494 952 523 civitatem?
977 487 1165 530 AdjunCtum

208 540 287 570 illud
297 542 389 570 etiam
399 538 442 569 est
457 560 466 572 ,
477 538 559 580 quod
570 547 634 567 non
644 535 685 566 est
696 538 728 565 in
738 534 884 565 omnibus
893 532 1075 563 foederibus:
1100 539 1168 578 Μᾼ-

213 591 387 621 JESTATEM
405 591 526 611 popum
548 589 631 610 Rom.
657 582 666 598 ¹
687 586 843 608 COMITER
861 582 1113 605 consERvANTo.
1138 571 1169 602 id

211 624 300 654 habet
309 625 385 653 hanc
394 625 470 656 vim,
481 631 515 652 ut
527 620 561 652 fit
569 621 622 651 ille
633 622 665 651 in
675 619 787 650 foedere
795 617 930 649 inferior.
955 615 1093 647 Primum
1103 624 1170 644 ver—

209 665 241 696 bi
254 675 347 708 genus
365 666 424 695 hoc
432 663 630 695 conservandi
640 683 649 696 ,
668 672 730 703 quo
741 662 834 702 magis
844 662 877 690 in
892 659 1005 700 legibus
1017 679 1025 692 ‚
1037 658 1126 698 quam
1135 658 1171 703 ’in

210 707 395 741 foederibus,
416 708 459 737 uti
473 706 624 738 solemus,
647 706 824 745 imperantis
841 701 904 735 est,
924 711 987 731 non
1011 708 1170 740 precantis.

211 749 333 780 Deinde
345 769 353 783 ‚
373 748 446 780 cum
459 749 579 779 alterius
590 747 697 787 populi
713 744 850 785 majestas
863 741 1171 782 conservarijubetur,

212 792 249 822 de
260 791 353 823 altero
363 790 479 821 siletur:
499 790 640 820 certeille
651 788 778 829 populus
789 807 798 821 ,
823 788 856 816 in
867 786 1011 825 superiori
1021 783 1173 814 conditio-

212 843 263 867 ne,
274 834 419 874 causaque
428 834 573 874 ponitur,
584 832 669 871 cujus
680 828 814 869 majestas
824 827 947 858 foederis
957 825 1111 856 smffione
1122 824 1174 854 de-

213 874 361 905 fenditur.
384 878 421 905 In
437 885 499 916 quo
517 883 577 904 erat
586 873 760 903 accusatoris
781 870 985 909 interpretatio
996 868 1119 908 indigna
1127 876 1174 895 re-

214 916 373 957 sponsione
383 937 393 951 ,
416 919 469 958 qui
480 919 520 947 ita
529 915 644 946 dicebat
656 935 663 948 ,
681 913 799 943 Comiter
812 910 867 942 ess'e
877 911 1076 940 communiter:
1096 906 1174 949 quasi

215 959 290 989 vero
298 960 428 999 priscum
439 957 561 1000 aliquod
573 977 580 991 ‚
598 965 648 987 aut
661 956 818 985 insolitum
828 953 955 983 verbum
969 954 1175 991 interpretare-

216 1010 274 1032 tur.
299 1004 410 1031 Comes
422 1021 430 1034 ,
443 1000 567 1040 benigni
579 1019 586 1033 ‚
597 997 716 1030 faciles,
738 997 839 1026 suaves
849 996 991 1024 homines
1000 992 1058 1023 esse
1069 993 1176 1022 dicun-

217 1051 274 1073 tur.
288 1059 334 1064 ---
346 1063 366 1077 ‚‚
378 1043 430 1083 qui
443 1042 548 1071 erranti
559 1044 573 1060 2
584 1041 697 1069 comiter
710 1037 844 1074 monstrat
852 1037 933 1066 viam
944 1056 951 1070 ,
972 1035 1102 1076 benigne
1115 1054 1123 1066 ,
1143 1033 1176 1062 δι’.

214 1094 279 1115 non
291 1086 406 1125 gravate
424 1095 429 1113 :
443 1087 455 1111 3
467 1083 607 1112 communi
611 1089 650 1110 rer
658 1081 783 1122 quidem
794 1078 884 1113 certe,
899 1088 965 1108 non
975 1078 1130 1107 convenit.
1143 1075 1176 1105 &

214 1125 304 1156 fimul
317 1125 440 1156 absurda
450 1135 496 1155 res
505 1124 547 1155 est
557 1145 565 1158 ‚
583 1126 679 1154 caveri
689 1122 803 1153 foedere
815 1142 823 1155 ‚
833 1131 864 1151 ut
877 1119 1060 1160 majestatem
1072 1118 1176 1158 populi

215 1170 351 1199 Rotnani
362 1168 570 1198 communiter
579 1165 774 1196 conservent:
798 1164 829 1193 id
840 1162 883 1193 est
894 1183 902 1196 ‚
919 1171 951 1191 ut
969 1161 1099 1201 populus
1109 1162 1177 1205 R.0'

216 1219 298 1239 man.
318 1210 400 1240 suam
420 1207 604 1248 majestatem
623 1206 681 1237 ess'e
699 1207 809 1237 salvam
822 1205 907 1235 velit.
929 1203 1012 1243 quod
1025 1201 1044 1230 si
1063 1203 1123 1240 jam
1139 1209 1178 1230 ita

214 1249 304 1285 esset,
329 1261 362 1281 ut
380 1249 438 1281 esse
455 1260 520 1281 non
546 1248 643 1291 potest
664 1259 670 1278 ·.
714 1257 817 1278 tamen
835 1246 872 1276 de
892 1245 991 1275 nostra
1008 1241 1178 1289 majestate,

214 1294 295 1323 nihil
313 1293 349 1323 de
362 1293 489 1323 illorum
505 1300 668 1323 caveretur.
702 1288 840 1321 Potestne
860 1289 950 1358 {gitur
966 1284 1067 1316 nostra
1085 1293 1179 1324 maje-

216 1334 273 1365 stas
291 1335 307 1365 a
327 1335 482 1365 Gaditanis
501 1333 632 1375 benigne
654 1332 819 1363 conservari
836 1351 844 1363 ,
875 1340 886 1359 ι
904 1329 939 1359 ad
958 1338 1024 1358 earn
1047 1329 1179 1371 retinen-

216 1376 286 1407 dam
296 1377 462 1407 Gaditanos
476 1378 610 1416 praemiis
621 1375 727 1405 elicere
738 1383 802 1403 non
812 1370 969 1413 poffumus
981 1373 991 1400 ?
1011 1368 1109 1410 potest
1121 1367 1180 1398 esse

216 1419 280 1449 ulla
296 1418 427 1459 denique
439 1417 584 1458 majestas,
605 1416 625 1447 fi
637 1415 822 1456 impedimur
833 1435 841 1447 ‚
862 1411 1037 1455 quominus
1056 1420 1108 1451 per
1125 1419 1180 1450 po-

216 1461 327 1501 pulum
347 1462 479 1491 Roman.
501 1458 740 1492 beneficiorum,
764 1458 883 1487 virtutis
900 1455 984 1485 causa
1003 1452 1182 1484 tribuendo-

217 1512 287 1533 rum
305 1502 482 1542 potestatem
499 1501 731 1543 imperatoribus
753 1497 863 1529 nostris
893 1495 1061 1526 deferamus
1081 1497 1092 1524 ?
1124 1493 1180 1524 Sed

220 1544 295 1585 quid
305 1554 361 1585 ego
369 1544 490 1584 disputo
502 1565 511 1578 ,
524 1554 590 1585 quae
601 1544 679 1573 mihi
690 1551 755 1572 tum
767 1561 775 1575 ,
785 1540 805 1571 fi
816 1538 956 1570 Gaditani
964 1546 1068 1568 contra
1079 1546 1128 1566 me
1137 1535 1185 1583 di-

220 1595 338 1619 cerent‚
357 1586 428 1616 vere
439 1585 522 1626 poffe
540 1586 601 1616 dici
620 1584 792 1615 viderentur
807 1585 818 1611 ἓ
841 1581 903 1611 iliis
921 1582 1009 1610 enim
1021 1586 1184 1618 repetenti-

220 1627 278 1657 bus
290 1629 325 1658 L.
337 1629 515 1658 Cornelium
527 1647 535 1662 ,
546 1625 768 1666 responderem,
782 1624 877 1664 legem
888 1622 1037 1662 populum
1048 1623 1181 1651 Roman.

222 1667 334 1709 juffifl'e
345 1669 381 1699 de
397 1671 517 1699 civitate
535 1668 702 1699 tribuenda.
725 1668 821 1696 4huic
839 1674 942 1706 generi
961 1664 1062 1704 legum
1072 1661 1184 1691 fundos

163 1721 177 1747 1
189 1723 206 1755 7
223 1711 354 1759 populos
372 1709 436 1740 fieri
455 1720 519 1740 non
532 1711 637 1741 solere.
671 1711 726 1739 Cn.
740 1709 920 1747 Pompeium
935 1705 972 1735 de
982 1703 1101 1734 consilii
1119 1703 1183 1733 sen—

225 1762 319 1784 tentia
328 1755 481 1783 civitatem
493 1753 563 1782 huic
575 1750 686 1782 dedisse
697 1771 706 1784 ,
719 1750 838 1779 nullum
852 1748 954 1789 populi
967 1746 1061 1776 nostri
1070 1743 1183 1786 jussum

226 1794 389 1826 Gaditanos
408 1795 514 1824 habere
531 1804 536 1823 :
559 1795 658 1834 itaque
675 1792 754 1822 nihil
772 1790 830 1821 effe
843 1788 1061 1821 sacrosamstum
1073 1807 1081 1821 ‚
1103 1786 1185 1832 quod

226 1837 253 1867 le
275 1845 462 1876 eexceptum
482 1835 645 1865 videretur.
669 1832 788 1863 fieffet:
808 1841 910 1863 tamen
929 1833 963 1860 in
980 1830 1098 1875 foedere
1107 1828 1186 1858 nihil

225 1881 254 1909 ei
269 1877 413 1908 ‘ecautum
425 1898 434 1912 ,
452 1886 558 1918 praeter
577 1886 688 1917 pacem.
711 1875 848 1905 additum
858 1876 950 1904 etiam
959 1871 1018 1902 esse
1035 1870 1112 1901 illud
1124 1891 1133 1903 ,
1155 1878 1189 1899 ut

226 1919 412 1959 majestatem
431 1920 478 1949 illi
496 1918 629 1950 nostram
651 1918 826 1948 conservare
841 1915 1003 1946 deberent:
1025 1923 1091 1954 quae
1108 1912 1186 1942 certe

226 1964 416 1992 minueretur
429 1981 437 1995 ,
456 1960 477 1991 s1
493 1970 542 1992 aut
553 1960 739 2001 adjutoribus
758 1959 884 1988 illorum
895 1957 1011 1987 civibus
1022 1957 1066 1985 uti
1077 1957 1110 1984 in
1120 1954 1184 1984 bel-

226 2004 264 2034 lis
288 2004 376 2034 nobis
394 2014 457 2034 non
479 2004 581 2034 liceret
598 2023 607 2037 ‚
632 2011 681 2032 aut
699 2002 818 2041 praemii
840 1997 992 2030 tribuendi
1013 1996 1190 2038 potestatem

230 2046 347 2076 nullam
367 2046 556 2075 haberemus.
586 2047 679 2075 Nunc
694 2042 767 2073 verb
783 2042 857 2083 quid
875 2051 930 2081 ego
948 2049 1052 2071 contra
1069 2038 1191 2068 Gadita-

230 2098 286 2118 nos
307 2089 430 2128 loquar,
454 2086 526 2117 cum
546 2087 596 2121 id,
615 2085 697 2127 quod
714 2083 862 2117 defendo,
886 2083 1042 2113 voluntate
1062 2089 1190 2113 eorum,

229 2129 424 2163 auctoritate,
446 2130 592 2171 legatione
610 2129 671 2168 ipsa
693 2126 928 2167 comprobetur?
949 2124 1029 2166 quia
1042 2123 1193 2164 principio

233 2172 278 2202 sni
298 2173 414 2212 generis
431 2182 462 2201 ac
480 2171 595 2211 reipub.
616 2171 652 2200 ab
671 2179 759 2200 omni
777 2167 877 2199 studio
890 2187 898 2201 ,
917 2166 1064 2207 sensuque
1083 2168 1194 2196 Poeno-

232 2223 301 2244 rum
313 2214 442 2243 menteis
458 2214 522 2243 suas
534 2213 569 2243 ad
588 2211 726 2242 nostrum
744 2211 910 2251 imperium
922 2229 930 2243 ,
954 2211 1130 2248 nomenque
1140 2204 1194 2236 fle-

233 2263 345 2285 xerunt
361 2261 371 2286 ?
402 2264 478 2295 quos
494 2275 503 2288 ,
532 2254 605 2284 cum
629 2255 763 2284 maxima
782 2252 861 2282 bella
877 2251 967 2281 nobis
984 2249 1167 2280 inferrentur
1184 2267 1193 2281 ,

236 2296 392 2326 moenibus
412 2297 625 2326 excluserunt?
646 2292 781 2325 claffibus
805 2294 932 2323 insecuti
950 2292 1038 2322 sunt?
1060 2291 1196 2330 corpori-

234 2338 294 2368 bus
304 2358 313 2371 ,
323 2339 418 2378 copiis
431 2357 439 2371 ‚
451 2338 559 2377 opibus
569 2335 770 2377 depulerunt?
788 2337 840 2375 qui
852 2334 884 2364 &
893 2341 1024 2363 veterem
1037 2333 1121 2362 illam
1132 2331 1197 2370 spe-

235 2381 316 2410 ciem
327 2379 448 2410 foederis
458 2381 621 2412 Marciani,
642 2381 654 2405 5
665 2378 780 2417 semper
797 2375 885 2405 omni
896 2383 959 2404 arce
968 2373 1121 2403 duxerunt
1131 2372 1196 2402 san—

238 2420 380 2454 errorem,
394 2421 426 2451 δε
435 2422 494 2451 hoc
503 2420 628 2453 foedere,
639 2419 736 2450 Catuli
748 2439 756 2451 ‚
768 2416 941 2457 senatusque
953 2414 1127 2445 auctoritate
1138 2433 1146 2446 ‚
1168 2414 1197 2442 se

239 2463 400 2494 nobiscum
428 2460 692 2503 conjunCtiffimos
718 2459 776 2490 esse
792 2459 923 2489 arbitrati
941 2457 1010 2487 sunt
1028 2467 1034 2485 :
1065 2464 1196 2497 quorum

239 2508 366 2538 moenia,
384 2505 518 2537 delubra,
530 2514 614 2545 agros
625 2524 634 2538 ‚
646 2513 677 2533 ut
687 2502 747 2543 ipse
759 2501 903 2532 Hercules
914 2519 922 2533 ‚
933 2500 1077 2529 itinerum
1090 2518 1098 2530 ,
1111 2507 1143 2527 ac
1156 2496 1198 2526 la-

240 2546 349 2576 borum
363 2547 497 2580 suorum,
510 2545 547 2577 fic
558 2547 685 2585 majores
699 2542 793 2580 nostri
805 2543 941 2583 imperii,
954 2551 986 2571 ac
997 2541 1133 2570 nominis
1142 2548 1197 2579 po-

237 2589 304 2627 puli
314 2591 409 2618 Rom.
422 2590 571 2618 terminos
580 2586 637 2618 esse
649 2584 831 2617 voluerunt?
845 2583 1006 2615 Testantur
1017 2583 1052 2612 ὃς
1060 2589 1199 2611 mortuos

240 2629 358 2664 nostros
368 2639 561 2670 imperatores
570 2650 578 2664 ,
590 2638 721 2671 quorum
734 2629 811 2659 vivit
821 2625 986 2656 immortalis
995 2624 1127 2654 memoria
1137 2642 1146 2656 ,
1167 2622 1200 2652 &
1216 2637 1219 2652 ι

1204 238 1285 265 hunc
1298 235 1472 274 praesentem
1494 237 1548 265 Cn·
1563 238 1744 277 Pompejurn
1756 258 1764 272 ‚
1787 247 1877 279 quem
1889 238 1993 277 procul
2007 238 2043 267 ab
2053 247 2160 268 eorum

1206 277 1360 307 moenibus
1372 297 1379 310 ,
1391 286 1455 306 acre
1467 276 1499 306 &
1510 287 1655 319 magnum
1666 280 1778 310 bellum
1790 289 1943 321 gerentem
1956 300 1963 313 ,
1975 288 2161 313 commeatu,

1206 320 1390 360 pecuniaque
1398 320 1551 358 juverunt:
1565 320 1598 350 &
1606 321 1664 351 hoc
1675 330 1811 362 tempore
1822 322 1885 361 ipso
1894 323 2161 362 pop.Rom-qnem

1208 364 1241 391 in
1250 362 1367 391 caritate
1376 370 1514 394 annonae,
1529 370 1561 392 ut
1572 361 1645 402 saepe
1655 363 1722 393 ante
1734 365 1863 394 fecerant
1874 383 1883 398 ,
1892 363 2047 394 frumento
2059 364 2163 403 suppe-

1208 403 1314 436 ditato,
1328 403 1500 432 levaverunt
1511 413 1516 432 :
1527 404 1555 434 se
1564 405 1674 444 hocjus
1685 403 1741 435 esse
1751 405 1840 439 velle,
1852 414 1884 436 ut
1895 404 1958 439 sibi,
1969 405 2002 436 δε
2016 405 2129 438 liberis,
2141 403 2161 435 fi

1209 447 1262 486 qui
1273 445 1379 474 eximia
1389 444 1629 480 virtutefuerint,
1639 445 1714 476 sitin
1726 447 1833 477 nostris
1846 446 1947 477 castris
1956 467 1963 481 ‚
1977 447 2011 477 sit
2021 449 2053 477 in
2065 449 2164 487 impe-

1210 497 1341 531 ratorum
1353 488 1498 526 praetoriis
1510 498 1515 516 ;
1535 486 1705 529 sitdenique
1715 490 1792 518 inter
1802 487 1880 530 signa
1888 509 1897 522 ,
1908 498 1994 529 atque
2002 491 2035 519 in
2044 491 2104 519 acie
2116 490 2165 518 lo-

1211 530 1311 563 cus‚iit
1321 530 1366 558 his
1376 528 1513 569 gradibus
1523 528 1676 560 adscensus
1685 532 1777 560 etiam
1788 530 1823 560 ad
1832 532 1998 560 civitatem.
2042 530 2133 568 Quod
2145 528 2166 560 si

1213 570 1292 601 Afris
1305 591 1313 604 ,
1327 569 1452 601 siSardis
1463 590 1472 604 ,
1488 569 1508 600 si
1520 572 1660 611 Hispanis
1670 592 1678 605 ,
1691 574 1766 613 agris
1776 592 1784 605 ,
1799 571 2010 612 stipendioque
2020 572 2166 606 multatis,

1211 616 1321 643 virtute
1335 613 1455 653 adipisci
1470 613 1538 643 licet
1551 613 1724 644 civitatem:
1742 614 1897 644 Gaditanis
1905 622 2004 643 autern
2018 634 2026 647 ‚
2045 612 2168 647 officiis.

1212 654 1355 686 vetustate
1367 676 1376 689 ,
1396 653 1454 685 fide
1465 674 1474 688 ‚
1495 656 1653 696 periculis,
1671 654 1785 685 foedere
1802 654 1973 695 conjunffis
1985 675 1993 689 ,
2014 657 2070 686 hoc
2084 654 2168 686 idem

1214 708 1277 728 non
1289 697 1406 727 licebit:
1428 707 1492 727 non
1494 698 1588 737 foedus
1599 696 1651 727 sibi
1661 697 1820 728 nobiscum
1831 717 1839 731 ,
1857 697 1906 728 sed
1917 696 2114 738 iniquiffimas
2125 697 2169 727 le-

1212 750 1263 780 ges
1275 738 1425 780 impositas
1434 738 1546 769 anobis
1556 738 1613 769 effe
1624 739 1854 770 arbitrabuntur.
1867 743 1964 780 Atque
1974 742 2050 769 hanc
2059 760 2067 773 ‚
2087 738 2169 779 judi-

1213 792 1262 812 ces
1274 801 1282 815 ‚
1297 791 1360 811 non
1370 781 1386 811 a
1397 791 1446 811 me
1456 779 1528 822 fingi
1540 783 1708 811 orationem
1720 801 1728 815 ‚
1745 781 1792 812 sed
1804 791 1853 812 me
1864 781 1962 812 dicere
1972 801 1980 814 ‚
1999 791 2064 822 quae
2075 780 2169 811 Gadi-

1215 826 1275 853 tani
1285 823 1451 863 judicarint
1461 843 1469 856 ‚
1490 833 1535 853 res
1549 824 1610 863 ipsa
1622 823 1757 854 declarat.
1782 823 1960 863 Hospitium
1970 824 2074 853 multis
2082 824 2169 853 annis

1215 873 1281 895 ante
1299 866 1358 894 hoc
1378 875 1512 905 tempus,
1533 875 1604 895 cum
1616 865 1802 895 L-Cornelio
1813 865 1977 895 Gaditanos
1996 863 2094 895 fecisse
2115 874 2171 904 pu-

1217 907 1296 937 blice
1316 906 1397 937 dico.
1420 906 1570 947 proferam
1587 906 1685 937 testeis
1697 928 1705 941 ,
1723 906 1872 947 proferam
1887 907 2013 947 legatos:
2033 906 2172 937 excitabo

1217 949 1375 978 laudatores
1386 968 1394 983 ,
1414 959 1491 989 quos
1503 949 1539 979 ad
1553 950 1609 979 hoc
1620 949 1769 989 judicium
1781 969 1790 983 ,
1810 949 1947 979 summos
1957 949 2100 979 homines
2110 968 2118 982 ‚
2139 957 2173 978 ac

1217 990 1421 1021 nobiliffimos
1435 1011 1444 1024 ,
1462 990 1664 1031 deprecatores
1674 992 1763 1031 hujus
1772 992 1916 1031 periculi,
1937 989 2041 1021 missos
2049 990 2172 1020 videtis.

1216 1043 1246 1062 re
1257 1033 1386 1073 denique
1397 1033 1496 1063 multo
1512 1032 1581 1063 ante
1591 1032 1724 1063 Gadibus
1741 1032 1873 1063 inaudita
1884 1053 1892 1067 ‚
1911 1031 1977 1062 fore
1986 1053 1994 1067 ‚
2015 1033 2086 1063 huic
2097 1040 2128 1062 ut
2137 1031 2175 1062 ab

1217 1074 1271 1103 illo
1283 1074 1451 1113 periculum
1460 1084 1621 1108 crearetur,
1643 1072 1831 1116 6graviffima
1844 1083 1909 1105 tum
1922 1076 1955 1104 in
1970 1073 2060 1105 istum
2072 1075 2173 1104 civem

1218 1116 1305 1145 suum
1329 1115 1467 1145 Gaditani
1497 1116 1747 1147 senatusconsulta
1773 1116 1918 1146 fecerunt.
1956 1118 2059 1146 Potuit
2080 1117 2175 1156 magis

1218 1156 1330 1187 fundus
1348 1157 1479 1197 populus
1492 1157 1655 1188 Gaditanus
1673 1156 1738 1187 fieri
1749 1158 1908 1198 (quoniam
1923 1158 1981 1187 hoc
1993 1166 2175 1198 magnopere

1220 1197 1510 1239 dele&areverbo)rs1
1524 1207 1589 1228 tum
1604 1197 1638 1229 fit
1650 1198 1762 1229 fundus
1773 1219 1782 1232 ‚
1803 1198 1874 1229 cum
1885 1200 1955 1229 scita
1964 1218 1972 1232 ,
1990 1197 2106 1238 acjussa
2117 1208 2178 1228 no-

1220 1240 1276 1271 stra
1292 1241 1342 1270 sua
1358 1241 1505 1271 sententia
1518 1241 1695 1280 comprobat
1704 1261 1713 1274 ,
1732 1240 1824 1286 quam
1835 1240 1906 1271 curn
1917 1240 2082 1281 hospitium
2092 1239 2175 1274 fecit,

1221 1293 1253 1313 ut
1264 1283 1297 1312 ὃς
1305 1285 1425 1313 civitate
1434 1282 1525 1313 illum
1535 1291 1686 1313 mutatum
1699 1282 1755 1313 esse
1765 1282 1903 1313 fateretur
1911 1303 1920 1316 ‚
1940 1282 1972 1312 &
1983 1283 2034 1322 jus
2046 1283 2178 1312 civitatis

1222 1326 1338 1355 honore
1347 1322 1556 1367 dignissimum
1563 1326 1573 1365 j
1579 1326 1708 1356 udicaret
1719 1328 1730 1354 ?
1747 1326 1847 1365 potuit
1860 1326 1969 1355 certius
1985 1326 2178 1364 interponere

1218 1366 1371 1407 judicium
1390 1367 1552 1397 voluntatis
1572 1367 1649 1400 suae,
1670 1366 1760 1407 quam
1779 1365 1852 1397 cum
1870 1369 1960 1397 etiam
1979 1366 2179 1397 accusatorem

1222 1409 1312 1448 hujus
1321 1429 1330 1442 ‚
1347 1409 1444 1439 multa
1454 1430 1462 1442 .
1475 1409 1507 1439 δε
1518 1418 1607 1449 poena
1615 1408 1778 1438 multavit?
1796 1410 1895 1449 potuit
1906 1410 1999 1449 magis
2009 1407 2045 1438 de
2058 1417 2088 1438 re
2097 1406 2181 1446 judi-

1221 1461 1285 1482 care
1298 1470 1306 1485 ,
1326 1451 1416 1491 quam
1432 1450 1505 1481 cum
1523 1451 1559 1482 ad
1571 1450 1704 1482 vestrum
1714 1450 1866 1490 judicium
1879 1452 1973 1481 civeis
1982 1448 2181 1490 amplissimos

1225 1493 1332 1534 legavit
1343 1513 1352 1526 ,
1363 1492 1461 1522 testeis
1471 1494 1560 1534 hujus
1568 1494 1644 1532 juris
1655 1513 1662 1528 ‚
1675 1495 1745 1522 vitae.
1754 1492 1930 1526 laudatores,
1940 1492 2065 1532 periculi
2076 1491 2183 1531 depre-

1225 1537 1359 1565 catores?
1381 1536 1505 1564 Etenim
1522 1537 1589 1575 quis
1605 1533 1648 1564 est
1663 1543 1723 1564 tarn
1739 1534 1864 1564 demens
1875 1554 1883 1568 ,
1902 1536 1977 1574 quin
1991 1533 2114 1566 sentiat,
2132 1533 2182 1572 jus

1225 1578 1282 1606 hoc
1293 1575 1448 1606 Gaditanis
1457 1574 1516 1606 effe
1526 1575 1738 1610 retinendum,
1758 1586 1797 1606 ne
1816 1575 2002 1616 interfhprum
2018 1573 2052 1605 fit
2069 1576 2107 1604 iis
2126 1576 2183 1604 iter

1225 1617 1368 1659 perpetuo
1382 1617 1418 1648 ad
1432 1619 1491 1648 hoc
1502 1616 1719 1658 ampliffimum
1731 1619 1892 1658 praemium
1906 1618 2035 1647 civitatis
2047 1626 2052 1645 z
2072 1616 2104 1646 &
2119 1625 2185 1647 ma-

1225 1670 1356 1702 gnopere
1374 1661 1412 1689 iis
1430 1658 1489 1690 effe
1505 1660 1668 1690 laetandum
1681 1680 1690 1693 ,
1709 1659 1798 1700 hujus
1809 1661 1843 1690 L.
1855 1658 2185 1689 Cornelii-benivolen-

1228 1712 1301 1732 tiam
1312 1712 1379 1742 erga
1392 1702 1459 1731 suos
1468 1712 1623 1732 remanere
1633 1701 1768 1732 Gadibus
1780 1712 1786 1730 ;
1805 1702 1928 1743 gratiam
1940 1720 1949 1734 ,
1971 1699 2184 1730 &facultatem

1227 1743 1485 1777 commendandi,
1497 1746 1530 1773 in
1539 1745 1592 1773 hac
1600 1746 1720 1773 civitate
1729 1743 1837 1773 versari
1847 1745 1858 1771 ?
1867 1744 1943 1781 Qiis
1952 1743 2038 1771 enim
2046 1739 2186 1771 nostrfim

1228 1785 1270 1816 est
1281 1805 1289 1818 ‚
1308 1787 1357 1814 cui
1373 1794 1436 1814 non
1450 1785 1502 1815 illa
1514 1786 1617 1815 civitas
1631 1783 1665 1814 sit
1673 1785 1764 1824 hujus
1774 1783 1892 1818 studio,
1911 1793 1996 1816 cura,
2015 1783 2184 1824 diligentia,

1227 1826 1491 1857 commendatior?
1534 1828 1652 1856 Omitto
1669 1846 1678 1861 ,
1701 1828 1819 1867 quantis
1836 1826 2022 1856 ornamentis
2038 1824 2186 1865 populum

1230 1868 1322 1899 istum
1334 1869 1489 1902 CCaesar,
1507 1867 1580 1900 cum
1600 1866 1669 1901 estet
1687 1870 1721 1898 in
1741 1868 1883 1908 Hispania
1899 1875 2025 1908 praetor‚
2045 1865 2187 1900 affecerit,

1229 1908 1444 1941 controversias
1452 1910 1558 1941 sedarit
1566 1930 1575 1944 ‚
1594 1911 1661 1950 jura
1670 1911 1804 1951 ipsorum
1814 1906 1957 1950 permissu
1968 1908 2117 1943 statuerit,
2138 1910 2190 1939 in-

1229 1961 1391 1987 veteratam
1407 1952 1564 1993 quondam
1581 1952 1744 1983 barbariam
1758 1962 1796 1983 ex
1807 1951 2025 1982 Gaditanorum
2039 1949 2190 1984 moribus,

1229 1995 1445 2035 disciplinaque
1459 1994 1698 2028 delerit,summa
1710 1996 1744 2024 in
1758 2004 1824 2024 eam
1838 1994 1994 2024 civitatem
2006 2013 2015 2026 ,
2036 1993 2126 2032 hujus
2139 2002 2191 2022 ro-

1232 2047 1300 2079 gatu
1311 2056 1319 2071 ‚
1331 2035 1426 2067 studia
1436 2056 1444 2070 ,
1458 2037 1490 2066 ὃς
1500 2035 1647 2067 beneficia
1655 2036 1829 2067 contulerit.
1852 2036 1948 2065 multa
1956 2043 2095 2075 praetereo
2106 2045 2110 2063 :
2122 2044 2190 2075 quae

1232 2078 1368 2120 quotidie
1378 2078 1479 2108 labore
1489 2079 1578 2118 hujus
1587 2099 1596 2113 ‚
1609 2079 1642 2108 δε
1650 2078 1750 2109 studio
1758 2098 1767 2112 ,
1777 2086 1828 2108 aut
1836 2080 1968 2108 omnino
1977 2097 1985 2110 ‚
1996 2086 2046 2107 aut
2054 2076 2132 2106 certe
2144 2075 2190 2106 fa-

2185 526 2225 560 18

1232 2119 1323 2152 cilius
1340 2120 1575 2161 consequuntur.
1599 2124 1702 2161 Itaque
1718 2120 1753 2150 &
1768 2120 1873 2151 adsunt
1888 2121 2037 2160 principes
2049 2119 2189 2151 civitatis,
2228 2151 2233 2155 .

1238 2164 1271 2194 δε
1286 2162 1455 2193 defendunt
1476 2173 1481 2192 :
1511 2168 1526 2191 7
1544 2172 1645 2193 amore
1664 2182 1673 2196 ,
1693 2172 1726 2193 ut
1747 2162 1834 2193 suum
1854 2163 1953 2192 civem
1975 2171 1980 2189 :
1999 2159 2190 2191 testimonio.

1235 2214 1268 2236 ut
1278 2204 1416 2235 nostrum
1429 2215 1434 2234 :
1455 2203 1559 2236 officio
1569 2225 1578 2238 ,
1594 2200 1608 2224 8
1618 2214 1650 2235 ut
1659 2214 1697 2235 ex
1708 2202 1896 2234 nobiliffimo
1904 2204 1963 2233 civi
1975 2199 2189 2231 sanEtiffimum

1236 2247 1387 2287 hospitem
1402 2257 1407 2275 :
1430 2245 1549 2280 studio,
1570 2255 1603 2277 ut
1621 2244 1884 2287 diligentiffimum
1899 2243 2087 2274 defensorem
2104 2252 2192 2273 com-

1237 2289 1403 2318 modorum
1414 2288 1548 2318 suorum.
1559 2291 1614 2321 Ac,
1625 2298 1663 2318 ne
1672 2286 1726 2326 ipsi
1736 2286 1876 2316 Gaditani
1884 2285 2075 2318 arbitrentur,
2085 2293 2194 2325 quam-

1237 2340 1327 2370 quam
1339 2329 1426 2358 nullo
1436 2329 1639 2359 incommodo
1649 2327 1816 2358 afficiantur
1824 2347 1832 2361 ,
1855 2325 1875 2356 si
1888 2327 1974 2358 liceat
1984 2336 2091 2356 eorum
2102 2327 2195 2356 civeis

1237 2371 1356 2399 virtum
1364 2370 1449 2410 causis
1459 2372 1491 2399 in
1501 2369 1633 2400 nostram
1643 2371 1796 2400 civitatem
1806 2371 1909 2399 venire
1920 2388 1928 2402 ,
1944 2378 2044 2399 tamen
2058 2369 2115 2398 hoc
2129 2369 2195 2407 ipso

1239 2411 1367 2442 inferius
1385 2410 1442 2442 efle
1460 2411 1548 2441 suum
1565 2411 1681 2445 foedus,
1703 2411 1795 2453 quam
1811 2420 1995 2441 ceterorum:
2015 2410 2195 2440 consolabor

1240 2454 1273 2484 &
1284 2455 1339 2483 hos
1349 2463 1407 2493 prae
1413 2454 1518 2483 senteis
1528 2455 1610 2484 viros
1620 2456 1753 2494 optimos
1764 2473 1772 2487 ‚
1784 2453 1907 2483 &illam
1922 2451 2121 2482 fidelissimam
2132 2472 2140 2486 ‚
2151 2461 2197 2483 at-

1240 2505 1297 2536 que
1308 2494 1516 2526 amiciffimam
1529 2496 1618 2525 nobis
1626 2498 1779 2526 civitatem
1789 2515 1797 2529 ,
1810 2494 1899 2525 simul
1910 2495 1942 2524 &
1950 2504 2003 2525 vos
2013 2515 2021 2528 ,
2034 2504 2097 2524 non
2107 2496 2196 2536 igno-

1239 2539 1368 2571 ranteis,
1387 2537 1522 2577 judices,
1542 2538 1736 2571 admonebo,
1758 2547 1819 2578 quo
1835 2537 1872 2567 de
1888 2538 1953 2577 jure
1970 2537 2028 2566 hoc
2042 2536 2195 2575 judicium

1240 2579 1438 2610 constitutum
1453 2578 1486 2609 [ιε
1496 2599 1504 2612 ‚
1523 2579 1560 2610 de
1569 2590 1606 2610 eo
1617 2589 1785 2620 numquam
1799 2581 1929 2609 omnino
1942 2576 2001 2609 effe
2012 2578 2195 2609 dubitatum.

1242 2625 1327 2664 Qos
1338 2623 1428 2663 igitur
1436 2620 1683 2662 prudentiffimos
1691 2624 1864 2662 interpretes
1874 2620 2023 2652 foederum
2035 2640 2043 2654 ‚
2062 2630 2138 2690 (Ῑιιὲε
2147 2631 2200 2661 pe-

2044 2672 2093 2692 riti
2118 2672 2199 2692 imos

281 2737 305 2758 ¹.
326 2735 425 2758 Comiter
435 2733 602 2765 conservanto,
622 2732 689 2766 &c.]
713 2729 792 2757 Haud
804 2730 880 2764 rejeci
892 2729 1107 2756 Lambinianum.
1129 2727 1201 2763 quod

243 2767 302 2794 Pal.
314 2778 397 2794 nonus
410 2787 418 2799 ,
428 2769 493 2794 item
504 2778 550 2795 ora
562 2770 589 2794 S.
600 2767 717 2794 Victoris
728 2766 855 2802 haberent
865 2767 1002 2799 conservam
1013 2774 1022 2795 ς
1043 2774 1095 2791 non
1107 2764 1200 2799 vulga-

244 2811 300 2832 tum
312 2805 455 2837 conservent.
475 2804 548 2831 nolui
560 2812 647 2831 tamen
667 2803 737 2840 sequi
749 2803 776 2829 in
793 2803 879 2830 altero
897 2802 931 2829 ob
940 2800 1062 2832 causam;
1083 2801 1110 2826 8<
1129 2799 1201 2836 quod

246 2849 299 2868 non
310 2840 464 2866 addicerent
474 2839 531 2866 mss.
544 2840 636 2867 nostri.

283 2884 312 2901 2.
332 2878 430 2901 Comiter
447 2878 560 2909 monstrat
578 2875 673 2909 vlam]
694 2874 886 2912 Obtemperavi
908 2872 1068 2901 membranis
1090 2871 1158 2898 Pall.
1173 2873 1202 2898 &

247 2911 350 2938 S.Vit‘.³t.
362 2912 387 2937 in
398 2912 492 2946 quibus
503 2919 559 2938 crat
570 2912 711 2947 singulare,
723 2921 774 2938 non
785 2913 926 2943 monstrant,
937 2917 966 2937 ut
977 2908 1054 2936 hodie
1066 2908 1201 2943 vulgatur.

286 2955 313 2983 3.
333 2950 488 2973 Communmr
498 2948 589 2982 quIdem
600 2949 658 2974 certe
676 2957 721 2974 non
739 2947 870 2982 commin]
892 2947 936 2974 Est
948 2947 963 2973 ἀ
984 2945 1067 2972 veteri
1082 2944 1201 2971 editione

247 2983 275 3010 &
289 2982 388 3019 scriptis
407 2984 499 3010 nostris
510 2984 642 3011 omnibus.
661 2984 792 3011 recentius
812 2982 902 3010 excusi
911 2981 1070 3010 admiserant
1083 3000 1091 3014 ,
1111 2984 1202 3007 comiter

246 3020 339 3054 quidem
349 3020 419 3050 certi,
428 3029 474 3044 non
483 3024 630 3046 communiter
639 3022 755 3046 convenit.

283 3063 310 3088 4.
331 3058 474 3089 Huicgeneri
481 3057 553 3088 legum
569 3056 653 3085 fundos
665 3075 673 3087 ‚
691 3056 758 3090 ἀγα]
782 3055 855 3083 Istud
865 3064 971 3092 quoque
981 3054 1017 3081 est
1028 3053 1043 3080 ὁ
1054 3052 1136 3089 prisca
1145 3052 1204 3079 edi-

245 3091 357 3120 tione&
370 3091 427 3118 inss'.
440 3091 544 3118 nostris.
566 3092 665 3126 vulgati
677 3092 810 3128 deinceps,
821 3094 949 3125 hot-genere
959 3093 1041 3124 legum.

283 3137 309 3161 5.
327 3132 418 3161 Semper
434 3130 495 3153 omni
512 3136 566 3153 arce
583 3128 704 3154 duxerunt
715 3129 882 3161 sanffloremj
911 3126 992 3153 Haud
1002 3126 1080 3153 aliter
1090 3124 1202 3151 Erfurd.

245 3162 329 3192 codex
345 3184 352 3197 ,
372 3165 400 3191 &
410 3173 425 3191 a
434 3173 513 3192 manu
524 3163 609 3200 prima
618 3166 645 3192 S.
656 3163 772 3192 ViCtoris
786 3184 794 3198 ‚
813 3163 962 3200 alluditque
973 3163 1030 3191 Pal.
1041 3172 1082 3199 pr.
1092 3161 1143 3190 sec.
1153 3171 1203 3190 no-

1243 2736 1303 2759 nus,
1314 2727 1339 2753 in
1351 2726 1446 2763 quibus
1457 2734 1520 2753 ane.
1535 2727 1581 2753 alii
1592 2731 1677 2753 Alai-te
1689 2745 1697 2758 ,
1710 2725 1781 2761 qnod
1792 2725 1885 2762 probat
1896 2727 2031 2753 Manutius
2044 2745 2052 2757 ,
2072 2734 2197 2761 tanquam

1242 2762 1402 2790 exaudiatur
1412 2763 1439 2790 in
1450 2772 1482 2788 eo
1495 2772 1589 2789 nomen
1601 2765 1737 2789 Marciani.
1748 2767 1847 2794 eAzrcs,
1859 2770 1888 2789 ut
1898 2772 1953 2790 aras
1964 2761 2062 2788 sancias
2074 2761 2136 2794 esse,
2145 2761 2196 2788 do-

1244 2800 1299 2825 cuit
1309 2799 1341 2826 ad
1353 2800 1422 2826 hunc
1431 2799 1518 2825 locum
1530 2798 1693 2825 Gulielmius
1703 2807 1758 2833 cap.
1773 2807 1798 2831 5.
1811 2799 1916 2825 Poenuli
1928 2797 2054 2824 Plautini.

1279 2836 1307 2862 6.
1328 2837 1471 2869 Grawffima
1478 2839 1581 2860 Senatus
1598 2835 1841 2868 consiclrafiterum]
1864 2834 1890 2860 si
1909 2833 2144 2869 obtemperandum
2164 2832 2200 2859 li-

1244 2871 1297 2898 bris
1308 2872 1374 2898 olim
1385 2870 1513 2908 impressis
1523 2870 1687 2907 scriptisque,
1697 2870 1885 2896 restituendum
1898 2873 2011 2896 amaritia.
2022 2879 2108 2904 neque
2118 2869 2198 2896 aliter

1243 2909 1324 2934 etiam
1335 2910 1362 2934 S.
1373 2907 1446 2934 Viti.
1457 2906 1613 2944 capiundum
1624 2913 1710 2933 autem
1722 2904 1802 2937 istud,
1813 2916 1865 2932 non
1876 2905 1910 2932 de
1920 2905 2013 2937 Balbo,
2024 2905 2064 2932 scd
2077 2905 2110 2932 de
2119 2914 2197 2932 accu-

1244 2944 1328 2971 satore
1339 2943 1413 2971 Balbi
1425 2943 1559 2970 Gaditano
1572 2962 1580 2975 ,
1599 2950 1629 2970 ut
1640 2942 1724 2978 liquet
1735 2951 1767 2968 ex
1780 2942 1864 2978 capite
1878 2950 1919 2975 14.
1939 2943 1993 2968 liaec
2012 2941 2106 2969 timide
2118 2951 2200 2978 pono,

1245 2982 1307 3017 quia
1316 2981 1401 3007 otium
1413 2990 1464 3007 non
1475 2980 1511 3007 est
1521 2980 1636 3016 penitius
1648 2988 1702 3004 rem
1713 2977 1866 3013 indagandi.

1282 3025 1310 3051 7.
1330 3020 1427 3045 eAmore
1438 3036 1446 3050 ‚
1466 3017 1566 3050 utfieum
1576 3015 1674 3050 civem]
1698 3015 1793 3041 Monet
1803 3014 1965 3042 Gulielmius
1977 3033 1986 3047 ‚
2003 3013 2200 3051 exstirpandum

1247 3053 1333 3079 videri
1344 3052 1411 3079 illud
1422 3056 1505 3079 civem.

1285 3089 1300 3115 8
1307 3110 1312 3115 .
1332 3091 1417 3122 Officio,
1427 3096 1454 3114 ut
1463 3099 1492 3115 ex
1501 3089 1630 3121 nobiltffi‘mo
1639 3087 1860 3120 civifhnfflffimum
1870 3088 1977 3119 hospitem
1989 3106 1997 3119 ‚
2006 3086 2073 3120 dnn]
2097 3086 2139 3112 Sic
2147 3084 2202 3121 pri-

1247 3134 1320 3152 muln
1333 3125 1476 3152 Lambinus
1489 3144 1497 3156 ‚
1516 3124 1677 3159 firmantque
1690 3123 1799 3148 Erfurd.
1820 3124 1847 3149 S.
1858 3122 1931 3151 VR]-
1943 3123 2000 3152 Pal.
2014 3132 2110 3151 non-is.
2129 3121 2202 3158 prius

1247 3161 1314 3190 editi
1324 3163 1401 3196 officio,
1410 3169 1437 3188 ut
1446 3162 1603 3196 nobiltffimum
1611 3159 1751 3194 &Jhnffgffi
1762 3160 1825 3194 hosp.
2148 3191 2202 3220 Qu

2115 3202 2138 3220 1.
