2295 3400
176 121 277 170 274
587 100 1087 153 M.Tu1,t.11

181 198 288 221 manus
297 187 333 219 ab
342 187 479 229 Apronio
488 206 496 220 ,
517 185 572 217 'isto
581 194 706 226 praetore
716 204 724 218 ‚
735 182 796 213 sine
807 182 867 213 ulla
878 180 1063 211 dubitatione
1071 176 1144 209 affe-

180 233 341 262 rebantur?
359 229 433 271 quid
453 228 628 268 exspectatis
640 231 651 257 ?
672 226 744 268 quid
755 225 771 256 ὲ
781 235 830 255 rne
840 223 970 262 amplius
979 220 1145 266 dicendum

182 276 311 314 putatis?
330 282 367 302 an
379 271 407 301 id
418 271 566 310 agendum
580 290 588 303 ‚
601 279 632 299 ut
642 279 679 299 eo
690 268 816 298 celerius
826 265 862 296 de
872 265 928 295 isto
938 265 1144 305 tranligamus,

181 325 243 357 quo
255 316 398 346 maturius
408 314 443 343 ad
454 314 625 353 Apronium
636 309 781 351 poffimus
792 329 801 343 ,
823 308 854 338 id
872 306 953 349 quod
963 315 1018 347 ego
1028 305 1146 344 illijam

183 360 216 387 in
228 358 327 387 Sicilia
343 360 352 375 ¹
365 355 518 395 pollicitus
531 354 596 384 sum
608 373 616 387 ‚
639 353 818 393 pervenire?
834 360 887 391 qui
907 351 938 379 C.
954 349 1144 380 Matrinium,

183 399 308 434 iudices,
321 398 438 427 summa
448 398 558 426 virtute
571 397 730 425 hominem
741 413 749 427 ,
762 393 881 424 summa
890 389 1034 421 industria
1043 409 1051 422 ‚
1064 389 1146 419 suin-

179 436 234 471 'mzi
243 442 334 481 gratia
344 459 351 473 ,
365 440 527 469 Leontinis
538 457 546 472 ‚
559 438 588 467 in
596 435 705 474 publico
716 457 724 469 ,
736 435 854 475 biduum
864 433 965 463 tenuit.
989 435 1003 451 ²
1013 441 1099 472 atque
1110 430 1146 461 ab

183 483 320 523 Apronio
332 501 339 514 ‚
349 481 358 519 j
365 481 465 511 udices
477 502 484 513 ‚
498 481 627 510 homine
636 481 670 509 in
680 478 826 509 dedecore
837 485 907 507 nato
919 495 928 509 ‚
938 474 974 505 ad
983 472 1145 514 turpitudi-

184 533 255 555 nem
265 523 390 554 educato
402 543 410 555 ‚
422 522 457 553 ad
468 524 570 552 Verris
580 522 691 562 flagitia
700 541 708 555 ‚
720 519 924 560 libidinesque
933 514 1146 548 accommoda—

183 576 226 600 to,
241 567 377 607 equitem
388 567 483 595 Rom.
495 563 598 595 scitote
610 563 738 594 biduum
751 562 821 592 cibo
831 582 839 595 ‚
861 559 1000 600 te6toqne
1011 557 1148 598 prohibi-

183 618 249 638 tum
262 620 267 637 ;
291 607 418 637 biduum
431 608 591 636 Leontinis
599 626 608 640 ‚
623 607 657 636 in
666 604 745 638 foro,
756 603 901 634 custodiis
911 602 1038 642 Apronii
1048 608 1148 629 reten-

183 659 261 684 tum,
273 658 360 690 atque
370 650 518 679 servatum
530 669 539 682 ,
551 658 648 689 neque
658 646 726 678 ante
737 644 894 677 dimiss'um
905 664 913 678 ,
926 643 1018 684 quam
1029 641 1064 671 ad
1074 650 1148 670 con-

120 691 165 722 25
187 692 317 722 ditiones
327 692 390 731 ejus
400 690 541 731 depastus
552 689 602 720 est.
639 692 721 720 Nam
732 688 805 730 quid
815 697 870 728 ego
881 686 917 716 de
926 684 1090 726 QLossio,
1101 682 1149 721 ju-

185 734 277 767 dices,
289 733 398 766 dicam,
408 735 507 773 equite
520 735 664 763 Romano
675 730 803 771 speshto
813 738 900 770 atque
912 725 1058 757 honesto?
1068 725 1150 754 Clara

184 786 231 806 res
241 775 284 806 est
295 796 303 809 ,
314 785 405 816 quam
414 774 548 805 diciturus
560 775 625 805 sum
637 794 645 808 ‚
659 782 719 803 tota
728 773 828 803 Sicilia
835 769 1030 801 celeberrima
1040 786 1048 800 ,
1061 774 1149 806 atque

185 816 351 849 notissima:
365 816 499 858 quicum
509 825 600 847 araret
608 818 642 846 in
652 812 930 852 AEtneiifi‚cumque
940 812 966 839 is
975 819 1042 850 agei·
1052 810 1149 855 Apro-

186 862 241 890 nio
260 869 331 890 cum
347 857 452 890 ceteris
470 861 544 900 agris
563 857 634 888 ess'et
645 857 769 888 traditus
781 868 789 890 3
809 852 936 895 equestri
945 849 1105 897 veteretilla
1116 849 1149 878 ὃς

185 901 363 933 audior-itate
376 922 384 935 ,
397 901 526 941 &gratia
534 899 626 930 fretus
637 920 646 934 ,
656 897 818 930 affirmavit
827 916 836 930 ‚
859 896 886 925 se
897 894 1072 924 decumanis
1084 891 1150 931 plus

185 944 278 985 quim
289 944 418 977 deberet,
434 952 498 973 non
508 942 659 972 daturum.
692 939 816 970 refertur
826 938 889 977 ejus
900 937 997 967 sermo
1007 934 1041 964 ad
1054 936 1152 973 Apro—

188 985 289 1016 niti'm.
321 984 489 1016 Enimvero
501 984 554 1014 iste
564 983 659 1013 ridere
670 1003 678 1016 ‚
701 992 733 1012 ac
742 982 862 1013 mirari,
875 978 1014 1008 Lollium
1026 975 1105 1006 nihil
1114 975 1152 1005 de

187 1030 345 1062 Matrinio,
358 1028 435 1057 nihil
446 1027 481 1057 de
489 1027 593 1056 ceteris
603 1025 690 1054 rebus
699 1022 813 1061 audffl.
839 1022 934 1051 mittit
943 1019 979 1049 ad
990 1020 1151 1048 hominem

188 1072 337 1100 Venerios
348 1089 357 1103 ,
369 1069 439 1108 (hoc
447 1077 568 1109 quoque
576 1066 720 1097 attendite
730 1086 738 1098 ,
748 1064 920 1107 apparitores
929 1061 945 1091 a
954 1069 1079 1102 praetorc
1089 1058 1153 1089 affi-

187 1122 292 1154 gnatos
303 1109 435 1142 habuiffe
445 1112 649 1140 decumanum
662 1119 667 1137 :
681 1106 702 1137 fi
713 1108 769 1137 hoc
778 1105 930 1136 mediocre
940 1111 1152 1144 argumentum

187 1154 282 1184 videi-i
292 1153 400 1194 potest,
411 1151 504 1183 istum
515 1151 754 1181 decumanorum
764 1150 893 1179 nomine
901 1146 937 1176 ad
948 1146 1016 1175 suos
1024 1143 1153 1185 quaestus

188 1195 246 1226 effe
262 1196 318 1226 abu
324 1195 400 1229 sum)
420 1194 575 1224 adducitur
594 1193 610 1223 Ξι
627 1193 767 1222 Veneriis
778 1211 787 1225 ‚
805 1199 891 1230 atque
909 1186 984 1218 adet>
1002 1187 1154 1232 attrahitur

187 1238 308 1268 Lollius
316 1235 482 1268 commode
494 1256 502 1269 ‚
515 1235 587 1265 cum
599 1236 752 1275 Apronius
762 1233 778 1262 ὲ
789 1230 918 1272 palaestra
926 1227 1046 1274 redisset
1056 1248 1063 1261 ‚
1078 1228 1110 1257 διε
1121 1229 1154 1256 in

187 1280 324 1310 triclinio
335 1299 343 1313 ‚
361 1278 443 1320 quod
455 1280 487 1307 in
498 1277 565 1307 foro
579 1280 679 1306 AEtnae
688 1275 824 1305 statuerat
835 1293 842 1305 ‚
864 1269 1060 1302 decubuisset.
1094 1272 1156 1300 Sta-

188 1324 285 1352 tuitur
294 1322 413 1351 Lollius
425 1322 459 1350 in
469 1320 524 1349 illo
535 1317 692 1360 tempestivo
702 1317 902 1358 gladiatorum
913 1314 1067 1344 convivio.
1082 1314 1156 1342 Non

190 1364 365 1394 mehercule
374 1383 383 1397 ,
395 1372 461 1403 quae
471 1363 581 1402 loquor
591 1382 599 1395 ‚
611 1359 763 1391 crederem
774 1379 782 1393 ,
793 1357 910 1399 judices
919 1376 927 1390 ,
940 1353 1054 1385 tametsi
1064 1352 1156 1394 vulgo

191 1405 343 1436 audieram
356 1427 364 1438 ‚
387 1403 441 1434 nisi
450 1413 572 1434 mecum
584 1403 645 1443 ipse
656 1403 747 1433 senex
758 1421 766 1435 ‚
788 1399 861 1431 cum
873 1399 971 1430 mihi,
990 1406 1076 1436 atque
1088 1396 1158 1424 huic

190 1449 341 1478 voluntati
351 1447 548 1478 accusationis
558 1455 632 1475 meae
645 1445 810 1484 lacrymans
820 1442 924 1483 gratias
933 1447 1029 1480 ageret
1039 1458 1047 1472 ‚
1074 1438 1158 1467 sum-

194 1500 245 1520 ma
254 1495 324 1519 cum
335 1488 510 1519 auAEmritate
521 1486 591 1517 effet
601 1487 728 1517 locutus.
752 1486 894 1516 Statuitur
904 1503 912 1515 ,
925 1491 957 1511 ut
967 1481 1036 1511 dico
1048 1500 1056 1528 3
1067 1489 1157 1526 eques

192 1534 288 1562 Rom.
302 1531 395 1571 prope
409 1540 504 1562 annos
516 1539 560 1559 xc
571 1537 666 1562 natus,
677 1530 711 1558 in
721 1527 850 1567 Apronii
858 1525 1014 1556 convivio,
1025 1532 1098 1552 cum
1108 1531 1157 1550 in-

191 1582 271 1604 terea
281 1575 432 1614 Apronius
449 1579 535 1612 caput
546 1591 554 1605 ,
574 1579 660 1612 atque
671 1580 705 1600 os
717 1570 804 1599 suum
815 1574 970 1606 unguento
979 1563 1156 1604 perfricaret.

194 1615 278 1657 Qid
287 1615 338 1649 est,
352 1615 457 1645 Lolli?
469 1615 579 1655 inquit.
602 1620 645 1646 tu,
658 1611 710 1653 mfi
716 1610 788 1640 malo
800 1608 921 1641 matius,
934 1606 1100 1651 restefacfre
1110 1616 1157 1634 ne-

185 1658 260 1699 fiu?
281 1660 389 1688 Homo
398 1655 471 1698 quid
485 1663 596 1697 ageret:
615 1661 731 1687 taceret,
742 1651 948 1693 responderet:
968 1649 1040 1689 quid
1052 1650 1160 1679 taceret

192 1699 392 1740 denique,illa
402 1696 625 1730 auetoritate&
635 1705 716 1726 aetate
725 1692 1042 1736 praeditusmesciebat.
1062 1693 1160 1730 Apro-

192 1744 263 1772 nius
272 1744 384 1772 interea
394 1749 499 1771 cenam
510 1760 518 1773 ,
538 1749 570 1769 ac
581 1739 689 1778 pocula
698 1737 845 1778 poscebat.
868 1735 943 1765 servi
961 1742 1062 1763 autem
1082 1733 1158 1769 ejus,

191 1785 246 1825 qui
265 1784 299 1814 &
316 1781 439 1813 moribus
451 1782 548 1821 iifilem
564 1779 675 1813 essent,
697 1779 806 1820 quibus
817 1778 963 1808 dominus
974 1796 982 1809 ‚
1007 1774 1158 1804 &eodem

191 1835 301 1868 genere
309 1846 317 1860 ‚
336 1836 368 1856 ac
377 1826 446 1855 loco
457 1825 517 1853 nati
528 1843 536 1857 ‚
557 1831 661 1863 praetei·
672 1822 776 1852 oculos
787 1819 882 1850 Lollii
893 1820 954 1848 haec
967 1819 1072 1848 omnia
1081 1816 1160 1846 fere-

191 1869 276 1899 bant.
300 1867 413 1898 Ridere
423 1868 573 1899 convivae,
586 1865 758 1895 cachinnari
768 1862 829 1903 ipse
840 1862 991 1902 Apronius
1005 1870 1010 1888 2
1032 1857 1087 1888 nisl
1096 1857 1159 1888 for-

194 1910 224 1940 te
237 1909 417 1940 existimatis
426 1928 434 1942 ,
447 1918 519 1938 eum
528 1909 560 1937 in
571 1909 645 1937 vino
657 1927 665 1939 ,
682 1915 714 1936 ae
724 1906 800 1935 luxu
810 1913 873 1934 non
884 1901 974 1933 risiffe
986 1922 994 1935 ,
1014 1903 1160 1942 quinunc

192 1951 350 1994 inpericulo
361 1971 370 1985 ,
389 1959 475 1991 atque
495 1951 590 1979 exitio
610 1949 664 1979 suo
681 1947 776 1977 risum
795 1955 895 1976 tenere
912 1954 977 1974 non
990 1941 1087 1983 potiit.
1111 1943 1160 1972 Ne

194 1995 292 2024 multa
301 2014 309 2028 ‚
328 1993 445 2033 judices
457 2003 462 2021 :
483 1993 530 2021 his
546 1990 745 2021 contumeliis
765 1989 869 2019 scitote
889 1986 1077 2027 QLollium
1092 1994 1161 2014 coa-

193 2036 292 2069 ἂιιῐη,
303 2036 340 2066 ad
351 2036 481 2075 Apronii
492 2034 571 2075 leges
583 2053 591 2067 ‚
612 2031 864 2071 conditionesque
873 2026 998 2059 venisse.
1031 2027 1160 2060 Lollius,

194 2086 278 2109 aetate
289 2078 321 2108 &
333 2077 441 2108 morbo
450 2075 616 2116 impeditus
630 2095 637 2109 ‚
655 2073 691 2104 ad
710 2072 923 2104 testimonium
934 2069 1098 2100 dicendum
1110 2079 1161 2099 ve-

194 2123 262 2151 nire
280 2129 345 2150 non
361 2120 469 2160 potuit.
503 2117 586 2159 Qid
597 2125 672 2157 opus
681 2115 724 2146 est
735 2115 839 2145 Lollio
851 2117 861 2143 ?
877 2122 970 2143 nemo
982 2113 1039 2141 hoc
1050 2111 1143 2141 nescit
1156 2121 1161 2139 :
1181 2125 1184 2133 =

195 2169 291 2193 nemo
302 2170 425 2192 tuorum
437 2162 606 2191 amicorum
617 2179 625 2193 ‚
644 2162 655 2186 3
669 2167 762 2187 nemo
771 2157 822 2186 abs
834 2165 861 2186 te
870 2153 1033 2195 produ&us
1044 2174 1052 2187 ,
1068 2162 1163 2183 nemo

195 2206 493 2245 interrogatusmnnc
505 2202 532 2232 se
541 2199 678 2242 primum
690 2201 747 2229 hoc
755 2198 834 2229 dicet
843 2197 953 2227 audire.
975 2199 1019 2225 M.
1030 2195 1162 2228 Lollius,

197 2247 262 2287 ejus
273 2244 364 2279 filius,
375 2244 546 2275 adolescens
557 2241 733 2273 letitiffimus
744 2261 752 2274 ‚
772 2238 878 2280 praesto
889 2237 947 2268 est:
968 2238 1057 2276 hujus
1075 2237 1165 2267 verba

197 2288 336 2319 audietis.
358 2296 428 2317 narn
441 2285 613 2327 QLollins
624 2294 687 2324 ejus
700 2282 780 2312 filius
790 2302 798 2316 ,
824 2283 876 2322 qui
887 2279 1037 2310 Calidium
1048 2279 1164 2308 accusa-

197 2332 246 2361 vit
256 2351 264 2364 ‚
285 2330 458 2360 adolescens
470 2331 502 2358 ὄε
512 2328 611 2357 bonus
624 2347 631 2359 ‚
653 2325 781 2356 &fortis
793 2344 801 2358 ,
821 2325 898 2353 &in
908 2323 1015 2362 primis
1025 2321 1162 2353 disertus,

198 2371 272 2403 cum
290 2373 338 2402 his
356 2371 477 2409 injuriis
490 2390 499 2403 ,
512 2367 772 2408 vcontumeliisque
791 2373 967 2395 commotus
985 2365 1016 2393 in
1031 2363 1164 2392 Siciliam

199 2412 435 2454 ess'etprofthus
446 2432 455 2445 ,
484 2413 633 2441 initinere
644 2410 759 2440 occisus
769 2407 820 2438 est.
844 2407 929 2447 cujus
945 2406 1037 2434 mortu
1053 2404 1166 2444 causum

191 2456 326 2497 fugitivi
338 2453 495 2496 sistimur:
518 2463 548 2483 re
567 2452 693 2493 quidem
708 2461 775 2481 vera
785 2459 878 2480 nemo
888 2451 920 2478 in
931 2448 1031 2478 Sicilia
1041 2446 1164 2479 dubitat,

201 2501 279 2539 quin
291 2497 327 2527 eo
338 2496 370 2527 fit
390 2496 506 2527 occisus
519 2515 528 2529 ‚
551 2494 633 2536 quod
651 2494 757 2524 habere
777 2492 873 2523 clausa
889 2500 953 2521 non
972 2491 1101 2530 potuerit
1120 2488 1169 2518 sua

202 2538 326 2570 consilia
336 2540 371 2569 de
381 2542 482 2568 Verre.
501 2537 557 2567 Iste
571 2535 661 2577 porro
672 2546 736 2566 non
745 2533 910 2566 dubitabat,
921 2534 1041 2573 quinis,
1053 2533 1105 2571 qui
1115 2540 1168 2575 an-

201 2589 248 2612 tea
259 2581 353 2611 alium
364 2580 463 2611 studio
473 2579 620 2610 adduEtus
631 2576 785 2608 accusass'et
795 2597 804 2610 ,
815 2574 869 2606 fibi
879 2575 1052 2605 advenienti
1060 2582 1118 2612 pra:
1124 2571 1167 2602 sto

203 2622 277 2654 ess‘et
285 2623 402 2653 futurus
414 2642 422 2656 ‚
434 2620 507 2652 cum
517 2619 588 2651 esset
597 2622 727 2661 parentis
739 2619 858 2659 injuriis
868 2637 876 2651 ,
897 2617 929 2647 &
937 2614 1105 2646 domestico
1113 2614 1168 2644 do-

141 2662 186 2696 26
205 2666 268 2696 lore
278 2673 465 2696 commotus.
486 2665 591 2701 Iamne
602 2662 783 2702 intelligitis,
795 2660 921 2700 judices,
933 2656 1092 2699 quaepestm
1103 2666 1168 2697 qua:

205 2709 381 2738 immanitas
390 2709 423 2736 in
432 2700 526 2736 vestra
536 2702 737 2745 antiquissima
747 2723 756 2736 ,
769 2700 937 2733 fideliffima
947 2720 955 2733 ‚
970 2703 1170 2739 proximaque

205 2751 363 2792 provincia
371 2748 481 2781 versata
491 2746 524 2778 sit
535 2750 545 2777 ?
564 2749 634 2789 Jam
644 2746 753 2777 videtis
764 2765 773 2780 ,
792 2754 882 2786 quam
893 2743 933 2774 ob
943 2742 1062 2773 causam
1071 2741 1172 2772 Sicilia

204 2850 2178 2868 Μ

249 2912 273 2930 ι.
292 2905 413 2930 'Pollicitus
424 2904 478 2938 fimi
491 2902 642 2937 pem-enirn]
662 2903 704 2928 Ita.
722 2900 780 2928 mss‘.
798 2899 911 2927 Nannii.
942 2898 1050 2935 vulgata
1066 2897 1149 2925 lestio
1162 2917 1171 2930 ,

208 2943 306 2967 venire.

247 2985 276 3002 2.
297 2979 389 3010 (Atque
405 2976 436 3001 ab
448 2975 573 3009 Apronio]
595 2974 705 3001 Mallem
725 2973 783 3000 tolli
804 2980 876 3008 arque
884 2984 893 3005 ,-
912 2980 1038 3008 tanquam
1049 2970 1171 3008 superva-

212 3020 302 3040 cuum.
322 3012 441 3048 quumvis
453 3019 540 3037 tamen
553 3012 575 3037 ei
590 3011 633 3037 sua
645 3011 681 3037 vis
694 3030 701 3043 ‚
714 3010 731 3037 fi
742 3018 861 3038 mutetur
872 3010 898 3035 in
909 3012 988 3043 atqui.

251 3057 277 3084 3.
298 3050 367 3074 Nemo
377 3051 420 3074 abs
429 3048 609 3081 reprodith]
622 3047 703 3073 Nunc
713 3048 828 3082 primum
839 3045 964 3079 adjicitur
974 3043 1098 3071 Ciceroni
1109 3043 1171 3069 No-

213 3085 270 3116 ni0,
281 3083 363 3121 quiid
374 3083 643 3114 liiidat'inprodnccre.
663 3083 821 3119 vestigiaque
832 3083 887 3116 ejus
899 3080 1075 3108 remanserant
1085 3080 1110 3106 in
1123 3079 1170 3112 ms·

206 3121 316 3147 'Nannii
328 3140 336 3153 ,
356 3120 513 3156 praeferente
522 3129 585 3145 nemo
600 3126 702 3152 prompte
719 3119 854 3151 addufflu5
872 3117 944 3154 quod
955 3117 1116 3144 Gulielmius
1129 3125 1171 3142 re-

211 3156 330 3195 fingebat
340 3157 367 3186 in
384 3166 446 3184 mmo
459 3164 504 3192 pro
516 3163 537 3184 tc
547 3156 674 3185 adcantus.
693 3162 724 3186 ut
736 3155 831 3185 Cicero
843 3154 955 3184 mirific‘.¹
966 3163 1009 3182 eos
1022 3153 1066 3191 qui
1076 3153 1108 3182 ab
1117 3151 1173 3190 ipsi)

1170 97 1704 144 Cicanonts

1187 187 1230 210 tot
1240 179 1406 210 hominum
1415 187 1500 210 antea
1508 177 1596 213 furta,-
1610 179 1735 219 rapinas,
1748 175 1919 219 iniquitates
1927 198 1936 212 ‚
1950 175 2155 220 ignominiae<

1185 230 1243 262 que
1253 219 1382 261 perpeffa
1392 241 1399 255 ,
1410 231 1474 251 non
1484 223 1614 261 potuerit
1625 222 1682 250 hoc
1692 230 1809 250 novum
1820 240 1829 253 ‚
1841 230 1873 250 ac
1883 218 2026 262 singulare
2035 241 2043 255 ‚
2061 230 2148 263 atque
2184 220 2196 230 '⁴

1187 263 1365 294 incredibile
1373 273 1467 304 genus
1477 263 1666 302 injuriarum,
1677 262 1992 303 contumeliarumque
1999 262 2128 303 perferre
2138 265 2155 292 ἴ

1186 306 1254 348 Jam
1264 306 1386 335 omneis
1396 305 1581 346 intelligunt,
1590 315 1642 335 cur
1651 304 1788 334 universa
1797 306 1952 343 provincia
1960 304 2152 337 defensorem

1191 349 1248 378 sua:
1258 347 1356 377 salutis
1366 356 1438 376 eum
1447 345 1580 387 quaesivit
1591 367 1599 380 ,
1611 347 1696 387 cujus
1708 345 1759 375 iste
1770 344 1859 380 fidei,
1870 345 2044 388 diligentiae,
2053 347 2152 387 perse-

1188 391 1339 422 verantiae,
1354 389 1436 418 nulla
1446 391 1559 418 ratione
1568 391 1642 428 eripi
1652 386 1751 428 poffit.
1769 397 1814 418 tot
1822 388 1943 428 judiciis
1953 388 2149 419 interfuistis:

1191 440 1233 461 tot
1243 432 1386 461 homines
1397 433 1564 463 nocenreis,
1577 431 1610 460 &
1620 429 1787 469 improbos,
1796 430 1942 460 accusatos
1954 430 1987 460 &
1995 429 2090 461 vestra
2098 451 2106 465 ‚
2118 431 2153 462 δε

1192 474 1379 513 superiorum
1391 474 1539 502 memoria
1549 473 1627 502 scitis
1637 470 1705 502 effe.
1729 482 1854 513 ecquem
1869 471 1986 502 vidistis
1997 493 2004 506 ‚
2025 482 2152 514 ecquem

1191 514 1314 544 audistis
1325 534 1333 547 ‚
1352 516 1482 544 intantis
1492 513 1579 543 furtis
1590 535 1598 547 ,
1619 516 1653 543 in
1664 523 1724 544 tam
1735 516 1840 554 apertis
1850 535 1858 547 ,
1881 516 1914 544 in
1933 522 2011 545 tanta
2021 516 2154 549 audacia.⁴

1191 566 1271 586 tanta
1279 555 1454 596 impudentia
1465 554 1522 586 effe
1534 556 1681 586 versatum
1693 559 1702 585 ?
1721 557 1873 596 Apronius
1891 555 2042 596 stipatores
2052 560 2154 586 Vene-

1191 600 1252 628 rios
1264 599 1362 628 secum
1376 598 1517 628 habebat:
1537 597 1662 628 ducebat
1672 607 1723 627 eos
1733 601 1847 628 cii-cum
1858 600 1994 628 civitates
2007 609 2012 627 τ
2031 597 2155 638 public&

1192 638 1246 669 sibi
1255 641 1396 669 convivia
1403 642 1496 680 parari
1506 660 1514 674 ,
1538 638 1628 670 sterni
1639 640 1769 670 triclinia
1778 660 1786 673 ,
1803 640 1878 670 &in
1887 639 1957 670 foro
1969 639 2059 670 sterni
2065 640 2156 680 jube-

1193 682 1258 711 bat:
1279 686 1296 708 4
1305 680 1341 711 eb
1355 684 1455 712 vocari
1470 682 1613 712 homines
1623 680 1845 712 honestiffimos
1855 702 1863 716 ‚
1882 691 1948 712 non
1960 680 2060 712 solum
2071 684 2157 713 Sicu·

1193 724 1251 756 los,
1264 723 1312 753 sed
1322 725 1412 753 etiarn
1424 725 1537 764 equites
1547 726 1707 755 Romanos
1720 735 1725 753 z
1746 733 1796 757 ut,
1815 725 1938 764 quicum
1955 726 1968 750 5
1978 724 2048 753 inire
2058 724 2158 754 convi-

1195 766 1278 794 vium
1288 776 1363 794 nemo
1374 776 1519 806 umquam
1532 786 1540 799 ‚
1557 764 1612 795 nisi
1622 767 1727 806 turpis,
1739 766 1932 807 impurusque
1941 764 2084 796 voluifl'et
2094 787 2103 801 ,
2120 765 2156 797 ad

1194 808 1258 847 ejus
1267 809 1447 837 convivium
1458 805 1659 847 spe&atiflimi
1670 827 1678 841 ‚
1700 817 1786 848 atque
1796 806 1996 838 honestissimi
2005 809 2063 838 viri
2072 816 2158 838 tene·

1193 858 1304 879 rentur.
1330 851 1402 879 Haec
1413 857 1445 878 tu
1457 851 1601 879 omnium
1614 850 1789 880 mortalium
1800 848 2080 892 profligatissime,ac
2089 859 2158 890 per-

1194 889 1346 924 ditiffime,
1361 891 1435 921 cum
1446 891 1531 921 scires
1543 912 1551 926 ‚
1563 891 1635 921 cum
1646 892 1762 921 audires
1771 892 1908 933 quotidie
1918 912 1927 924 ,
1938 890 2009 921 curn
2019 892 2136 922 videres
2149 901 2157 921 t

1194 931 1214 962 fi
1234 931 1293 962 fine
1305 942 1358 962 tuo
1368 935 1509 963 maximo
1520 932 1622 974 quastus
1632 932 1738 963 fierent
1749 955 1757 967 ,
1779 944 1851 964 cum
1863 943 1946 964 tanto
1955 934 2090 973 periculo
2102 942 2157 963 tuo

1196 973 1260 1005 fieri
1269 984 1409 1015 paterere,
1420 984 1506 1016 atque
1516 976 1694 1006 concederes
1705 978 1715 1005 ?
1736 976 1768 1005 δε
1778 984 1896 1006 tantum
1904 975 1980 1016 apud
1993 984 2020 1005 te
2029 975 2158 1016 quaestus

1196 1019 1340 1057 Apronii,
1364 1025 1481 1047 tantum
1492 1018 1556 1056 ejus
1566 1018 1664 1048 sermo
1675 1016 1929 1058 inquinatissimus
1941 1038 1948 1051 ‚
1962 1018 1994 1047 ὃς
2005 1017 2158 1048 blanditiae

1197 1058 1348 1100 flagitiosae
1359 1059 1527 1093 valuerunt,
1539 1069 1571 1089 ut
1581 1070 1748 1100 numquam
1758 1062 1897 1090 animum
1908 1069 2005 1094 tuum,
2017 1070 2086 1089 cuia
2095 1068 2160 1090 tua-

1197 1111 1264 1130 rum
1275 1100 1475 1135 fortunarum,
1486 1103 1689 1142 cogitatioque
1699 1105 1849 1143 tangeret?
1868 1103 1996 1131 Cernitis
2008 1121 2016 1135 ‚
2029 1101 2157 1141 judices,

1197 1143 1278 1184 quod
1289 1163 1297 1176 ‚
1310 1143 1342 1173 &
1353 1152 1498 1184 quantum
1509 1143 1667 1173 incendium
1676 1163 1683 1176 ‚
1701 1143 1938 1173 decumanorum
1952 1145 2080 1183 impetu,
2092 1153 2160 1173 non

1198 1184 1299 1215 solum
1310 1195 1361 1225 per
1371 1195 1455 1226 agros
1467 1206 1475 1218 ‚
1488 1185 1537 1215 sed
1548 1187 1638 1215 etiam
1647 1195 1698 1224 per
1706 1186 1833 1226 reliquas
1843 1184 1979 1215 fortunas
1988 1194 2138 1216 aratomm
2151 1196 2158 1215 z

1199 1237 1295 1268 neque
1305 1226 1405 1257 solum
1415 1237 1468 1267 per
1477 1227 1564 1260 bona,
1576 1226 1625 1257 sed
1635 1229 1725 1257 etiam
1737 1228 1858 1267 perjura
1867 1227 2012 1257 libertatis
2021 1248 2029 1262 ‚
2041 1228 2074 1257 δε
2083 1229 2160 1258 civi-

1198 1278 1264 1299 tatis
1276 1289 1284 1303 ,
1295 1268 1352 1299 isto
1361 1278 1487 1309 praetore
1495 1270 1662 1309 pervaserit.
1681 1269 1790 1299 videtis
1800 1268 1929 1309 pendere
1936 1270 2010 1299 alios
2022 1280 2059 1299 ex
2068 1270 2159 1299 arbo-

1199 1321 1229 1340 re
1242 1322 1248 1340 :
1267 1312 1376 1351 pulsari
1385 1320 1484 1341 antem
1495 1311 1571 1341 alios
1583 1331 1591 1345 ‚
1604 1311 1638 1341 &
1648 1311 1796 1341 verberari
1808 1322 1812 1340 :
1832 1310 1923 1351 porro
1935 1312 2008 1341 alios
2018 1313 2051 1341 in
2060 1311 2164 1351 publi-

1200 1363 1236 1383 co
1246 1353 1389 1383 custodiri
1403 1364 1407 1382 :
1432 1352 1554 1383 destitui
1563 1353 1637 1384 alios
1648 1354 1681 1382 in
1690 1354 1852 1383 convivio:
1876 1352 2075 1383 condemnari
2085 1353 2163 1384 alios

1201 1394 1216 1425 a
1228 1395 1349 1425 medico
1359 1415 1367 1428 ‚
1380 1395 1413 1424 δε
1422 1405 1558 1435 praecone
1567 1396 1700 1435 praetoris
1713 1406 1718 1424 :
1739 1395 1818 1425 bona
1828 1403 1930 1425 tamen
1944 1397 2055 1425 interea
2065 1395 2161 1425 nihil-

1200 1440 1324 1467 ominus
1334 1447 1439 1467 eorum
1451 1439 1594 1467 omnium
1607 1446 1645 1466 ex
1652 1439 1727 1478 agris
1737 1437 1853 1476 auferri,
1864 1447 1898 1465 ac
1905 1436 2001 1478 diripi.
2025 1436 2106 1479 Qid
2118 1435 2162 1467 est

1199 1480 1257 1508 hoc
1268 1482 1278 1508 ?
1298 1480 1403 1520 populi
1420 1482 1515 1509 Rom⁴
1534 1481 1718 1519 imperium?
1735 1479 1841 1519 populi
1857 1481 1952 1509 Rom.
1963 1481 2040 1520 leges
2051 1482 2062 1508 ?
2078 1477 2162 1519 judi·

1199 1523 1263 1554 cia?
1283 1523 1356 1552 socii
1367 1520 1488 1551 fideles?
1502 1523 1659 1562 provincia
1668 1521 1855 1552 suburbana?
1872 1530 1978 1550 nonne
1989 1522 2096 1551 omnia
2104 1530 2162 1561 po-

1200 1565 1258 1593 tius
1269 1563 1418 1603 ejusmodi
1431 1564 1507 1597 sunt,
1520 1574 1596 1605 quae,
1609 1561 1629 1592 s1
1640 1563 1773 1593 Athenio
1786 1560 1917 1603 vicisset,
1938 1564 1971 1592 in
1984 1563 2084 1593 Sicilia
2094 1572 2160 1593 non

1199 1604 1332 1636 fecisset?
1351 1616 1415 1636 non
1425 1626 1433 1639 ,
1456 1607 1582 1647 inquam
1592 1625 1600 1639 ‚
1619 1605 1734 1645 judices
1744 1625 1752 1639 ‚
1768 1603 1840 1635 effet
1848 1605 1941 1635 ullam
1950 1613 2064 1645 partem
2075 1603 2162 1635 istius

1201 1650 1344 1688 nequitiae
1352 1647 1554 1689 fugitivorum
1564 1647 1725 1677 insolentia
1735 1647 1901 1677 consecuta.
1942 1648 2084 1677 Privatim
2105 1647 2164 1684 hocv

1203 1689 1298 1720 modo
1310 1700 1315 1719 :
1334 1691 1405 1730 quid
1418 1692 1428 1719 ?
1453 1688 1566 1730 public&
1594 1689 1726 1718 civitates
1749 1688 2010 1729 quemadmodum
2037 1687 2164 1718 trad't‘arae

1201 1732 1287 1761 sunt?
1305 1731 1427 1762 audistis
1443 1731 1591 1772 permulta
1610 1730 1719 1761 indicia
1729 1751 1737 1764 ‚
1756 1731 1789 1760 &
1800 1729 1973 1760 testimonia
1989 1732 2161 1764 civitatum,

1204 1774 1237 1804 δε
1248 1774 1430 1815 reliquarum
1441 1773 1577 1803 audietis.
1608 1775 1651 1802 Ac
1661 1774 1795 1812 primum
1806 1772 1842 1802 de
1852 1770 2028 1814 Agyrinensi
2037 1773 2163 1812 populo,

1203 1815 1296 1850 fideli,
1309 1817 1342 1846 δε
1351 1815 1602 1849 illustri‚breviter
1609 1814 1792 1856 cognoscite.
1808 1812 1999 1855 Agyrinensis
2007 1814 2051 1844 est
2060 1817 2092 1844 in
2103 1817 2164 1855 pri-

1205 1861 1264 1888 mis
1274 1857 1398 1888 honesta
1407 1859 1511 1888 civitas
1520 1857 1629 1888 Siciliae
1639 1877 1647 1890 ,
1661 1858 1827 1886 hominum
1837 1864 1905 1886 ante
1914 1857 1994 1886 hunc
2003 1865 2162 1896 praetorem

1203 1900 1401 1940 locupletium
1413 1921 1421 1933 ‚
1433 1900 1684 1940 summorumque
1697 1907 1857 1928 aratorum.
1880 1898 1943 1938 ejus
1952 1901 2012 1940 agri
2023 1898 2164 1929 decumas
2185 1925 2189 1928 .

1203 1941 1275 1974 cum
1285 1941 1403 1972 emifl'et
1416 1941 1499 1972 idem
1514 1944 1667 1981 Apronius
1678 1961 1686 1975 ,
1707 1941 1852 1982 Agyrium
1867 1942 1960 1970 venit.
1991 1939 2006 1960 ⁶
2015 1942 2075 1981 Q
2091 1939 2164 1971 cum

1206 1983 1323 2016 cocum
1333 1984 1561 2025 apparitoribuS‚
1572 1982 1603 2012 id
1614 1982 1656 2013 est
1666 2003 1674 2016 ,
1691 1993 1755 2012 cum
1764 1983 1844 2012 minis
1855 2003 1864 2016 ,
1874 1993 1908 2011 ac
1918 1983 1950 2011 vi
1958 1982 2094 2017 veniss‘et,
2107 1992 2165 2023 po-

1203 2029 1281 2059 scere
1290 2028 1450 2067 pecuniam
1460 2025 1603 2068 grandem
1613 2027 1705 2065 coepit
1714 2045 1722 2058 ,
1736 2034 1769 2054 ut
1778 2045 1786 2059 ,
1799 2034 1918 2064 accepto
1929 2024 2024 2058 lucro,
2034 2025 2168 2055 discede-

1205 2076 1257 2101 ret.
1281 2069 1365 2099 nolle
1375 2069 1403 2099 se
1411 2070 1527 2110 negotii
1537 2067 1702 2113 quidquam
1712 2067 1818 2097 habere
1829 2066 1944 2096 dicebat
1953 2087 1962 2100 ‚
1983 2067 2032 2096 sed
2050 2076 2166 2106 accepta

1205 2114 1331 2153 pecunia
1341 2131 1349 2144 ‚
1369 2110 1459 2152 quim
1479 2112 1559 2150 prim
1565 2108 1617 2139 um
1636 2110 1726 2139 aliam
1738 2110 1892 2138 civitatem
1903 2118 2067 2138 occurrere.
2092 2112 2167 2139 Sunt

1206 2163 1315 2184 omnes
1324 2154 1418 2184 Siculi
1427 2162 1491 2183 non
1500 2150 1719 2181 contemnendi
1732 2150 1826 2191 ,fiper
1833 2148 1930 2186 nostros
1938 2148 2120 2190 magistratus
2129 2150 2169 2178 li-

1206 2203 1267 2226 ceat
1275 2207 1286 2223 .·
1298 2195 1346 2226 sed
1358 2196 1498 2224 homines
1509 2194 1541 2223 δε
1552 2193 1618 2223 satis
1627 2191 1730 2226 fortes,
1750 2193 1783 2222 &
1793 2192 1860 2222 satis
1869 2192 1956 2232 plane
1968 2191 2045 2234 frugi
2058 2213 2065 2226 ,
2078 2203 2111 2222 ac
2119 2192 2168 2222 so-

1208 2239 1264 2268 brii
1278 2258 1285 2270 ,
1307 2238 1382 2267 &in
1394 2237 1500 2276 primis
1511 2236 1573 2265 haec
1583 2236 1696 2268 civitas,
1708 2233 1745 2264 de
1755 2244 1812 2275 qua
1824 2235 1933 2274 loquor
1942 2254 1950 2267 ‚
1960 2236 1969 2274 j
1975 2233 2086 2272 udiqes.
2109 2236 2172 2264 Ita-

1207 2290 1264 2321 que
1276 2280 1398 2309 homini
1409 2280 1441 2307 in
1451 2279 1558 2317 primis
1568 2275 1791 2316 improbiffimo
1800 2275 1983 2316 respondent
2001 2278 2171 2318 Agyrinen-

1209 2323 1263 2355 seS,
1276 2321 1335 2352 sese
1344 2320 1484 2350 decumas
1495 2321 1533 2353 ei,
1544 2318 1806 2360 quemadmodum
1818 2318 2094 2352 deberent‚daturos
2105 2329 2110 2347 :
2122 2318 2171 2348 lu-

1207 2374 1292 2394 crum
1304 2383 1312 2396 ,
1334 2361 1406 2392 curn
1418 2362 1470 2391 ille
1479 2371 1591 2403 magno
1600 2361 1764 2401 praesertim
1775 2358 1893 2390 emisset
1901 2380 1910 2394 ‚
1930 2371 1995 2390 non
2004 2360 2169 2390 addituros.

1212 2406 1363 2445 Apronius
1373 2405 1533 2433 certiorem
1543 2403 1614 2433 facit
1622 2402 1725 2437 istum,
1736 2413 1853 2442 quares
1863 2411 1932 2436 erat,
1944 2402 2017 2443 quid
2028 2404 2069 2432 rei
2079 2400 2157 2432 effer.

1209 2449 1314 2478 Statim
1329 2467 1337 2480 ‚
1355 2455 1496 2486 tanquam
1508 2446 1663 2484 conjuratio
1672 2446 1770 2486 aliqua
1780 2446 1884 2485 Agyrii
1892 2455 1994 2474 contra
2004 2443 2169 2484 rempubli-

1209 2499 1275 2519 cam
1292 2488 1368 2518 faeti
1378 2508 1386 2521 ‚
1405 2496 1454 2518 aut
1471 2488 1582 2529 legatus
1597 2489 1730 2527 praetoris
1747 2487 1876 2528 pulfiztm
1894 2485 1964 2516 effet
1975 2507 1984 2520 ,
2008 2488 2047 2516 ita
2058 2487 2170 2528 Agyrio

1213 2530 1397 2572 magistratus
1409 2550 1417 2563 ,
1444 2530 1476 2559 δε
1494 2531 1736 2571 quinque-piimi
1748 2550 1756 2562 ,
1778 2531 1874 2559 accitu
1892 2527 1978 2558 istius
1997 2537 2169 2558 evocantur.

1212 2576 1348 2602 Veniunt
1360 2572 1511 2612 Syracusas
1527 2583 1532 2600 :
1549 2570 1655 2612 praesto
1664 2571 1706 2601 est
1716 2572 1867 2610 Apronius
1880 2581 1885 2599 z
1896 2573 1947 2604 ait,
1960 2580 2010 2600 eos
2018 2570 2106 2610 ipsos,
2117 2571 2170 2611 qui

1212 2613 1362 2645 veniffent
1374 2635 1381 2647 ,
1405 2623 1508 2644 contra
1524 2613 1659 2643 edifitum
1678 2614 1814 2653 praetoris
1829 2611 1938 2642 fecisse,
1973 2612 2171 2653 Qaerebant,

1212 2657 1299 2698 quid?
1326 2656 1533 2696 respondebat,
1546 2656 1574 2686 se
1584 2655 1619 2685 ad
1629 2663 1845 2694 recuperatores
1855 2653 1914 2684 ess'e
1923 2653 2086 2684 dffitui-um.
2102 2652 2171 2687 Iste,
2221 2684 2225 2687 ,

1215 2697 1396 2740 aequiffimus
1408 2699 1505 2728 homo
1517 2718 1525 2731 ,
1537 2697 1739 2728 formidinem
1749 2697 1834 2726 illam
1848 2696 1927 2726 suam
1939 2697 2054 2726 miseris
2065 2696 2174 2737 Agyri-

1213 2739 1353 2771 nensibus
1363 2741 1517 2781 injiciebat
1529 2750 1534 2769 :
1555 2748 1769 2780 recuperatores
1780 2739 1807 2769 se
1816 2738 1847 2768 de
1857 2739 1962 2768 cohorte
1966 2738 2022 2779 fica
2034 2737 2172 2768 daturum

2076 2787 2176 2809 mina-

1215 2898 1298 2959 ζει-ΓΕ
1310 2907 1358 2933 pto
1367 2897 1391 2925 se
1401 2897 1596 2925 adducerentur
1606 2915 1614 2928 ‚
1632 2903 1724 2923 contra
1733 2895 1811 2922 illum
1821 2894 2001 2922 testimonium
2012 2892 2101 2919 dicere
2111 2900 2174 2919 con·

1237 2942 1315 2960 rniet.

1249 2978 1277 3003 4.
1298 2971 1330 2996 Εἰ)
1339 2971 1448 3005 avocari]
1470 2970 1564 2997 Malim
1575 2969 1597 2994 eb
1607 2971 1710 2994 evocari.
1729 2970 1800 2994 cei-te
1812 2966 1844 2993 sic
1854 2966 1922 2993 Pali.
1933 2965 1975 2992 sed
1987 2966 2038 2992 sine
2048 2963 2176 3001 particulav

1213 3007 1246 3032 tii.
1268 3007 1437 3033 Hotomanus
1448 3007 1485 3033 :iit
1494 3007 1558 3033 alios
1571 3005 1658 3041 legere
1669 3024 1678 3037 ‚
1690 3005 1711 3029 cb
1722 3007 1846 3030 convoca-ri
1855 3023 1864 3036 ,
1874 3001 1953 3039 idque
1965 3002 2063 3038 recepit
2074 3002 2105 3028 P.
2115 3001 2175 3028 Ma-

1215 3043 1305 3069 nutius
1318 3054 1323 3069 :
1344 3042 1427 3069 nescio
1438 3045 1518 3079 quum
1529 3043 1605 3069 bene.

1252 3088 1278 3113 5.
1297 3082 1361 3105 Inirc
1370 3080 1533 3113 convivium]
1548 3077 1709 3105 Gulielmius
1721 3075 1763 3102 edi
1775 3075 1880 3102 volebat
1889 3077 2022 3100 convivere.

1252 3116 1279 3141 6.
1298 3117 1363 3148 §Qin
1382 3115 1432 3140 crim
1442 3116 1464 3140 cii
1475 3125 1525 3140 cum
1535 3115 1713 3148 apparitoribus
1724 3133 1731 3145 ‚
1751 3113 1778 3138 id
1785 3114 1820 3138 εξῗ
1829 3121 1878 3137 cum
1889 3112 1958 3137 minis
1967 3111 1996 3141 &¹
2003 3113 2033 3138 vi
2049 3107 2174 3145 ‘veni-ffel]

1216 3151 1285 3182 Pali.
1296 3151 1358 3181 edd.
1370 3159 1436 3182 i'ett·
1446 3153 1494 3188 94ἱ
1504 3160 1554 3180 cum
1564 3150 1739 3186 apparitoribm
1748 3157 1781 3183 eo,
1793 3158 1844 3176 cum
1853 3148 1921 3175 minis
1931 3148 1983 3180 ὡς.
2090 3183 2130 3210 ‘A
2140 3185 2151 3205 t

2055 3190 2080 3210 Χ.
2127 3189 2139 3207 s
2150 3187 2176 3206 θ·
