2360 3400
499 104 704 148 ΕΡῙετ.
756 97 833 146 AD
881 100 1204 164 QinrvM
1252 104 1598 161 FRATREM,
1645 108 1786 155 L113.
1825 111 1855 156 Ι.

211 187 372 231 sugitivum
385 184 486 227 postea
496 182 554 215 esse
566 194 604 214 ex
616 183 719 223 AEsopi
730 183 833 214 litteris
844 184 1035 224 cognosceret
1044 204 1052 218 ,
1070 185 1173 214 homi-

210 241 282 261 nem
293 226 524 269 comprehendit
533 246 541 260 ,
554 226 629 256 &in
640 225 805 256 custodiam
819 224 923 266 Ephesi
936 226 1063 256 tradidit:
1075 226 1126 256 sed
1140 228 1172 256 in

207 272 360 313 publicam
372 290 380 303 ,
399 269 447 299 vel
466 271 498 299 in
516 267 695 308 pistrinum,
716 278 779 298 non
806 268 917 298 satisex
930 268 1038 298 litteris
1050 269 1172 307 ejusin-

209 313 341 354 telligere
356 313 521 352 potuimus.
545 313 611 343 Tu,
632 320 754 350 quoquo
770 310 863 340 modo
876 329 884 344 ‚
903 311 1050 350 quoniam
1065 308 1170 348 Ephesi

209 353 252 384 est
263 374 271 387 ‚
293 355 452 384 hominem
464 352 624 391 investiges
636 352 727 382 velim
739 372 748 386 ‚
772 352 946 391 summaque
957 351 1113 392 diligentia
1122 351 1169 380 vel

206 403 309 426 tecum
329 395 465 425 deducas.
490 395 564 424 Noli
575 393 719 434 spestare,
739 394 842 435 quanti
851 394 927 422 homo
931 392 982 433 sit,
993 394 1074 432 parvi
1084 394 1168 422 enim

207 439 294 477 pretii
309 436 350 467 est
361 457 369 471 ‚
390 437 511 477 quijam
527 437 617 466 nihili
627 434 677 466 sit:
698 436 745 465 sed
765 445 845 466 tanto
868 436 974 465 dolore
989 434 1117 474 AEsopus
1127 433 1169 463 est

207 477 332 508 assessus
346 488 462 519 propter
474 479 547 509 servi
560 478 651 508 scelus
662 498 670 511 ,
694 478 726 508 &
736 477 886 507 audaciam
897 496 907 510 ‚
931 484 963 506 ut
973 476 1050 505 nihil
1066 478 1092 505 ei
1104 485 1169 515 gra-

171 525 193 557 5
211 522 269 550 tius
287 520 379 551 facere
397 519 505 561 possis,
527 524 617 561 quam
633 518 750 549 (iillum
762 529 814 559 per
825 519 1050 561 terecuperaiit.
1075 519 1167 564 Nunc

207 571 242 591 ea
251 563 396 604 cognosce
407 583 415 596 ‚
428 573 493 603 quae
506 562 642 592 maxime
651 570 782 601 exoptas.
806 563 918 600 Remp.
941 559 1077 589 *unditus
1092 569 1168 589 arni·

207 602 300 633 simus
311 615 316 632 2
327 603 401 634 adeo
417 614 449 634 ut
461 607 546 638 Cato,
559 603 728 634 adolescens
738 603 851 632 nullius
862 599 991 634 consilii,
1005 600 1054 631 sed
1065 610 1167 631 tamen

204 645 282 675 civis
292 648 388 676 Rom.
412 647 444 676 ὅ(
453 649 525 676 Cato
535 666 543 679 ,
566 648 616 675 vix
625 646 711 675 vivus
720 643 862 683 effugeret
873 656 881 677 3
901 642 983 684 quod
995 662 1003 676 ,
1022 641 1094 673 cum
1107 645 1168 673 Ga-

205 686 327 717 binium
347 688 383 718 de
397 687 512 718 ambitu
523 687 613 717 vellet
621 686 767 726 postulare
776 705 788 718 ‚
807 695 903 726 neque
913 693 1051 725 praetores
1062 684 1166 714 diebus

205 729 320 769 aliquot
331 730 405 760 adiri
418 728 536 769 possent
547 750 555 762 ‚
577 729 624 758 vel
639 727 814 768 potestatem
828 726 1030 759 suifacerent3
1052 727 1082 755 in
1093 736 1166 756 con—

201 772 327 800 cionem
347 771 497 802 adscendit
511 790 519 804 ‚
542 771 574 800 ὃς
586 774 594 789 ¹
607 770 786 808 Pompejum
798 771 930 808 privatus
939 766 1105 796 distatorem
1115 777 1165 807 ap-

202 812 335 845 pellavit.
358 815 479 853 propius
496 812 572 841 nihil
596 810 638 840 est
658 809 789 842 faustum,
812 809 901 849 quarn
922 818 954 839 ut
971 809 1163 839 occideretur.

201 847 252 883 Ex
267 856 324 884 hoc
336 875 345 888 ,
360 857 410 895 qui
422 852 454 883 sit
465 853 555 883 status
565 854 658 882 totius
667 853 737 890 reip.
762 851 861 880 videre
871 859 966 889 potes.
990 849 1107 880 Nostra:
1122 860 1163 881 ta-

204 904 277 926 men
296 906 348 926 cau
355 897 389 926 sae
399 905 462 924 non
473 894 614 923 videntur
623 894 764 921 homines
775 890 915 921 defuturi.
941 891 1114 921 mirandum
1128 895 1160 922 in

203 938 332 967 modum
346 934 539 976 profitentur,
555 932 686 964 offerunt
695 933 723 963 se
732 952 741 966 ,
754 933 954 972 pollicentur:
967 937 981 952 2
993 932 1026 961 &
1036 933 1159 973 quidem

202 975 276 1007 cum
295 979 343 1018 spe
354 978 418 1008 sum
434 977 590 1008 maxima,
610 984 675 1005 tum
696 975 809 1014 majore
829 976 919 1004 etiam
938 976 1052 1005 animo.
1076 976 1160 1014 spero

200 1018 364 1059 superiores
383 1017 448 1048 fore
463 1027 518 1047 nos
532 1028 537 1046 ι
554 1015 678 1047 confido
688 1018 791 1047 animo
803 1036 811 1049 ‚
834 1018 909 1046 utin
919 1017 972 1047 liac
980 1025 1041 1055 rep.
1064 1027 1102 1046 ne
1112 1027 1160 1047 ca-

197 1059 267 1090 sum
286 1056 409 1101 q'uidem
432 1059 530 1089 ullum
545 1059 751 1098 pertimescam
767 1068 773 1087 ε
792 1058 840 1088 sed
852 1067 953 1088 tamen
964 1068 1009 1088 res
1019 1056 1056 1087 sie
1066 1059 1094 1088 se
1106 1059 1159 1089 ha-

200 1101 259 1132 bet.
281 1104 312 1132 Si
331 1101 413 1131 diem
431 1101 519 1131 nobis
531 1100 655 1131 Clodius
673 1100 800 1130 dixerit:
820 1108 881 1130 tota
901 1101 1158 1134 Italiaconcurret‚

198 1152 233 1173 nt
255 1144 452 1184 multiplicata
473 1144 569 1183 gloria
583 1141 781 1172 discedamus.
804 1140 848 1171 sin
861 1150 960 1172 autem
971 1144 1002 1172 vi
1013 1151 1096 1182 agere
1106 1153 1158 1177 co-

195 1185 330 1215 nabitur:
353 1185 435 1224 spero
444 1184 508 1214 fore
520 1205 528 1217 ,
553 1183 657 1214 studiis
668 1194 730 1213 non
742 1182 842 1214 solum
851 1184 1021 1214 amicorum
1034 1203 1042 1217 ‚
1056 1184 1104 1214 sed
1114 1193 1159 1214 et-

195 1227 257 1257 iam
276 1227 445 1257 ¹alienorum
459 1247 466 1260 ,
492 1236 523 1256 ut
542 1228 572 1256 vi
592 1224 767 1256 resistamus.
792 1227 907 1255 Omnes
926 1226 958 1255 δε
972 1226 1020 1260 se,
1043 1226 1075 1256 &
1089 1226 1157 1256 suos

196 1269 308 1299 liberos
319 1289 327 1303 ‚
348 1271 461 1299 amicos
473 1288 481 1301 ‚
505 1269 641 1298 clienteis
651 1288 660 1300 ‚
674 1268 796 1297 libertos
808 1287 815 1300 ‚
829 1267 926 1297 servos
937 1287 945 1301 ‚
955 1271 1094 1307 pecunias
1105 1268 1156 1298 de-

195 1314 290 1351 nique
313 1311 376 1340 suas
394 1310 585 1350 pollicentur.
610 1307 718 1339 Nostra
739 1311 859 1349 antiqua
876 1318 983 1339 manus
1004 1310 1156 1340 bonorum

195 1353 276 1382 ardet
287 1351 384 1382 studio
396 1351 510 1385 nostri,
522 1360 606 1391 atque
618 1360 728 1380 amore.
752 1352 835 1390 Siqui
845 1349 929 1380 antea
938 1360 988 1381 aut
995 1353 1154 1382 alieniores

195 1391 330 1426 fuerant,
353 1402 401 1423 aut
420 1393 621 1434 languidiores
636 1411 644 1424 ,
664 1401 745 1421 nunc
765 1393 873 1421 horum
894 1402 995 1433 regum
1012 1394 1104 1426 odio,
1127 1393 1155 1423 se

192 1445 264 1465 curn
287 1436 377 1465 bonis
396 1436 596 1474 conjungunt.
619 1434 781 1472 Pompcjus
805 1435 909 1463 omnia
919 1435 1096 1473 pollicetur,
1123 1434 1155 1464 δε

191 1478 289 1507 Caesar
298 1496 306 1509 ,
327 1476 435 1517 quibus
449 1485 505 1516 ego
516 1478 556 1505 ita
569 1475 658 1505 credo
670 1494 678 1508 ‚
700 1484 732 1504 ut
744 1475 822 1505 nihil
832 1475 868 1504 de
880 1485 946 1505 mea
954 1485 1154 1516 comparatio—

193 1529 232 1549 ne
249 1518 438 1549 deminuam.
461 1517 595 1547 Tribuni
611 1517 651 1555 pl.
675 1515 745 1546 deff.
770 1516 935 1546 suntnobis
945 1520 1044 1548 amici.
1069 1521 1153 1549 Coss.

192 1561 222 1592 se
241 1559 358 1600 optime
375 1558 547 1589 ostendunt.
572 1558 867 1597 Praetoreshabemus
876 1557 1093 1593 amicissimos,
1119 1558 1152 1589 δε

189 1605 351 1633 acerrimos
368 1603 461 1631 civeis
474 1620 483 1634 ‚
510 1602 704 1634 Domitium,
734 1600 915 1641 Nigidium,
937 1602 1126 1632 Memmium
1141 1621 1149 1637 ‚

190 1644 372 1674 Lentulum:
397 1643 497 1672 bonos
507 1645 597 1672 etiam
612 1642 688 1672 alios
703 1651 709 1671 ⁴.
723 1642 771 1672 scd
781 1645 836 1672 iios
848 1641 1030 1683 singulareis.
1054 1646 1151 1685 Qare

189 1694 333 1726 magnum
345 1684 391 1715 fac
401 1686 538 1714 animum
548 1683 666 1716 habeas,
678 1684 710 1714 &
722 1685 806 1724 spem
818 1684 942 1715 bonam·
965 1687 1013 1715 De
1024 1684 1168 1727 singulis.

189 1736 289 1758 tamen
308 1726 395 1756 rebus
414 1747 422 1760 ‚
451 1735 517 1766 quae
537 1725 673 1766 quotidie
691 1734 847 1767 gerantur,
867 1725 974 1757 faciam
998 1735 1025 1756 te
1043 1727 1147 1758 crebro

191 1771 361 1799 certiorem.

369 1810 580 1839 MARCUS
611 1811 661 1850 Q
683 1810 897 1843 FRATRI,
933 1811 961 1838 S.

302 1854 315 1881 Ι
334 1850 439 1884 frater,
458 1850 608 1884 mifrater‚
621 1849 774 1884 mifrater,
788 1850 901 1881 tuneid
915 1851 1027 1881 veritus
1037 1861 1086 1886 es,
1109 1862 1147 1882 ne

303 1903 357 1934 ego
385 1892 536 1923 iracundia
563 1893 660 1933 aliqua
686 1892 830 1922 adduttus
857 1902 964 1932 pueros
983 1893 1017 1923 ad
1037 1902 1065 1923 te
1085 1893 1148 1923 sine

181 1934 290 1963 litteris
299 1935 434 1965 miserim
447 1936 612 1965 ?autetiam
621 1945 658 1964 ne
669 1942 696 1964 te
705 1934 806 1964 videre
823 1936 972 1967 voluerim
984 1938 1068 1976 ?Ego
1078 1935 1144 1969 tibi,

185 1976 332 2007 irascerer?
344 1977 396 2006 tibi
409 1987 463 2017 ego
472 1975 587 2016 possem
598 1977 694 2006 irasci?
703 1976 824 2007 scilicet:
835 1987 866 2007 tu
881 1980 964 2008 enim
976 1987 1025 2008 me
1035 1976 1146 2008 afflixi-

188 2016 243 2047 sti:
264 2020 515 2052 tuimeinimici,
536 2027 584 2048 tua
597 2018 770 2048 meinvidia
783 2038 792 2051 ,
819 2029 925 2049 aenon
936 2030 991 2062 ego
1002 2019 1145 2050 :emisere

187 2059 314 2098 perdidi.
338 2062 426 2090 Meus
444 2060 496 2090 ille
514 2060 646 2091 laudatus
655 2060 844 2094 consulatus,
865 2063 942 2092 mihi
953 2071 1000 2095 te,
1020 2061 1142 2096 liberos,

184 2103 307 2140 patriam
330 2122 338 2135 ‚
370 2102 520 2132 fortunas:
549 2102 605 2132 tibi
622 2102 714 2133 velim
733 2102 1022 2144 nequidreripueriu
1042 2112 1144 2143 praeter

184 2152 281 2173 unum
302 2154 361 2174 me.
386 2144 444 2174 Sed
460 2144 602 2174 certeate
617 2145 809 2174 mihiomnia
820 2145 1085 2186 semper-honesta,
1107 2146 1140 2176 &

178 2185 312 2224 jucunda
322 2185 501 2216 ceciderunt.
523 2189 548 2216 A
560 2197 608 2216 me
618 2186 672 2216 tibi
683 2185 778 2215 luctus
788 2197 862 2217 meae
870 2188 1058 2221 calamitatis,
1071 2198 1142 2217 me-

183 2235 229 2256 tus
248 2236 322 2261 tuae,
353 2226 551 2262 desiderium,
584 2237 713 2262 moeror,
742 2228 882 2259 solitudo.
907 2233 970 2270 Ego
991 2239 1018 2260 te
1037 2230 1138 2260 videre

181 2268 357 2299 noluerim?
376 2269 479 2299 Immo
505 2269 577 2300 verb
589 2281 636 2306 me
655 2270 670 2300 a
691 2278 718 2300 te
738 2270 833 2300 videri
847 2272 943 2302 nolui.
968 2275 1043 2302 Non
1054 2274 1137 2302 enim

179 2309 300 2341 vidisses
318 2311 437 2348 fratrem
454 2321 559 2342 tuum:
578 2322 641 2342 non
662 2321 730 2342 eum
743 2332 752 2345 ‚
771 2323 860 2353 quein
873 2315 1030 2355 reliqueras
1046 2324 1051 2342 z
1074 2324 1137 2344 non

181 2360 250 2381 eum
263 2371 271 2386 ,
290 2363 380 2393 quem
394 2364 498 2384 noras:
520 2364 583 2384 non
595 2365 663 2384 eum
677 2373 685 2388 ,
706 2364 796 2395 quem
809 2353 884 2385 flens
904 2355 1026 2386 flentem
1038 2376 1045 2390 ‚
1068 2365 1138 2396 pro—

180 2393 352 2432 sequentem
364 2394 552 2434 proficiscens
566 2396 720 2426 dimiseras
746 2407 751 2425 :
778 2406 816 2426 ne
834 2397 993 2438 vestigium
1013 2398 1136 2438 quidem

179 2435 262 2473 ejuS,
285 2446 340 2466 nec
358 2436 585 2467 simulachrum:
607 2438 656 2467 sed
677 2437 825 2478 quandam
846 2437 976 2479 effigiem
999 2440 1134 2479 spirantis

178 2480 302 2506 mortui.
327 2480 425 2518 Atque
435 2481 550 2508 utinam
561 2489 610 2509 me
622 2489 772 2509 mortuum
783 2479 868 2519 prius
877 2479 1009 2514 vidisses,
1025 2490 1135 2511 autau-

177 2516 275 2547 disses.
299 2521 425 2549 Utinam
445 2528 472 2549 te
491 2530 557 2550 non
577 2520 677 2550 solum
697 2523 783 2555 vitae,
801 2521 851 2552 sed
872 2524 960 2553 etiam
980 2522 1134 2563 diguitatis

179 2569 254 2589 meae
282 2560 466 2600 superstitem
496 2561 689 2602 reliquissem.
711 2562 767 2592 Sed
794 2562 884 2593 testor
904 2566 1024 2594 omneis
1046 2564 1129 2597 deos,

176 2610 226 2630 me
244 2602 297 2631 hac
319 2612 377 2632 una
397 2612 472 2631 voce
491 2602 506 2632 a
524 2613 620 2633 morte
640 2603 698 2633 esse
720 2613 911 2639 revocatum,
933 2604 1013 2646 quod
1023 2615 1131 2635 omnes

177 2644 210 2671 in
233 2652 299 2672 mea
321 2646 381 2672 vira
399 2653 510 2683 partem
522 2645 653 2684 aliquam
669 2653 725 2675 tuae
735 2646 803 2675 vitae'
817 2645 972 2685 repositam
984 2645 1040 2676 ess'e
1050 2647 1130 2676 dice·

175 2684 255 2714 bant.
278 2687 374 2723 Quare
386 2688 502 2724 peccavi
515 2705 522 2718 ‚
537 2686 728 2726 scelerateque
741 2685 818 2716 feci.-
830 2697 900 2717 nam
911 2686 930 2716 si
940 2687 1126 2722 cecidissem,

176 2734 258 2756 mors
269 2727 338 2767 jpsa
349 2736 446 2757 meam
456 2729 596 2767 pietatem
609 2747 616 2761 ‚
639 2737 834 2769 amoremque
843 2739 876 2759 in
887 2738 913 2759 te
923 2728 1010 2759 facile
1021 2729 1128 2760 defen-

155 1814 170 1846 Ι-Ιδ

214 2869 222 2885 i
231 2879 237 2885 .
256 2863 385 2896 Pompeium
393 2865 507 2896 privatus
516 2862 651 2887 diffluerem
669 2862 822 2895 appellarim]
845 2862 895 2888 ΜΓ.
907 2871 985 2897 quein
997 2863 1128 2889 WVouwe-

173 2895 229 2921 slus
241 2897 342 2923 notavit
361 2898 439 2924 litera
452 2900 485 2924 T.
504 2898 660 2934 praeierebat
670 2901 944 2931 privatumDiislatorem
956 2918 963 2930 ,
983 2899 1024 2924 cui
1044 2899 1070 2924 δε
1086 2899 1128 2925 sua

177 2932 292 2966 argutia,
303 2932 344 2959 sed
356 2933 440 2960 nescio
451 2944 480 2960 :iu
495 2934 554 2960 huic
567 2934 624 2959 loco
634 2935 805 2960 conveniens.

211 2975 225 2990 ²
233 2986 238 2991 .
260 2971 293 2992 Er
301 2969 391 3002 quidem
400 2969 450 2995 vitm
457 2972 497 3002 spe
509 2971 563 3002 siam
577 2973 683 2995 maxima
695 2990 702 3002 ‚
721 2978 769 2995 mm
779 2971 863 3004 majore
872 2973 942 2996 ctiam
954 2973 1039 2995 animo.
1047 2973 1123 3003 spero,

176 3002 195 3030 ἑ·
204 3001 238 3034 c.]
263 3003 305 3028 Sic
316 3003 418 3030 Aldini.
438 3013 464 3030 at
475 3005 608 3031 Vistorius
621 3025 628 3037 ‚
649 3007 678 3036 ὼ·
686 3007 777 3040 quidem
786 3014 812 3031 ut
822 3007 1014 3039 cnmfiaemmtispe
1020 3008 1122 3039 simmia,

174 3041 290 3068 -'l.'.'i‘,''.'i;ma‚
301 3045 350 3064 tum
359 3041 452 3072 majore.
472 3044 542 3066 etiam
553 3044 860 3075 animosperentfhpei·iores
872 3043 924 3074 flare
933 3051 973 3067 nos
986 3061 993 3071 ,
1007 3042 1123 3075 considant

171 3074 320 3105 „:›:.m0,&·c.
338 3077 491 3108 perlimcfitat.
512 3086 559 3102 nec
570 3077 683 3103 multum
694 3077 792 3104 abeunt
811 3077 842 3104 :ib
862 3078 908 3104 tali
927 3077 1041 3103 let-“tione
1054 3078 1120 3104 Pall.

171 3117 215 3133 ππ
231 3110 274 3135 alii
287 3108 374 3145 scripti
388 3120 393 3136 z
416 3120 448 3137 ex
461 3110 554 3146 quibus
565 3112 650 3148 liquet
660 3113 746 3139 locum
759 3113 851 3140 misere
862 3121 1028 3149 corruptum.

205 3153 231 3179 3.
251 3146 383 3182 Qnsuiffi·
392 3148 520 3175 iracundia
529 3149 626 3183 cuffin]
648 3150 689 3176 Sic
700 3149 767 3178 Pali.
778 3150 824 3179 uisi
835 3149 905 3186 quod
917 3157 1025 3187 quartus
1039 3169 1046 3184 ‚
1058 3158 1117 3176 cau-

2069 127 2169 178 939

1214 185 1308 217 deret.
1327 197 1409 220 nunc
1427 189 1567 220 commisi
1579 210 1588 224 ,
1610 199 1643 220 ut
1662 192 1735 222 vivo
1746 201 1796 222 me
1806 201 1936 227 careres,
1956 192 2090 225 vivoine
2103 196 2172 227 aliis

1212 228 1377 269 indigeres:
1398 241 1463 262 mea
1471 242 1532 262 vox
1541 235 1572 262 in
1582 232 1756 264 domesticis
1766 235 1906 273 periculis
1917 234 2106 275 potissimum
2118 247 2171 267 oc-

1210 270 1322 301 cideret
1332 291 1340 305 ,
1351 282 1416 313 quae
1427 275 1500 314 saepe
1512 272 1697 305 alienissimis
1707 275 1844 316 praesidio
1855 276 1963 308 fuisset.
1988 279 2069 308 Nam
2082 278 2167 319 quod.

1189 307 1191 329 J
1210 311 1245 341 ad
1267 321 1293 342 te
1314 316 1397 353 pueri
1417 314 1477 345 sine
1497 316 1606 346 litteris
1624 326 1792 351 venerunt,
1812 320 1958 359 quoniam
1981 319 2064 350 vides
2077 323 2089 347 3
2102 330 2168 353 non.

1209 351 1295 383 fuifle
1305 356 1465 387 iracundiae
1476 357 1558 387 causa
1569 378 1578 391 ,
1589 357 1669 388 certe
1680 360 1797 400 pigritia
1806 359 1864 390 fuit
1873 380 1881 395 ,
1904 361 1936 391 &
1947 362 2083 402 quaedam
2095 361 2169 393 infi-

1213 397 1274 425 nita
1296 398 1342 425 vis
1354 397 1542 428 lacrimarum
1555 419 1563 432 ‚
1585 400 1617 430 δε
1628 400 1781 431 dolorum.
1807 404 1879 432 Haec
1890 403 1949 442 ipsa
1960 413 2010 433 me
2019 413 2081 444 quo
2093 403 2167 435 fletu

1210 444 1293 474 putas
1314 437 1473 478 scripsisse?
1494 441 1601 470 eodem
1614 462 1623 474 ,
1641 451 1703 482 quo
1724 451 1750 473 te
1762 443 1856 483 legere
1866 444 1945 474 certo
1955 445 2027 475 scio.
2051 448 2099 476 An
2110 456 2166 487 ego

1206 477 1326 516 possum
1337 489 1461 510 autnon
1471 485 1601 522 cogitare
1612 484 1772 524 aliquando
1783 487 1819 514 de
1832 494 1876 519 te,
1888 495 1935 516 aut
1946 497 2090 527 umquam
2103 487 2166 518 fine

1206 519 1336 550 lacrimis
1357 524 1504 563 cogitare?
1525 524 1602 554 Ct'im
1622 528 1706 555 enim
1730 535 1757 556 te
1769 525 1918 561 desidero,
1931 527 2053 565 fratrem
2064 530 2164 560 solunt

1206 560 1348 591 desidero.
1391 567 1455 604 Ego
1476 565 1547 595 vcro
1573 570 1590 592 4
1612 567 1750 598 suavitate
1769 569 1861 608 prope
1883 568 2005 600 fratrem
2029 590 2037 604 ,
2067 572 2162 611 prope

1206 604 1364 643 aequalem,
1377 605 1520 646 obsequio
1535 606 1633 637 filium
1648 629 1656 642 ,
1668 609 1794 640 consilio
1805 620 1967 650 parentem.
1993 612 2074 653 Qid
2085 614 2165 642 mihi

1205 642 1266 673 sine
1286 654 1314 675 te
1335 656 1478 686 umquam
1491 668 1499 680 ‚
1519 657 1567 678 aut
1585 649 1638 678 tibi
1660 649 1718 680 sine
1729 653 1954 689 mejucundum
1965 652 2044 683 fuit?
2068 654 2161 696 Qid,

1204 684 1286 725 quod
1306 687 1414 717 eodem
1435 697 1568 728 tempore
1587 689 1720 721 desidero
1732 692 1829 730 finam
1852 698 1861 723 ἓ
1882 704 1938 735 qua
1957 695 2083 734 pietate,
2104 705 2161 736 qua

1206 727 1351 758 modestia
1362 749 1370 762 ‚
1389 739 1450 769 quo
1470 732 1616 772 ingenio?
1635 731 1766 773 effigiem
1779 736 1840 764 oris
1852 755 1861 768 ‚
1881 737 2027 766 sermonis
2040 756 2048 770 ‚
2064 739 2158 767 animi

1204 771 1266 798 mei
1276 773 1285 799 ?
1295 770 1377 812 Qid
1391 771 1490 801 filium
1502 771 1742 804 venustissimum
1758 778 1767 803 ?
1791 778 1928 816 miliique
1938 776 2161 808 dulcissimum?

1202 820 1293 850 quem
1314 822 1370 853 ego
1388 812 1467 843 ferus
1478 833 1486 847 ‚
1507 824 1540 843 ac
1555 813 1668 844 ferreus
1688 815 1704 845 e
1719 818 1881 856 complexu
1893 818 1992 849 dimisi
2005 830 2075 850 meo
2088 840 2096 853 ,
2116 821 2162 850 sa-

1202 854 1384 891 pientiorem
1406 864 1531 894 puerum
1557 856 1648 896 quam
1667 857 1788 887 vellem.
1813 859 1954 890 sentiebat
1973 864 2054 891 enim
2067 862 2159 892 miser

1199 894 1262 933 jam
1275 895 1345 934 quid
1357 906 1498 937 ageretur.
1523 897 1604 937 Quid
1617 897 1688 927 vero
1700 908 1784 929 tuum
1798 898 1896 930 filium
1910 904 1920 930 ?
1937 903 2009 942 quid
2023 906 2032 931 ?
2052 905 2159 944 imagi—

1203 945 1275 965 nem
1287 946 1387 967 meam
1402 958 1409 972 ‚
1422 949 1511 979 quam
1524 949 1609 969 meus
1617 941 1725 970 Cicero
1739 941 1770 970 δε
1781 942 1896 972 amabat
1908 963 1916 975 ,
1929 953 1961 972 ut
1971 943 2089 974 fratrem
2103 966 2112 978 ,
2125 945 2159 976 δε

1195 977 1272 1016 jam,
1286 987 1319 1008 ut
1333 980 1479 1020 majorem
1490 979 1622 1015 fratrem,
1635 982 1800 1012 verebatur?
1810 984 1891 1023 Qd
1904 984 1986 1025 quod
1996 987 2158 1018 mulierem

1198 1019 1409 1054 miserrimam,
1423 1020 1624 1053 fidelissimam
1639 1025 1790 1064 conjugem,
1804 1035 1852 1055 me
1862 1026 2001 1067 prosequi
2013 1037 2074 1057 non
2086 1029 2153 1059 sunt

1198 1059 1293 1100 passus
1304 1081 1312 1096 ‚
1328 1071 1360 1093 ut
1371 1062 1441 1093 esset
1455 1074 1519 1105 qua:
1533 1065 1671 1105 reliquias
1682 1068 1856 1096 communis
1868 1068 2040 1098 calamitatis
2052 1089 2059 1102 ,
2072 1079 2159 1100 com-

1200 1105 1321 1133 muneis
1331 1104 1441 1135 liberos
1454 1114 1583 1136 tueretur
1595 1111 1604 1136 Ρ
1616 1107 1671 1137 Sed
1684 1117 1782 1137 tamen
1796 1128 1804 1141 ‚
1817 1118 1939 1149 quoquo
1951 1111 2046 1140 modo
2055 1114 2155 1150 potui‚

1197 1143 1306 1184 scripsi,
1320 1145 1353 1176 δε
1364 1146 1432 1177 dedi
1444 1148 1553 1178 litteras
1565 1148 1599 1178 ad
1612 1157 1639 1178 te
1650 1150 1820 1190 Philogono
1836 1170 1844 1184 ‚
1865 1151 1972 1181 liberto
1983 1161 2036 1182 tuo
2047 1173 2056 1186 ,
2083 1163 2158 1193 quas

1196 1187 1285 1217 credo
1297 1188 1350 1217 tibi
1360 1188 1460 1228 postea
1474 1189 1601 1220 redditas
1610 1188 1668 1220 esse
1682 1202 1686 1219 :
1702 1193 1733 1220 in
1744 1192 1851 1231 quibus
1864 1192 1945 1222 idem
1957 1202 1984 1223 te
1994 1194 2108 1228 hortor,
2121 1194 2155 1225 δε

1199 1237 1273 1269 rogo
1285 1248 1293 1262 ,
1321 1230 1403 1270 quod
1414 1233 1498 1271 pueri
1509 1231 1563 1261 tibi
1573 1231 1671 1262 verbis
1682 1235 1758 1262 meis
1768 1236 1961 1269 nuntiarunt,
1973 1244 2006 1265 ut
2019 1238 2153 1267 Romam

1195 1273 1334 1309 protinus
1351 1281 1402 1311 per
1422 1282 1471 1307 as,
1492 1273 1683 1313 &properes.
1707 1274 1844 1304 Primum
1867 1278 1950 1306 enim
1973 1286 2001 1306 te
2021 1276 2155 1317 praefidio

1196 1310 1253 1341 esse
1273 1313 1379 1347 volui,
1400 1283 1474 1354 siqui
1491 1313 1583 1345 essent
1604 1317 1722 1346 inimici
1737 1336 1744 1350 ‚
1765 1327 1894 1357 quorum
1906 1318 2063 1349 crudelitas
2074 1329 2155 1350 non-

1197 1352 1271 1383 dum
1299 1353 1370 1385 esset
1392 1355 1490 1387 nostia
1507 1357 1673 1387 calamitate
1694 1357 1800 1389 satiata.
1842 1359 1962 1389 Deinde
1979 1360 2153 1402 congressus

1198 1394 1295 1425 nostri
1315 1397 1562 1428 lamentationem
1587 1401 1748 1439 pertimui:
1770 1399 1932 1442 digressum
1944 1411 2013 1431 vero
2025 1412 2088 1432 non
2103 1412 2153 1433 tu»

1195 1435 1293 1466 iissem
1307 1448 1312 1466 :
1332 1447 1418 1479 atque
1429 1441 1518 1469 etiam
1531 1441 1681 1480 idipsum,
1697 1441 1776 1480 quod
1789 1451 1820 1471 tu
1832 1442 1932 1473 scribis
1942 1463 1950 1476 ‚
1964 1444 2149 1479 metuebam,

1194 1487 1234 1507 ne
1256 1478 1272 1508 ὲ
1294 1488 1342 1508 me
1357 1480 1479 1511 distrahi
1490 1491 1553 1511 non
1564 1480 1671 1521 posses.
1694 1484 1752 1512 His
1761 1483 1797 1513 de
1806 1483 1895 1514 causis
1907 1486 1964 1514 hoc
1975 1487 2149 1516 maximum

1194 1519 1308 1550 malum
1321 1540 1329 1554 ,
1349 1521 1431 1562 quod
1441 1531 1469 1553 te
1479 1533 1530 1552 mm
1539 1524 1603 1552 vidi
1614 1543 1622 1557 ‚
1633 1533 1692 1563 quo
1705 1525 1781 1553 nihil
1791 1524 1999 1555 amantissimis
2009 1546 2018 1559 ‚
2032 1527 2064 1556 ὃς
2074 1537 2152 1557 con·

1194 1560 1385 1597 junstiffimis
1393 1563 1533 1594 fratribus
1544 1565 1686 1599 acerbius,
1697 1574 1729 1595 ac
1739 1566 1881 1596 miserius
1893 1567 2010 1596 videtur
2018 1568 2148 1598 accidere

1192 1602 1319 1642 potuisse
1341 1615 1348 1634 2
1377 1604 1482 1636 minus
1493 1607 1633 1636 acerbum
1655 1626 1663 1640 ‚
1683 1606 1786 1636 minus
1797 1608 1941 1637 miserum
1952 1607 2010 1639 fuit
2027 1628 2035 1642 ‚
2057 1609 2149 1649 quam

1186 1643 1289 1675 fuisset
1296 1654 1362 1677 tum
1375 1646 1539 1688 congressio
1549 1668 1557 1682 ,
1571 1657 1635 1678 tum
1647 1647 1718 1679 vero
1728 1647 1867 1690 digreffio
1878 1649 1985 1680 nostra.
2010 1653 2113 1685 Nunc,
2126 1650 2148 1681 si

1188 1695 1273 1726 potes
1284 1707 1292 1720 ,
1314 1688 1344 1718 id
1367 1691 1447 1729 quod
1469 1699 1523 1730 ego
1535 1709 1543 1724 ‚
1566 1691 1617 1731 qui
1628 1689 1714 1720 fortis
1726 1691 1781 1721 tibi
1792 1691 1907 1731 semper
1917 1692 2037 1722 videbar
2047 1713 2055 1726 ,
2077 1703 2143 1724 non

1190 1727 1309 1768 possum
1324 1742 1333 1764 5
1353 1733 1395 1761 eri
1417 1741 1432 1761 e
1452 1740 1480 1761 te
1492 1752 1501 1765 ‚
1513 1730 1702 1762 &confirma
1714 1752 1722 1767 ‚
1742 1731 1820 1774 siqua
1829 1733 1978 1763 subeunda
1989 1734 2147 1765 dimicatio

1189 1771 1253 1800 erit.
1275 1774 1379 1811 Spero,
1391 1741 1485 1813 siquid
1498 1783 1563 1803 mea
1573 1774 1637 1814 spes
1648 1774 1735 1804 habet
1744 1774 1926 1805 auctoritatis
1936 1796 1944 1807 ,
1958 1775 2011 1806 tibi
2024 1776 2058 1805 &
2067 1778 2148 1806 inte-

1187 1813 1322 1851 gritatem
1333 1822 1413 1843 tuam
1427 1825 1431 1842 :
1444 1815 1476 1845 δε
1486 1825 1623 1845 amorem
1638 1817 1669 1845 in
1683 1823 1709 1845 te
1719 1818 1848 1847 civitatis
1862 1836 1871 1850 ‚
1884 1817 1917 1847 &
1926 1817 2038 1856 aliquid
2049 1820 2142 1849 etiam

1187 1854 1423 1885 misericordiam
1434 1856 1537 1890 nostri,
1550 1855 1675 1896 praefidii
1685 1857 1818 1888 laturam.
1832 1857 1873 1888 sin
1885 1860 1940 1888 eris
1951 1859 1987 1889 ab
1996 1858 2054 1889 isto
2064 1861 2144 1900 peri·

1187 1894 1257 1925 culo
1268 1905 1392 1926 vacuus:
1404 1906 1469 1937 ages
1480 1897 1628 1931 scilicet‚s1
1638 1898 1711 1938 quid
1722 1901 1766 1939 agi
1775 1898 1856 1938 posse
1868 1899 1905 1929 de
1916 1900 2005 1930 nobis
2015 1901 2143 1940 putabis.

1165 1936 1166 1959 ἕ
1189 1936 1226 1966 de
1245 1946 1306 1977 quo
1328 1937 1460 1968 scribunt
1478 1938 1513 1968 ad
1523 1940 1706 1980 mequidem
1719 1941 1808 1971 multi
1819 1941 1932 1975 multa,
1951 1942 2144 1988 &se—sperare

1190 1978 1396 2010 demonstrant
1409 1990 1415 2008 τ
1428 1979 1477 2010 sed
1487 1981 1630 2022 ego‚quid
1642 1982 1839 2021 sperem‚non
1849 1983 1986 2024 dispicio,
1996 1994 2068 2014 cum
2078 1987 2143 2015 ini-

1186 2022 1259 2050 mici
1270 2022 1438 2061 plurimum
1449 2023 1583 2057 valeant,
1595 2023 1681 2052 amici
1689 2026 1796 2064 partim
1806 2024 1990 2056 deseruerint
2000 2036 2060 2060 me,
2071 2037 2140 2067 par-

1185 2063 1241 2092 tim
1253 2065 1342 2093 etiam
1352 2064 1547 2103 prodiderintt
1559 2067 1654 2105 quiin
1666 2075 1736 2096 meo
1746 2066 1843 2097 reditu
1854 2066 1973 2098 fortasse
1981 2070 2142 2108 reprelien-

1185 2103 1300 2135 fionem
1311 2105 1356 2135 sui
1365 2107 1482 2137 sceleris
1491 2107 1708 2146 pertimescant.
1731 2108 1788 2139 Sed
1798 2108 1851 2139 ista
1861 2110 1957 2150 qualia
1968 2108 2034 2144 sint,
2046 2120 2076 2140 tu
2087 2120 2141 2141 ve-

1183 2147 1238 2177 lim
1249 2147 1555 2189 perspicias‚mihique
1567 2149 1705 2179 declares.
1718 2152 1782 2191 Ego
1795 2159 1906 2185 tamen,
1919 2161 2009 2192 quam
2020 2152 2072 2182 diu
2083 2153 2140 2182 tibi

1183 2198 1258 2228 opus
1283 2192 1338 2219 erit
1355 2210 1364 2223 ‚
1395 2189 1489 2231 siquid
1509 2191 1633 2230 periculi
1651 2191 1840 2223 subeundum
1867 2193 1983 2223 videbis
1994 2213 2002 2228 ,
2023 2195 2135 2224 vivam.

1181 2230 1298 2261 diutius
1317 2232 1350 2261 in
1370 2232 1423 2262 hac
1438 2235 1499 2262 vita
1509 2231 1566 2262 esse
1579 2242 1641 2262 non
1653 2232 1781 2273 possum.
1806 2236 1914 2276 Neque
1924 2236 2007 2265 enim
2018 2244 2139 2267 tantum

1182 2274 1293 2303 virium
1311 2273 1469 2304 habetulla
1479 2283 1528 2304 aut
1540 2274 1697 2314 prudentia
1709 2295 1717 2308 ‚
1736 2275 1951 2311 autdodhina,
1974 2285 2136 2308 uttantum

1180 2314 1316 2345 dolorem
1330 2315 1415 2355 possit
1426 2315 1576 2346 sustinere.
1597 2319 1664 2347 Scio
1674 2316 1760 2347 fuiss'e
1771 2317 1803 2347 &
1815 2318 1970 2348 honestius
1981 2319 2137 2349 moriendi

1180 2365 1298 2397 tempus
1307 2377 1316 2391 ,
1336 2358 1368 2388 ὃς
1379 2358 1499 2388 utilius:
1512 2358 1559 2389 sed
1571 2368 1634 2388 non
1646 2360 1705 2389 hoc
1716 2359 1815 2389 solum
1832 2371 1837 2390 2
1849 2360 1943 2390 multa
1954 2361 2008 2391 alia
2017 2370 2138 2400 praeter-

1178 2397 1246 2428 misi
1258 2409 1263 2427 :
1274 2409 1340 2440 quae
1351 2398 1370 2429 fi
1381 2402 1465 2440 queri
1476 2400 1570 2430 velim
1580 2402 1723 2440 praeterita
1733 2413 1742 2436 3
1764 2403 1841 2432 nihil
1852 2412 1933 2443 agam
1955 2422 1963 2436 ‚
1974 2401 2029 2432 nisi
2040 2411 2072 2432 ut
2081 2412 2137 2432 au-

1177 2449 1262 2480 geam
1281 2441 1419 2471 dolorem
1438 2451 1522 2471 tuum
1544 2462 1552 2476 ,
1579 2442 1710 2472 indicem
1734 2443 1888 2474 stultitiam
1909 2453 2020 2473 meam.
2051 2443 2133 2474 Illud

1175 2482 1298 2521 quidem
1319 2493 1375 2513 nec
1396 2483 1567 2513 faciendum
1586 2483 1648 2517 est,
1667 2494 1722 2514 nec
1733 2483 1796 2514 fieri
1807 2484 1921 2525 potest:
1944 2495 1993 2514 me
2004 2485 2133 2519 diutius,

1176 2523 1266 2563 quam
1288 2533 1432 2554 auctuum
1445 2534 1562 2565 tempus
1572 2545 1580 2558 ,
1600 2534 1648 2555 aut
1659 2523 1744 2555 firma
1755 2526 1817 2565 spes
1826 2526 1986 2566 postulabit
1996 2546 2004 2560 ‚
2027 2528 2132 2558 in'tam

1177 2565 1283 2596 misera
1296 2585 1304 2599 ‚
1318 2575 1437 2607 tamque
1447 2569 1524 2606 turpi
1535 2569 1595 2597 vita
1603 2569 1785 2597 commorari
1800 2577 1863 2601 :ut‚
1877 2569 1927 2608 qui
1938 2567 2033 2598 modo
2045 2568 2132 2599 fratre

1175 2604 1285 2636 fuerim
1299 2627 1307 2640 ,
1334 2608 1436 2637 liberis
1448 2629 1456 2641 ,
1479 2611 1491 2634 5
1501 2609 1626 2649 conjuge
1636 2628 1644 2641 ,
1669 2609 1764 2648 copiis
1776 2628 1784 2642 ,
1807 2619 1912 2650 genere
1923 2609 1987 2648 ipso
1996 2619 2131 2649 pecunia:

1172 2646 1354 2678 beatiffimus
1372 2659 1377 2678 t
1397 2649 1540 2689 dignitate
1550 2669 1560 2684 ,
1578 2649 1751 2680 arietent-iic
1763 2671 1771 2683 ,
1786 2650 2029 2685 existimatione,
2041 2655 2130 2692 gratia

1171 2698 1236 2718 non
1255 2690 1381 2720 inferior
1395 2711 1403 2723 ,
1425 2692 1514 2731 quam
1538 2693 1590 2731 qui
1613 2701 1758 2731 umquam
1770 2691 1891 2722 fuerunt
1901 2691 2074 2733 amplissimi
2087 2695 2129 2723 :is

1168 2732 1292 2761 nuncin
1310 2733 1362 2762 hac
1374 2741 1433 2762 tam
1453 2731 1581 2766 affli&a‚
1598 2733 1769 2774 perditaque
1788 2733 1926 2768 fortuna,
1946 2745 2042 2776 neque
2060 2745 2121 2769 me,

2029 2787 2127 2809 necue

1159 2864 1226 2897 sam.
1240 2863 1383 2891 Lambinus
1393 2863 1478 2891 edidit
1488 2865 1652 2897 iracundiam,
1663 2867 1768 2899 causam.
1780 2865 1886 2893 mallem
1895 2867 2033 2899 iracundiae,
2043 2867 2126 2894 omis-

1167 2900 1194 2926 so
1205 2900 1253 2926 illo
1264 2901 1345 2933 eausa.

1201 2943 1229 2968 4.
1248 2940 1376 2962 sim-vitate
1389 2943 1458 2969 prope
1470 2937 1572 2970 fi'atrem
1584 2957 1592 2968 ,
1607 2938 1818 2971 prope'aequalcm.]
1841 2937 1917 2964 Nihil
1938 2939 2124 2972 varinntlibri,

1166 2981 1245 3006 quare
1267 2972 1357 2997 malim
1376 2981 1435 2998 cum
1448 2973 1570 2999 Mamurio
1583 2982 1612 2999 :ic
1630 2973 1774 3009 Malaspina
1795 2974 1906 3002 abiicere
1922 2982 1990 3008 prope
2001 2977 2122 3009 fi·at›·cm;

1164 3016 1242 3042 quani
1256 3007 1395 3034 rescribere
1406 3007 1457 3033 side
1468 3007 1591 3034 Lambini
1605 3009 1846 3042 ,ficaritarcfiatrcm
1858 3020 1865 3040 ᾗ
1876 3018 1942 3036 aerate
1956 3019 2026 3044 prope
2043 3020 2123 3046 qna-

1162 3045 1215 3075 lrm,
1225 3044 1274 3073 glyc.
1294 3053 1344 3079 qua
1355 3043 1539 3070 emendatione
1551 3045 1615 3070 nihil
1628 3045 1759 3080 frigidius.

1200 3087 1225 3111 5.
1245 3081 1342 3113 Conjnge
1353 3099 1361 3111 ‚
1380 3081 1447 3111 replis
1459 3099 1466 3112 ,
1481 3089 1561 3112 genero
1570 3081 1614 3114 ipſsa
1633 3084 1734 3112 terratia:
1750 3082 1918 3116 beariffimm]
1943 3083 1972 3108 P.
1986 3083 2123 3109 Manutius

1160 3115 1406 3149 coiriiciebat,genc1·o
1415 3117 1590 3149 ipfi>‚pccunia.
1601 3117 1630 3147 <ly
1641 3118 1703 3143 vero
1716 3118 1869 3144 W'owerius
1880 3119 2021 3146 annotavit
2032 3119 2083 3153 legi
2095 3119 2121 3144 in

1160 3151 1408 3186 1'.gmc›·0‚pecuma.
1419 3152 1488 3180 l'all.
1501 3151 1579 3178 nostri
1591 3152 1655 3178 niliil
1668 3152 1765 3182 abeunt
1776 3155 1791 3182 it
1803 3154 1922 3190 vulgato.

1504 3190 1688 3216 eccccca.
2036 3191 2114 3214 LIV:
