2360 3400
542 101 623 134 DE
693 88 1038 135 NATURA
1109 88 1446 137 DEORUM

133 176 136 179 “
180 185 218 207 ne
232 194 241 209 ,
261 182 326 215 quae
339 168 383 201 est
395 169 431 201 de
442 168 545 200 natura
556 170 683 200 deorum
695 170 771 211 ‚sint
778 181 810 200 ne
818 171 860 200 dii
871 191 880 205 ,
892 169 1043 211 necnefint.
1062 169 1136 200 Dif-

180 217 259 249 ficile
276 214 319 245 est
337 222 452 254 negare.
469 211 559 242 credo
572 233 581 245 ,
599 211 619 241 si
640 214 671 242 in
689 214 838 243 concione
855 222 1015 253 quaeratun
1041 212 1135 242 sedin

177 254 327 299 ejusmodi
346 255 504 287 sermone,
524 254 556 284 &
573 252 728 288 conseffu,
749 254 942 286 facillimum.
965 256 1067 294 Itaque
1077 263 1133 293 ego

175 299 238 339 ipse
255 295 394 337 pontifex
413 316 422 330 ,
450 297 500 336 qui
525 299 742 330 caeremonias,
762 296 981 337 religionesque
999 295 1133 335 publicas

175 337 357 372 sanffiffime
377 339 498 368 tuendas
514 338 662 371 arbitror,
678 341 704 367 is
722 339 780 368 hoc
791 358 800 372 ‚
817 338 899 378 quod
919 339 1061 377 primum·
1075 335 1129 369 est,

174 381 311 419 effideos,
333 380 498 420 persuaderi
512 382 589 410 mihi
602 390 664 410 non
677 381 824 419 opinione
835 378 933 410 solum
946 398 957 412 ‚
976 378 1129 409 sedetiam

172 423 209 454 ad
231 425 384 453 veritatem
406 422 494 462 plane
512 423 617 452 velim.
639 423 735 452 multa
752 423 836 452 enim
855 429 1016 451 occurrunt
1035 439 1043 453 ,
1061 429 1129 460 quae

174 464 380 497 conturbent,
400 473 431 494 ut
451 464 605 494 interdum
623 463 704 494 nulli
722 462 780 493 effe
789 462 957 493 videantur.
979 461 1036 492 Sed
1048 461 1128 495 vide,

173 507 265 548 quam
289 516 391 537 tecum
411 515 493 547 agam
504 505 683 538 liberaliter,
703 515 769 545 quae
778 505 956 534 communia
965 503 1130 533 suntvobis

171 558 244 580 cum
254 550 358 579 ceteris
368 547 565 588 philosophi&
577 557 642 577 non
650 549 795 587 attingam
807 565 817 580 ,
827 555 858 576 ut
869 547 926 576 hoc
936 546 1035 585 ipsum
1049 555 1055 574 :
1068 545 1131 585 pla·
1150 565 1151 586 1

173 599 221 621 cet
230 592 314 620 enim
327 589 472 620 omnibus
481 589 564 628 fere,
585 589 724 629 mihique
733 587 784 628 ipfi
797 589 827 618 in
839 589 948 628 primis
959 608 969 621 ,
980 587 1051 617 deos
1061 585 1128 616 effe.
1149 607 1151 615 ⁴

172 634 272 673 itaque
282 641 346 662 non
355 641 468 672 pugno.
491 633 640 661 rationem
651 639 751 661 tamen
761 639 826 660 eam
838 649 851 663 ⁷
859 639 924 670 quae
933 628 950 659 a
960 638 987 660 te
998 627 1128 662 affertur,

114 674 155 708 23
173 684 237 705 non
257 674 324 704 satis
346 673 464 704 firmam
477 682 559 712 puto.
582 672 673 714 Qiod
683 674 766 703 enim
776 673 920 702 omnium
931 673 1067 712 gentium
1079 680 1129 715 ge-

173 725 342 757 nexumque
361 715 540 745 hominibus
558 716 598 745 ita
607 714 775 747 videretur,
796 713 828 743 id
842 713 907 743 satis
916 722 1058 753 magnum
1069 710 1128 742 esse

170 767 384 799 argumentum
407 755 528 789 dixisti,
550 765 603 786 cur
622 754 680 785 effe
698 755 774 786 deos
790 754 1014 785 confiteremur.
1045 753 1127 794 quod
1147 769 1149 776 ι

169 809 243 830 cum
263 800 330 830 leve
349 808 399 838 per
420 798 470 830 se,
487 807 553 827 tum
569 800 660 828 etiam
677 796 788 827 falsum
808 795 860 826 est.
880 797 1015 836 primum
1041 797 1126 825 enim

171 841 252 872 unde
275 849 355 870 notae
377 839 432 869 tibi
441 839 511 868 sunt
520 840 683 877 opiniones
692 840 875 868 nationum?
898 837 1038 877 equidem
1049 836 1127 867 arbi-

171 892 234 914 tror
250 882 360 912 multas
377 878 434 909 effe
453 881 569 919 genteis
584 878 623 908 fic
635 880 824 908 immanitate
835 877 966 909 efferatas
977 899 986 912 ,
1007 878 1124 918 utapud

166 933 216 954 eas
236 923 312 952 nulla
328 921 443 960 ficspicio
460 920 572 948 deorum
582 919 624 950 sit.
647 919 750 959 Qid?
773 923 934 961 DiagoraS,
960 922 1061 951 atheos
1072 922 1125 960 qui

168 964 269 995 dietus
285 963 328 994 est
339 983 346 996 ‚
366 961 526 1002 posteaque
543 961 723 992 Theodorus
734 981 742 995 ,
762 971 867 993 nonne
885 962 983 1002 aperte
994 962 1122 993 deorum
1142 994 1144 1002 Ι

166 1014 303 1039 mturam
322 1004 525 1036 sustulerunt?
549 1013 618 1034 nam
631 1003 792 1034 Abderites
799 1003 924 1044 quidem
934 1007 1119 1044 Protagoras,

165 1048 252 1087 cuj-us
270 1047 285 1078 a
304 1056 332 1077 re
351 1044 451 1077 vmotio
471 1046 589 1076 mentio
601 1044 680 1077 sa&a
690 1044 753 1078 est,
774 1045 920 1085 sophistes
935 1055 995 1077 tem
1019 1046 1122 1077 oribus
1142 1058 1143 1062 ¹

164 1091 228 1121 illis
240 1090 286 1120 vel
297 1090 452 1120 maximus
468 1106 477 1120 ‚
494 1096 564 1118 cum
576 1089 609 1118 in
617 1088 769 1127 principio
778 1087 848 1117 libri
858 1085 896 1118 fic
905 1088 991 1128 posui
1017 1097 1045 1118 et
1056 1107 1064 1121 ,
1080 1097 1123 1117 nu

163 1141 262 1163 mvrs
281 1139 397 1171 NEQE
416 1140 461 1160 vr
480 1139 578 1163 stNT,
599 1137 714 1169 NEQE
736 1138 781 1159 m·
801 1138 867 1158 NON
887 1139 964 1159 SINT
979 1149 987 1162 ,
1009 1139 1121 1160 imssno
1139 1147 1141 1155 ι
1161 1140 1179 1171 q

162 1182 302 1207 niceae,
318 1169 547 1203 Atheniensium
555 1168 634 1210 jussu
644 1172 726 1204 urbe,
738 1179 824 1211 atque
836 1179 907 1210 agro
921 1170 964 1202 est
973 1173 1120 1202 extermi—
1138 1183 1140 1194 ¹
1158 1182 1177 1212 p

161 1225 249 1246 natus
259 1234 267 1249 ,
287 1214 417 1255 librique
435 1214 499 1253 ejus
518 1215 551 1242 in
561 1214 711 1243 concione
721 1212 882 1242 combusti.
908 1215 953 1243 Ex
964 1223 1026 1253 quo
1035 1215 1120 1254 equi-

163 1257 234 1288 dem
254 1256 397 1287 existimo
409 1275 419 1289 ,
438 1255 579 1287 tardiores
596 1254 632 1285 ad
643 1255 719 1284 hanc
728 1254 907 1284 sententiam
918 1253 1118 1294 profitendam

1137 1204 1140 1266 l

153 1299 278 1329 multos
287 1297 345 1329 effe
354 1297 450 1328 sanstus
460 1316 469 1330 ,
490 1299 602 1337 quippe
609 1295 679 1326 curn
688 1304 800 1337 poenam
809 1306 840 1325 ne
849 1295 993 1326 dubitatio
1004 1297 1119 1338 quidem
1137 1319 1138 1322 η

159 1339 423 1381 effugereporuiffir.
447 1339 530 1381 Qd
542 1339 578 1368 de
591 1338 738 1379 sacrilegis
747 1358 759 1372 ,
777 1337 852 1379 quid
861 1337 898 1370 de
906 1340 1012 1379 impiis
1021 1358 1031 1374 ,
1051 1349 1118 1380 per—

156 1382 294 1424 jurisque
303 1382 462 1412 dicemus?

253 1422 448 1462 —-Tubulmfi
456 1422 566 1452 Lucius
578 1431 719 1463 umquam
730 1442 739 1456 ,

251 1465 285 1494 Si
293 1467 392 1504 Lupus
405 1483 413 1497 ‚
429 1471 484 1492 attt-
495 1462 581 1492 carbo
591 1484 600 1497 ‚
623 1471 678 1492 aut
688 1464 819 1505 Neptuni
823 1463 926 1502 fiiius,

154 1515 190 1538 ut
205 1507 247 1537 ait
256 1508 394 1536 Lucilius
404 1525 412 1539 ‚
432 1503 557 1545 putaffet
565 1503 623 1535 effe
633 1505 706 1535 deos
714 1525 724 1540 ,
745 1515 804 1535 tam
815 1507 952 1545 perjurus
963 1524 972 1539 ‚
992 1514 1043 1537 aut
1052 1515 1115 1538 tam

155 1549 295 1588 impurus
312 1545 434 1577 fuifl'et?
455 1549 532 1578 Non
544 1545 586 1577 est
595 1549 686 1588 igitur
696 1556 757 1577 tam
768 1548 921 1587 explorata
930 1547 983 1578 ista
997 1549 1070 1578 ratio
1080 1548 1115 1579 ad

155 1589 189 1620 id
199 1609 209 1623 ,
228 1588 312 1630 quod
321 1589 415 1620 vultis
425 1609 435 1622 ‚
446 1587 692 1619 confirmandum
705 1609 713 1622 ,
724 1589 815 1629 quam
829 1589 956 1619 videtur.
979 1589 1036 1620 Sed
1046 1592 1116 1629 quia

153 1641 322 1662 commune
331 1629 374 1661 est
387 1632 444 1662 hoc
453 1640 666 1672 argumentum
678 1631 807 1661 aliorum
819 1632 912 1661 etiam
918 1631 1116 1671 pbilosopho-

148 1674 381 1707 rummmittam
390 1674 448 1704 hoc
459 1681 596 1712 tempore
608 1683 613 1701 :
626 1672 661 1703 ad
671 1671 767 1703 vestra
776 1674 896 1713 propria
905 1675 1010 1703 venire
1020 1671 1113 1704 malo.

154 1715 299 1746 Concedo
316 1713 373 1745 ess'e
395 1714 488 1747 deos,
509 1714 584 1745 doce
604 1724 655 1744 me
672 1716 783 1754 igitur,
805 1714 877 1744 unde
890 1713 969 1755 fiat,
986 1714 1113 1755 ubissnt,
1131 1740 1133 1746 ,

152 1758 250 1798 quales
259 1757 313 1789 (int
324 1764 432 1798 corpore
440 1775 448 1789 ‚
468 1757 563 1785 animo
575 1776 589 1789 ,.
608 1757 685 1784 vira.
709 1758 784 1786 ch
794 1758 878 1785 enirn
888 1757 960 1786 fizire
969 1755 1113 1787 defidero.

151 1799 295 1830 Abuteris
314 1798 349 1829 ad
369 1800 476 1829 omnia
492 1807 666 1828 atomorum
687 1807 781 1838 regno
791 1816 802 1831 ,
821 1797 854 1827 &
874 1798 1005 1827 licentia.
1029 1798 1112 1831 hinc,

148 1841 365 1882 quodcumque
376 1842 411 1870 in
423 1840 521 1871 solum
534 1841 631 1872 venit,
645 1847 676 1868 ut
688 1839 808 1871 dicitur,
821 1836 942 1879 effingis
955 1847 1061 1879 ,atque
1069 1838 1114 1870 ef-

149 1884 225 1913 hcis.
237 1892 303 1922 quae
312 1881 448 1922 primum
461 1882 550 1911 nullae
565 1882 643 1911 sunt.
667 1884 680 1900 ¹
689 1881 767 1910 nihil
780 1879 926 1914 estenim,
937 1881 1019 1921 quod
1030 1888 1114 1911 vacet

145 1924 460 1965 corporetcorporibus
470 1924 536 1953 aute
550 1920 814 1953 omnis-obsidetur.
825 1922 908 1952 locus
921 1932 926 1951 :
938 1924 979 1952 ita
987 1922 1111 1952 nullum

1516 93 1597 140 L1
1624 92 1683 140 a(
1726 96 1756 141 1.
2009 103 2141 159 '1117

1178 170 1221 202 est
1230 173 1361 203 veritas?
1374 174 1407 204 in
1418 174 1542 206 mundis
1552 195 1561 210 ,
1573 176 1677 211 credo,
1691 175 1978 213 innumerabilibus,
1991 179 2136 210 omnibus

1178 216 1320 244 minimis
1340 224 1511 256 temporum
1531 217 1652 257 punffis
1662 239 1669 252 ‚
1690 220 1758 250 aliis
1776 220 1963 251 nascentibus
1978 240 1987 255 ,
2008 221 2075 251 aliis
2091 231 2141 252 ca-

1177 254 1335 286 dentibus:
1353 267 1391 288 an
1415 258 1581 289 individuis
1599 261 1801 300 corpusculis,
1823 272 1883 293 tarn
1893 263 2028 302 praeclara
2037 271 2138 303 opera,

1176 296 1258 327 nulla
1273 298 1446 330 moderante
1458 309 1558 331 natura
1571 321 1579 335 ‚
1604 302 1687 333 nulla
1699 304 1814 334 ratione
1824 324 1832 337 ,
1855 303 2053 346 fingentibus?
2079 305 2138 336 Sed

1175 337 1287 368 oblitus
1307 340 1492 372 liberalitatis
1499 352 1574 373 meae
1583 363 1591 377 ‚
1614 354 1671 384 qua
1681 353 1781 377 tecum
1792 346 1893 386 paullo
1901 346 1969 376 ante
1980 347 2025 377 uti
2036 356 2137 387 coepe-

1174 389 1237 409 ram
1250 399 1260 412 ,
1280 380 1362 419 plura
1381 383 1563 423 complcuo.
1588 386 1760 417 Concedam
1782 389 1888 428 igitur,
1921 394 1958 418 ex
1968 388 2138 419 individuis

1173 420 1306 467 constare
1317 426 1431 454 omnia.
1457 426 1537 464 Qid
1550 426 1583 456 ad
1595 437 1658 457 rem
1671 430 1681 456 ?
1704 428 1831 459 deorum
1846 431 1929 459 enim
1942 438 2044 460 natura
2052 440 2136 470 quae-

1173 470 1258 492 titur.
1281 465 1422 495 Sintsane
1434 476 1472 495 ex
1492 469 1612 497 atomis.
1637 478 1699 499 non
1710 471 1799 510 igitur
1808 473 1922 501 aeterni.
1946 473 2037 512 3quia
2048 474 2135 502 enim

1174 513 1212 533 ex
1224 507 1334 552 atomis
1345 504 1377 535 sit
1392 507 1440 539 ,id
1457 517 1561 538 natum
1571 510 1733 550 aliquando
1743 511 1786 541 sit.
1807 515 1838 542 Si
1848 522 1952 543 natum
1966 533 1974 543 .
1997 514 2076 543 nulli
2087 513 2133 544 dii

1172 554 1242 575 ante
1254 564 1263 579 ,
1283 552 1373 585 quam
1385 550 1457 582 nati,
1482 550 1514 579 &
1526 549 1545 580 si
1556 560 1635 582 ortus
1644 551 1686 583 est
1696 552 1822 584 deorum
1832 573 1841 587 ,
1860 556 2000 584 inte-ritus
2011 554 2044 585 fit
2055 576 2063 588 ‚
2076 565 2133 585 rie-

1172 585 1251 634 cest-'e
1265 587 1326 621 est,
1350 598 1382 618 ut
1394 598 1425 618 tu
1437 591 1538 630 paullo
1550 594 1619 623 ante
1629 594 1664 624 dc
1676 595 1810 625 Platonis
1818 595 1936 626 mundo
1948 596 2128 635 disputabas.

1172 628 1234 658 Ubi
1246 631 1334 669 igitur
1344 631 1419 660 illuri
1435 631 1565 663 vestrum
1577 634 1689 664 beatum
1701 657 1710 670 ‚
1721 637 1753 667 δε
1763 645 1914 668 aternum?
1931 637 2041 678 quibus
2052 638 2130 668 duo-

1171 670 1226 701 bus
1237 671 1335 701 verbis
1345 671 1514 712 significatis
1525 677 1637 706 Deum.
1661 678 1752 716 Qod
1763 679 1836 710 cum
1846 678 1965 711 efficere
1974 679 2077 713 vultis,
2092 682 2126 710 iu

1170 711 1293 743 dumeta
1312 717 1482 753 correpitis.
1506 718 1546 746 ita
1567 720 1651 747 enim
1669 720 1806 750 dicebas.
1831 731 1896 751 non
1905 730 2014 762 corpus
2023 719 2081 751 effe
2095 722 2131 752 in

1170 753 1228 783 deo
1240 773 1248 787 ,
1276 754 1324 784 sed
1346 756 1428 796 quasi
1443 765 1560 801 corpus:
1578 768 1633 789 nec
1644 760 1817 800 sanguinem
1831 782 1839 796 ,
1863 763 1910 793 sed
1922 762 2132 804 quafifhngui-

1168 806 1240 824 nem.
1265 798 1334 826 Hoc
1344 798 1473 837 persaepe
1484 801 1582 829 tacitis
1594 820 1602 833 ‚
1628 810 1672 834 ut,
1683 803 1754 832 curn
1764 804 1877 844 aliquid
1888 814 1953 835 non
1965 803 2129 835 verisimile

1166 836 1271 867 dicatis
1282 857 1291 872 ,
1315 838 1348 868 &
1367 838 1497 880 effugere
1514 841 1776 881 reprehensionem
1796 846 1895 876 velitis
1904 866 1913 880 ‚
1935 845 2064 877 efferatis
2071 847 2129 878 ali-

1167 879 1239 919 quid
1251 899 1259 912 ,
1280 880 1362 920 quod
1379 883 1512 912 omnino
1523 892 1560 913 ne
1572 882 1634 914 fieri
1645 885 1771 925 quidem
1783 885 1867 926 poffit
1878 898 1882 916 z
1895 896 1927 917 ut
1938 889 2026 918 satius
2034 887 2129 921 fuerit

1165 921 1242 951 illud
1253 923 1353 961 ipsum
1364 942 1373 956 ‚
1394 923 1430 953 de
1439 933 1502 964 quo
1509 925 1714 965 ambigebatur
1723 947 1731 960 ,
1753 929 1918 958 concedere
1929 949 1937 962 ,
1957 940 2048 969 quarn
2059 939 2121 961 tam

1143 972 1144 975 ¹
1167 962 1341 1007 impudenter
1350 963 1462 1005 resistere
1470 976 1480 993 .·
1491 966 1572 997 velut
1583 970 1746 1007 Epicurus,
1766 969 1979 1003 cumvideret,
1997 970 2125 1003 [latomi

1160 1006 1312 1036 terrentur
1328 1008 1361 1036 in
1381 1008 1484 1038 locum
1494 1007 1671 1039 inferiorem
1681 1011 1786 1050 suopte
1797 1012 1946 1051 pondere,
1970 1014 2047 1043 nihil
2058 1013 2125 1044 fore

1163 1047 1196 1077 in
1215 1046 1313 1078 nostra
1331 1047 1473 1088 potestate
1486 1069 1495 1083 ,
1517 1049 1601 1091 quod
1622 1050 1693 1082 esset
1711 1062 1935 1084 earum-motus
1945 1064 2042 1085 certus
2055 1075 2063 1089 ,
2090 1056 2126 1087 ὃς

1162 1087 1338 1119 necessarius
1357 1109 1365 1123 ‚
1396 1090 1516 1122 invenit
1544 1103 1606 1133 quo
1635 1094 1730 1124 modo
1749 1094 1950 1126 necessitatem
1969 1095 2124 1138 effugeret,

1182 1130 1243 1162 uod
1261 1131 1404 1162 videlicet
1425 1135 1644 1165 Democritum
1662 1135 1784 1178 fugerat.
1807 1139 1849 1168 ait
1868 1147 2006 1168 atomum
2018 1158 2027 1172 ,
2052 1139 2126 1170 cum

1180 1172 1293 1203 ondere
1315 1174 1348 1204 &
1367 1176 1508 1214 gravitate
1527 1175 1818 1208 direffl>4deorsum
1827 1178 1955 1214 feratur,
1976 1180 2128 1211 declinare

1160 1215 1341 1254 paullulum.
1365 1218 1434 1247 Hoe
1446 1217 1544 1248 dicere
1554 1220 1668 1258 turpius
1681 1218 1724 1250 est
1734 1240 1742 1253 ,
1753 1220 1845 1261 quam
1858 1221 1945 1255 illud,
1956 1222 2038 1262 quod
2049 1223 2127 1255 vult,

1159 1266 1224 1286 non
1233 1255 1313 1295 poffe
1325 1256 1585 1290 defendere.1dem
1596 1260 1666 1291 facit
1679 1271 1784 1293 contra
1794 1261 1978 1293 diale&icos:
1990 1264 2005 1294 a
2015 1263 2128 1304 quibus

1156 1297 1228 1329 cum
1242 1298 1384 1345 traditum
1396 1298 1440 1334 fit,
1454 1302 1487 1331 in
1500 1302 1646 1333 omnibus
1655 1302 1919 1343 disjunffionibus
1931 1325 1941 1337 ,
1956 1307 1990 1336 in
1999 1305 2127 1346 quibus,

1158 1347 1213 1370 aur
1223 1349 1312 1369 eriam
1320 1360 1330 1375 ‚
1350 1349 1405 1371 aut
1413 1352 1643 1382 nonponeretur‚
1656 1345 1831 1377 alterutrum
1846 1346 2041 1377 verum-effe:
2056 1357 2125 1387 per-

1158 1383 1361 1416 timuityned'i
1371 1383 1547 1415 concessum
1557 1384 1628 1417 ess'et
1637 1387 1816 1426 hujusmodi
1825 1388 2028 1429 aliquid„Aut
2038 1390 2123 1419 vives

1156 1434 1216 1453 cras
1225 1443 1235 1457 ,
1245 1432 1299 1454 aut
1306 1436 1359 1454 non
1371 1425 1453 1455 vivet
1461 1428 1600 1468 Epicurus
1612 1448 1622 1463 ,
1631 1429 1810 1460 alterutrum
1821 1428 1906 1460 fieret
1916 1429 2122 1461 necessarium:

1155 1475 1256 1497 totum
1273 1467 1332 1497 hoc
1349 1476 1399 1498 aut
1417 1470 1507 1498 eriam
1521 1489 1536 1501 ,.
1551 1479 1675 1500 autnon
1687 1489 1696 1504 ,
1715 1473 1835 1511 negavit
1845 1470 2122 1502 effeneccfliirium-.

1156 1509 1227 1548 Qo
1248 1507 1322 1548 quid
1343 1508 1405 1539 dici
1426 1510 1522 1547 potest
1539 1510 1691 1542 obtusius?
1713 1513 1846 1552 Urgebat
1865 1512 2007 1543 Arcesilas
2016 1515 2122 1544 Zeno-

1155 1558 1227 1578 nem
1239 1568 1250 1582 ,
1269 1549 1340 1580 cum
1362 1550 1424 1589 ipse
1446 1550 1517 1581 falsa
1536 1553 1643 1583 omnia
1662 1552 1776 1583 diceret
1790 1573 1798 1586 ‚
1821 1563 1885 1593 quae
1895 1553 2025 1584 sensibus
2034 1555 2124 1585 vide-

1158 1599 1278 1620 rentur:
1303 1591 1388 1621 Zeno
1397 1600 1496 1622 autem
1507 1593 1658 1624 nonnulla
1668 1594 1728 1624 visa
1739 1592 1797 1623 effe
1809 1594 1881 1624 falsa
1896 1615 1905 1628 ,
1929 1605 1993 1625 non
2002 1598 2120 1626 omnia.

1156 1633 1279 1662 Timuit
1288 1633 1445 1672 Epicurus,
1460 1643 1511 1666 ne,
1522 1633 1543 1664 fi
1558 1645 1655 1666 unum
1664 1635 1765 1665 visum
1776 1634 1846 1666 effer
1855 1635 1977 1670 falsum,
1993 1638 2117 1668 nullum

1153 1672 1227 1704 efl'ct
1244 1683 1352 1705 verum
1366 1686 1375 1709 3
1397 1685 1495 1705 omnen
1505 1676 1601 1716 sbnfivs
1624 1677 1685 1706 veri
1704 1678 1817 1707 nuntios
1831 1678 1908 1708 dixit
1920 1677 1986 1708 effe.
2012 1681 2029 1706 5·
2038 1679 2119 1709 nihil

1152 1716 1275 1749 horum,
1290 1714 1347 1747 nisi
1356 1717 1473 1753 callide.
1498 1727 1706 1750 GRAvaEM
1716 1721 1799 1750 enim
1810 1720 2113 1760 plagam-accipiebat,

1151 1766 1185 1787 ut.
1192 1757 1340 1788 leviorem
1347 1759 1514 1798 repelleret.
1537 1761 1624 1791 Idem
1634 1760 1705 1791 facit
1715 1763 1749 1791 in
1760 1770 1863 1792 natura
1872 1761 2012 1792 deorum.
2027 1763 2114 1793 dum

1150 1798 1383 1830 individuorum
1393 1804 1792 1841 corporumssoncretionem
1801 1802 1879 1843 fugit
1889 1823 1897 1836 ,
1910 1813 1950 1834 ne
1958 1804 2115 1840 interitus,

1151 1839 1185 1870 ὃς
1203 1839 1354 1879 dissipatio
1362 1842 1561 1882 consequatur
1572 1863 1581 1875 ,
1605 1852 1693 1883 negat
1702 1842 1761 1874 effe
1770 1854 1880 1884 corpus
1891 1845 2018 1875 deorum
2029 1866 2039 1880 ,
2060 1846 2112 1877 sed.

1150 1891 1294 1922 tanquam
1304 1891 1412 1922 corpus
1425 1893 1430 1912 z
1444 1893 1500 1914 nec
1510 1884 1699 1925 sanguinem,
1713 1885 1761 1915 sed
1772 1894 1912 1926 tanquam
1923 1886 2113 1928 sanguinem.

1131 1929 1132 1936 ¹
1153 1925 1336 1953 MiaAssttAE
1357 1934 1529 1958 Vina-wa,
1553 1925 1636 1966 quod
1655 1936 1719 1957 non
1740 1926 1832 1958 rideat
1852 1928 2018 1968 haruspex,
2041 1928 2112 1960 cum

93 1971 139 2004 24
150 1968 241 1998 inane
252 1985 264 2000 ,
281 1966 361 1996 nihil
382 1963 484 1996 ess'ein
495 1962 657 1995 dividuum
668 1963 772 2004 potest.
798 1966 871 1994 Haec
881 1974 936 2006 ego
946 1974 1028 1995 nunc
1037 1965 1114 2004 phy·
1153 1966 1339 2005 haruspicem
1360 1966 1478 1996 viderit.
1502 1968 1560 1998 hoc
1577 1968 1763 2002 mirabilius,
1786 1968 1869 2010 quod
1891 1979 1946 2000 vos
1964 1972 2044 2001 inter
2058 1981 2115 2002 ves

151 2007 282 2040 ficorum
307 2007 429 2039 oracula
446 2006 556 2038 fundo.
581 2016 649 2037 vera
660 2026 671 2041 ,
693 2015 731 2036 an
740 2005 813 2036 falia
828 2026 837 2039 ,
859 2007 961 2037 nescio
973 2017 978 2035 ι
989 2005 1038 2036 sed
1049 2016 1113 2037 veri
1131 2007 1133 2039 l

150 2059 254 2082 tamen
268 2049 412 2080 similiora
421 2069 430 2083 ,
441 2059 530 2090 quarn
541 2047 646 2079 vestra.
669 2047 722 2079 ista
734 2049 818 2078 enim
830 2047 941 2089 flagitia
948 2050 1114 2079 Democri·
1131 2046 1133 2072 Ῐ

152 2094 177 2123 ti
197 2112 207 2126 ,
228 2091 297 2123 -five
315 2094 405 2123 etiam
426 2090 495 2122 ante
514 2092 660 2131 Leucippi
679 2109 688 2125 ‚
710 2088 768 2120 effe
787 2090 960 2130 corpuscula
977 2090 1113 2131 quaedam
1130 2120 1132 2131 Ι

151 2135 258 2168 laevia,
278 2134 335 2165 alia
344 2134 460 2173 aspera,
480 2133 672 2163 rotundaalia
683 2144 692 2166 3
711 2133 820 2172 partim
830 2133 1112 2172 autem2anguiata‚
1130 2139 1132 2152 ’

150 2185 270 2208 curvata
286 2176 423 2217 quaedam
435 2196 443 2209 ,
469 2174 502 2205 &
519 2173 598 2215 ‘quasi
616 2174 748 2205 adunca:
767 2183 805 2205 ex
821 2175 869 2204 his
891 2173 1035 2204 effe-&um
1053 2172 1111 2204 effe
1129 2183 1131 2196 ·‘

1154 2007 1248 2037 risum
1271 2016 1373 2038 tenere
1392 2006 1518 2048 possitis.
1542 2020 1606 2040 non
1627 2010 1669 2041 est
1690 2021 1817 2051 corpus,
1839 2011 1890 2042 sed
1900 2010 2112 2054 quaficorpus.

1154 2049 1213 2094 boc
1226 2050 1430 2095 intelligerem
1441 2070 1449 2084 ,
1470 2052 1556 2091 quale
1567 2050 1636 2083 effer
1647 2073 1655 2086 ,
1675 2050 1696 2082 sl
1707 2052 1738 2083 id
1749 2055 1782 2083 in
1793 2055 1867 2084 ceris
1879 2051 2051 2095 fingeretur,
2062 2063 2114 2087 aut

1155 2091 1300 2121 iatffilibus
1324 2095 1436 2132 liguris.
1459 2095 1492 2123 in
1511 2093 1568 2124 deo
1590 2095 1668 2135 quid
1682 2092 1715 2125 sit
1732 2094 1813 2135 quasi
1823 2104 1951 2135 corpus-¹,
1972 2095 2112 2138 autquafi

1152 2133 1290 2174 sanguis,
1313 2135 1484 2176 intelligere
1498 2145 1562 2166 non
1581 2135 1712 2176 poss'um.
1732 2147 1771 2167 ne
1791 2138 1978 2177 tuquidem,
2000 2139 2109 2170 Vellei:

1150 2175 1200 2206 sed
1219 2185 1285 2206 non
1304 2179 1350 2206 vis
1367 2175 1460 2207 fateri.
1484 2176 1538 2208 ista
1547 2178 1756 2209 enimavobis
1766 2178 1966 2220 quaftdzstata
1979 2180 2113 2211 reddum-

150 2219 265 2249 coelum
277 2218 287 2253 ,’
305 2227 392 2259 atque
402 2226 509 2247 terram
523 2216 627 2249 ‚fnulla
634 2225 762 2256 cogente
771 2225 886 2250 natura,
898 2215 948 2246 sed
959 2216 1107 2246 concursu

151 2262 285 2301 quodam
304 2259 445 2290 fortuito.
469 2260 556 2288 Hanc
574 2267 605 2288 tu
617 2260 798 2298 opinionem
812 2278 824 2291 ‚v
841 2260 874 2288 C.
894 2258 1111 2298 Vellei,›usque
1128 2274 1129 2282 κ

147 2302 185 2333 ad
204 2303 279 2333 hanc
288 2311 404 2333 aetatem
415 2299 583 2341 perduxisti
594 2319 602 2333 ,
624 2299 767 2340 priusque
778 2309 805 2330 te
816 2301 884 2341 quis
892 2300 929 2330 de
939 2301 1027 2330 omni
1040 2310 1108 2330 vitae

147 2343 222 2374 statu
234 2365 255 2378 ,.
267 2344 359 2384 quam
378 2343 414 2373 de
433 2341 488 2372 ista
496 2341 670 2373 au&0ritate
681 2342 832 2382 dejecerit.
855 2341 923 2372 ante
935 2341 1108 2381 enimjudi-

145 2384 217 2415 casti
228 2404 236 2419 ‚
261 2388 442 2425 Epicureum
463 2392 490 2413 te
509 2382 567 2414 effic
575 2393 709 2424 oportere
723 2403 731 2418 ,
751 2386 845 2425 quiam
866 2383 920 2415 ista
927 2383 1107 2425 cognovisti.

144 2429 190 2457 Ita
211 2426 326 2458 neceffe
346 2426 404 2456 fuit
424 2434 473 2456 aut
483 2427 545 2456 haec
552 2425 663 2466 flagitia
673 2428 830 2467 concipere
841 2427 945 2457 anim-0
955 2446 964 2460 ‚
980 2435 1031 2457 aut
1041 2426 1106 2457 sus-

143 2477 235 2508 ceptae
253 2469 453 2508 philosophiae
470 2477 587 2498 nomen
608 2470 759 2499 amittere.
780 2468 862 2509 Qid
882 2470 968 2499 enim
980 2478 1104 2502 mereas,

145 2520 178 2540 ut
186 2512 352 2550 Epicureus
363 2508 421 2540 effe
431 2507 565 2540 dcfinas?
585 2510 674 2541 Nihil
685 2510 825 2551 equidem
837 2530 846 2543 ,
867 2512 968 2551 inquis
981 2531 990 2544 ‚
1011 2518 1045 2540 ut
1056 2520 1104 2540 ra-
1120 2516 1124 2528 ’

141 2553 248 2582 tionem
258 2553 325 2581 vitae.
334 2551 416 2581 beata
427 2571 435 2585 ,
461 2552 667 2593 veritatemque
675 2552 806 2592 desieram.
829 2551 889 2583 Ista
897 2555 987 2595 igitur
996 2552 1038 2584 est
1049 2563 1101 2584 ve-

140 2596 210 2624 ritas
223 2598 235 2623 ‚²
258 2596 337 2625 Nam
357 2595 394 2624 de
417 2595 477 2623 vita
497 2593 581 2624 beata
599 2594 677 2624 nihil
700 2603 835 2635 repugno
849 2605 854 2624 z
867 2605 959 2635 quam
976 2603 1009 2625 tu
1019 2604 1058 2625 ne
1067 2596 1101 2625 in

140 2635 206 2667 deo
213 2636 340 2678 quidem
351 2634 410 2666 effe
421 2635 525 2667 censes
547 2654 557 2669 ,
577 2634 632 2666 nifi
641 2636 731 2677 plane
742 2636 961 2680 otiolangueat.
981 2636 1039 2669 Sed
1050 2637 1102 2668 ubi

177 2747 201 2765 1.
219 2741 299 2775 ’ἱζζὴίί
311 2742 347 2766 efl‘
363 2743 423 2766 enim
443 2740 502 2773 quod
511 2747 583 2765 vacet
603 2740 718 2773 torpore]
740 2740 782 2765 Sic
793 2740 857 2767 Aldi
872 2739 981 2767 senioris
1000 2741 1097 2775 editio,

135 2774 287 2811 habentque
297 2776 354 2802 Pal.
366 2784 420 2803 tres
431 2777 457 2802 ὃς
471 2776 555 2802 Palae.
566 2776 734 2811 posteriores,
743 2778 873 2804 nihilem‘m
881 2779 916 2804 ef!
925 2777 994 2812 qued.
1014 2779 1097 2805 Lam-

135 2810 214 2838 binus
223 2812 281 2838 heic
291 2813 360 2839 mire
370 2819 493 2839 centones
506 2812 596 2840 sercin.
885 2827 887 2830 v
907 2828 909 2831 <

151 2868 154 2873 ’
172 2863 204 2898 ιζ’
212 2862 356 2910 *ehguqlgm
367 2890 376 2904 ,
394 2879 501 2906 curvam
510 2872 640 2906 quaea'am]
663 2871 723 2898 Vox
734 2870 821 2899 media
840 2881 891 2900 nou
902 2871 1009 2900 estboni
1020 2871 1094 2900 com-

135 2907 225 2935 matis.
244 2910 304 2937 nani
314 2908 441 2945 eitisloco
459 2909 495 2936 est
505 2911 531 2934 iii
544 2907 629 2935 Palat.
643 2917 682 2944 pr.
697 2910 812 2942 firmata.
831 2907 857 2935 in
869 2907 973 2944 lecuuss
984 2911 1095 2936 hamata.

131 2943 162 2971 in
175 2944 382 2977 tert.pyra'n‘1‘at'a.
396 2944 482 2972 media
494 2943 575 2984 Ιςξὶὶο
587 2945 674 2971 verior
685 2943 801 2971 videtur.

1115 2775 1117 2789 l

1149 2226 1198 2247 tur
1211 2228 1216 2246 :
1239 2227 1304 2258 quae
1322 2221 1470 2258 Epicurus
1480 2220 1608 2251 oscitans
1622 2219 1859 2251 halucinatusest
1871 2241 1879 2254 ,
1901 2220 1972 2252 cum
1983 2222 2110 2261 quidem

1147 2259 1341 2299 gloriaretur,
1362 2270 1393 2290 ut
1411 2261 1550 2292 videmus
1569 2263 1603 2292 in
1623 2263 1755 2302 scriptis,
1771 2262 2109 2303 semagfflrumhabmfffi

1147 2302 1267 2330 nullum.
1291 2302 1379 2342 quod
1393 2303 1425 2333 ὃς
1445 2313 1510 2334 non
1528 2304 1697 2343 praedicanti
1712 2324 1720 2338 ,
1743 2303 1758 2324 ⁶
1770 2314 1870 2335 tamen
1879 2305 1968 2335 facile
1979 2305 2107 2346 quidem

1147 2342 1299 2373 crederem
1316 2355 1321 2373 2
1341 2343 1412 2374 ficut
1422 2350 1435 2374 7
1444 2345 1516 2376 mali
1527 2344 1646 2376 aedificii
1658 2346 1788 2377 domino
1797 2347 1961 2387 glorianti,
1972 2348 1999 2377 sc
2008 2348 2108 2377 archi-

1148 2384 1263 2416 rebium
1282 2396 1345 2417 non
1356 2385 1498 2417 habuiss'e.
1521 2389 1600 2418 nihil
1611 2390 1694 2419 enim
1706 2389 1768 2419 olet
1777 2398 1815 2418 ex
1827 2390 2007 2422 Academia,
2024 2389 2106 2419 nihil

1143 2437 1183 2457 eat
1203 2429 1304 2468 Lyceo
1316 2448 1325 2462 ‚
1348 2429 1430 2459 nisu·
1446 2439 1485 2459 ne
1503 2429 1518 2460 ὲ
1530 2430 1694 2470 puerilibus
1705 2430 1830 2471 quidem
1840 2430 2022 2469 disciplinis..
2042 2433 2106 2460 Xe—

1142 2479 1294 2501 nocratem
1307 2471 1408 2501 audire
1419 2473 1533 2511 potuit:
1545 2482 1638 2512 quern
1649 2476 1748 2502 virum
1763 2474 1768 2501 Ξ
1791 2472 1835 2503 dii
1845 2473 2054 2503 immortales!
2069 2473 2104 2504 δεῖ

1141 2512 1210 2542 sunt
1222 2514 1275 2553 qui
1286 2523 1392 2553 putent
1400 2512 1543 2544 audivisse
1555 2526 1560 2542 z
1572 2515 1633 2554 ipse
1644 2524 1708 2544 non
1719 2514 1792 2544 vult.
1815 2520 1904 2544 credo
1914 2514 1980 2553 plus
2002 2516 2109 2544 nemi-

1144 2557 1188 2585 ni·
1211 2556 1405 2595 Pamphilum
1431 2556 1601 2596 quendam,
1623 2556 1757 2586 Platonis
1777 2555 1966 2589 auditorem,
1987 2556 2053 2586 aira
2071 2557 2103 2587 se

1143 2599 1223 2627 Sami
1235 2597 1382 2627 auditum.
1399 2597 1442 2627 ibi
1454 2599 1536 2627 enim
1548 2598 1718 2627 adolescens
1730 2597 1951 2628 habitabatcum
1963 2606 2054 2637 patre,
2066 2598 2101 2629 δε

1145 2638 1287 2670 fratribus
1299 2658 1308 2673 ,
1331 2638 1415 2682 quod
1426 2642 1457 2669 in
1469 2649 1534 2670 eam
1552 2649 1633 2679 pater
1647 2641 1673 2680 ej
1679 2649 1711 2669 us
1722 2640 1852 2671 Neocles
1869 2642 1997 2680 agripeta
2007 2650 2101 2671 vene-

2043 2691 2096 2713 tat:

1173 2752 1201 2777 4.
1221 2745 1330 2777 Deorsum
1343 2744 1467 2778 seratum]
1490 2745 1515 2770 Si
1528 2745 1580 2771 uili
1590 2744 1736 2771 auftoritas
1748 2743 1959 2770 membranarum
1972 2743 2039 2770 Pali.
2051 2752 2097 2770 re-

1137 2779 1275 2807 tinendum
1287 2781 1388 2814 demfiu.
1407 2781 1444 2808 ita
1455 2782 1638 2807 enimomnes.
2050 2790 2054 2791 ⁷

1175 2825 1202 2850 5.
1220 2818 1300 2852 Ίρβίί
1313 2819 1396 2842 hurum
1404 2812 1448 2849 n'ist
1466 2818 1572 2851 curtida]
1593 2818 1636 2842 Sic
1645 2816 1755 2851 quidem
1764 2814 1849 2843 Palat.
1869 2814 2095 2846 secunda-sedulii

1136 2852 1190 2879 duo
1201 2872 1210 2884 ‚
1236 2854 1300 2879 item
1312 2853 1486 2879 Wouveiiani
1496 2854 1578 2879 valde.
1589 2852 1661 2879 sorte
1672 2853 1747 2880 came.
1767 2852 1814 2879 nisi
1826 2851 1937 2879 velimus
1947 2851 2019 2883 aliud
2026 2850 2098 2888 :quid

1135 2889 1312 2924 subintelligi.
1991 2906 1993 2910 .

1171 2926 1200 2951 6.
1215 2927 1271 2951 Tam
1279 2925 1350 2956 facili*
1357 2926 1448 2960 quidem
1460 2925 1571 2950 crederem
1582 2934 1589 2954 3
1604 2926 1667 2957 ficut
1679 2944 1687 2956 ‚
1698 2924 1766 2958 dra]
1786 2924 1829 2950 Sic
1839 2930 1896 2951 tota
1906 2923 1998 2950 cohors
2011 2923 2096 2950 libro-

1135 2970 1193 2987 rum
1205 2962 1353 2988 nostrorum
1367 2961 1432 2987 l’all.
1444 2961 1619 2987 XVouverian.
1628 2961 1696 2987 item*
1705 2959 1931 2990 editi0Vi&01-ii3
1951 2960 2096 2986 indicavit-

193 3015 198 3020 .
218 2997 287 3028 Qia
301 2998 363 3021 euim
372 3004 402 3021 ex
410 2997 528 3031 ammissit
540 3015 549 3028 ‚
567 2995 594 3022 id
609 3003 694 3022 uarum
713 2996 842 3031 aliquando
853 2996 924 3031 fif.)]
946 2997 990 3022 Sic
999 2997 1064 3023 editi
1076 2998 1091 3023 τὶ
1110 2986 1113 3007 ¹
1133 3007 1185 3033 que
1195 2997 1232 3024 ita
1244 2996 1345 3023 exstare
1357 2997 1383 3022 in
1395 2996 1534 3023 Marfaeano
1548 2997 1576 3022 Ρ.
1588 2997 1722 3023 Manutius
1734 3006 1743 3026 ς
1755 3005 1833 3032 quem
1845 2996 1995 3037 nequidem
2007 2995 2094 3031 sequi-

131 3027 265 3057 Vitiorio‘.
275 3033 336 3057 iiam
346 3036 423 3058 autea
432 3031 495 3064 cufi,
506 3033 568 3066 quod
574 3035 646 3058 mim.
662 3032 806 3059 Lambinus
817 3033 952 3063 adtexuit,
965 3035 1093 3067 aliquando

1109 3037 1111 3046 ²
1133 3042 1178 3059 tui·
1189 3032 1333 3059 Lambinus
1346 3052 1354 3063 ‚
1372 3032 1436 3058 dum
1447 3032 1517 3068 sequi
1529 3032 1553 3058 se
1564 3031 1655 3063 infitut.
1674 3032 1820 3068 publicavit
1829 3041 1921 3073 euimu,
1931 3033 2034 3066 equidem
2043 3041 2096 3057 creo

124 3067 307 3100 fienecefflz‘ess.
325 3072 352 3093 at
360 3068 508 3102 egopotius
516 3067 666 3095 sustulerim
678 3076 822 3104 utrumque
831 3071 872 3103 fir.
893 3078 950 3095 naui
963 3069 990 3095 in
1004 3069 1088 3095 l’ulat.
1107 3084 1109 3098 i
1133 3070 1196 3095 dam.
1220 3068 1353 3104 quomodo
1365 3068 1452 3094 nullus
1464 3074 1477 3095 e
1490 3063 1583 3095 nostris
1594 3067 1660 3094 codd
1683 3067 1739 3094 sex.

128 3111 216 3138 primo
224 3110 271 3130 aut
279 3101 331 3129 sec.
342 3112 395 3129 non
403 3103 492 3130 exstat
500 3103 584 3166 prius.
601 3104 734 3141 habetque
743 3106 824 3141 prim,
835 3112 943 3132 renatum
951 3114 999 3141 pro
1009 3105 1035 3133 {A
1042 3115 1090 3132 na-

127 3145 197 3181 (⁸0¹5
217 3137 289 3176 quod
299 3139 326 3167 ὅτ
337 3138 365 3168 iu
375 3138 408 3168 P,
418 3139 499 3168 Galle
514 3138 612 3169 miano.
633 3156 635 3160 ι

157 3186 171 3197 -x
184 3192 185 3195 ,
200 3182 202 3185 ’
231 3190 232 3196 1

1166 3112 1194 3138 7.
1217 3107 1283 3132 Mali
1291 3106 1385 3139 edificii
1392 3105 1505 3139 damino]
1515 3105 1553 3130 ‘N
1560 3104 1608 3131 ihil
1628 3103 1746 3133 sollicito
1760 3113 1770 3136 ς
1791 3111 1834 3131 tan
1840 3111 1895 3130 tum
1925 3103 1990 3131 rodo
2001 3102 2099 3129 habere

1128 3140 1216 3170 Pam.
1225 3141 1308 3177 pri-m.
1317 3141 1397 3176 domu
1415 3140 1532 3168 lectione
1543 3139 1610 3168 haud
1622 3140 1811 3178 usquequaque
1821 3139 1897 3169 absur
1919 3149 1943 3169 a.

1441 3175 1650 3213 Bbbbhbb3
2009 3176 2111 3201 iude»
