2337 3400
612 129 681 174 M.
752 125 1117 172 TULL11

204 147 301 194 542

1200 127 1793 192 thERoNis'

207 221 283 243 mi«
303 210 344 241 est
356 209 535 253 supplicium
547 206 734 248 putandum,
752 216 814 248 quo
830 205 908 236 affici
925 206 990 237 casu
1008 206 1110 247 aliquo
1129 213 1175 235 et-
1202 206 1278 239 'tem
1291 228 1300 242 ‚
1323 206 1456 238 furorem
1468 226 1478 240 ‚
1497 207 1530 238 &
1549 209 1694 240 insaniam
1717 218 1816 251 optare
1830 208 1938 244 vobis,
1958 208 2090 252 inquam
2104 211 2183 242 inci-

205 257 265 284 iam
279 255 351 283 boni
363 254 419 282 viri
431 271 439 284 ,
451 250 599 291 fortesque
608 247 742 290 possunt.
766 252 864 290 Atque
876 250 934 278 hoc
946 248 1070 289 quidem
1084 249 1173 278 etiarn

208 296 257 327 isti
271 305 313 325 tui
325 293 601 332 dicuntvoluptarii
612 311 620 326 ,
641 293 737 321 Graeci
751 302 756 320 ;
775 301 853 332 quos
865 292 981 321 utinam
995 293 1034 320 ita
1043 291 1173 324 audires,

207 348 239 368 ut
250 345 331 367 erant
341 334 493 365 audiendi.
517 329 688 375 numquam
698 342 727 363 te
740 335 772 363 in
782 343 826 363 tot
836 332 946 374 flagitia
957 331 1170 373 ingurgitaffes.

207 381 315 408 verum
325 377 408 408 audis
419 379 452 406 in
464 377 642 417 praesepibus
655 387 660 405 :
673 375 759 406 audis
769 376 801 405 in
813 374 937 415 stupris:
953 376 1036 406 audis
1046 377 1081 405 in
1092 375 1175 409 cibo,

209 422 243 450 ἐς
254 423 338 449 vino.
361 418 417 450 Sed
428 417 590 450 dicuntisti
602 416 674 458 ipsi,
695 419 746 458 qui
758 418 834 447 mala
849 418 973 460 dolorc3
992 417 1071 449 bona
1085 417 1176 448 volu·

208 460 446 502 ptatedefiniunt
456 481 464 494 ,
480 471 492 490 s
503 470 525 490 A
537 471 553 490 Ρ
565 470 577 490 1
589 470 608 490 E
618 470 639 489 N
648 470 667 490 τ
677 470 697 489 E
708 469 734 489 M
745 479 754 494 ‚
766 461 856 490 etiam
868 458 931 490 siin
942 459 1179 499 Phalaridissstau-

206 515 242 535 ro
253 503 386 533 inclusus
396 523 404 537 ,
426 501 570 533 succensis
583 502 704 543 ignibus
715 510 881 535 torreatur,
892 501 1046 532 dirS'turum
1059 511 1173 536 tamen,

202 547 296 587 fieave
312 545 383 575 illud
398 543 463 583 effe,
485 545 604 586 seseque
614 555 652 574 ne
671 544 820 574 tantulum
839 544 963 585 quidem
973 547 1176 575 commoveri.

209 597 322 619 tantam
333 589 453 618 virtutis
465 585 523 617 ess'e
535 589 601 617 vim
610 587 776 617 voluerunt
785 607 793 620 ,
807 595 840 616 ut
852 596 914 616 non
924 585 1019 627 poss'ct
1028 597 1175 627 umquam

210 628 269 660 elle
279 631 325 660 vir
335 629 434 659 bonus
444 639 509 659 non
520 629 632 659 beatus.
659 631 735 668 Quae
744 628 787 659 est
796 630 886 670 igitur
895 639 984 669 poena
997 632 1006 658 ?
1016 630 1099 670 quod
1111 629 1178 669 sup-

208 673 337 714 plicium
351 674 361 701 ?
383 672 417 702 Id
437 681 505 701 mea
522 671 668 702 sententia
679 691 688 705 ,
708 670 789 712 quod
800 671 932 701 accidere
944 673 1060 701 nemini
1072 671 1180 711 potest,

212 713 269 745 nisi
291 714 417 748 nocenti,
439 714 570 754 suscepta
590 712 671 744 fraus
681 733 690 747 ‚
711 712 855 753 impedita
866 733 874 746 ,
897 713 929 744 ὃς
950 711 1082 754 oppressa
1093 723 1180 743 mens

212 757 397 788 conscientia
409 776 417 790 ,
438 756 594 786 bonorum
604 757 748 786 omnium
760 754 867 785 odium
881 775 888 789 ‚
915 760 924 774 ¹
935 754 1086 795 notajusti
1097 754 1182 785 sena-

151 810 192 842 19
215 806 262 829 tus
273 819 281 833 ,
296 797 416 829 amiffio
427 798 591 840 dignitatis.
637 800 703 828 Nec
712 798 790 826 mihi
800 797 852 826 ille
863 798 1045 838 M.Regulus
1057 817 1065 831 ,
1086 807 1178 838 quem

213 841 476 882 Karthaginienses
487 859 496 874 ,
517 838 637 871 refestis
646 839 793 879 palpebris
804 859 812 872 ‚
824 839 973 880 illigatum
985 842 1017 869 in
1030 841 1178 873 machina,

213 883 370 924 vigilando
389 891 570 913 necaverunt
582 901 590 915 ‚
612 881 759 921 supplicio
775 880 894 910 videtur
912 879 1053 911 affe&us:
1075 891 1130 911 nec
1144 884 1178 911 C.

215 927 331 955 Marius
344 946 352 959 ,
367 935 459 966 quem
472 925 555 955 Italia
566 924 674 954 servata
683 923 719 952 ab
729 922 784 952 illo
796 943 803 956 ,
818 922 989 953 demersum
1004 925 1036 953 in
1048 925 1182 953 Mintur-

215 966 354 998 nensium
365 967 524 1007 paludibus
537 986 545 1000 ‚
564 964 664 995 Africa
676 964 795 994 devina
809 964 843 995 ab
858 965 966 995 eodem
979 985 987 999 ‚
1009 965 1179 1006 expulsum,

216 1010 250 1040 δε
268 1009 444 1049 naufragum
464 1008 552 1038 vidit.
598 1006 730 1036 fortuna:
749 1008 833 1036 enim
852 1006 905 1037 ista
923 1007 980 1038 tela
996 1008 1065 1038 sunt
1082 1028 1090 1042 ,
1117 1018 1181 1038 non
1204 1015 1205 1022 ¹

216 1052 312 1092 culpae
327 1062 332 1080 ς
346 1051 521 1093 fiepplicium
539 1057 640 1079 autem
652 1068 661 1082 ‚
682 1047 724 1078 est
741 1058 830 1088 poena
848 1051 969 1090 peccati.
993 1060 1092 1091 neque
1110 1049 1182 1080 vero

214 1104 272 1134 ego
284 1115 293 1127 ,
315 1092 334 1123 si
349 1102 495 1133 umquam
509 1091 596 1122 vobis
612 1090 691 1121 mala
705 1100 837 1131 precarer
848 1112 856 1125 ‚
876 1091 957 1132 quod
970 1092 1042 1132 saepc
1050 1090 1108 1122 feci
1119 1112 1127 1126 ‚
1150 1094 1183 1121 in
1204 1092 1206 1108 1

218 1146 280 1176 quo
291 1135 334 1165 dii
344 1134 533 1164 immortales
545 1142 626 1163 meas
636 1142 736 1173 preces
746 1132 945 1167 audiverunt,
957 1134 1101 1163 morbum
1114 1154 1122 1167 ‚
1134 1143 1184 1163 aut
1205 1141 1207 1145 ’

218 1186 351 1208 mortem
365 1197 372 1210 ‚
392 1185 442 1206 aut
449 1177 617 1206 cruciatum
630 1185 772 1215 precarer.
799 1175 948 1215 Thyestea
959 1175 1012 1206 ista
1021 1176 1184 1206 exsecratio

218 1218 262 1249 est
275 1239 282 1252 ‚
294 1220 389 1259 poeta:
401 1239 409 1252 ,
422 1218 504 1259 vulgi
515 1219 636 1247 animos
646 1237 654 1251 ,
665 1225 730 1246 non
742 1217 908 1256 sapientum
919 1237 926 1250 ,
941 1219 1112 1247 moventis:

238 1264 285 1290 Ut
303 1267 337 1289 m
355 1259 502 1300 naufragio
521 1258 651 1302 expulsiu
662 1279 670 1292 ‚
693 1259 800 1297 uspiam
813 1259 890 1298 fizxis
900 1258 981 1297 fixus
1000 1259 1112 1298 asperis,

241 1307 256 1323 2
269 1306 294 1332 E
298 1303 450 1342 wfierarm
466 1302 550 1330 satire
560 1301 683 1342 penderes
697 1304 741 1340 (ut
750 1303 789 1331 ait
800 1301 864 1342 ille)
875 1301 951 1341 fizxa
957 1301 1089 1342 spargens
1105 1300 1182 1335 rabo,

239 1346 325 1375 Same
339 1366 347 1378 ,
364 1344 501 1385 fienguine
520 1351 592 1373 atro.
606 1358 683 1364 --—--

220 1389 297 1417 Non
314 1387 424 1416 ferrem
443 1387 577 1416 omnino
594 1384 723 1415 moleste
735 1406 743 1418 ‚
764 1383 836 1415 siita
845 1384 1013 1416 aecidisset:
1034 1385 1084 1416 sed
1098 1385 1127 1416 id
1143 1394 1186 1416 ta-

218 1439 292 1459 men
312 1428 384 1459 efl'et
400 1430 581 1459 humanum.
604 1428 838 1462 M.Marcellus‚
858 1430 911 1468 qui
930 1437 972 1458 ter
991 1428 1097 1458 consul
1114 1427 1184 1462 fuit,

216 1472 337 1503 summa
345 1473 457 1501 virtute
467 1491 476 1504 ,
487 1472 596 1510 pietate
606 1490 614 1503 ,
626 1470 721 1510 gloria
732 1470 873 1504 militari,
886 1472 974 1510 periit
985 1472 1018 1500 in
1028 1471 1104 1500 mari
1115 1481 1121 1500 :
1132 1472 1185 1511 qui

218 1523 322 1544 tamen
341 1513 381 1543 ob
398 1515 543 1543 virtutem
555 1512 651 1552 glori-e
668 1511 750 1540 laude
766 1512 856 1541 vivit.
879 1514 913 1541 in
925 1510 1046 1542 fortuna
1056 1512 1184 1553 quadam

220 1555 263 1586 est
273 1556 324 1585 illa
335 1565 416 1585 mors
425 1574 433 1588 ,
447 1564 510 1584 non
523 1556 555 1583 in
565 1563 653 1594 poena
663 1573 671 1587 ,
682 1552 822 1593 putanda.
845 1555 921 1595 Qae
931 1553 973 1584 est
984 1555 1184 1595 igiturpoena?

218 1597 301 1639 quod
319 1597 522 1636 supplicium?
540 1606 607 1635 qua:
626 1595 713 1626 saxa?
730 1605 795 1636 quae
814 1597 937 1626 cruces?
969 1599 981 1623 3
993 1599 1085 1630 Ecce,
1107 1596 1184 1626 duos

221 1641 311 1669 duces
328 1641 360 1668 in
375 1638 542 1678 provinciis
551 1637 764 1677 populiRom.
778 1637 883 1667 habere
895 1638 1043 1668 exereitus
1054 1657 1062 1671 ,
1084 1638 1186 1678 appel-

219 1682 275 1711 lari
285 1683 479 1720 imperatores
491 1690 496 1707 :
513 1680 623 1708 horum
632 1679 761 1708 alterum
772 1678 810 1708 fic
821 1677 908 1708 fuiffe
922 1678 1112 1709 infirmatum
1123 1691 1188 1709 con-

217 1721 478 1763 slienri'aftelerum
488 1741 496 1755 ,
519 1719 700 1751 &fraudum
714 1721 830 1751 suarum
843 1741 851 1755 ,
870 1730 903 1750 ut
916 1731 955 1751 ex
969 1731 1001 1752 ea
1013 1723 1182 1761 provincia,

221 1775 289 1806 quae
307 1763 398 1793 fucrit
413 1773 452 1792 ex
470 1762 615 1792 omnibus
631 1772 690 1792 una
705 1763 840 1792 maxime
855 1764 1044 1803 triumphalis
1058 1783 1066 1797 ,
1089 1763 1186 1793 nullas

225 1806 260 1836 iit
269 1806 304 1836 ad
316 1807 451 1836 senatum
464 1805 574 1834 litteras
584 1805 702 1833 mittere
709 1804 805 1834 ausus.
829 1807 876 1834 Ex
886 1815 943 1844 qua
951 1806 1107 1844 provincia
1118 1814 1188 1834 mo-

222 1847 264 1879 do
276 1849 322 1878 vir
333 1848 420 1877 omni
432 1846 574 1888 dignitate
584 1845 788 1876 ornatiffimus
797 1865 805 1879 ,
821 1847 858 1875 L.
868 1849 1038 1887 Torquatus
1049 1867 1058 1879 ‚
1073 1848 1189 1887 magnis

223 1891 313 1921 rebus
322 1888 410 1930 gestis
422 1909 429 1922 ‚
442 1898 493 1918 me
504 1886 651 1918 referente
663 1908 671 1920 ‚
683 1887 786 1918 absens
797 1889 960 1928 imperator
971 1887 1004 1918 sit
1014 1889 1187 1928 appellatus:

224 1931 307 1962 unde
317 1933 363 1961 his
371 1932 472 1971 paucis
483 1931 569 1960 annis
582 1932 636 1960 Cn.
648 1929 817 1960 Dolabellae
827 1950 835 1964 ,
853 1933 885 1960 C.
897 1931 1039 1960 Curionis
1050 1951 1058 1964 ,
1072 1932 1116 1960 M.
1126 1932 1190 1961 Lu-

221 1971 484 2013 cullijustissimos
495 1973 664 2012 triumphos
674 1971 810 2002 vidimus
821 1993 828 2006 ‚
844 1981 882 2002 ex
893 1982 925 2002 ca
937 1992 945 2006 ,
958 1980 985 2002 te
995 1974 1187 2012 imperatore,

225 2018 351 2047 nuntius
369 2015 405 2045 ad
422 2015 558 2045 senatum
572 2014 677 2044 allatus
691 2013 733 2044 est
747 2014 862 2045 nullus.
885 2014 922 2045 ab
935 2015 1028 2044 altero
1038 2014 1131 2050 allatae
1141 2015 1191 2044 lit-

224 2067 293 2089 terae
304 2079 312 2091 ,
325 2060 450 2088 recitatae
460 2077 467 2091 ,
481 2057 608 2087 relatum
619 2056 654 2086 ad
666 2056 812 2086 senatum.
836 2058 892 2087 Dii
902 2057 1091 2087 immortales
1102 2059 1107 2086 ¹.
1120 2056 1190 2086 idne

225 2110 281 2140 ego
291 2109 424 2139 optarem
437 2120 445 2132 ,
468 2107 500 2128 ut
510 2099 656 2129 inimicus
667 2108 753 2128 meus
764 2118 773 2133 ‚
793 2109 825 2129 ea
835 2118 843 2133 ,
861 2109 919 2140 qua
930 2109 1023 2129 nemo
1032 2109 1189 2140 umquam,

226 2143 400 2184 ignominia
409 2143 579 2171 notaretur?
599 2150 632 2170 ut
648 2141 765 2170 senatus
781 2143 805 2170 is
817 2161 826 2174 ,
847 2143 900 2182 qui
911 2151 944 2171 in
954 2143 1091 2181 eamjam
1102 2141 1191 2171 beni-

228 2185 349 2225 gnitatis
359 2182 582 2223 consuetudinem
591 2184 676 2213 venit
684 2202 692 2216 ,
704 2191 737 2212 ut
747 2192 799 2212 eos
807 2203 816 2216 ,
827 2185 880 2223 qui
891 2182 967 2213 bene
977 2182 1115 2224 rempub.
1126 2183 1191 2224 ges-

230 2226 342 2259 serint,
362 2227 452 2255 novis
474 2224 641 2254 honoribus
659 2222 785 2258 afficiat,
808 2225 840 2254 ὃς
853 2235 984 2255 numero
998 2225 1116 2255 dierum
1129 2245 1137 2259 ,
1158 2224 1191 2255 δε

228 2276 336 2310 genere
355 2267 517 2297 verborum
532 2277 537 2295 τ
559 2267 648 2306 hujus
665 2268 756 2295 unius
774 2266 881 2296 litteris
902 2267 1112 2297 nuntiantibus
1129 2276 1195 2297 non
1212 2279 1214 2284 ⁷

165 2322 212 2347 20
232 2309 384 2340 crederet?
401 2308 623 2349 postulantibus
632 2308 707 2338 dene
746 2310 809 2337 ret?
852 2310 909 2338 His
919 2318 975 2349 ego
984 2308 1071 2338 rebus
1081 2309 1192 2348 pascor,

229 2352 277 2382 his
288 2349 420 2381 deleEmr
428 2370 436 2385 ,
448 2351 494 2379 his
503 2348 656 2389 perfruor:
674 2360 712 2391 qu
738 2349 756 2379 d
765 2349 801 2379 de
811 2350 899 2379 vobis
909 2350 959 2379 hic
968 2350 1043 2380 ordo
1053 2352 1193 2390 opinatur

232 2403 299 2423 non
317 2393 418 2426 secus,
438 2402 470 2422 ac
488 2392 525 2421 de
544 2393 712 2422 taeterrimis
732 2390 886 2421 hostibus:
905 2391 987 2432 quod
1005 2401 1061 2421 vos
1077 2393 1191 2432 equites

230 2437 326 2466 Rom.
337 2433 420 2475 quod
431 2435 519 2464 ceteri
530 2434 651 2463 ordines
663 2454 671 2468 ,
687 2432 769 2474 quod
779 2432 885 2464 cun&a
895 2435 998 2463 civitas
1008 2433 1086 2469 odit:
1109 2431 1191 2473 quod

233 2486 328 2507 nemo
339 2477 436 2506 bonus
449 2495 457 2510 ,
472 2485 566 2505 nemo
577 2475 707 2517 denique
717 2477 792 2505 civis
802 2475 845 2505 est
855 2496 863 2509 ,
883 2477 936 2516 qui
946 2475 1042 2505 modo
1053 2475 1081 2505 se
1092 2477 1190 2505 civem

234 2518 293 2548 ess'e
305 2520 478 2548 meminerit
488 2538 496 2552 ,
509 2518 561 2557 qui
572 2527 627 2547 vos
638 2528 701 2548 non
710 2518 806 2548 oculis
816 2517 910 2559 fugiat
919 2538 927 2551 ,
938 2518 1057 2548 auribus
1067 2517 1192 2556 respuat,

232 2571 337 2590 animo
351 2560 740 2600 aspernetu1·,recordatione
754 2560 883 2601 denique
897 2560 957 2600 ipsa
965 2560 1133 2590 consulatus
1143 2569 1196 2588 ve-

235 2601 486 2644 stiiperliorrefiat.
512 2603 586 2632 Haec
603 2612 658 2643 ego
676 2603 792 2642 semper
807 2601 843 2631 de
859 2601 947 2632 vobis
967 2603 1117 2642 expetivi,
1136 2602 1196 2631 haec

235 2654 334 2684 optavi
352 2665 360 2677 ‚
384 2645 445 2674 haec
455 2652 586 2684 precatus
598 2644 674 2673 sum.
697 2644 780 2684 plura
790 2647 878 2674 etiam
890 2643 1082 2677 acciderunt,
1104 2642 1195 2685 quam
1215 2667 1216 2670 ,

232 2687 354 2715 vellem.
379 2696 467 2719 nam,
486 2695 518 2716 ut
536 2687 714 2716 amitteretis
730 2688 897 2716 exercitum
911 2707 919 2719 ,
939 2695 1106 2727 numquam
1129 2694 1195 2714 me-
1215 2697 1216 2732 ᾖ

234 2728 354 2757 hercule
373 2729 485 2768 optavi.
509 2727 584 2756 illud
596 2730 685 2758 etiam
701 2728 808 2759 accidit
817 2737 919 2768 praeter
930 2737 1066 2768 optatum
1079 2736 1192 2758 meum:

233 2769 283 2799 sed
302 2769 387 2799 valde
407 2779 443 2799 ex
460 2769 626 2800 voluntate.
651 2772 824 2800 mihienim
840 2780 905 2801 non
924 2780 1046 2801 venerat
1063 2772 1095 2800 in
1105 2779 1194 2801 men—

273 2891 296 2908 1.
315 2886 456 2922 Qtaqjujli
466 2884 593 2918 senatur]
616 2884 761 2911 Lambinus
773 2884 870 2920 recepit
881 2883 1064 2915 coniefiuram
1076 2885 1171 2911 Fa'e'rni
1184 2894 1192 2915 3

235 2954 301 2985 bris,
313 2958 551 2988 mind:ns'lajc'natru.

270 2999 298 3016 2.
319 2994 558 3020 Ew,:.w·az.virl.1tere
572 2993 710 3027 penderes]
733 2993 854 3027 Conjicit
864 2993 1025 3019 Gulielmius
1035 2994 1120 3019 lacerb.

271 3035 285 3062 3
310 3030 378 3057 Ecce,
389 3028 444 3053 Auos
455 3029 704 3061 ditcc.x·inp1⁴0†1ncii‘s‚
715 3029 781 3063 [lfa]
794 3030 851 3056 Pal.
863 3029 913 3056 sec.
924 3031 966 3055 duo
977 3031 1057 3062 duces,
1069 3029 1194 3066 icriptura

235 3063 263 3089 ὃς
280 3062 457 3089 declinatioie
468 3065 563 3090 veteri.
1215 3093 1216 3098 ,

269 3107 298 3131 4.
318 3101 383 3132 QJA
391 3102 425 3125 [Π
434 3102 483 3124 aliu
491 3101 586 3133 {furere
596 3120 603 3132 ‚
615 3111 660 3126 non
670 3102 792 3135 cognoscere
804 3121 812 3134 ‚
821 3101 888 3135 ότι]
911 3101 1058 3128 Obsecutus
1069 3102 1127 3128 Pall
1135 3123 1140 3127 .
1151 3102 1196 3128 ab·
1216 3101 1217 3120 1

228 3134 280 3169 jeci
293 3135 438 3162 dictionem
449 3137 493 3169 ηξΙὶ
503 3155 510 3167 ,
530 3145 586 3171 qua:
598 3137 623 3163 iu
635 3138 672 3162 eis
685 3147 735 3163 non
748 3138 917 3174 comparebat
930 3157 937 3169 ,
958 3146 987 3165 ut
999 3148 1083 3179 neque
1094 3138 1118 3164 it.
1133 3138 1195 3164 edd.
1215 3140 1217 3150 ³

228 3171 330 3199 ultimae
340 3172 518 3209 antiquitatis.
530 3172 641 3201 abfuiss'e
655 3173 683 3199 Sc
694 3173 808 3201 aliorum
820 3173 1090 3211 striptis‚haur1amus
1102 3184 1136 3202 ex
1147 3185 1196 3202 no·
1214 3180 1217 3211 ἦ

1219 250 1314 282 distis.
1338 251 1430 290 Atqui
1442 248 1500 279 fuit
1513 251 1691 290 optandum.
1715 262 1764 282 me
1781 262 1882 283 tamen
1898 252 2011 294 fugerat
2022 273 2030 286 ‚
2049 253 2177 285 deorum

1220 293 1446 324 immortalium
1468 292 1519 322 has
1538 291 1595 322 effe
1615 293 1644 322 in
1662 295 1762 335 impios
1772 314 1781 328 ,
1800 295 1833 325 ὃς
1845 295 2061 325 consceleratos
2077 305 2179 335 poenas

1221 333 1392 366 certiffimas
1404 333 1590 365 constitutas.
1613 336 1719 366 Nolite
1729 339 1811 367 enim
1826 346 1925 377 putare
1937 357 1945 371 ‚
1958 339 2024 367 P.C.
2038 346 2069 367 ut
2079 339 2112 367 in
2122 338 2184 369 sce-

1222 389 1258 409 na
1267 377 1376 408 videtis
1389 395 1397 410 ,
1418 377 1560 407 homines
1571 377 1785 409 consceleratos
1796 380 1927 420 impulsu
1941 379 2070 409 deorum
2082 382 2185 411 terreri

1221 422 1375 450 Furiarum
1397 418 1480 448 taedis
1496 419 1681 450 ardentibus.
1705 430 1768 451 styA
1787 430 1958 461 QEMQJE
1975 421 2054 452 fraus
2065 441 2073 455 ‚
2095 422 2184 452 suum

1220 462 1337 493 facinus
1351 482 1359 495 ‚
1380 461 1467 491 suum
1480 461 1594 495 scelus,
1616 461 1666 492 sua
1683 462 1802 493 audacia
1820 464 1856 493 de
1875 464 1995 494 sanitate
2007 484 2016 497 ,
2037 474 2069 494 ac
2079 473 2183 495 mente

1220 504 1365 534 deturbat.
1391 504 1434 533 hae
1445 503 1511 533 sunt
1522 505 1688 543 impiorum
1701 504 1785 534 furiae
1796 525 1804 538 ,
1818 505 1862 535 hae
1873 504 2002 536 flammae
2012 526 2020 539 ,
2033 507 2078 536 hae
2090 505 2179 537 faces.

1221 550 1284 587 Ego
1296 555 1324 576 te
1334 555 1399 576 non
1409 545 1570 576 vecordem
1582 566 1590 579 ‚
1604 556 1668 576 non
1678 545 1824 576 furiosum
1837 566 1845 580 ‚
1862 557 1925 577 non
1937 555 2037 577 mente
2047 557 2180 589 captum,

1222 599 1286 618 non
1305 590 1417 630 tragico
1435 588 1490 617 illo
1500 586 1603 617 Oreste
1613 608 1622 621 ‚
1642 596 1693 619 aut
1702 589 1880 618 Athamante
1891 589 2112 620 dementiorem
2124 600 2182 630 pu-

1223 640 1283 661 tem
1297 651 1305 664 ,
1324 633 1375 672 qui
1386 627 1421 660 fis
1431 630 1488 660 aus
1485 639 1518 660 us
1527 628 1664 670 primum
1674 629 1773 660 facere
1779 629 1859 669 (nam
1872 628 1902 661 id
1913 630 1956 661 est
1966 631 2183 671 caput)x1einde

1222 673 1324 713 paullo
1338 672 1406 703 ante
1419 692 1426 706 ‚
1449 675 1622 713 Torquato,
1645 670 1820 714 gravissimo
1835 691 1843 705 ‚
1863 672 1896 703 &
1907 671 2094 704 sanffiffimo
2106 675 2184 708 viro,

1223 724 1389 756 premente,
1400 713 1539 745 confiteri
1549 734 1556 748 ,
1570 723 1598 745 te
1608 716 1798 755 provinciam
1809 715 2020 745 Macedoniam
2031 735 2038 749 ,
2052 718 2084 746 in
2094 726 2187 757 quam

1221 767 1337 788 tantum
1349 758 1515 787 exercitum
1525 755 1757 797 transportaffes,
1768 755 1829 786 sine
1838 757 1902 788 ullo
1913 757 2011 787 milite
2022 757 2188 799 reliquiffe?

1223 801 1316 830 Mitto
1327 799 1363 829 de
1372 797 1475 829 amissa
1486 801 1620 829 maxima
1631 808 1710 840 parte
1722 801 1881 829 exercitus.
1904 797 1938 829 fit
1951 800 2010 829 hoc
2023 799 2187 831 infelicita-

1227 843 1265 871 tis
1282 850 1352 872 tuae.
1376 841 1552 871 dimittendi
1565 841 1639 872 vero
1653 843 1801 871 exercitus
1810 850 1900 881 quam
1910 850 1994 881 potes
2005 840 2107 872 afferre
2118 852 2188 871 cau-

1223 883 1311 923 sam?
1326 893 1415 924 quam
1425 882 1601 923 potestatem
1613 882 1763 914 habuisti?
1777 893 1868 924 quam
1880 884 1996 924 legem?
2010 884 2092 924 quod
2104 884 2188 914 sena-

1225 926 1445 956 tusconsultum
1455 928 1464 953 ?
1475 924 1626 966 quodjus?
1635 925 1716 967 quod
1728 925 1924 965 exemplum?
1938 929 1955 952 4
1963 925 2044 966 Qid
2055 925 2097 956 est
2106 926 2186 956 aliud

1223 977 1360 998 Funanss
1371 988 1378 1001 ,
1397 977 1461 997 non
1471 968 1649 1007 cognoscere
1660 969 1801 998 homines
1811 988 1819 1001 ,
1832 977 1897 997 non
1906 969 2084 1008 cognoscere
2094 968 2186 1009 leges,

1204 1037 1205 1041 ,
1224 1019 1288 1039 non
1298 1010 1432 1040 senatum
1445 1029 1452 1043 ‚
1468 1019 1531 1039 non
1541 1011 1695 1040 civitatem
1707 1015 1876 1041 ?cruentare
1886 1019 1994 1050 corpus
2005 1010 2092 1040 suum
2102 1012 2112 1038 ?
2122 1019 2188 1041 ma-

1204 1083 1205 1086 *
1227 1052 1273 1084 ior
1282 1052 1344 1081 haec
1354 1051 1396 1081 est
1407 1053 1473 1081 vitae
1485 1071 1494 1085 ‚
1505 1050 1606 1085 famae,
1619 1052 1719 1082 salutis
1732 1052 1788 1082 suae
1798 1052 1981 1082 vulneratio.
1996 1054 2025 1082 Si
2037 1051 2186 1082 familiam

1205 1113 1206 1131 2
1225 1101 1306 1123 tuam
1317 1091 1475 1123 dimifiss'es
1485 1113 1493 1127 ,
1506 1092 1588 1134 quod
1598 1093 1633 1124 ad
1644 1096 1802 1124 neminem
1812 1113 1820 1128 ,
1836 1092 1890 1123 nifi
1902 1094 1937 1124 ad
1950 1094 2048 1135 ipsum
2061 1103 2088 1124 te
2100 1114 2107 1128 ‚
2120 1104 2188 1135 per-

1205 1160 1207 1175 ζ
1224 1136 1333 1165 tineret
1344 1155 1353 1168 ,
1374 1136 1465 1164 amici
1475 1143 1503 1164 te
1515 1137 1558 1164 tui
1568 1134 1838 1176 constringendum
1848 1144 1994 1176 putarent.
2017 1134 2187 1175 praesidium

1224 1186 1256 1207 tu
1267 1176 1372 1217 populi
1383 1179 1476 1206 Rom.
1489 1174 1638 1211 custodiam
1647 1184 1694 1218 pro
1700 1177 1794 1205 vincia
1807 1197 1815 1210 ,
1835 1175 1947 1216 injussu
1957 1177 2063 1217 populi
2073 1198 2082 1211 ,
2103 1178 2188 1208 sena-

1225 1220 1331 1259 tusque
1350 1215 1508 1248 dimisisses
1518 1238 1527 1251 ‚
1543 1216 1563 1247 fi
1574 1226 1630 1248 tuae
1640 1220 1751 1248 mentis
1761 1228 1888 1258 compos
1898 1217 2020 1248 fuisses?
2043 1222 2118 1249 Ecce
2128 1220 2185 1250 tibi

1224 1260 1299 1291 alter
1309 1281 1318 1294 ‚
1338 1259 1430 1290 effusa
1436 1260 1500 1300 jam
1512 1262 1646 1290 maxima
1658 1259 1755 1300 praeda
1767 1280 1775 1294 ,
1796 1270 1886 1301 quam
1898 1270 1935 1290 ex
1943 1259 2074 1291 fortunis
2083 1261 2187 1302 publi-

1226 1313 1386 1336 canorum,
1398 1312 1435 1332 ex
1447 1304 1533 1343 agriS,
1545 1301 1727 1343 urbibusque
1738 1302 1888 1333 sociorum
1898 1303 2081 1337 exhauserat,
2092 1306 2105 1330 5
2113 1301 2186 1334 cum

1224 1346 1333 1385 partim
1344 1345 1407 1384 ejus
1417 1344 1520 1384 praedae
1532 1343 1689 1384 profundae
1699 1344 1843 1374 libidines
1852 1343 2038 1375 devorassent
2050 1365 2059 1379 ‚
2076 1347 2185 1386 partim

1226 1397 1306 1417 nova
1321 1386 1459 1428 quaedam
1471 1407 1480 1420 ‚
1502 1387 1535 1416 &
1546 1386 1679 1416 inaudita
1690 1387 1821 1416 luxuries
1832 1407 1840 1420 ‚
1860 1388 1969 1427 partim
1979 1388 2070 1417 etiam
2082 1389 2114 1417 in
2124 1387 2186 1417 illis

1225 1429 1300 1459 locis
1309 1449 1317 1462 ,
1332 1429 1384 1459 ubi
1395 1430 1500 1459 omnia
1510 1428 1646 1468 diripuit,
1658 1431 1821 1462 emtiones,
1833 1430 1939 1469 partim
1949 1430 2188 1469 permutationes

1222 1471 1257 1502 ad
1276 1472 1358 1501 hunc
1368 1471 1578 1501 Tusculanum
1597 1479 1737 1500 montem
1755 1470 1993 1506 exstruendum3
2012 1470 2107 1502 ⁶cum
2121 1472 2187 1512 jam

1222 1522 1337 1555 egeret,
1355 1512 1427 1543 cum
1442 1513 1493 1542 illa
1506 1513 1570 1552 ejus
1585 1513 1752 1547 immensa,
1776 1513 2016 1543 &intolerabilis
2026 1512 2187 1544 aedifieatio

1221 1553 1399 1586 constitisset
1410 1565 1416 1584 ι
1429 1554 1578 1594 seipsum,
1588 1554 1691 1584 fasceis
1703 1555 1782 1588 suos,
1793 1556 1959 1585 exercitum
1969 1556 2075 1595 populi
2086 1557 2182 1586 Rom,

1224 1607 1341 1627 numen
1354 1617 1363 1631 ‚
1385 1595 1640 1637 interdie'tumque
1650 1595 1778 1626 deorum
1789 1597 2012 1626 immortalium
2024 1617 2031 1630 ‚
2050 1597 2188 1637 responsa

1226 1639 1412 1670 sacerdotum
1425 1658 1433 1672 ,
1454 1638 1660 1668 auetoritatem
1680 1638 1796 1668 senatus
1809 1658 1818 1671 ‚
1833 1637 1909 1677 jussa
1926 1639 2050 1678 populi,
2070 1648 2187 1669 nomen

1224 1692 1257 1712 ac
1265 1681 1442 1721 dignitatem
1454 1682 1596 1720 imperii,
1614 1682 1675 1721 regi
1684 1682 1826 1721 AEgyptio
1837 1679 1985 1710 vendidit.
2010 1679 2089 1711 Cum
2101 1680 2189 1715 fineis

1227 1725 1392 1764 provincia:
1403 1731 1500 1752 tantos
1510 1722 1631 1751 haberet
1640 1741 1648 1754 ‚
1663 1731 1791 1762 quantos
1802 1722 1951 1755 voluerat,
1967 1731 2094 1762 quantos
2104 1731 2188 1762 opta-

1226 1774 1307 1795 verat
1317 1784 1325 1798 ,
1337 1772 1465 1805 quantos
1477 1765 1538 1792 mei
1548 1764 1650 1802 capitis
1661 1764 1758 1802 pretio
1768 1783 1776 1796 ,
1787 1763 1981 1803 periculoque
1992 1771 2120 1793 emerat:
2140 1765 2189 1794 his

1225 1807 1254 1836 se
1273 1815 1373 1836 tenere
1393 1815 1458 1835 non
1475 1806 1583 1844 potuit.
1606 1805 1774 1834 exercitum
1794 1803 1900 1834 eduxit
1915 1815 1952 1834 ex
1966 1807 2054 1845 Syria.
2079 1804 2141 1846 Qi
2152 1805 2190 1835 li-

1227 1849 1290 1878 cuit
1310 1854 1391 1876 extra
1405 1846 1603 1888 provinciam?
1628 1845 1751 1876 Tribuit
1766 1846 1793 1876 se
1807 1848 2027 1877 mercenarium
2041 1849 2190 1879 comitem

1227 1892 1289 1931 regi
1302 1889 1523 1919 Alexandrino.
1546 1887 1628 1930 Qid
1644 1889 1702 1918 hoc
1716 1890 1854 1930 turpius?
1873 1890 1905 1918 in
1921 1891 2086 1929 AEgyptum
2098 1890 2193 1920 venit:

1229 1930 1307 1973 signa
1317 1931 1447 1962 eontulit
1455 1940 1526 1961 cum
1537 1930 1762 1960 Alexandrinis.
1785 1930 1915 1972 Qando
1926 1932 1984 1961 hoc
1995 1931 2110 1961 bellum
2121 1951 2130 1966 ‚
2141 1940 2193 1963 aut

1210 1996 1212 2006 i
1230 1975 1280 2004 hic
1297 1973 1372 2004 ordo
1391 1994 1400 2007 ,
1429 1981 1480 2003 aut
1495 1972 1627 2013 populus
1647 1972 1835 2012 susceperat?
1860 1974 1945 2013 Cepit
1965 1973 2190 2004 Alexandriam.

1232 2015 1314 2058 Qid
1327 2015 1408 2046 aliud
1422 2013 1632 2055 exspe&amus
1649 2014 1666 2044 ὲ
1681 2013 1782 2044 furore
1796 2015 1860 2054 ejus
1870 2034 1879 2048 ‚
1896 2013 1952 2044 nisi
1963 2024 1996 2045 ut
2006 2015 2041 2046 ad
2055 2016 2191 2046 senatum

1230 2060 1318 2088 tantis
1339 2057 1376 2088 de
1396 2056 1483 2087 rebus
1502 2056 1593 2099 gestis
1609 2056 1721 2086 litteras
1740 2058 1856 2086 mittat?
1883 2058 1943 2087 Hic
1959 2055 1980 2086 fi
1997 2059 2108 2088 mentis
2121 2056 2193 2088 effet

1230 2100 1288 2130 suae
1300 2120 1308 2133 ,
1321 2097 1374 2130 nifi
1385 2108 1490 2140 poenas
1500 2101 1609 2139 patriae,
1621 2098 1736 2139 diisque
1748 2098 1972 2129 immortalibus
1984 2109 2041 2133 eas,
2052 2110 2118 2140 quae
2126 2109 2192 2140 gra-

1230 2140 1356 2172 viffimae
1367 2142 1452 2176 sunt,
1473 2140 1591 2175 furore,
1611 2149 1697 2181 atque
1714 2141 1828 2174 insania
1846 2140 2003 2181 penderet:
2026 2143 2111 2171 ausus
2121 2140 2192 2171 effet

1231 2184 1334 2223 (mitto
1351 2186 1433 2214 exire
1451 2183 1488 2213 de
1506 2183 1675 2223 provincia)
1690 2182 1813 2213 educere
1825 2185 1990 2213 exercitum
2002 2203 2011 2216 ,
2032 2181 2192 2222 bellumfua

1225 2227 1318 2266 sponte
1324 2236 1418 2267 gerere
1427 2246 1435 2260 ,
1451 2227 1485 2255 in
1495 2235 1622 2266 regnum
1631 2223 1741 2264 injuffu
1751 2224 1856 2265 populi
1869 2244 1877 2258 ,
1888 2233 1938 2254 aut
1946 2225 2061 2257 senatus
2070 2225 2192 2254 accede-

1231 2279 1261 2299 re
1274 2271 1284 2297 ?
1299 2279 1364 2310 quae
1373 2267 1444 2299 cum
1454 2267 1592 2308 plutimae
1603 2268 1680 2308 leges
1690 2275 1807 2297 veteres
1818 2286 1826 2299 ,
1842 2275 1908 2295 tum
1919 2266 1968 2295 lex
1979 2266 2118 2296 Cornelia
2128 2276 2193 2296 ma-

1228 2309 1340 2350 jestatis
1352 2330 1361 2343 ,
1380 2310 1462 2352 Julia
1480 2309 1517 2339 de
1535 2310 1672 2348 pecuniis
1690 2307 1862 2347 repetundis
1874 2327 1882 2341 ,
1901 2306 2070 2347 planiffime
2081 2317 2192 2338 vetant:

1231 2352 1281 2382 sed
1302 2352 1365 2381 haec
1385 2353 1505 2380 omitto.
1530 2350 1585 2380 Ille
1599 2369 1607 2383 ,
1626 2348 1647 2378 fi
1665 2357 1730 2379 non
1747 2349 1891 2379 acerrime
1908 2348 2039 2382 fureret,
2057 2350 2193 2384 auderet,

1231 2402 1321 2433 quam
1344 2394 1534 2432 provinciam
1554 2394 1584 2422 P.
1597 2390 1745 2421 Lentulus
1767 2389 1963 2421 amiciffimus
1985 2392 2054 2421 huic
2076 2391 2193 2426 ordini,

1236 2434 1308 2464 cum
1329 2434 1361 2464 &
1379 2432 1552 2464 au&0rita'te
1571 2433 1706 2467 senatus,
1729 2433 1761 2463 ὃς
1773 2433 1847 2462 sorte
1861 2433 2002 2466 haberet,
2024 2432 2194 2473 interpofita

1232 2477 1380 2517 religione
1398 2474 1458 2505 sine
1477 2476 1537 2505 ulla
1554 2475 1741 2505 dubitatione
1761 2473 1959 2515 deposuisset‚
1981 2485 2045 2505 eam
2060 2474 2111 2505 sibi
2127 2485 2193 2506 tum

1214 2545 1216 2547 .
1234 2519 1371 2548 asciscere
1381 2538 1389 2551 ‚
1409 2517 1478 2548 cum
1493 2537 1502 2551 ,
1521 2519 1610 2547 etiam
1622 2515 1642 2546 si
1653 2517 1760 2558 religio
1771 2527 1834 2547 non
1844 2517 2020 2557 impediret,
2035 2528 2094 2546 mos
2103 2518 2196 2557 majo-

1235 2570 1299 2589 rum
1310 2569 1410 2590 tamen
1421 2580 1429 2593 ,
1449 2559 1481 2590 δε
1491 2559 1631 2599 exempla
1641 2579 1649 2593 ,
1668 2559 1700 2589 &
1709 2557 1885 2599 graviflimae
1895 2560 1994 2601 legum
2007 2569 2102 2602 poenae
2114 2569 2195 2590 veta-

1235 2611 1301 2632 rent
1322 2606 1332 2631 ?
1374 2602 1429 2633 Sed
1446 2622 1454 2636 ‚
1477 2603 1621 2643 quoniam
1643 2601 1832 2631 fortunarum
1851 2603 2081 2631 contentionem
2100 2600 2194 2632 facere

1236 2646 1401 2684 coepimus:
1421 2643 1457 2674 de
1466 2644 1563 2674 reditu
1575 2644 1698 2673 Gabinii
1708 2644 1900 2673 omittamus:
1915 2653 2005 2683 quem
2018 2642 2068 2673 etsi
2078 2641 2129 2673 fibi
2139 2641 2194 2683 ipsi

1236 2687 1370 2726 praeeidit
1388 2707 1397 2719 ‚
1421 2696 1477 2728 ego
1494 2695 1597 2716 tamen
1614 2696 1650 2715 os
1667 2694 1701 2715 ut
1718 2685 1838 2715 videam
1856 2687 1993 2715 hominis
2006 2705 2015 2719 ,
2039 2684 2192 2725 exspesto.

1237 2731 1342 2758 Tuum
1354 2749 1362 2762 ,
1375 2727 1395 2757 sl
1406 2729 1500 2768 placet
1508 2748 1517 2762 ‚
1530 2727 1661 2758 reditum
1671 2737 1742 2757 cum
1753 2737 1822 2757 meo
1832 2726 2031 2757 conferamus.
2055 2731 2098 2756 Ac
2108 2736 2195 2757 meus

1237 2771 1362 2811 quidem
1373 2772 1398 2800 is
1408 2770 1467 2800 fuit
1476 2790 1485 2804 ,
1505 2778 1538 2800 ut
1548 2769 1564 2800 a
1575 2768 1741 2800 Brundusio
1752 2769 1845 2810 usque
1855 2771 1990 2799 Romam
2010 2778 2117 2810 agmen
2128 2778 2195 2807 per-

2069 2819 2196 2850 petuuin

1218 2901 1219 2904 =
1236 2886 1268 2912 tis
1284 2885 1422 2912 Lambini.

232 2926 289 2944 mora
299 2922 401 2949 intcsiaa
413 2929 504 2948 imam.
522 2920 718 2957 atmiliiniagis
739 2921 826 2957 placet
835 2919 908 2956 quod
926 2921 1030 2948 invenit
1041 2921 1067 2947 in
1081 2929 1147 2947 vett..
1160 2921 1193 2947 li-
1217 2917 1219 2931 ²

1274 2931 1300 2956 5.
1320 2922 1378 2948 Crem
1383 2925 1475 2955 partim
1484 2921 1619 2956 ejuspraedae
1625 2921 1745 2953 profimdae
1753 2919 1821 2946 libid.
1831 2919 1927 2953 dmm]
1949 2919 2035 2946 Etiam
2047 2920 2127 2946 nostri
2138 2918 2196 2954 mss'.
2227 2910 2235 2921 Α

1235 2957 1380 2994 agnoscunt
1387 2959 1500 2991 pradum.
1520 2956 1561 2984 sed
1572 2956 1636 2992 quid
1647 2957 1717 2983 hoe?
1736 2955 1841 2982 videtur
1852 2965 1882 2981 ea
1893 2965 1943 2982 vox
1965 2955 2039 2982 simul
2059 2965 2117 2982 cum
2129 2965 2195 2993 pra*-

1216 3009 1217 3024 1
1235 2993 1339 3021 cedenti
1351 2994 1516 3021 exturbanda
1525 3012 1533 3026 ,
1557 3001 1680 3029 tanquam
1690 2992 1780 3019 adiuta
1790 3002 1805 3018 a
1817 2992 1931 3019 librariis
1944 3012 1953 3025 ,
1964 3000 1993 3019 ut
2003 2994 2030 3019 &
2043 2993 2125 3019 risum
2137 2994 2195 3020 Gu-

1215 3034 1217 3061 ]
1236 3031 1350 3057 lielmlo.

1272 3067 1300 3093 6.
1321 3070 1379 3092 Cum
1388 3069 1443 3100 jam
1462 3066 1560 3099 egeret]
1581 3066 1648 3091 Tres
1668 3064 1705 3090 liae
1728 3073 1802 3091 voees
1815 3064 1935 3091 visuntur
1954 3064 1981 3091 iu
1992 3064 2192 3091 Manutianis&

1236 3102 1430 3130 Lambinianis.
1451 3102 1494 3129 std
1516 3112 1566 3128 nou
1579 3102 1687 3128 invenio
1706 3101 1731 3126 iti
1744 3101 1812 3127 Pell.
1830 3108 1875 3127 aut
1894 3100 1955 3126 edd.
1970 3108 2036 3126 vett.
2057 3107 2193 3127 manarunt

1237 3139 1321 3165 forsan
1343 3149 1357 3166 a
1377 3141 1491 3167 Faenio.
1511 3138 1593 3165 iidem
1613 3147 1676 3164 mox
1695 3138 1774 3164 etiam
1789 3139 1917 3172 priq‘ertmt
1934 3138 2064 3171 intemmffiv
2081 3146 2130 3172 pro
2147 3139 2193 3163 im-

1237 3176 1325 3210 mensa.
2155 3202 2160 3205 ,
2179 3199 2186 3205 ,

2073 3210 2193 3234 1.Patres
