2360 3400
111 1354 151 1378 21
177 1342 258 1374 effer.

670 101 764 135 DE

183 185 235 208 ma
243 171 426 216 inapersona
433 170 477 202 est
485 181 494 206 ς
503 178 537 202 ut
546 170 573 201 is
581 191 590 205 ‚
601 172 654 213 qui
664 172 690 202 ei
702 172 755 212 qui
766 178 905 201 mortuus
915 168 965 204 fic,
976 170 1137 210 pecuniam

182 218 321 249 debuerit
333 235 342 249 ,
362 215 540 255 neminique
559 223 624 244 eam
654 214 775 244 solverit
794 233 804 247 ‚
834 212 960 252 perinde
987 211 1138 244 habeatur,

118 266 165 291 20
184 257 263 301 quali
281 267 348 288 eam
366 258 526 296 pecuniam
545 257 665 296 ceperit.
710 258 785 286 Haec
795 264 851 284 nos
865 254 881 284 a
890 254 1021 284 Scaevola
1030 252 1141 283 didici-

183 309 253 331 mus
266 311 275 334 ·,
293 309 358 329 non
372 301 411 328 ita
423 298 566 337 descripta
580 298 616 328 ab
631 300 775 338 antiquis.
798 298 879 326 Nam
893 296 940 324 illi
954 295 1079 336 quidem
1094 295 1142 323 his

182 341 284 373 verbis
293 340 441 371 docebant
451 360 459 373 ,
475 343 484 359 ¹
497 338 589 368 tribus
600 339 689 368 modis
697 340 781 370 sacris
791 337 931 377 adstringi
943 348 948 365 z
960 336 1122 366 hereditate
1134 345 1140 364 ι

180 381 263 415 autfi
274 383 419 420 majorem
431 391 544 421 partem
556 384 690 422 pecuniae
699 389 808 420 capiat:
821 388 869 409 aut
880 378 899 408 si
910 388 1006 417 major
1014 387 1079 422 pars
1089 387 1141 417 pe-

180 427 280 456 cuniae
292 425 382 466 legata
392 422 434 454 est
445 444 453 457 ‚
473 423 493 453 si
504 423 574 453 inde
586 425 740 464 quippiam
751 424 870 462 ceperit.
894 419 950 451 Sed
960 421 1140 459 pontificem

179 467 353 508 sequamur.
372 465 490 496 Videtis
502 467 590 506 igitur
600 467 704 495 omnia
712 462 841 505 pendere
852 472 890 492 ex
901 471 963 492 uno
973 461 1044 494 illo,
1056 460 1139 504 quod

178 594 240 623 hoc
249 592 389 623 Scaevolae
400 612 409 626 ‚
423 595 437 610 ²
449 591 530 632 quod
541 590 582 620 est
593 593 710 630 partitio
724 601 730 619 2
746 593 758 617 3
771 598 814 623 ut,
824 587 844 617 si
858 591 890 618 in
900 586 1078 617 testamento
1090 585 1141 615 de-

180 634 280 668 dubia,
291 635 393 673 scripta
403 643 466 664 non
477 632 509 662 sir
520 653 529 666 ,
547 632 657 673 ipsique
666 634 770 661 minus
779 632 923 671 ceperint,
934 630 1024 670 quam
1036 629 1143 657 omni—

179 676 236 707 bus
258 676 416 706 heredibus
435 675 638 715 relinquatur,
658 674 782 704 sacrisne
796 674 964 714 alligentur.
998 666 1035 700 In
1055 669 1160 708 alona-³

179 719 254 748 tione
263 719 320 748 hoc
332 717 425 748 iidem
437 717 517 747 secus
529 719 776 755 interpretantur?
794 715 826 744 ὅτ,
837 712 919 754 quod
930 709 1142 752 paterfamilias

179 762 214 790 in
226 770 291 800 ejus
301 760 465 790 donatione
476 779 485 792 ,
499 760 551 798 qui
562 760 595 787 in
606 756 694 798 ipfius
704 755 844 796 potestate
854 753 942 788 effer,
956 753 1141 794 approbavit,

178 811 276 834 ratum
289 801 344 832 est:
358 801 439 842 quod
451 810 487 830 eo
497 800 640 830 insciente
651 798 766 829 saecum
777 798 819 827 est
830 817 839 829 ‚
852 795 871 826 si
883 797 914 826 id
926 799 949 826 is
960 805 1025 825 non
1035 804 1142 834 appro-

177 845 229 876 bat
239 864 247 877 ,
267 853 361 874 ratum
374 852 437 872 non
449 841 502 872 est.
535 844 592 870 His
606 839 762 879 propositis
775 859 782 872 ‚
805 837 1027 879 quaestiunculae
1039 836 1143 865 multae

179 887 339 916 nascuntur
350 888 382 912 :4
391 893 462 923 quas
473 893 525 922 qui
540 883 685 921 intelligat
695 901 703 914 ‚
716 891 778 910 non
790 880 809 909 si
821 880 856 910 ad
867 889 954 919 caput
964 878 1080 911 referat,
1093 887 1144 917 per
1157 915 1159 921 ‚

177 929 207 958 se
217 927 278 966 ipse
289 925 377 955 facile
390 924 561 963 perspiciat:
584 923 679 953 veluti
690 943 698 956 ‚
722 921 741 951 si
754 924 857 951 minus
866 924 936 962 quis
945 918 1065 960 cepisset
1075 940 1084 953 ‚
1103 929 1142 949 ne

176 969 265 999 sacris
282 967 451 1008 alligaretur
466 975 471 993 :
489 975 521 994 ac
535 963 601 1004 post
611 964 648 994 de
659 965 724 1004 ejus
736 963 894 993 heredibus
905 963 1015 1003 aliquis
1025 962 1140 1002 exegis-
1156 999 1158 1004 .

177 1010 284 1049 setpro
294 1009 342 1039 sua
350 1017 430 1048 parte
440 1006 487 1040 id,
500 1006 581 1047 quod
592 1007 628 1036 ab
638 1016 691 1040 eo,
702 1006 858 1046 cujusipse
869 1005 954 1034 heres
964 1003 1052 1037 effer,
1065 1013 1139 1043 prae-
1156 1005 1158 1028 ἓ
1181 1005 1239 1036 effe
1249 1006 1426 1044 adjuntSium
1438 1009 1566 1048 putabat.
1588 1010 1657 1050 Jam
1671 1020 1750 1040 [ama
1764 1011 1869 1050 reljgm
1883 1010 1924 1040 est
1936 1010 2136 1050 fhpuaerorum,
2156 1018 2200 1043 22

177 1049 348 1082 termiffum
359 1048 468 1080 fuiffet:
480 1059 570 1089 eaque
581 1051 706 1088 pecunia
717 1058 780 1077 non
789 1050 892 1077 minor
901 1045 973 1076 esset
982 1045 1057 1076 fasta
1067 1055 1137 1074 cum

175 1094 330 1133 superiore
348 1090 524 1123 exafflone,
547 1100 636 1130 quam
652 1090 811 1120 heredibus
825 1088 969 1119 omnibus
982 1086 1054 1117 efl‘et
1066 1087 1138 1116 reli-

175 1135 242 1165 &at
263 1135 314 1176 qui
334 1144 400 1164 eain
421 1135 579 1173 pecuniam
597 1130 739 1172 exegisset
749 1151 757 1165 ‚
779 1135 792 1159 5
801 1132 900 1161 solum
912 1129 971 1159 sine
981 1128 1139 1159 coheredi-

176 1177 234 1208 bus
243 1197 253 1211 ,
275 1177 361 1206 sacris
370 1176 493 1215 alligari.
517 1176 601 1215 Qun
613 1176 701 1204 etiam
712 1183 820 1204 cavent
829 1193 837 1206 ‚
861 1182 894 1202 ur
904 1193 912 1206 ‚
924 1173 972 1202 cui
983 1172 1050 1211 plus
1059 1171 1139 1211 lega-

176 1228 244 1249 tum
255 1217 289 1248 sit
299 1238 308 1251 ,
328 1227 417 1258 quam
429 1216 490 1246 line
501 1218 648 1257 religione
658 1225 761 1256 capere
770 1217 856 1245 liceat
866 1235 874 1249 ,
889 1217 914 1244 is
924 1224 974 1254 pei·
984 1223 1023 1243 aes
1033 1233 1041 1247 ‚
1057 1212 1089 1242 ὃς
1099 1214 1139 1242 li-

174 1260 260 1291 bram
274 1281 283 1293 ‚
295 1258 310 1279 ⁶
319 1259 458 1289 heredem
471 1257 639 1288 testamenti
651 1258 755 1291 solvat,
766 1266 918 1298 propterea
927 1256 1011 1297 quod
1022 1265 1059 1285 eo
1070 1255 1141 1285 loco

175 1312 221 1332 res
233 1301 276 1332 est
286 1321 294 1335 ,
316 1303 355 1331 ita
366 1302 460 1332 soluta
472 1300 631 1330 hereditate
641 1320 649 1333 ,
670 1298 747 1341 quasi
768 1310 800 1329 ea
818 1301 943 1339 pecunia
961 1298 1053 1338 legata
1073 1307 1137 1327 non

305 1346 374 1373 Hoc
384 1353 440 1384 ego
451 1344 518 1373 loco
528 1362 536 1375 ,
554 1342 715 1382 multisque
727 1343 792 1371 aliis
802 1351 904 1382 quaero
913 1342 928 1370 a
940 1340 1028 1370 vobis
1039 1359 1048 1373 ‚
1060 1342 1137 1369 Scae—

175 1386 254 1417 volae
264 1404 273 1419 ‚
285 1383 444 1425 pontifices
455 1387 604 1417 maximi,
619 1384 651 1413 &
662 1385 804 1413 homines
816 1403 823 1416 ,
840 1392 909 1412 meo
920 1381 1044 1423 quidem
1056 1381 1138 1419 judi—

174 1429 224 1457 cio
237 1447 244 1460 ‚
256 1425 413 1457 acutissimi
425 1446 433 1460 ‚
445 1426 518 1466 quid
530 1424 564 1454 sit
574 1445 582 1458 ‚
594 1425 675 1465 quod
686 1424 779 1464 adjus
788 1423 982 1464 pontificium
994 1423 1079 1452 civile
1087 1432 1136 1462 :ip—

173 1471 290 1510 petatis.
322 1469 421 1498 civilis
440 1469 522 1496 enim
544 1468 619 1505 juris
642 1467 764 1496 scientia
786 1465 980 1506 pontificium
1002 1465 1133 1505 quodam
1153 1505 1154 1510 1

174 1510 274 1541 modo
283 1510 402 1539 tollitis.
426 1518 496 1539 nam
508 1508 583 1538 sacra
593 1517 662 1537 cum
672 1510 798 1547 pecunia
807 1527 816 1540 ‚
837 1506 1018 1547 pontificum
1029 1506 1134 1536 3υὲὶο-

172 1555 258 1582 ritate
268 1570 276 1584 ,
294 1551 378 1580 nulla
388 1551 452 1592 lege
462 1569 471 1583 ‚
491 1548 655 1589 conJ'unCm
665 1550 742 1578 sunt.
766 1552 894 1589 7Itaque
905 1547 924 1577 si
935 1557 989 1577 vos
1000 1557 1132 1577 tantum·
1152 1573 1154 1580 ‚

171 1592 269 1624 modo
289 1591 449 1632 pontifices
466 1590 564 1622 effetis
575 1611 584 1626 ,
604 1589 786 1631 pontificalis
805 1599 939 1620 maneret
956 1588 1114 1618 auEroritas
1128 1599 1134 1617 1

173 1634 226 1666 sed
244 1630 259 1653 ⁸
270 1635 352 1675 quod
363 1634 541 1673 iidemjuris
555 1634 654 1663 ciVilis
665 1631 734 1662 estis
744 1631 911 1671 peritiffimi
922 1651 930 1665 ‚
949 1632 1002 1661 hac
1013 1630 1134 1660 scientia

172 1677 226 1707 illa
234 1676 369 1706 eluditis.
391 1676 505 1706 Placuit
513 1678 547 1706 P.
558 1675 697 1705 Scaevolae
708 1694 716 1708 ‚
729 1673 761 1703 δί
774 1674 965 1704 Coruncanio
976 1692 985 1706 ,
1006 1671 1132 1712 pontifi-

168 1718 257 1750 cibus
269 1719 430 1751 maximis‚
447 1719 581 1757 itemque
593 1718 716 1749 ceteris,
732 1718 796 1754 Qui
812 1723 1029 1745 τΑΝτυΜοεΜ
1047 1724 1132 1754 cape-

169 1769 235 1793 ret,
255 1768 402 1800 quantum
419 1768 529 1788 omnes
550 1757 670 1788 heredes
683 1776 691 1790 ‚
710 1757 795 1787 sacris
814 1757 936 1797 alligari.
961 1755 1066 1785 Habeo
1082 1758 1132 1794 jus

169 1801 373 1843 pontificium.
398 1800 480 1843 Qid
500 1801 559 1830 huc
577 1797 691 1830 acceffit
704 1808 742 1828 ex
759 1808 823 1838 jure
836 1798 942 1828 civili-²
961 1799 1131 1836 partitionis

166 1853 255 1884 caput
265 1863 274 1878 ‚
286 1843 338 1874 scri
364 1852 428 1873 tum
441 1841 526 1872 caute
537 1862 546 1875 ,
567 1850 604 1872 ut
616 1850 758 1871 caurum
770 1841 892 1871 nummi
903 1838 1130 1868 deducerentur.

165 1887 297 1917 Inventa
315 1895 330 1914 e
372 1886 464 1918 ratio,
486 1893 537 1913 cur
546 1885 671 1923 pecunia
680 1882 830 1912 sacrorum
842 1879 1130 1912 molestialiberare-

166 1937 225 1958 tur.
250 1926 342 1968 Qod
361 1924 382 1955 fi
399 1927 460 1955 -hoc
472 1945 481 1959 ‚
501 1928 552 1965 qui
566 1924 778 1955 testamentum
793 1923 938 1956 faciebat,
956 1932 1057 1953 cavere
1073 1932 1129 1952 no-

162 1967 283 2003 luisset,
305 1969 450 1999 admonet
462 1966 692 2008 jurisconsultus
705 1967 756 1997 hic
774 1965 899 2007 quidem
920 1964 982 2005 ipse
992 1966 1125 1998 Mucius,

844 88 1261 136 Leones

1342 91 1384 138 L
1419 105 1436 137 1
1474 105 1516 136 n.
1547 114 1553 117 -
1588 91 1660 138 11.
2023 106 2144 149 1201,

1183 171 1325 213 pontifex
1343 172 1444 207 idem,
1464 183 1498 204 ut
1516 174 1618 204 minus
1632 175 1744 215 capiat,
1764 174 1855 216 quam
1867 172 2013 205 omnibus
2027 174 2145 205 heredi-

1182 215 1236 244 bus
1247 216 1438 255 relinquatur.
1460 219 1476 242 9
1495 216 1752 257 Superdicebant,
1770 227 1823 258 qui
1842 217 1916 258 quid
1933 214 2073 257 cepisset,
2093 216 2146 246 ad-

1181 255 1296 297 stringi.
1319 257 1436 287 Rursus
1448 257 1531 288 sacris
1543 259 1715 290 liberantur.
1740 262 1809 289 Hoc
1820 258 1891 289 vero
1902 260 1979 289 nihil
1994 258 2031 289 ad
2040 260 2144 299 ponti-

1182 296 1286 328 ficium
1295 299 1344 337 jus
1356 319 1365 332 ‚
1386 299 1420 329 δε
1429 299 1446 329 e
1458 299 1562 329 medio
1573 299 1689 340 estjure
1698 301 1803 335 civili,
1822 310 1854 331 ut
1863 309 1912 343 per
1924 311 1955 329 aes
1965 320 1974 335 ,
1995 299 2145 333 &libram

1180 340 1323 370 heredem
1334 340 1504 371 testamenti
1519 341 1651 376 solvant,
1674 342 1706 372 δε
1719 343 1830 373 eodem
1844 343 1912 373 loco
1926 352 1971 372 res
1988 340 2041 375 sit,
2063 339 2144 383 quasi

1181 390 1214 410 ea
1224 383 1349 420 pecunia
1361 382 1451 423 legata
1461 392 1524 412 non
1536 382 1607 413 effer
1618 403 1627 417 ‚
1650 383 1671 413 fi
1682 386 1707 413 is
1718 405 1727 418 ‚
1743 386 1792 414 cui
1802 385 1933 425 legatum
1944 383 1987 414 est
1999 404 2009 417 ‚
2021 383 2146 423 stipula-

1183 430 1233 452 tus
1241 422 1284 452 est
1296 423 1425 462 idipsum
1440 444 1450 458 ‚
1467 425 1550 464 quod
1560 425 1688 466 legatum
1700 425 1742 456 est
1752 446 1760 460 ,
1781 436 1813 456 ut
1823 436 1856 456 ea
1864 428 1990 466 pecunia
2000 435 2037 455 ex
2049 424 2143 465 stipu-

1183 464 1295 493 latione
1306 465 1458 499 debeatur,
1473 468 1502 484 ¹0
1513 465 1603 507 fitque
1617 477 1649 497 ea
1662 466 1729 506 [non
1738 469 1860 508 adigam
1868 469 1963 507 sacris.
1976 468 2058 496 Venio
2067 477 2141 495 nunc

164 508 343 550 ,pontifices
352 510 510 548 pecuniam
521 507 608 537 sacris
617 507 763 546 conjungi
773 506 882 536 volunt
894 514 900 532 2
918 503 1085 543 iisdemque
1096 505 1141 531 te·
1159 511 1160 535 3
1183 505 1223 534 aa'
1231 506 1359 534 manium
1368 508 1438 544 jura
1449 527 1456 540 ‚
1477 517 1535 548 quae
1545 510 1659 547 majores
1669 508 1750 545 nostri
1761 510 1795 542 ῥ-
1806 508 2005 551 [liprenriffime‘
2014 507 2144 545 institue-

179 553 238 581 rias
247 571 256 584 ‚
270 551 500 581 &caerimonias
509 548 714 579 adscribendas
723 556 838 588 putant.
857 549 954 586 Atque
966 547 1056 574 etiam
1068 543 1141 574 dant
1159 567 1160 575 .

1182 555 1250 576 runt
1259 567 1267 580 ‚
1290 548 1324 579 (²9-
1339 549 1510 588 reiigioffime
1522 550 1673 580 coluerunt.
1695 550 1844 580 Februario
1853 559 1950 580 autem
1963 551 2051 590 mense
2062 570 2070 583 ,
2088 561 2143 592 qm

1184 596 1252 617 tunc
1266 597 1404 618 extremus
1414 601 1481 619 anni
1492 592 1585 631 mensis
1595 601 1653 621 erat
1666 613 1674 626 ,
1692 602 1806 622 mortuis
1816 593 1960 634 parentari
1969 600 2119 621 votuerunt
2129 603 2141 619 .·

1183 630 1258 677 quod
1267 638 1360 659 tamen
1371 634 1412 660 D.
1425 635 1529 661 Brutm
1540 653 1547 666 ,
1568 642 1601 662 ut
1611 635 1750 675 firiptum
1759 634 1775 664 ά
1785 636 1900 675 Sifimna
1910 632 1953 663 eff
1963 654 1972 668 ‚
1992 633 2140 663 Decembri

1177 675 1272 711 facere
1283 672 1400 711 solebat.
1427 675 1510 712 Cujus
1530 685 1575 715 ego
1595 677 1633 704 rei
1647 678 1760 715 causam
1773 676 1837 706 cim:
1854 686 1961 705 mecum
1974 685 2118 716 quererent
2130 695 2138 707 ,

1182 716 1307 743 Brutum
1326 714 1489 755 reperiebam
1507 716 1606 745 idcirco
1617 713 1633 745 ὰ
1643 728 1715 746 more
1729 720 1866 757 majorum
1876 717 2013 757 discffffi
2026 738 2033 749 ‚
2054 717 2142 756 (nam

1184 755 1329 794 Sisennam
1339 757 1418 785 video
1428 758 1541 797 raufizm
1551 778 1558 791 ‚
1575 769 1623 787 cur
1637 770 1655 787 u
1669 768 1749 787 vetus
1768 759 1929 796 institurum
1943 758 2138 798 tionservarir,

1184 797 1318 837 ignorare.
1332 800 1465 841 *Brutum
1483 807 1579 828 autem
1596 802 1735 837 majorum
1753 802 1901 837 nostrorum
1918 800 2081 837 institurum
2097 807 2140 829 te-

1182 849 1254 868 mere
1270 839 1434 879 negtexiffe,
1455 852 1506 869 non
1517 841 1557 879 fit
1575 843 1647 870 mihi
1666 843 1828 884 verisimile]
1840 843 1964 873 doe’tuin
1977 843 2138 872 hominem

1180 882 1268 911 sane:
1289 884 1374 921 cujus
1385 881 1443 912 fuit
1453 886 1561 913 Accius
1573 883 1796 923 perfamiliaris:
1812 892 1820 923 J
1841 885 1889 914 sed
1901 885 2002 914 mense
2014 904 2022 917 ‚
2037 883 2139 916 credo,

1182 932 1354 953 extremum
1374 925 1465 958 anni,
1486 935 1519 954 ut
1537 935 1651 956 veteres
1661 926 1852 956 Februarium
1866 948 1873 959 ,
1894 925 1930 956 sic
1949 927 1998 956 hic
2009 928 2140 955 Decem-

1182 964 1268 995 brem
1280 965 1462 1006 sequebatur.
1486 966 1582 1002 Hostia
1593 977 1692 998 autem
1705 970 1835 998 maxima
1845 977 1994 1008 parentare
2004 988 2011 1001 ‚
2023 969 2140 1007 pietatis

1180 1058 1213 1078 ut
1225 1058 1307 1079 extra
1319 1050 1412 1083 sacra,
1434 1050 1467 1080 &
1483 1060 1603 1091 gentem
1616 1071 1625 1085 ‚
1645 1052 1750 1082 inferri
1769 1051 1811 1081 fas
1829 1061 1937 1093 negent
1950 1049 2007 1081 ess'e
2022 1062 2027 1080 ;
2047 1051 2138 1091 idque

1178 1091 1256 1130 apud
1276 1093 1406 1130 majores
1424 1092 1542 1122 nostros
1566 1095 1600 1122 A.
1622 1096 1792 1134 Torquatus
1803 1096 1834 1124 in
1856 1103 1943 1134 gente
1955 1093 2069 1132 Popilia
2089 1094 2138 1131 ju-

1179 1132 1298 1162 dicavit.
1322 1136 1388 1163 Nec
1399 1133 1471 1163 vero
1483 1143 1540 1164 tam
1552 1134 1698 1169 denicales,
1711 1146 1775 1176 quae
1785 1136 1800 1166 ii
1810 1146 1882 1167 nece
1892 1135 2042 1176 appellatae
2053 1134 2135 1167 sunt,

1180 1178 1277 1215 ¹‘quia
1287 1174 1449 1206 reficientur
1459 1179 1679 1217 moriui‚quam
1690 1188 1857 1208 ceterorum
1868 1176 2029 1208 caelestium
2041 1179 2136 1216 quieti

1178 1216 1260 1251 dies,
1279 1216 1361 1247 feriae
1382 1220 1629 1252 nominarentur,
1648 1218 1703 1249 nisi
1722 1221 1850 1259 majores
1870 1229 1942 1252 eos,
1962 1222 2015 1260 qui
2032 1228 2070 1247 ex
2082 1218 2137 1247 hac

1178 1260 1239 1288 vita
1249 1258 1421 1300 migrassent
1433 1279 1441 1293 ‚
1462 1262 1495 1290 in
1505 1260 1632 1291 deorum
1644 1272 1774 1291 numero
1785 1260 1841 1291 effe
1853 1259 2016 1291 voluiss'ent
2028 1271 2033 1288 ι
2045 1269 2093 1289 eas
2103 1262 2138 1289 in

1179 1310 1230 1330 eos
1241 1301 1304 1330 dies
1314 1300 1448 1331 conferre
1462 1305 1490 1321 ¹²
1499 1303 1559 1342 jus.
1573 1304 1684 1343 quibus
1697 1313 1792 1344 neque
1805 1302 1893 1344 ipfius
1904 1323 1912 1336 ‚
1927 1312 2024 1343 neque
2035 1301 2139 1341 publi-

1177 1352 1218 1372 cae
1228 1341 1308 1372 feriae
1326 1341 1391 1373 fint.
1417 1353 1535 1385 totaque
1553 1345 1642 1383 hujus
1660 1346 1735 1384 juris
1752 1344 1933 1386 compositio
1952 1342 2137 1384 pontificalis

1154 1389 1155 1393 ’
1177 1394 1316 1425 magnam
1336 1386 1516 1425 religionem
1529 1406 1537 1419 ,
1566 1390 1838 1429 caeremoniamque
1857 1387 1993 1418 declarat.
2026 1387 2135 1425 Neque

1176 1425 1291 1456 necesse
1301 1425 1344 1456 est
1353 1427 1471 1471 edili'eri
1481 1430 1497 1457 a
1508 1429 1607 1462 nobis,
1619 1428 2000 1469 quaefi'n'ufimestxfamiliae,
2013 1431 2039 1454 ¹3
2051 1426 2134 1467 quod

1176 1478 1270 1508 genus
1281 1468 1413 1499 sacrificii
1423 1472 1498 1499 Lare
1512 1471 1687 1501 vervecibus
1698 1470 1767 1505 fiat3
1782 1475 1810 1498 ¹4
1819 1469 2082 1512 quemadmodum
2097 1477 2134 1498 0⁵

1175 1509 1321 1549 reje&um
1331 1519 1414 1541 terrae
1424 1511 1597 1553 obtegatur?
1610 1523 1733 1553 quaeque
1747 1515 1808 1543 ¹5in
1817 1523 1904 1553 porca
1913 1510 2136 1549 contra&ajura

1176 1549 1251 1585 finti
1268 1561 1330 1591 quo
1349 1561 1485 1592 tempore
1505 1556 1629 1593 incipiat
1648 1555 1816 1593 sepulcrum
1839 1552 1897 1583 ess'e
1911 1572 1920 1587 ‚
1941 1552 2134 1592 &religione

1173 1600 1317 1621 teneatur.
1344 1591 1372 1612 ¹⁶
1384 1597 1424 1623 At
1443 1596 1520 1623 milii
1531 1595 1654 1634 quidem
1667 1593 1907 1634 antiquiffimum
1919 1594 2073 1633 sepulturae
2083 1603 2136 1632 ge·

1172 1643 1230 1662 nus
1238 1634 1268 1663 id
1278 1632 1366 1663 fuifl'e
1377 1635 1508 1669 videtur,
1518 1645 1579 1676 quo
1588 1636 1666 1676 apud
1678 1637 1916 1676 Xenophontem
1929 1637 2022 1674 Cyrus
2030 1635 2134 1664 utitur.

1172 1675 1306 1705 redditur
1318 1678 1401 1706 enim
1415 1685 1497 1707 terrae
1507 1687 1615 1717 corpus
1626 1697 1634 1712 ‚
1648 1677 1681 1708 δε
1692 1680 1732 1708 ita
1742 1678 1886 1711 locatum,
1899 1687 1930 1708 ac
1941 1676 2040 1710 flium,
2052 1675 2134 1716 quasi

1170 1718 1333 1758 operimento
1345 1719 1442 1748 matris
1452 1719 1622 1750 obducitur.
1646 1719 1815 1761 eodemque
1825 1722 1882 1750 ritu
1895 1721 1926 1749 in
1937 1729 1974 1749 eo
1983 1718 2131 1758 sepulcro,

1172 1760 1284 1799 ¹7quod
1293 1761 1399 1802 procul
1409 1761 1445 1792 ad
1455 1760 1551 1791 fontis
1560 1771 1635 1795 aras,
1645 1771 1745 1802 regem
1758 1760 1896 1792 nostrum
1908 1763 2045 1791 Numam
2058 1769 2134 1790 con-

1169 1799 1269 1830 ditum
1287 1804 1458 1841 accepimus
1479 1813 1484 1831 :
1508 1812 1691 1844 gentemque
1712 1804 1885 1833 Corneliam
1902 1802 1993 1843 usque
2011 1802 2047 1832 ad
2065 1811 2134 1832 me—

1172 1843 1301 1872 moriam
1323 1842 1454 1873 nostram
1477 1845 1530 1873 hac
1540 1844 1688 1883 sepultura
1697 1845 1807 1874 scimus
1817 1843 1874 1875 effe
1888 1844 1980 1874 usam.
1994 1844 2132 1874 C.Marii

1170 1880 1233 1912 sitas
1244 1884 1384 1924 reliquias
1401 1884 1479 1924 apud
1492 1886 1644 1916 Anienem
1658 1905 1666 1919 ,
1688 1885 1815 1926 dissipari
1830 1884 1911 1926 juffit
1928 1885 2008 1916 Sulla
2018 1884 2127 1918 vietor,

1167 1924 1318 1955 acerbiore
1330 1925 1389 1955 odio
1401 1927 1650 1969 incitatus‚quam
1664 1925 1683 1956 fi
1697 1937 1757 1957 tam
1768 1928 1880 1968 sapiens
1890 1922 2128 1967 fuiss'et‚¹3quam

1168 1964 1228 1997 fuit
1239 1967 1415 1998 vehemens.
1429 1968 1510 2010 quod
1520 1968 1599 2000 haud
1610 1969 1671 2000 scio
1681 1978 1719 2000 an
1729 1971 1841 2001 timens
1851 1970 1904 2001 suo
1915 1978 2033 2010 corpori
2043 1966 2127 2009 poss'e

2047 2021 2127 2041 acci-

200 2087 224 2106 1.
243 2081 329 2107 Tribus
344 2081 414 2107 modis
426 2081 556 2114 adstringi:
573 2081 702 2107 hereditat:
713 2100 720 2113 ,
738 2080 806 2115 ὡς]
827 2080 914 2106 Secuti
926 2079 1013 2106 snmus
1024 2077 1122 2106 editio—

159 2124 222 2142 nem
232 2116 365 2142 ViStorii:
382 2126 461 2152 quam
471 2118 499 2143 &
511 2117 651 2143 Tui-nebus
663 2116 869 2153 repraestlltal‘i13
883 2117 925 2142 cui
936 2116 1063 2142 Turnebo
1074 2124 1121 2151 per

1162 2080 1219 2106 neri
1239 2081 1310 2116 poss‘e
1324 2080 1445 2108 censebat
1455 2080 1618 2107 Gulielmius
1631 2092 1637 2108 :
1659 2081 1779 2118 quamvis
1790 2089 1882 2107 eornni
1895 2077 1999 2105 nullum
2010 2076 2126 2103 exstaret

1163 2117 1301 2152 vestigium
1312 2117 1338 2143 in
1351 2117 1429 2143 Fabr.
1440 2125 1485 2144 aut
1496 2119 1522 2143 S.
1535 2116 1608 2143 Viffl'.
1622 2118 1649 2143 8<
1661 2118 1724 2143 vero
1745 2115 1922 2151 nihilomagis
1933 2121 2085 2148 comparent
2095 2113 2124 2140 iu

158 2152 250 2178 omnia
260 2151 317 2178 fere
327 2152 402 2178 libris
413 2153 452 2178 liis
475 2152 558 2179 tribus
569 2152 692 2179 secundas
703 2153 760 2188 agit
770 2152 856 2179 Aldus
868 2152 1003 2178 Manutius
1015 2153 1119 2187 Nepos.
1140 2154 1142 2181 ,¹
1162 2153 1218 2179 Pal.
1230 2154 1312 2179 tertio
1321 2162 1366 2180 aut
1377 2161 1489 2188 quarto:
1504 2152 1679 2189 respuuntque
1690 2162 1782 2179 omnes
1792 2153 1824 2179 ad
1835 2161 1916 2179 unum
1928 2150 2071 2177 editiones.

156 2188 283 2223 equidem
295 2189 320 2214 in
332 2198 359 2214 re
371 2196 424 2214 tam
435 2187 542 2215 obscura
557 2208 563 2220 ,
574 2189 705 2216 neminem
718 2189 838 2216 iuvenire
849 2195 952 2225 poterat
964 2207 972 2220 ,
987 2189 1029 2214 cui
1040 2187 1065 2214 se
1076 2195 1120 2214 tu-

156 2224 211 2250 tius
223 2224 404 2260 honestiusque
415 2226 607 2252 committeret.

193 2268 222 2286 2.
241 2261 308 2293 Qod
324 2263 358 2286 ef?
372 2264 472 2293 partitio
485 2280 492 2291 ‚
512 2262 578 2294 &csl
602 2261 748 2288 Lambinus
759 2260 817 2287 heic
827 2261 893 2287 mire
904 2260 993 2287 omnia
1003 2260 1118 2286 confun-

153 2293 196 2321 dit
209 2315 216 2327 ,
228 2305 257 2323 ut
268 2297 396 2323 sententia
407 2296 449 2322 sua
462 2296 505 2322 sibi
516 2297 616 2324 constet
626 2298 731 2328 Tullio,
744 2297 759 2323 si
774 2297 829 2323 Diis
840 2297 944 2333 placet:
964 2297 1117 2337 recepitque

151 2336 282 2366 praeterea
291 2333 317 2358 in
328 2340 485 2359 contextum
498 2333 646 2360 Ranconcti
659 2333 849 2360 divinationem
864 2353 871 2365 ,
887 2335 1022 2366 partitionis
1033 2340 1114 2365 caput3
1133 2342 1135 2352 ν

153 2376 269 2404 eumque
281 2369 381 2395 secutus
395 2389 402 2398 ,
417 2367 487 2404 quod
500 2369 582 2395 miror
595 2389 601 2400 ‚
616 2370 700 2396 Aldus
712 2371 815 2405 Nepos.

190 2412 216 2438 3.
238 2407 267 2429 Ut
277 2407 303 2438 fi
311 2408 337 2430 in
347 2407 478 2437 testamento
487 2405 586 2431 deduHa
601 2407 691 2438 scripta
701 2416 745 2431 non
758 2406 815 2441 sin]
836 2404 950 2432 Vi&orii
961 2403 1047 2431 editio
1057 2406 1115 2438 ursi
1131 2423 1132 2427 .

150 2439 178 2465 in
187 2441 237 2470 test.
248 2447 274 2465 ut
284 2441 433 2467 deducamur
444 2442 561 2474 seriptum
570 2451 614 2467 non
620 2443 663 2473 fit.
684 2442 740 2468 Pal.
752 2449 816 2468 tert.
828 2442 891 2468 item
903 2441 1022 2467 'l'urnebi
1034 2440 1112 2467 codd.
1130 2433 1131 2448 ¹

150 2475 220 2502 stant
231 2477 245 2501 :i
259 2477 376 2511 vulgato.
397 2484 505 2512 quartus
517 2477 595 2503 habet
607 2497 614 2508 ‚
625 2479 713 2511 utfiin
723 2479 803 2511 testosc
813 2479 981 2511 duflascripta
990 2479 1081 2509 nonsit.

186 2519 215 2543 4.
234 2513 301 2543 Qua
313 2531 320 2543 ,
330 2516 371 2545 qm·
380 2515 495 2546 intelligar
505 2532 514 2545 ,
525 2515 597 2546 nonfi
605 2514 640 2539 tid
649 2521 719 2546 caput
730 2515 844 2547 referat]
862 2513 1048 2540 Exliibendnrn
1060 2522 1110 2548 pu-

147 2548 203 2573 tavi
214 2548 312 2573 iterum
325 2547 467 2574 leeiionem
478 2549 624 2575 exoletam.
640 2549 776 2576 Victorius
787 2550 871 2580 enini,
883 2549 1026 2576 Lambinus
1039 2568 1047 2580 ‚
1059 2549 1110 2574 Al-

147 2582 197 2609 dus
210 2584 301 2619 Nepos
314 2584 466 2610 maluerunt
479 2603 486 2616 ,
505 2594 565 2618 quas
575 2588 669 2618 quinon
678 2587 808 2617 intelligant
820 2605 828 2617 ,
842 2587 866 2619 fi
881 2585 915 2609 ad
925 2592 997 2618 caput
1010 2586 1110 2619 reserat,

146 2626 240 2645 contra
250 2619 366 2646 auc'toiis
380 2628 494 2646 mentem
507 2639 515 2651 ‚
528 2628 557 2646 ut
568 2620 634 2646 bene
644 2620 758 2647 ostendit
770 2620 921 2647 Turnebus.

186 2664 214 2688 5.
230 2658 308 2681 Solum
319 2658 370 2689 fine
389 2656 561 2690 coheredibus]
584 2655 645 2682 Mis.
658 2656 738 2684 nostri
749 2658 796 2691 mfi
804 2658 851 2683 coh.
864 2665 948 2692 neque
958 2656 1037 2683 aliter
1049 2656 1108 2682 vul-

146 2692 202 2726 gati
213 2699 274 2718 :inte
286 2692 435 2718 xJieioiium
447 2692 473 2717 &
486 2692 654 2718 Turnebum.

185 2728 213 2754 6.
233 2729 342 2753 Heredem
352 2730 482 2759 testamenti
493 2728 599 2763 fibram]
621 2730 648 2754 S.
658 2727 775 2755 Vi&oris
787 2728 896 2765 scriptus
907 2729 935 2756 Sc
947 2728 1002 2755 Pal.
1015 2735 1103 2765 quart.

147 2764 243 2790 heredis
254 2783 261 2795 ‚
273 2764 344 2800 quod
357 2764 427 2790 valet
438 2764 548 2790 heredi-is.

180 2807 196 2833 7
203 2819 209 2825 .
219 2801 327 2834 Itaquest
333 2810 377 2826 vos
389 2801 543 2826 tantummodi,
552 2803 676 2834 Pontifices
686 2801 908 2833 effe1i5‚pomificalis
918 2801 1102 2834 inanerct,&c.]
1121 2807 1123 2829 l

143 2835 259 2870 Elegans
271 2837 324 2862 haec
333 2836 485 2862 emendatio
497 2837 612 2862 manavit
623 2846 637 2862 a
651 2836 723 2862 libris
737 2837 806 2862 Petri
818 2837 942 2863 Vicstorii.
957 2838 1029 2873 prins
1040 2837 1102 2868 cusi,

142 2873 225 2905 itaque
233 2873 311 2903 ufibm
320 2873 476 2898 tantummodi)
484 2873 597 2905 pontificis
606 2873 657 2905 effer
669 2893 676 2903 ‚
691 2874 713 2905 fi
720 2874 859 2906 pontificali}
872 2892 880 2904 ,
889 2883 941 2902 σε

182 2906 210 2932 8.
229 2909 441 2943 Qodiidemjurie
451 2910 525 2934 ervilia
536 2910 586 2941 estis
594 2911 722 2942 peritzffimi
733 2927 741 2940 ,
761 2910 804 2934 hac
816 2927 823 2938 ,
842 2910 909 2942 evm]
932 2909 1065 2935 Debemus
1076 2908 1103 2934 8(

143 2941 212 2969 istud
224 2942 294 2969 Via:
307 2952 384 2970 antea
394 2945 463 2971 enini
477 2952 544 2975 erat,
555 2946 616 2977 quod
623 2945 738 2977 idcnijur.
751 2947 798 2969 civ.
811 2947 845 2969 eil
854 2946 990 2978 asperrimis,
1003 2954 1042 2976 ric,
1052 2945 1103 2975 ὡς.

179 2987 209 3012 9.
227 2982 300 3011 Super
315 2980 450 3014 dicebant]
472 2981 556 3007 Palat.
567 2988 630 3006 tert.
641 2981 678 3006 ita
690 2980 778 3006 sci-ibit
798 2988 920 3015 tanquam
942 2980 958 3006 fi
979 2990 1028 3006 iiiia
1040 2979 1103 3006 essct

141 3013 380 3041 diftimTurnebus
393 3015 534 3050 legendum
546 3016 800 3050 ceniebatfiipcriorcs
811 3017 917 3041 dit-ebant
929 3028 935 3041 :
946 3015 1016 3051 quod
1028 3016 1102 3042 illieo
1120 3010 1122 3016 ’

142 3049 291 3076 Lambinus
303 3051 391 3077 textui
403 3051 506 3079 intulit.

158 3120 163 3125 ¹
183 3095 224 3113 io.
244 3089 323 3120 Sitque
332 3096 360 3112 ea
372 3089 425 3112 v'non
435 3089 534 3120 alligata
545 3107 553 3119 ,
571 3088 639 3122 dvm]
661 3088 745 3115 Uncis
756 3087 854 3114 inclusa
866 3108 874 3120 ‚
887 3087 1010 3114 adfirmat
1021 3088 1101 3114 Lam-

139 3119 215 3150 binus
226 3122 252 3150 in
258 3123 310 3151 vira
319 3122 365 3150 sibi
375 3123 402 3151 in
414 3122 504 3152 codice
511 3123 670 3161 perantiquo
679 3123 713 3154 ad
724 3134 797 3152 orani
810 3135 816 3153 :
836 3123 950 3161 ideoque
959 3125 1019 3152 heic
1035 3125 1104 3154 reti-

1201 2197 1228 2214 11
1236 2209 1242 2215 .
1261 2191 1327 2222 Qia
1337 2190 1464 2224 rcfidenrm·
1473 2190 1584 2224 mortui]
1601 2189 1739 2216 Turnebus
1750 2190 1786 2216 ait
1797 2189 1940 2215 leftionem
1961 2185 2011 2212 effe
2022 2188 2037 2212 ‘a
2048 2186 2124 2211 Ran-

1157 2232 1283 2252 conneto.
1302 2234 1359 2251 eam
1379 2235 1429 2261 ego
1447 2225 1662 2261 quoqueoffendi
1681 2225 1707 2252 in
1723 2225 1839 2252 editione
1849 2223 1975 2250 meror-ii.
1996 2222 2122 2257 publicari

1136 2262 1137 2269 ¹
1157 2260 1201 2286 :ilii
1222 2262 1332 2295 resri‘unt.
1352 2260 1394 2287 sed
1413 2270 1506 2288 contra
1527 2261 1584 2287 mss.
1596 2262 1696 2288 nostros
1709 2281 1717 2293 ‚
1737 2262 1763 2288 in
1784 2260 1877 2296 quibus
1889 2259 1945 2285 fere
1958 2258 2121 2290 nostrii1125

1155 2305 1235 2332 quam
1247 2297 1358 2324 mirifice
1370 2306 1378 2326 ς
1391 2296 1433 2324 sed
1446 2297 1556 2324 ridicule
1567 2304 1652 2323 tamen
1667 2297 1751 2324 vei-fiir
1761 2298 1895 2333 agitatque
1909 2294 2064 2321 Lambinus.

1198 2342 1239 2359 12.
1258 2337 1320 2367 Jus‚
1334 2336 1419 2367 quibm
1427 2343 1501 2368 neque
1510 2335 1579 2368 Ipfim
1591 2353 1598 2365 ,
1609 2333 1676 2367 &ej
1700 2334 1740 2360 lta
1750 2332 1890 2359 Turnebus
1901 2331 1998 2365 aliique
2009 2339 2068 2356 euin
2081 2329 2122 2356 se-

1154 2369 1219 2395 cuti.
1242 2371 1334 2395 verum
1346 2370 1447 2406 priores
1460 2371 1516 2403 ‚jm
1526 2389 1534 2400 ,
1545 2377 1571 2394 ut
1581 2379 1653 2403 mque
1662 2371 1742 2402 ipfim.
1765 2368 1879 2396 ViCmrii
1891 2366 1974 2394 editio
1989 2368 2043 2400 ‚jus
2053 2373 2080 2391 ut
2088 2375 2118 2391 ne

1150 2406 1233 2438 ipfius,
1243 2406 1293 2436 glyc.
1305 2405 1440 2442 quomodo
1453 2425 1460 2437 ‚
1474 2406 1499 2431 &
1513 2405 1600 2442 scripti
1613 2405 1667 2431 fere
1680 2405 1774 2437 nostri,
1790 2405 1908 2440 alioquin
1922 2402 2119 2430 mendosiffimi.

1193 2450 1234 2476 ¹3·
1246 2443 1314 2474 Qod
1317 2452 1390 2475 genus
1394 2443 1511 2476 sacrifitii
1520 2444 1571 2467 lare
1580 2443 1721 2467 vervecibus
1728 2442 1805 2476 fian]
1829 2441 1893 2466 Haec
1904 2440 1939 2466 est
1950 2438 2031 2465 lectio
2041 2448 2118 2465 coin-

1152 2478 1237 2504 munis
1257 2478 1289 2504 ab
1298 2477 1373 2504 Aldo
1391 2477 1470 2514 nique
1480 2478 1624 2507 Manuti05
1647 2477 1710 2503 licet
1728 2478 1805 2503 aliani
1826 2475 1944 2512 proferat
1955 2474 2113 2502 Lambinus.

1151 2513 1271 2540 Tui-nebi
1282 2513 1329 2540 ms.
1342 2522 1371 2540 ut
1380 2514 1407 2540 8(
1421 2514 1507 2541 noster
1517 2513 1665 2540 sxitsioris
1679 2533 1686 2545 ,
1705 2514 1843 2547 quodgcnm
1855 2514 1996 2545 jherifieare
2005 2513 2116 2537 verberi-

1149 2550 1256 2583 brafiat.
1276 2558 1304 2577 at
1314 2550 1371 2576 Pal.
1384 2558 1447 2576 tert.
1460 2549 1525 2576 nihil
1536 2549 1590 2576 abit
1602 2559 1616 2575 :i
1628 2559 1633 2562 ·
1646 2550 1752 2585 ulgato,
1764 2549 1808 2575 nili
1820 2548 1908 2574 addita
1919 2548 2040 2579 litterae
2050 2549 2113 2574 lare.

1149 2593 1258 2620 quartus
1272 2586 1379 2612 exhibe*
1392 2606 1401 2617 ,
1414 2587 1530 2620 sacrifica
1539 2588 1678 2611 verberibus
1689 2587 1750 2618 fiat.
1769 2584 1887 2611 Turneb.
1898 2582 2038 2610 videbatui·
2049 2583 2114 2610 (cri-

1149 2629 1224 2656 ptum
1234 2621 1432 2656 fuil'sefhcrificti
1441 2631 1489 2648 arx
1497 2624 1702 2655 verveciburfiat.

1188 2665 1229 2690 14.
1240 2659 1354 2691 Qemeid.
1365 2668 1388 2683 os
1400 2660 1505 2692 ›ayt-Huni
1515 2665 1581 2682 term
1589 2657 1734 2691 obtegam-J]
1747 2658 1757 2682 l
1762 2664 1788 2683 ta
1798 2665 1889 2683 omnes
1901 2655 1958 2682 mss'.
1970 2655 2062 2686 nostri,
2073 2655 2111 2682 ita

1146 2692 1211 2720 editi
1225 2693 1280 2720 fere
1292 2698 1353 2721 ante
1364 2693 1523 2720 Lainbinum
1537 2713 1545 2723 ‚
1565 2694 1609 2729 qui
1623 2693 1716 2719 maluit
1727 2704 1740 2719 e
1753 2694 1828 2720 Festo
1840 2713 1848 2723 ‚
1869 2702 1893 2718 os
1916 2692 2024 2725 resarum
2041 2690 2116 2718 terra·

1144 2731 1214 2762 ableg.
1235 2730 1322 2756 Aldus
1333 2731 1424 2765 Nepos
1437 2739 1496 2765 cxpi
1506 2728 1562 2755 :ffit
1574 2749 1581 2760 ‚
1592 2739 1617 2755 os
1627 2736 1740 2761 receptum
1749 2736 1815 2755 terra
1824 2730 1894 2762 obreg.

1185 2774 1193 2790 i
1202 2775 1226 2799 5.
1246 2770 1273 2791 ln
1281 2774 1352 2798 porca
1362 2768 1483 2792 contrafia
1493 2766 1582 2799 juras]
1604 2765 1646 2791 Sic
1656 2765 1684 2791 δε
1696 2765 1855 2792 membrana:
1867 2765 1958 2792 nostrae
1968 2763 2105 2791 meliores.

1146 2810 1176 2828 vu
1183 2801 1253 2836 lgata
1262 2804 1314 2828 olim
1325 2803 1455 2835 confi-affin.

1183 2839 1224 2863 16.
1244 2841 1292 2865 <At
1309 2840 1368 2863 mibi
1382 2838 1502 2872 quidem]
1524 2837 1641 2873 Nuperae
1649 2835 1711 2864 edd.
1720 2840 1765 2863 Ac.
1777 2836 1818 2863 std
1829 2837 1913 2865 altera
1922 2836 2051 2874 scriptura
2060 2845 2104 2863 rc-

1143 2881 1232 2900 manet
1243 2874 1269 2899 in
1282 2873 1338 2899 mss.
1352 2874 1456 2900 nostiis.

1183 2917 1223 2942 17.
1241 2910 1435 2942 Qodprorulad
1444 2909 1521 2936 Fontis
1531 2909 1616 2943 aran]
1631 2910 1695 2934 Haec
1705 2909 1740 2936 est
1752 2909 1871 2945 vulgata,
1882 2909 1947 2937 item
1958 2907 2016 2935 mff.
2027 2910 2067 2935 Tu
2073 2919 2102 2936 i·-

1142 2944 1222 2971 nebus
1234 2945 1330 2978 abjecit
1345 2948 1436 2978 procul.
1455 2944 1526 2981 quod
1539 2952 1626 2971 tamen
1640 2946 1665 2971 in
1676 2945 1796 2972 omnium
1808 2945 1865 2972 inff.
1876 2946 1972 2982 quippe
1982 2945 2098 2982 &ipsius

1142 2980 1208 3006 liber
1219 2980 1327 3006 habebat
1339 3000 1347 3012 ‚
1368 2979 1536 3015 quodprocnlii
1548 2981 1626 3006 fumis
1636 2990 1692 3007 ara.
1715 2980 1782 3008 unde
1795 2981 1939 3008 Lambinus
1950 2981 2015 3008 fecit
2027 3001 2034 3013 ,
2055 2991 2100 3007 non

1136 3018 1218 3049 procul
1227 3016 1242 3042 ri
1253 3018 1330 3043 Famis
1340 3027 1404 3048 ΜΛ,-
1426 3017 1469 3043 ied
1479 3024 1575 3053 practer
1585 3017 1708 3044 meliores
1719 3017 1933 3045 membranaceos
1945 3037 1953 3050 ,
1964 3018 1990 3045 in
2002 3017 2100 3053 quibus

1141 3053 1227 3080 exstat
1238 3061 1341 3088 recepta
1352 3052 1445 3080 leffio.

1179 3088 1221 3115 18.
1242 3089 1321 3121 Qi‘im
1333 3090 1385 3123 fnit
1395 3089 1545 3123 vehemens-f]
1565 3090 1606 3116 lta
1616 3089 1643 3116 δε
1655 3089 1734 3117 nostri
1744 3089 1833 3126 scripti
1845 3099 1949 3118 omncs.
1960 3091 1990 3118 1².
2001 3090 2099 3117 Mariu-

1140 3124 1192 3153 tius
1203 3144 1212 3160 ,
1224 3124 1324 3155 secutus
1335 3125 1415 3154 fidem
1427 3126 1503 3154 unius
1516 3125 1576 3152 libri
1589 3145 1597 3156 ‚
1608 3125 1724 3161 reposuit
1736 3126 1878 3162 ,fiiitfikx.

1485 3161 1677 3191 Nunnnnn
2034 3163 2101 3188 [Ec
