2297 3389
420 175 678 221 ORATIO
715 182 829 214 PRO
866 168 1046 216 DoMo
1083 169 1232 223 SUA,
1273 185 1345 214 An
1394 170 1811 237 Pomm-iem.

139 258 278 290 mortales
287 255 420 288 frue'tum
434 257 496 286 mei
512 254 625 285 reditus
641 253 756 293 populo
766 255 859 283 Rom.
873 251 1027 286 tribuunt,
1049 259 1091 284 ut,

137 299 396 342 quemadmodum
410 295 533 328 disceffii
550 306 619 326 meo
632 295 753 336 frugum
765 296 866 335 inopia
876 315 885 329 ‚
902 294 998 324 fames
1011 313 1019 327 ‚
1039 303 1092 323 va—

137 344 217 374 stitas
227 363 236 377 ,
248 341 340 373 caedes
352 361 360 374 ‚
372 338 510 369 incendia
519 358 527 372 ‚
541 339 650 378 rapinae
663 357 671 371 ‚
689 338 834 368 scelerum
844 337 1007 377 impunitas
1018 354 1026 368 ,
1042 334 1093 364 fu-

137 395 172 425 ga
185 382 333 419 ‚formido
343 402 351 415 ‚
363 380 510 412 discordia
518 379 618 410 fuiffet
629 391 634 409 z
647 378 684 409 sie
694 379 791 410 reditu
801 389 871 410 meo
881 379 997 409 ubertas
1006 385 1093 417 agro-

136 436 204 457 rum
215 446 224 460 ,
242 424 363 465 frugum
381 425 466 463 copia
476 442 484 456 ‚
504 423 568 462 spes
588 424 643 453 otii
656 442 664 456 ‚
686 422 883 462 tranquillitas
902 421 1089 451 animorum,

133 467 264 509 judicia,
280 466 376 507 leges,
395 465 684 505 concordiapopuli‚
704 465 820 494 senatus
830 461 988 494 ausioritas
999 481 1006 494 ‚
1026 470 1091 491 me-

136 519 206 540 cum
217 507 303 537 simul
314 505 434 537 redusta
446 507 620 537 videantur:
642 505 701 536 five
711 514 831 547 egomet
838 503 952 545 aliquid
962 502 1092 533 adventu

137 560 208 580 meo
219 569 227 583 ‚
247 548 373 579 consilio
384 569 392 582 ‚
410 548 583 579 au&oritate
594 569 601 582 ‚
621 548 775 588 diligentia
785 557 838 588 pro
850 554 932 577 tanto
943 543 1091 575 beneficio

134 591 239 631 populi
248 593 343 621 Rom.
354 590 486 631 praestare
497 591 604 621 debui:
624 590 730 631 praesto
741 610 748 623 ‚
766 591 913 629 promitto
924 608 932 621 ,
945 586 1089 626 spondeo:

133 634 213 663 nihil
224 632 292 663 dico
303 634 431 673 amplius
444 644 449 662 2
466 634 524 663 hoc
535 654 543 666 ‚
555 633 638 674 quod
648 633 714 663 satis
725 631 767 662 est
776 633 845 661 huic
855 630 997 669 tempori,
1010 628 1088 660 dico,

133 675 273 715 rempub.
285 685 413 705 annonae
424 677 551 705 nomine
563 695 571 709 ‚
594 677 627 705 in
643 675 674 705 id
689 675 850 704 discrimen
862 693 870 704 ,
892 670 954 715 quo
965 669 1091 699 vocaba-

96 717 114 752 8
135 726 182 747 tur
192 737 200 750 2
213 727 277 746 non
288 716 345 746 effe
354 725 521 747 venturam.
566 719 653 747 Num
664 718 754 758 igitur
762 717 794 744 iri
807 715 864 743 hoc
874 714 978 741 officio
988 731 996 744 ,
1007 710 1089 751 quod

131 758 347 799 fuitpraecipue
360 769 463 789 meum
473 779 481 793 ‚
495 760 637 789 sententia
648 767 714 787 mea
722 754 947 795 reprehenditur
958 758 967 780 ἓ
986 756 995 772 ¹
1006 755 1088 782 Rem
1106 771 1107 779 1

133 803 302 831 maximam
312 803 408 842 eripui
421 802 436 831 e
447 800 527 841 peste
538 801 649 830 summi
660 798 804 838 periculi,
825 807 889 826 non
900 796 998 825 solum
1009 805 1087 827 earn,

131 842 182 873 sed
196 844 286 872 etiam
303 853 357 873 vos
374 843 389 873 a
406 843 484 873 caede
495 862 503 875 ,
523 840 670 871 incendiis
683 861 690 873 ,
710 838 858 869 vastitate:
879 847 972 867 nemo
987 845 1087 877 negat:

131 884 203 914 cum
221 884 256 914 ad
274 885 391 915 causam
408 884 533 914 caritatis
549 882 698 912 accederet
714 880 768 911 iste
780 880 935 919 speculator
944 889 1089 909 commu-

131 927 219 957 nium
231 928 430 958 miseriarum,
440 927 492 965 qui
504 924 620 963 semper
630 925 661 953 in
673 925 744 963 reip.
757 922 980 955 malis,sceleris
990 921 1032 951 sui
1044 921 1087 950 fa-

130 970 191 998 ceis
209 967 416 998 inflammarit.
449 969 546 1006 Negat
565 963 728 1005 oportuisse
747 965 912 1006 quidquam
933 965 987 993 uni
1008 972 1089 992 excra

130 1009 269 1039 ordinem
281 1009 408 1039 decerni.
433 1009 576 1047 Nonjam
589 1007 645 1037 tibi
656 1006 693 1037 fic
703 1006 890 1046 respondebo
902 1026 910 1040 ‚
932 1013 963 1035 ut
973 1007 1087 1035 ceteris:

130 1054 337 1088 GN.POMPEJO
357 1050 486 1090 plurima
504 1070 513 1084 ‚
536 1047 778 1089 periculosissima
796 1069 805 1082 ,
829 1050 981 1081 maxima,
1001 1056 1087 1079 terra,

129 1094 262 1133 marique
283 1092 362 1122 bella
380 1100 462 1122 extra
478 1091 619 1121 ordinem
639 1089 696 1120 effe
712 1089 887 1121 commista:
906 1099 1032 1130 quarum
1042 1099 1088 1118 re-

127 1144 197 1165 rum
213 1133 234 1163 sl
251 1143 341 1175 quem
355 1135 499 1174 poeniteat
510 1154 518 1167 ‚
537 1143 608 1163 eum
619 1132 753 1163 Vnst-oriae
767 1133 974 1173 populiRom.
986 1132 1088 1171 poeni-

127 1185 197 1206 tere.
222 1186 286 1206 non
302 1178 342 1206 ita
358 1185 458 1206 tecum
469 1185 534 1215 ago.
557 1185 629 1206 curn
639 1176 686 1204 his
698 1176 759 1205 haec
776 1175 791 1205 a
806 1185 856 1204 me
874 1174 974 1204 haberi
992 1175 1089 1203 oratio

127 1217 224 1258 potest
235 1237 243 1251 ‚
258 1219 309 1258 qui
321 1219 361 1247 ita
373 1217 522 1257 disputant
533 1237 541 1250 ‚
558 1218 585 1247 se
596 1237 604 1251 ‚
621 1217 642 1246 fi
652 1227 711 1257 qua
721 1227 766 1255 res
775 1217 809 1247 ad
821 1226 917 1246 unum
929 1215 1089 1245 deferenda

126 1259 160 1289 sit
173 1280 181 1293 ‚
202 1260 237 1290 ad
248 1262 302 1289 Cn¹
312 1260 492 1300 Pompejum
504 1259 656 1289 delaturos
669 1257 862 1298 potissimi‘im
876 1269 881 1287 t
902 1258 949 1288 sed
964 1258 992 1287 se
1007 1266 1088 1287 extra
1104 1286 1106 1295 ,

124 1301 248 1331 ordinem
268 1302 347 1331 nihil
365 1303 506 1342 cuiquam
523 1301 591 1330 dare
604 1300 698 1330 :rcum
711 1301 857 1340 Pompejo
871 1299 973 1329 datum
984 1297 1036 1333 fit,
1056 1299 1087 1329 id
1104 1299 1105 1318 l

126 1344 155 1374 se
174 1353 229 1383 pro
248 1343 390 1384 dignitate
409 1345 544 1372 hominis
564 1352 686 1376 ornare,
707 1353 741 1372 ac
752 1343 827 1371 tueri
838 1341 940 1371 solere.
966 1343 1086 1371 Horum

125 1394 182 1426 ego
193 1386 367 1415 sententiam
378 1394 416 1414 ne
426 1384 546 1414 laudem
558 1403 566 1416 2
590 1384 741 1423 impedior
758 1386 812 1413 Cn.
825 1384 963 1422 Pompeji
978 1385 1087 1413 trium-

126 1428 194 1466 phis
204 1446 213 1460 ‚
232 1426 341 1467 quibus
356 1426 408 1455 ille
419 1445 427 1459 2
448 1425 519 1455 cum
531 1424 602 1455 ess'et
612 1435 694 1455 eXtra
703 1425 843 1455 ordinem
854 1425 888 1455 ad
898 1427 1023 1465 patriam
1035 1425 1087 1454 de—

124 1468 308 1499 tendendam
320 1477 452 1501 vocatus,
463 1469 544 1497 auxit
555 1477 671 1497 nomen
681 1468 787 1508 populi
799 1470 892 1497 Rom.
905 1469 1087 1506 imperium-

126 1520 184 1550 que
194 1508 362 1540 honestavit
372 1520 377 1538 t
387 1509 585 1540 constantiam
595 1510 703 1549 probo,
713 1519 769 1550 qua
780 1510 856 1539 mihi
866 1519 988 1550 quoque
999 1518 1087 1539 uten-

124 1552 199 1582 dum
217 1550 276 1581 fuit
295 1572 303 1585 ,
328 1561 390 1593 quo
409 1552 461 1581 ille
479 1551 599 1582 audiore
619 1560 702 1581 extra
720 1551 866 1581 ordinem·
883 1551 996 1581 bellum
1015 1561 1086 1580 cum

123 1593 317 1627 Mithridate,
339 1596 528 1634 Tigraneque
544 1592 636 1635 gessit.
679 1593 736 1624 Sed
755 1594 1008 1623 cumillistamen
1018 1593 1088 1633 pos-

125 1636 194 1666 sum
213 1636 327 1679 aliquid
346 1636 493 1676 disputare
506 1646 512 1664 2
532 1644 580 1665 tua
592 1635 663 1665 vero
672 1646 737 1676 quae
748 1644 826 1665 tanta
836 1634 1024 1674 impudentia
1034 1634 1086 1669 est,

122 1685 157 1707 ut
174 1677 280 1707 audeas
296 1677 394 1708 dicere
404 1698 412 1712 ‚
432 1686 514 1708 extra
523 1677 664 1707 ordinem
677 1679 738 1708 dari
752 1677 830 1707 nihil
841 1679 982 1717 cuiquam
995 1687 1086 1717 opor-

123 1721 205 1749 tere?
221 1721 273 1760 qui
281 1718 353 1750 cum
364 1720 428 1761 lege
438 1719 549 1750 nefaria
557 1719 757 1750 Ptolemaeum
768 1739 777 1753 ‚
792 1729 893 1759 regem
905 1721 994 1759 Cypri
1006 1739 1013 1752 ,
1026 1718 1085 1749 fra-

124 1770 201 1791 trem
212 1763 289 1803 regis
298 1761 498 1792 Alexandrini
511 1782 518 1795 ‚
535 1761 642 1791 eodem
650 1762 718 1801 jure
728 1770 904 1802 regnantem
915 1781 923 1795 ‚
944 1761 1029 1800 causa
1040 1762 1085 1790 in-

91 1809 106 1820 *
122 1803 236 1842 cognita
247 1822 255 1836 ‚
270 1802 445 1843 publicasses
454 1823 463 1838 ,
476 1803 683 1844 populumque
694 1806 787 1834 Rom.
801 1803 907 1833 scelere
918 1801 1085 1844 obligass’es:

126 1844 199 1874 cum
211 1846 244 1873 in
253 1846 317 1883 ejus
326 1855 355 1874 re
378 1854 454 1875 num
463 1865 471 1879 ,
484 1845 563 1875 bona
572 1865 580 1878 ,
592 1844 726 1875 fortunas
736 1866 743 1878 ,
757 1849 771 1864 ²
780 1846 985 1885 patrocinium
995 1846 1086 1884 hujus

126 1887 249 1925 imperii
260 1887 349 1916 immi
364 1885 430 1917 iffes
440 1906 449 1921 ,
469 1887 554 1927 cujus
563 1897 633 1917 cum
645 1897 725 1927 patre
735 1907 743 1921 ‚
763 1897 820 1918 avo
830 1907 838 1920 ,
860 1887 1026 1927 majoribus
1038 1887 1086 1917 so-

125 1930 215 1958 cietas
228 1927 318 1958 nobis
329 1950 338 1962 ‚
362 1928 395 1958 δε
404 1931 535 1959 amicitia
545 1927 661 1958 fuisset:
682 1930 734 1967 huj
739 1939 772 1959 us
782 1931 915 1969 pecuniae
927 1929 1087 1968 deportan-

125 1969 170 2000 dae
182 1989 189 2003 ,
206 1969 239 1999 δε
248 1968 268 1998 si
279 1972 346 2010 quis
356 1970 500 2009 suumjus
511 1970 683 2000 defenderet
693 1991 701 2004 ,
717 1971 799 2000 bello
809 1971 940 2011 gerendo
951 1991 959 2004 ,
976 1973 1019 2000 Μ.
1030 1973 1086 2000 Ca—

125 2020 232 2042 tonem
252 2011 417 2051 praefecisti-
450 2014 562 2044 Dices,
585 2013 684 2053 Qem
705 2014 827 2042 virum?
846 2010 1083 2045 Sanetiffimum,

123 2052 388 2093 prudentissimum
399 2073 407 2087 ,
427 2051 622 2083 foi-tiffimum
634 2073 642 2086 ‚
664 2052 879 2084 amicissimum
896 2053 1011 2093 reipub.
1026 2055 1088 2083 vir—

125 2103 186 2125 tute
198 2115 206 2128 ‚
219 2093 346 2125 consilio
357 2115 364 2128 ‚
378 2097 493 2125 ratione
503 2116 511 2129 ‚
522 2097 583 2125 vita
594 2114 602 2128 ,
614 2095 747 2125 mirabili
758 2095 792 2125 ad
804 2095 936 2129 laudem,
949 2096 981 2126 &
994 2095 1087 2134 prope

125 2134 273 2177 singulari.
297 2137 353 2167 sed
369 2137 441 2178 quid
461 2137 496 2168 ad
514 2146 542 2167 te
556 2157 564 2170 ‚
587 2139 639 2177 qui
658 2147 744 2179 negas
758 2136 816 2167 ess'e
829 2147 935 2167 verum
951 2158 959 2172 ‚
981 2147 1088 2178 quem-

83 2197 105 2230 9
122 2188 213 2219 quam
235 2178 290 2208 ulli
309 2179 480 2218 reipublicae
499 2188 582 2209 extra
599 2179 739 2209 ordinem
759 2178 868 2219 praefici
885 2185 894 2211 ?
937 2182 1036 2220 Atque
1055 2180 1088 2208 in

128 2221 186 2250 hoc
199 2219 299 2250 solum
312 2220 548 2251 inconstantiam
560 2220 703 2262 redarguo
714 2230 793 2251 tuam
805 2232 810 2250 :
833 2223 885 2262 qui
905 2223 939 2251 in
958 2222 1022 2261 ipso
1033 2223 1088 2251 Ca-

123 2271 195 2292 tone
205 2281 214 2295 ‚
242 2265 357 2303 3quem
375 2271 406 2292 tu
417 2273 481 2292 non
491 2273 545 2303 pro
561 2262 645 2292 illius
660 2263 802 2305 dignitate
816 2263 1014 2304 produxeras,
1037 2262 1084 2292 sed

124 2312 243 2344 proruo
254 2303 559 2344 scelereficbduxeras3
574 2313 665 2344 quem
677 2307 735 2334 tuis
746 2307 854 2346 Sergiis
867 2325 875 2339 ,
888 2305 997 2336 Lolliis
1009 2325 1017 2338 ‚
1030 2306 1088 2334 Ti-

122 2348 172 2376 tiis
183 2366 192 2380 ‚
207 2347 368 2387 ceterisque
383 2367 390 2379 ,
405 2347 494 2377 caedis
504 2367 512 2381 ‚
530 2346 787 2376 &incendiorum
802 2347 929 2377 ducibus
941 2367 949 2380 ,
967 2347 1086 2386 objece-

121 2397 165 2417 ras
179 2398 184 2416 :
206 2398 296 2428 quem
306 2387 479 2418 carnificem
489 2390 604 2419 civium
618 2409 626 2421 ,
642 2398 733 2429 quem
745 2389 992 2420 indemnatorum
1004 2390 1086 2418 necis

121 2431 291 2470 principem
305 2450 313 2464 ‚
333 2440 423 2471 quem
435 2431 618 2461 crudelitatis
628 2431 783 2461 auetorem
794 2430 882 2461 fuifl'e
892 2431 1010 2461 dixeras
1023 2440 1028 2459 z
1048 2429 1082 2460 ad

122 2473 202 2501 hunc
213 2492 221 2505 ‚
246 2472 395 2502 honorem
409 2493 416 2507 ‚
437 2473 470 2503 δε
480 2473 644 2513 imperi-um
656 2493 665 2506 ‚
687 2482 770 2503 extra
783 2473 925 2503 ordinem
940 2474 1084 2503 nomina-

122 2516 178 2543 tim
195 2515 348 2555 rogatione
367 2523 415 2546 tua
434 2514 568 2546 detulisti
584 2524 589 2543 :
613 2515 734 2546 &tanta
748 2514 829 2545 fuisti
841 2516 1081 2556 intemperantia,

2009 186 2107 240 459

1136 258 1168 280 ut
1186 250 1269 280 illius
1285 253 1328 281 tui
1346 252 1463 283 sceleris
1476 253 1625 283 rationem
1638 253 1784 288 occultare
1794 263 1857 284 non
1871 250 1979 294 posses·
2003 254 2102 283 Litte-

1136 302 1180 322 ras
1197 294 1230 322 in
1243 295 1392 324 concione
1406 294 1533 326 recitasti
1545 306 1550 324 :
1571 305 1643 336 quas
1655 295 1709 326 tibi
1723 295 1895 327 aC.Caesare
1906 293 2007 326 missas
2018 294 2102 325 dice—

1134 344 1192 363 res.
1217 337 1241 364 C
1250 344 1280 364 ΛΕ
1291 345 1303 365 s
1314 345 1335 365 A
1344 346 1366 365 a
1391 339 1412 367 P
1422 347 1443 367 υ
1454 347 1473 367 L
1485 347 1503 367 c
1513 346 1534 367 11
1546 347 1567 367 R
1576 347 1610 367 o:
1636 337 1707 368 cum
1720 339 1811 368 etiam
1824 348 1854 368 es
1863 345 2098 387 argumentatus,

1133 377 1247 405 amoris
1257 375 1382 408 essehoc
1393 376 1508 419 signum
1522 399 1530 412 ‚
1552 378 1624 410 cum
1635 379 1816 410 nominibus
1824 389 1943 411 tantum
1956 387 2096 411 uteretur,

1133 425 1232 457 neque
1260 418 1437 450 adscriberet
1454 441 1462 454 ,
1498 424 1578 452 PRO
1589 431 1607 451 c
1618 431 1665 452 οΝ
1677 432 1722 452 su
1733 432 1753 452 L
1775 442 1784 456 ‚
1818 432 1868 453 aut
1889 425 1949 453 ΤΚ
1962 432 1973 451 1
1984 431 2093 452 nuno

1134 468 1184 487 PL.
1197 458 1306 488 deinde
1316 462 1453 499 gratulari
1463 462 1517 493 tibi
1530 483 1539 496 ‚
1559 467 1576 490 4
1585 463 1667 503 quod
1678 464 1760 494 idem
1770 466 1803 498 in
1816 464 1969 504 posterum
1980 466 2027 494 M.
2038 466 2094 494 Ca-

1134 508 1239 529 tonem
1251 500 1403 531 tribunatu
1414 512 1467 533 tuo
1478 504 1652 534 removiss’es
1665 525 1673 538 ,
1695 506 1728 536 ὅτ,
1743 506 1827 547 quod
1844 506 1928 536 idern
1948 508 1978 536 in
1993 505 2093 546 poste-

1132 551 1201 571 rum
1219 541 1255 571 de
1273 543 1514 574 extraordinariis
1532 545 1723 585 potestatibus
1740 548 1907 578 libertatern
1923 546 2092 578 ademiss‘es.

1132 592 1261 628 quashaut
1271 593 1440 624 numquam
1453 586 1508 615 tibi
1519 588 1570 616 illc
1582 588 1691 618 litteras
1701 588 1781 620 misit
1796 601 1801 619 1
1821 600 1870 620 aut
1881 610 1889 624 ,
1912 588 1931 619 si
1943 588 2024 620 misit
2035 609 2044 621 ›
2065 590 2094 617 ¹72

1133 636 1254 654 concione
1264 626 1378 654 recitari
1390 626 1507 656 noluit:
1522 637 1571 657 aut
1580 649 1588 661 ,
1604 628 1661 659 sive
1672 630 1722 660 ille
1732 630 1813 662 misit
1822 652 1830 665 ,
1843 631 1904 662 *sive
1916 640 1947 662 tu
1959 630 2091 661 finxisti:

1132 668 1209 696 certe
1229 666 1391 698 consilium
1410 677 1497 698 tuum
1515 669 1551 698 de
1562 672 1682 700 Catonis
1693 674 1807 703 honore
1819 694 1826 707 ,
1850 675 1969 704 illatum
1981 674 2093 704 littera-

1132 718 1199 737 rum
1210 711 1385 740 recitatione
1395 709 1578 750 patefasstum
1589 710 1631 741 est
1666 713 1721 742 Sed
1734 717 1845 745 omitto
1856 719 2000 746 Catonem
2013 735 2021 748 ‚
2039 725 2093 745 cu-

1128 752 1177 794 jus
1188 753 1301 781 eximia
1310 753 1406 781 virtus
1417 772 1425 785 ,
1445 752 1574 793 dignitas
1584 773 1592 786 ,
1613 754 1646 784 &
1656 755 1689 783 iii
1699 765 1735 784 eo
1747 759 1868 797 negotio
1879 778 1886 791 ,
1907 757 1988 798 quod
1998 755 2091 798 gessit,

1133 792 1206 822 rides
1216 812 1224 826 ,
1242 793 1274 822 δε
1283 795 1471 825 continentia
1482 815 1490 827 ,
1514 803 1609 836 tegere
1620 795 1762 825 videntur
1771 800 1996 837 improbitatem
2008 800 2040 828 &
2051 799 2093 828 lc-

1128 836 1174 874 gis
1187 855 1195 868 ,
1219 835 1252 864 &
1271 835 1400 865 aGtionis
1410 845 1479 866 tuae.
1503 839 1516 863 5
1525 839 1591 877 quis
1611 839 1797 877 provinciam
1815 842 1936 870 homini
1952 839 2019 880 post
2038 841 2095 869 ho-

1130 878 1230 906 mines
1242 886 1327 907 natos
1338 876 1505 917 tui-pissimo
1517 899 1525 912 ‚
1542 877 1760 909 sceleratissimo
1772 900 1779 912 ,
1792 880 2090 912 contaminatissimo:

1129 920 1197 958 quis
1207 919 1291 949 illam
1303 921 1440 959 opimam
1452 940 1460 953 ‚
1480 919 1670 961 fertilemque
1680 924 1795 961 Syriam
1806 943 1815 956 ‚
1838 925 1905 962 quis
1916 924 2030 953 bellum
2042 933 2092 963 pa-

1132 959 1284 991 catiffimis
1293 962 1434 1003 gentibus
1446 983 1454 994 ,
1469 964 1536 1003 quis
1545 966 1704 1002 pecuniam
1716 963 1751 993 ad
1763 964 1910 994 emendos
1924 975 2007 1006 agros
2018 975 2096 994 con*

1104 1012 1106 1016 ’
1130 1001 1262 1032 stimtam
1274 1023 1282 1037 ‚
1307 1002 1464 1044 6ereptam
1478 1006 1510 1034 vi
1524 1015 1561 1034 ex
1573 1006 1693 1035 Caesaris
1707 1006 1794 1035 rebus
1808 1005 1880 1036 a6¹tis
1892 1026 1899 1040 ‚
1922 1009 1989 1047 quis
2007 1008 2095 1047 impe-

1129 1045 1206 1073 rium
1224 1044 1371 1084 infinitum
1389 1045 1492 1076 dedit?
1516 1048 1569 1076 Cui
1585 1047 1709 1088 quidem
1721 1057 1793 1077 curn
1805 1049 1943 1079 Ciliciam
1955 1046 2091 1081 dediss‘es,

1131 1086 1251 1117 mutasti
1268 1087 1441 1127 paffionem
1455 1108 1463 1121 ‚
1482 1088 1515 1118 δε
1527 1090 1664 1119 Ciliciam
1684 1089 1719 1119 ad
1738 1098 1898 1130 praetorein
1917 1093 1991 1120 item
2012 1099 2092 1119 extra

1129 1128 1271 1159 ordinem
1281 1129 1454 1159 transtulisti
1466 1140 1472 1159 ι
1486 1130 1620 1160 Gabinio
1632 1152 1640 1164 ,
1656 1133 1750 1171 pretio
1761 1131 1945 1172 amplificato
1956 1152 1964 1165 ‚
1976 1133 2092 1172 Syriam

1131 1173 1318 1201 nominatim
1331 1171 1448 1202 dedisti.
1473 1172 1576 1214 Qid?
1590 1174 1710 1203 homini
1722 1177 1885 1204 taeterrimo
1897 1195 1905 1208 ,
1925 1172 2094 1205 crudelissi-

1131 1223 1185 1242 mo
1195 1233 1204 1246 ,
1224 1212 1414 1244 fallacissimo
1426 1234 1434 1247 ‚
1451 1216 1596 1244 omnium
1606 1215 1751 1245 scelerum
1764 1236 1772 1248 ‚
1792 1216 2018 1257 libidinumque
2028 1225 2093 1245 ma-

1130 1255 1207 1284 culis
1216 1254 1403 1286 notatissimo
1415 1276 1423 1289 ‚
1434 1258 1467 1285 L.
1479 1257 1701 1290 Pisoni,nonne
1711 1260 1895 1288 nominatim
1905 1258 2016 1299 populos
2024 1256 2096 1286 libe-

1129 1307 1171 1325 ros
1187 1317 1195 1330 ,
1219 1298 1324 1327 multis
1340 1297 1622 1332 senatusconsultis,
1648 1301 1738 1329 etiam
1761 1303 1897 1330 7recenti
1918 1301 1983 1341 lege
2002 1300 2096 1330 soceri

1128 1338 1219 1378 ipsius
1231 1339 1370 1369 liberatos
1383 1359 1391 1373 ‚
1407 1339 1526 1370 vin&os
1538 1360 1546 1373 ‚
1565 1341 1597 1370 δε
1607 1340 1786 1371 εοηίὶῑὶξὶοε
1797 1341 1961 1372 tradidisti-¹
1976 1352 2093 1375 nonne,

1130 1379 1202 1410 cum
1223 1380 1259 1411 ab
1277 1392 1314 1411 eo
1335 1391 1447 1412 merces
1465 1384 1510 1412 tui
1531 1382 1687 1416 beneficii,
1711 1384 1902 1424 pretiumque
1916 1386 2091 1423 provinciae,

1132 1432 1202 1452 meo
1217 1423 1358 1464 sanguine
1374 1424 1428 1453 tibi
1442 1422 1512 1454 efl‘et
1525 1425 1729 1464 persolutum,
1751 1434 1854 1455 tamen
1868 1427 2006 1455 aerarium
2022 1435 2094 1456 cum

1127 1474 1163 1494 eo
1175 1467 1297 1504 partitus
1308 1475 1338 1495 es
1351 1468 1361 1494 ?
1383 1468 1465 1495 Itane
1474 1468 1566 1496 vero?
1585 1475 1616 1496 tu
1626 1468 1797 1507 provincias
1808 1467 1988 1498 consulareis
1997 1487 2004 1501 ,
2019 1477 2091 1508 quas

1132 1509 1166 1537 C.
1178 1508 1327 1536 Gracchus
1338 1527 1346 1540 ‚
1365 1509 1418 1547 qui
1429 1517 1506 1537 unus
1516 1510 1652 1539 maxime
1663 1509 1813 1549 popularis
1822 1508 1882 1539 fuit
1892 1529 1900 1543 ‚
1920 1519 1986 1539 non
1995 1509 2094 1539 modo

1131 1559 1195 1579 non
1209 1547 1328 1578 abstulit
1342 1549 1377 1579 ab
1390 1549 1488 1579 senatu
1502 1570 1509 1582 ,
1523 1550 1571 1580 sed
1583 1552 1673 1581 etiam
1686 1570 1694 1584 ,
1716 1560 1748 1581 ut
1758 1550 1873 1581 necess'e
1883 1549 1955 1581 ess'et
1963 1560 2093 1592 quotan-

1132 1593 1180 1620 nis
1200 1586 1365 1621 Sconstitui
1384 1601 1435 1630 per
1452 1592 1586 1621 senatum
1599 1613 1607 1625 ‚
1627 1593 1743 1623 decreta
1758 1593 1819 1633 lege
1834 1593 1931 1623 sanxit
1944 1603 1948 1608 ’
1968 1603 2014 1622 eas
2029 1593 2093 1633 lege

1129 1634 1305 1673 Sempronia
1315 1643 1366 1672 per
1376 1634 1512 1663 senatum
1523 1634 1652 1665 decretas
1663 1654 1672 1667 ,
1688 1634 1849 1664 rescidisti?
1865 1642 1946 1663 extra
1956 1635 2089 1668 ordinem,

1129 1673 1190 1704 sine
1201 1675 1288 1708 sorte,
1300 1677 1487 1705 nominatim
1498 1675 1605 1705 dedisti
1616 1697 1623 1709 ‚
1636 1686 1700 1706 non
1710 1676 1886 1706 consulibus
1896 1697 1904 1710 ‚
1918 1676 1966 1707 sed
1975 1676 2092 1717 reipub.

1128 1716 1280 1757 pestibus?
1299 1727 1355 1746 nos
1365 1736 1373 1750 ,
1395 1717 1476 1757 quod
1498 1720 1685 1748 nominatim
1703 1719 1745 1748 rei
1766 1720 1907 1749 maximae
1926 1718 2011 1758 paene
2032 1719 2093 1755 jam

1127 1759 1294 1799 desperatae,
1308 1758 1463 1789 summum
1475 1761 1574 1789 virum
1587 1760 1660 1800 saepe
1671 1759 1706 1790 ad
1717 1770 1852 1790 extrema
1860 1761 1977 1801 reipub.
1987 1760 2093 1790 discri-

1128 1803 1213 1831 mina
1223 1799 1607 1841 dele&um‚praefecimus‚a
1619 1811 1646 1832 te
1657 1802 1926 1842 reprehendemur?
1934 1802 2016 1844 Qiid
2027 1811 2094 1832 tan-

1128 1843 1198 1873 dem
1210 1849 1220 1875 ?
1241 1841 1261 1872 fi
1273 1863 1281 1876 ‚
1300 1853 1367 1883 quae
1387 1852 1452 1872 turri
1471 1844 1532 1872 illis
1546 1843 1664 1884 reipub.
1675 1844 1805 1873 tenebris
1819 1865 1826 1877 ,
1847 1845 1990 1884 caecisque
2000 1844 2094 1874 nubi-

1129 1885 1184 1915 bus
1195 1905 1203 1919 ,
1226 1885 1259 1915 &
1268 1885 1407 1924 procellis
1418 1905 1426 1917 ‚
1449 1884 1520 1915 curn
1532 1886 1666 1916 senatum
1681 1884 1696 1915 Ξι
1709 1885 1917 1926 gubernaculis
1927 1884 2092 1926 dejeciss'es,

1127 1927 1275 1967 populum
1294 1927 1310 1956 ἐ
1330 1928 1400 1956 navi
1419 1926 1597 1957 exturbasses
1612 1947 1620 1960 ‚
1644 1928 1704 1966 ipse
1722 1928 1894 1966 archipirata
1911 1938 1981 1958 cum
2000 1938 2088 1970 grege

1127 1968 1305 2008 praedonum
1316 1967 1522 2008 impurissimo
1533 1968 1692 2009 plenissimis
1701 1968 1767 1997 velis
1776 1971 1927 2009 navigares
1939 1980 1944 1998 :
1965 1968 1986 1998 fi
1997 1989 2004 2002 ‚
2024 1979 2092 2010 quae

1128 2020 1193 2040 tum
1204 2009 1416 2051 promulgasti,
1427 2009 1608 2040 constituisti
1618 2030 1626 2044 ,
1639 2008 1818 2050 promisisti,
1830 2010 1992 2041 vendidisti
2003 2031 2011 2044 ‚
2023 2021 2092 2051 pei·—

1127 2051 1203 2081 ferre
1213 2050 1357 2091 potuiss'es
1371 2070 1379 2084 ‚
1402 2054 1454 2092 qui
1465 2052 1548 2081 locus
1558 2054 1591 2082 in
1601 2053 1673 2082 orbe
1686 2061 1827 2082 terrarum
1838 2062 1948 2082 vacuus
1959 2062 2093 2083 extraor-

1129 2094 1252 2123 dinariis
1266 2092 1406 2126 fascibus,
1419 2103 1506 2134 atque
1522 2095 1651 2133 imperio
1663 2094 1811 2124 Clodiano
1824 2093 1944 2124 fuiss'et?
1966 2094 2022 2125 Sed
2037 2104 2091 2124 ex-

1128 2137 1234 2165 citatus
1244 2134 1406 2175 aliquando
1418 2138 1472 2165 Cn.
1484 2138 1622 2175 Pompeii
1632 2136 1743 2174 (dicam
1754 2136 1819 2176 ipso
1830 2136 1970 2166 audiente
1981 2157 1989 2170 ,
2007 2136 2091 2177 quod

1104 2186 1106 2200 Α
1130 2176 1204 2208 sensi
1216 2198 1224 2211 ‚
1246 2178 1279 2207 &
1290 2178 1387 2207 sentio
1398 2197 1406 2211 ‚
1427 2187 1554 2218 quoquo
1569 2180 1675 2207 animo
1690 2188 1739 2208 me
1749 2177 1902 2208 auditurus
1913 2178 1966 2219 est)
1979 2181 2093 2208 excita-

1129 2228 1175 2250 tus
1186 2240 1194 2253 ‚
1215 2221 1337 2260 inquam
1349 2239 1357 2251 ‚
1378 2219 1539 2259 aliquando
1551 2222 1605 2250 Cn.
1618 2220 1753 2260 Pompeii
1776 2222 1911 2250 nimium
1921 2220 1973 2250 diu
1983 2230 2092 2250 recon-

1128 2262 1210 2291 ditus
1221 2281 1229 2295 ‚
1251 2262 1283 2291 δε
1297 2263 1417 2301 penitus
1432 2260 1580 2291 abstrusus
1593 2264 1689 2292 animi
1706 2262 1795 2292 dolor
1805 2282 1813 2296 ‚
1833 2262 1973 2292 subvenit
1992 2261 2092 2292 subito

1126 2304 1242 2343 reipub.
1255 2305 1468 2343 civitatemque
1481 2302 1604 2334 fraCtam
1620 2304 1708 2334 malis
1718 2324 1726 2337 ,
1746 2313 1861 2334 mutam
1873 2324 1881 2338 ‚
1894 2304 2090 2338 debilitatam,

1126 2344 1273 2385 abjefflim
1288 2353 1391 2379 metu,
1411 2345 1446 2375 ad
1469 2346 1600 2386 aliquem
1617 2347 1699 2386 spem
1724 2346 1886 2381 libertatis,
1909 2346 1942 2377 Sc
1961 2345 2093 2386 pristinae

1126 2388 1279 2429 dignitatis
1293 2387 1390 2416 erexit.
1420 2389 1481 2417 Hic
1500 2390 1548 2417 vii·
1567 2397 1649 2418 extra
1666 2388 1806 2418 ordinem
1825 2390 1868 2418 rei
1885 2387 2088 2418 frumentariae

1123 2428 1330 2470 praeficiendus
1352 2439 1416 2459 non
1434 2429 1513 2461 fuit?
1535 2432 1655 2460 Scilicet
1665 2439 1696 2460 tu
1715 2430 1866 2460 9heluoni
1886 2429 2086 2470 spurcissimo,

1123 2471 1326 2513 praegustatori
1346 2471 1512 2501 libidinum
1529 2481 1645 2502 tuarum
1658 2493 1666 2506 ‚
1690 2473 1814 2502 homini
1825 2469 2031 2513 egentiffimo‚
2055 2471 2091 2501 δε

1124 2512 1373 2545 facinerosissimo
1385 2517 1413 2533 ¹0
1422 2517 1488 2545 Sex.
1499 2515 1609 2546 Clodio
1619 2535 1628 2548 ‚
1643 2515 1725 2545 socio
1736 2515 1780 2544 tui
1792 2514 1945 2553 sanguinis
1957 2533 1965 2547 ,
1977 2515 2029 2554 qui
2039 2513 2090 2543 sua

1989 2557 2091 2597 lingua

161 2646 170 2663 1
180 2658 185 2663 .
205 2641 259 2663 Rem
269 2640 396 2664 maximam
405 2641 498 2671 eripui&
513 2640 662 2673 pesi'efitmmi
677 2641 778 2672 pei-iculi
790 2659 796 2670 ‚
815 2640 938 2672 nonfiilrtm
949 2649 1000 2664 eam
1018 2658 1026 2671 ,
1039 2640 1083 2673 sed

119 2674 270 2708 :titan-vos]
292 2674 360 2700 Pall.
372 2674 452 2701 ferez?
468 2678 537 2709 peste.
556 2684 583 2702 at
595 2685 696 2702 nonus:
719 2679 774 2700 Rem
785 2678 912 2701 maximam
927 2676 998 2708 fmefi
1010 2676 1080 2708 sitnm

116 2712 247 2742 periculum
257 2712 380 2744 nonfiilnm
390 2712 501 2745 εφη-[ἑά
509 2715 579 2737 etiam
589 2711 604 2737 ἢ
616 2712 681 2743 caric,
692 2712 742 2741 (ἔτ.
766 2712 793 2737 S.
805 2712 876 2737 x'iet.
887 2714 941 2736 Rem
951 2715 1080 2737 maximam
1103 2737 1105 2741 ,

117 2746 408 2780 potuistifitmmipericuli
420 2765 427 2778 ,
437 2748 558 2781 nonsblum
568 2757 595 2774 ι’,ε
605 2757 638 2772 me
650 2767 658 2779 ‚
672 2748 715 2782 flii
723 2751 794 2773 ctiam
804 2746 818 2772 fi
831 2748 896 2773 cieilt.
916 2747 1078 2774 Gulielmius

124 2781 253 2814 tentabar,
268 2784 383 2816 po.fitiffl
392 2793 421 2813 cy·
432 2784 518 2817 fitmmi
531 2787 642 2816 periculi,
653 2785 775 2817 non-sulum
783 2786 837 2818 jam
847 2783 937 2816 mefhd,
947 2794 998 2814 UT·

158 2826 187 2843 2.
205 2822 368 2844 'Patrocinium
377 2820 448 2853 latgjm
456 2822 547 2852 imperii
558 2839 565 2851 ‚
584 2820 651 2855 glyc]

121 2852 280 2886 editionum,
291 2856 319 2880 δε
329 2856 448 2881 oninium
461 2856 532 2881 Pull.
543 2856 608 2882 item
619 2856 727 2882 Gembl.
739 2857 766 2882 ἃ
779 2858 805 2882 S.
816 2856 933 2882 riftoris
946 2857 1080 2882 recentior

122 2889 192 2915 enini
205 2892 364 2917 latrocinium.
385 2900 449 2918 voce
459 2890 569 2918 duriore
589 2891 674 2920 forsan
693 2902 771 2928 quum
792 2893 830 2918 uti
849 2892 972 2918 debuerit
983 2893 1080 2919 Cicero
1103 2902 1105 2918 x

125 2924 218 2951 Romae
228 2927 259 2953 ad
271 2929 408 2954 Senatores
420 2928 510 2964 populi
523 2929 606 2955 Rom.

161 2968 187 2996 3.
205 2964 277 2993 Qum
286 2971 312 2988 tn
322 2974 366 2989 non
372 2972 415 2997 pro
423 2966 485 2990 illim
494 2965 608 2997 dignitate
613 2965 787 2998 produxeram]
801 2965 857 2990 Pal.
870 2974 966 2995 nouus,
977 2974 1043 2999 quem
1054 2973 1080 2990 m

125 3005 170 3021 meo
177 2998 319 3029 produxeras
327 3008 368 3032 pro
377 3003 441 3026 illim
451 3001 495 3034 dig.
506 3000 590 3027 editio
600 3002 695 3037 prima,
707 3011 772 3035 quum
783 3009 808 3026 m
818 3010 861 3026 non
872 3002 1075 3034 mo..'op1·0ill.&·c.

124 3031 195 3066 quod
208 3041 292 3060 mutat
301 3035 462 3063 Gulielmius
477 3037 514 3068 in,
526 3047 592 3072 quem
602 3045 630 3062 tu
639 3048 682 3063 non
693 3039 763 3063 domo.
782 3037 996 3073 producebantur
1006 3038 1076 3063 enini
1102 3042 1104 3057 ’ν

124 3069 289 3109 ιξὶξιξςίῐίῖιιωε
300 3071 378 3106 usque
388 3072 418 3098 ad
430 3080 532 3108 portam
544 3075 559 3099 a
580 3073 754 3100 familiaribus
774 3073 972 3110 uecess‘ariiique
984 3073 1077 3109 impri-

124 3112 185 3135 niis,
197 3113 309 3139 quorum
321 3106 378 3142 lege
388 3116 432 3134 aut
442 3108 627 3144 suffragatione
637 3117 824 3145 provenerant.

157 3147 187 3180 4'.
206 3141 271 3180 Qod
278 3142 336 3167 idem
344 3146 369 3168 1'n
384 3146 496 3176 posterum
506 3149 546 3171 M.
556 3146 691 3179 Catonem]
713 3145 784 3172 Illud
799 3166 805 3178 ,
816 3146 876 3171 idem
884 3149 911 3171 in
918 3148 1030 3179 posterum
1041 3146 1077 3171 ir—

123 3183 260 3211 reptitiuui
270 3177 413 3204 arbitratur
422 3180 595 3212 Gulielmius,
607 3191 640 3208 ex
651 3182 772 3208 membro
783 3182 870 3210 statim
882 3181 1000 3218 sequenti
1014 3201 1021 3215 ,
1034 3182 1076 3209 ubi

119 3220 248 3248 praetcrea
258 3221 364 3249 cuperet
374 3214 438 3250 legi,
449 3216 477 3247 (ἰν
486 3217 545 3251 quod
552 3218 621 3244 eidem
630 3220 656 3245 in
664 3220 783 3253 pasterum.

673 2819 782 2846 Reduxi
803 2819 945 2846 leftiouem
959 2828 1078 2846 veterum
1104 2829 1105 2833 ¹

1166 2649 1193 2674 5.
1212 2642 1270 2674 Qis
1283 2643 1433 2673 pro-vinciam
1451 2641 1536 2664 homini
1549 2642 1604 2671 pois?
1614 2658 1621 2670 ,
1632 2639 1700 2672 eya]
1731 2638 1827 2664 Leffio
1838 2639 1924 2665 miuus
1934 2638 2030 2674 proba:
2045 2648 2093 2665 ne-

1130 2686 1182 2712 que
1193 2678 1263 2703 enim
1278 2676 1362 2702 diftio
1378 2678 1528 2708 provintiam
1538 2694 1546 2706 ,
1569 2675 1697 2701 visiturin
1717 2675 1782 2701 oliui
1802 2675 1902 2701 excusis
1915 2695 1922 2706 ‚
1938 2674 2069 2710 inquibus
2082 2685 2089 2702 :

1127 2714 1193 2746 Qid
1208 2715 1293 2738 homini
1307 2715 1360 2744 pot?
1371 2732 1378 2743 ‚
1397 2721 1482 2746 neque
1492 2711 1569 2737 aliter
1581 2710 1649 2737 l'all.
1661 2711 1708 2737 nili
1719 2710 1789 2746 quod
1801 2711 1818 2736 ii
1833 2730 1840 2742 ,
1859 2712 1921 2744 quod
1928 2713 2013 2736 lim—mm*
2026 2730 2033 2743 ‚
2044 2711 2091 2738 ist-

1103 2744 1105 2762 ”
1127 2749 1181 2774 liaec
1191 2748 1362 2775 aniiefiteiites
1382 2747 1568 2784 superioribus.
1589 2746 1657 2773 solus
1677 2747 1771 2774 tertius
1786 2746 1862 2774 habet
1873 2757 1878 2773 ς
1900 2748 1958 2781 Qis
1972 2749 2090 2773 hominum

1123 2788 1186 2818 soff,
1197 2795 1248 2816 00.

1162 2822 1190 2847 6.
1211 2825 1323 2854 Erupmm
1332 2824 1361 2846 τί
1369 2831 1397 2846 cx
1406 2821 1502 2854 Casmil·
1516 2821 1585 2845 rebus
1596 2820 1679 2854 aslis]
1693 2819 1759 2846 Pali.
1771 2828 1861 2846 omncs
1874 2819 1902 2845 δί
1915 2819 1940 2845 S.
1953 2818 2086 2851 ilistoris,

1103 2841 1106 2894 l
1125 2865 1226 2890 creptam
1236 2866 1264 2883 cx
1274 2861 1302 2882 vi
1312 2858 1417 2890 Cgsliris.
1428 2867 1458 2883 an
1471 2856 1522 2882 fuit
1535 2876 1542 2887 ,
1561 2863 1664 2889 creptam
1673 2866 1701 2881 tx
1710 2860 1764 2882 Sex.
1775 2857 1882 2890 Caesari5‚

1163 2902 1190 2927 7.
1211 2896 1306 2919 Recenti
1314 2894 1433 2927 ligi-sbreri
1443 2893 1538 2926 isfiten]
1561 2892 1705 2919 Lambinus
1713 2895 1804 2926 gem-ri,
1813 2901 1848 2919 ex
1859 2890 2014 2926 conjestura
2024 2891 2087 2918 Pas-

1103 2931 1105 2941 ’
1127 2928 1226 2961 seratii,
1238 2929 1278 2955 sed
1292 2939 1343 2955 non
1355 2928 1571 2964 respondentibus
1584 2927 1641 2955 ruff.

1103 2959 1104 2966 ¹
1163 2965 1178 2991 8
1210 2968 1322 2998 eristjtni
1335 2967 1492 2999 pei-stuariam
1504 2984 1511 2996 ,
1522 2966 1613 2990 decreta
1623 2966 1666 2997 lege
1676 2964 1789 2999 struxit]
1811 2963 1957 2991 Lambinus
1967 2964 2086 2996 decrerat,

1102 3004 1104 3030 ¹,
1126 3001 1293 3036 subintellige
1304 3002 1465 3037 provincias,
1476 3001 1576 3037 iuquit,
1587 3000 1660 3027 libi-is
1671 3001 1793 3027 omnibus
1804 3001 1907 3027 invitis.

1161 3047 1189 3073 9.
1209 3041 1306 3063 llelitoni
1320 3036 1486 3071 spizrctjffimo]
1510 3036 1653 3063 Lambinus
1672 3046 1705 3064 ex
1718 3036 1834 3064 lefiiione
1846 3038 1872 3062 S.
1882 3036 1999 3063 Victoris
2020 3035 2087 3063 facit

1101 3068 1103 3102 ἶ
1123 3076 1308 3107 ιἠιῃιινηιζθῐιηο.
1328 3072 1489 3100 Gulielmius
1495 3076 1662 3108 spurcanffima
1674 3093 1682 3106 ‚
1693 3074 1720 3100 δ(
1731 3073 1838 3110 propius
1849 3073 1938 3100 literas
1952 3092 1959 3104 ,
1969 3073 1996 3099 δε
2008 3072 2086 3107 flagi-

1101 3106 1103 3127 Ι
1126 3111 1164 3136 tio
1175 3110 1229 3144 ejus
1241 3109 1452 3136 convenientius.

1168 3155 1208 3171 ιο.
1226 3150 1272 3170 Sex
1281 3146 1367 3177 Clodio,
1377 3146 1444 3179 <js-a]
1458 3146 1516 3172 Pal.
1527 3154 1610 3172 nonus
1620 3148 1692 3172 Delio.
1705 3145 1790 3172 voluit
1800 3144 1871 3171 forte
1882 3146 1965 3174 Claelio.
1977 3142 2046 3179 quod
2059 3143 2085 3168 iii

1126 3182 1152 3207 S.
1165 3181 1281 3244 &potioris
1293 3180 1382 3244 chice
1394 3201 1402 3214 ‚
1422 3181 1508 3218 ficque
1519 3181 1619 3218 semper
1630 3182 1686 3209 heic
1694 3182 1800 3211 invenit
1818 3182 1845 3211 in
1857 3180 2011 3208 melioribus
2029 3177 2086 3205 mss'.

1101 3230 1110 3249 ‚¹
1127 3219 1169 3245 Sul
1186 3218 1219 3245 rit
1230 3226 1258 3244 us
1270 3221 1313 3245 nol
1328 3226 1368 3244 er.

1449 3254 1553 3281 Mnim
1574 3261 1592 3281 2.
1988 3250 2016 3278 ιζ
2036 3252 2088 3277 an

2117 1810 2160 1835 10
