2337 3400
139 2412 177 2445 13

200 123 296 189 982
617 115 1120 166 M-TULL11

1189 116 1726 167 CICERoN1s

201 213 264 234 non
276 204 358 233 enim
373 209 477 242 urgent
489 207 536 230 :ut
544 207 706 240 coarguant
719 217 728 232 ‚
749 199 906 228 neminem
919 196 980 226 ulla
988 195 1025 226 de
1034 204 1064 226 re
1072 192 1154 236 posse
1194 195 1328 237 primum
1339 204 1431 226 artem
1441 198 1590 237 quandam
1599 200 1636 231 de
1646 201 1705 236 his,
1717 211 1782 243 quae
1791 202 1854 234 visa
1865 201 1995 235 dicimus
2006 212 2166 235 :eorum-w

202 244 380 275 contendere
393 262 400 275 ,
426 251 521 282 neque
532 240 689 271 asseverare
701 260 709 273 ‚
730 238 790 269 sine
801 240 901 279 aliqua
911 239 973 278 ejus
985 240 1049 272 rei,
1062 247 1152 278 quatri
1194 249 1251 280 que
1262 239 1295 269 δε
1304 241 1368 269 vim
1383 258 1392 271 ,
1416 238 1450 267 &
1460 248 1567 278 genera
1574 240 1726 273 definiunt
1737 255 1742 273 :
1755 247 1786 276 jn
1796 246 1843 276 his
1852 246 1938 286 quale
1949 245 1982 276 fit
1992 245 2023 276 jd
2033 266 2041 280 ,
2060 245 2144 287 quod
2158 259 2162 262 .

203 285 256 315 sihi
278 285 402 324 quisque
412 284 524 323 placei-e
535 283 628 315 dicit,
646 291 742 314 certa,
764 282 926 322 &propria
936 289 1016 310 nora.
1039 283 1050 300 ³
1062 278 1152 321 Qod
1194 282 1306 321 percipi
1327 301 1335 314 ,
1366 280 1399 309 &
1415 283 1633 321 comprehendi
1650 283 1737 323 possit

203 326 244 355 est
265 328 353 365 igitur
375 324 449 354 istuc
466 324 600 354 vestrum
619 323 794 364 probabile?
809 333 881 353 nam
895 321 914 352 si
925 342 934 356 ‚
955 321 1037 363 quod
1047 330 1155 362 cuique

200 376 336 400 occurrit,
348 367 380 396 δε
390 368 490 406 primo
499 364 577 406 quasi
587 367 620 395 ad
627 364 724 405 speEtu
735 364 891 405 probabile
900 364 1028 397 videtur,
1041 364 1070 393 id
1080 372 1156 393 con-

203 407 347 442 firmatur,
356 409 428 448 quid
441 419 477 438 eo
490 409 607 438 levius?
626 407 669 437 sin
679 417 717 437 ex
726 405 996 446 circumspectione
1004 406 1111 446 aliqua,
1123 404 1156 434 &

203 459 332 480 accurata
342 449 577 480 consideratione
587 470 595 483 ‚
607 449 688 490 quod
702 449 802 479 visum
814 447 859 482 sit.
871 448 901 478 id
912 448 940 478 se
951 448 1052 478 dicent
1061 447 1154 488 sequi:

204 500 304 520 tamen
315 501 432 522 exitum
445 501 507 521 non
517 491 682 521 habebunt:
697 490 830 531 primum
842 500 913 531 quia
923 491 968 520 his
980 487 1048 520 visis
1059 509 1068 523 ,
1080 490 1157 519 inter

203 541 269 572 qua:
289 534 366 563 nihil
393 533 511 563 interest
532 555 540 567 ,
562 534 714 573 aequaliter
731 532 877 563 omnibus
896 532 1053 573 abrogatur
1071 529 1154 561 fides:

203 576 314 605 deinde
326 595 334 609 ,
354 574 425 605 curn
438 575 534 606 dicant
546 575 615 615 poffe
623 574 872 616 accideresapienti
882 593 890 607 ,
903 583 935 604 ut
945 594 953 608 ‚
963 574 1039 604 cum
1050 574 1156 603 omnia

199 614 305 647 fecerit
315 637 322 650 ‚
344 616 630 658 diligentissimeque
640 617 903 656 circumspexerit,
916 614 1022 647 existat
1030 614 1156 656 aliquid,

200 658 282 698 quod
304 659 336 689 &
357 657 518 689 verisimile
539 660 693 692 videatur,
715 659 748 689 δε
765 657 837 689 absit
855 656 1028 700 longissime
1051 658 1066 688 a
1076 666 1157 686 vero:

201 702 216 719 ²
227 709 288 741 quo
298 700 391 730 modo
402 720 410 734 ‚
431 700 449 730 si
462 710 568 742 magna
579 710 657 741 parte
665 701 790 742 quidem
811 701 864 739 (ut
873 701 970 732 solent
979 699 1099 737 dicere)
1121 698 1156 728 ad

200 750 307 772 verum
324 743 419 782 ipsum
431 762 439 776 ‚
451 752 499 773 aut
509 743 602 784 quam
613 742 754 783 proxime
770 742 909 773 accedant
920 762 927 775 ‚
942 740 1096 772 confidere
1104 738 1157 769 sihi

200 787 355 824 poterunt?
367 793 399 814 ut
411 786 495 814 enim
509 783 785 818 confidant‚notum
802 786 848 814 his
860 782 917 815 effe
929 783 1049 814 debebit
1058 783 1160 823 insigna

204 827 272 854 veri.
296 835 358 866 quo
373 826 500 857 obscuro
510 847 519 860 ,
543 827 575 858 &
585 825 722 867 oppresso
734 848 742 860 ,
754 826 836 867 quod
851 826 974 856 tandem
986 835 1092 855 verum
1106 823 1157 853 sibi

201 867 386 898 videbuntur
417 870 560 910 attingere
580 871 590 898 ?
624 872 636 896 3
647 869 728 910 Qid
757 877 855 898 autem
871 871 931 898 tam
954 867 1077 898 absurde
1101 866 1161 896 dici

201 909 298 949 potest
311 929 318 943 ,
331 910 421 951 quam
433 909 505 940 cum
522 913 560 941 ita
574 911 760 951 loquuntur?
782 909 833 940 Est
845 911 892 939 hoc
902 910 1014 951 quidem
1023 911 1065 939 rei
1077 908 1159 938 illius

202 950 318 991 lignum
332 972 340 985 ,
362 961 409 982 aut
430 962 639 993 argumentum
654 972 663 986 ,
682 952 714 982 &
735 962 768 982 ea
788 961 818 982 re
837 952 868 982 id
890 953 916 982 se
941 960 1012 981 uor:
1034 951 1082 980 sed
1095 949 1158 979 fieri

201 993 299 1032 potest
309 1014 317 1027 ‚
344 1004 375 1024 ut
388 994 417 1024 id
431 995 511 1034 quod
523 993 702 1035 significatur
712 1014 720 1027 ‚
734 1002 783 1023 aut
796 993 904 1024 falsum
914 962 947 1023 siit
959 1013 966 1026 ,
978 1001 1027 1023 aut
1038 993 1115 1022 nihil
1127 990 1160 1021 sit

167 1038 178 1049 ¹·
203 1037 344 1065 omnino.
369 1035 424 1066 Sed
444 1036 481 1065 de
499 1038 692 1076 perceptione
711 1034 864 1066 ha&enus.
889 1034 908 1065 fi
923 1037 990 1076 quis
1008 1037 1091 1064 enim
1115 1043 1158 1066 ea,

204 1086 269 1118 quae
279 1077 357 1107 dista
368 1078 454 1111 sunt,
476 1077 649 1108 labefaCtare
659 1077 740 1108 volet
752 1097 760 1110 ‚
772 1077 861 1108 facile
871 1096 879 1111 ‚
892 1079 982 1107 etiam
994 1075 1162 1107 absentibus

199 1119 291 1148 nobis
303 1139 310 1151 ‚
335 1119 478 1159 verirasse
496 1119 555 1161 ipsit
565 1119 697 1158 defendet.
723 1121 779 1149 His
789 1120 854 1150 satis
865 1121 1009 1161 cognitis:
1021 1118 1157 1158 quaeJam

200 1161 345 1200 explicata
368 1161 454 1194 sunt,
474 1171 557 1191 nunc
575 1163 610 1192 de
630 1159 811 1195 assensione,
829 1171 916 1202 atque
934 1160 1160 1200 approbatione,

199 1211 290 1242 quam
311 1204 407 1233 Gracci
427 1210 605 1242 συγκατάέεσψ
618 1212 738 1236 vocant,
749 1213 840 1244 pauca
851 1203 985 1232 dicemus
1000 1224 1004 1229 .
1024 1211 1087 1231 non
1099 1200 1161 1241 quo

198 1254 263 1274 non
286 1244 359 1275 latus
370 1245 452 1276 locus
462 1243 510 1274 sit:
533 1245 582 1275 sed
592 1245 691 1285 paullo
705 1248 773 1275 ante
784 1244 860 1284 jassa
870 1245 940 1275 sunt
950 1243 1156 1274 fundamenta.

198 1290 216 1312 4
234 1296 303 1316 nam
324 1286 397 1316 curn
418 1288 483 1317 vim
495 1307 503 1320 ‚
525 1294 591 1328 quae
609 1286 681 1317 ess'et
702 1289 734 1316 in
755 1285 885 1317 sensibus
897 1307 905 1320 ‚
925 1284 1160 1326 explicabamus,

198 1326 288 1357 simul
315 1328 391 1359 illud
412 1329 611 1368 aperiebatur,
635 1328 853 1369 comprehendi
874 1330 968 1358 multa
978 1347 986 1361 ‚
1008 1328 1040 1357 δε
1050 1328 1162 1366 percipi

196 1369 332 1400 sensibus
347 1381 351 1399 :
374 1370 456 1411 quod
469 1369 597 1411 fierifine
609 1370 750 1411 affinfinne
759 1381 822 1400 non
834 1370 939 1410 potest.
964 1370 1076 1400 deinde
1088 1367 1158 1399 cum

196 1413 276 1441 inter
296 1413 470 1442 inanimum
483 1433 491 1446 ‚
520 1413 552 1444 &
570 1415 704 1446 animal,
717 1414 774 1443 hoc
784 1409 1059 1444 maximeinterfit,
1079 1409 1160 1451 quod

200 1454 375 1484 inanimum
386 1454 463 1484 nihil
476 1457 545 1495 agit,
561 1455 673 1484 animal
684 1456 743 1494 agit
755 1454 879 1495 aliquid,
894 1453 987 1495 (nihil
995 1453 1068 1482 enim
1077 1462 1160 1493 agens

197 1505 230 1523 m
240 1496 359 1535 cogitari
368 1495 582 1538 quidemporeff
594 1495 746 1537 qualefit)
767 1498 856 1526 antei
865 1496 966 1526 sensus
977 1495 1158 1525 adimendus

199 1535 261 1565 est:
282 1546 332 1567 aut
355 1547 407 1571 ea,
425 1547 492 1577 quae
511 1537 553 1568 est
573 1540 604 1567 in
629 1538 727 1568 nostra
742 1537 791 1568 sita
801 1537 944 1577 potestate
956 1556 964 1570 ‚
986 1536 1158 1566 rreddenda

198 1576 332 1608 assensio.
357 1582 396 1608 At
408 1579 478 1608 vero
490 1581 609 1609 animus
618 1579 749 1620 quodam
762 1579 855 1609 modo
866 1581 990 1619 eripitur
1003 1579 1048 1608 his
1060 1598 1068 1612 ‚
1079 1587 1156 1618 quos

199 1628 299 1660 neque
314 1619 423 1650 sentire
434 1640 442 1654 ‚
462 1630 559 1661 neque
578 1619 712 1651 ass'entiri
725 1622 842 1651 volunt.
855 1619 870 1640 ⁶
882 1622 1005 1650 utenim
1017 1628 1156 1649 NECESSF.

198 1660 242 1690 cst
253 1681 260 1694 ‚
281 1662 396 1691 lancem
415 1664 447 1691 in
466 1663 548 1696 libra,
572 1662 755 1703 ponderibus
773 1660 920 1703 impositis
946 1662 1075 1702 deprimi
1090 1672 1095 1690 :
1117 1659 1155 1690 sic

200 1704 340 1733 animum
360 1703 520 1743 perspicuis
539 1705 661 1734 cedere:
683 1709 777 1734 7nam
790 1725 798 1738 ,
819 1703 977 1745 quomodo
989 1713 1052 1733 non
1062 1702 1158 1743 potest

199 1745 313 1774 animal
335 1746 433 1775 ullum
453 1755 516 1775 non
538 1755 673 1786 appetere
684 1746 713 1776 id
727 1766 735 1780 ,
757 1749 839 1787 quod
849 1745 1111 1776 accommodatum
1122 1744 1157 1774 ad

198 1795 333 1816 naturam
344 1796 476 1826 appareat
489 1798 494 1816 2
505 1787 515 1825 (
526 1789 622 1817 Graeci
637 1787 666 1817 id
675 1796 753 1821 saiw
763 1788 931 1828 appellant)
944 1786 981 1817 sic
991 1796 1054 1816 non
1063 1786 1159 1826 potest

197 1827 347 1867 objefflm
364 1838 426 1858 rem
449 1829 632 1869 perspicuam
645 1839 707 1860 non
719 1829 890 1870 approbare.
912 1838 1094 1870 quamquam
1105 1848 1112 1861 ‚
1136 1826 1154 1856 fi

196 1870 247 1899 illa
259 1889 267 1903 ,
291 1870 327 1900 de
337 1870 446 1911 quibus
458 1870 639 1910 disputatum
648 1871 691 1901 est
703 1892 711 1905 ,
724 1881 792 1902 vera
808 1871 874 1901 sunt
888 1890 896 1904 ‚
916 1870 995 1900 nihil
1005 1872 1109 1900 attinet
1120 1869 1157 1899 de

196 1909 361 1941 assensione
380 1914 512 1942 omnino
523 1913 616 1953 loqui.
640 1915 691 1954 qui
702 1915 783 1944 enim
796 1912 869 1954 quid
883 1914 1008 1952 percipit
1018 1932 1026 1945 ‚
1038 1910 1157 1941 afflanti-

197 1961 245 1982 tur
264 1953 373 1983 statim.
397 1954 443 1984 sed
463 1955 525 1984 haec
545 1957 634 1985 etiam
662 1956 825 1996 sequuntur
837 1975 844 1988 ,
866 1964 913 1983 nec
933 1954 1095 1983 memoriam
1099 1953 1159 1994 sine

192 1994 338 2036 assensione
341 1994 411 2036 posse
420 1994 546 2032 constare,
559 2006 614 2027 nec
625 2000 746 2028 notitias
758 2006 869 2029 rerum,
882 2006 938 2027 nec
951 1998 1036 2026 arteis
1050 2007 1055 2024 :
1067 1996 1156 2036 idque

197 2038 279 2077 quod
290 2040 462 2068 maximum
475 2038 528 2072 est,
540 2047 572 2068 ut
581 2037 736 2080 sitaliquid
748 2041 780 2069 in
791 2038 889 2069 nostra
899 2037 1053 2079 potestate,
1066 2039 1098 2067 in
1107 2047 1156 2070 eo,

197 2082 250 2119 qui
270 2081 311 2109 rei
328 2080 404 2109 nulli
415 2078 588 2110 assentietur
598 2100 606 2114 ,
633 2091 697 2111 non
707 2084 772 2111 erit.
796 2081 858 2111 Ubi
868 2083 957 2123 igitur
968 2091 987 2110 v
996 2090 1096 2109 rarus
1107 2099 1116 2113 ‚
1137 2078 1157 2109 fi

196 2121 276 2150 nihil
296 2120 384 2151 situm
404 2121 446 2151 est
465 2123 496 2152 in
517 2121 584 2162 ipsis
595 2123 705 2153 nobis?
722 2123 858 2153 Maxime
869 2132 970 2154 autern
982 2121 1156 2155 absurdum,

195 2164 269 2192 vitia
288 2165 318 2192 in
331 2163 461 2202 ipsorum
473 2161 531 2193 esse
542 2163 682 2204 potestate
695 2185 703 2199 ,
724 2175 822 2206 neque
831 2174 950 2205 peccare
959 2173 1156 2205 quemquam,

195 2202 252 2234 nisi
263 2202 441 2234 assensione:
465 2206 522 2235 hoc
537 2206 618 2236 idem
632 2209 663 2236 in
678 2208 787 2237 virtute
798 2217 862 2236 non
872 2205 940 2240 effe-3
955 2207 1040 2245 cujus
1053 2206 1157 2235 omnis

196 2245 362 2276 constantia
375 2267 382 2279 ,
396 2246 429 2276 δε
442 2245 565 2278 firmitas
575 2257 613 2277 ex
626 2250 670 2278 his
681 2249 769 2279 rebus
779 2248 904 2282 constat,
917 2244 932 2267 8
942 2248 1052 2289 quibus
1060 2245 1156 2277 assen-

197 2288 227 2318 sa
239 2287 281 2318 est
292 2308 300 2322 ‚
322 2288 354 2318 &
364 2298 433 2329 quas
443 2290 633 2329 approbavit:
654 2292 846 2332 omninoque
855 2289 921 2320 ant&
930 2289 1020 2319 videri
1029 2289 1153 2331 aliquid,

195 2339 288 2370 quam
300 2340 420 2371 agamus
432 2351 440 2364 ,
454 2329 568 2361 necesse
579 2330 622 2361 est
638 2334 751 2373 :eique,
763 2332 845 2373 quod
857 2333 953 2362 visum
965 2330 1011 2365 sit,
1020 2329 1154 2361 assentia-

196 2380 252 2401 tur.
275 2382 364 2413 quare
378 2375 429 2413 qui
452 2381 501 2402 aut
517 2372 635 2408 visum,
656 2381 705 2404 aut
716 2373 863 2404 assensum
876 2374 958 2404 tollit
969 2393 976 2407 ‚
992 2375 1016 2402 is
1028 2383 1154 2403 omnem

197 2412 349 2444 aCtionem
370 2414 477 2444 tollite
489 2416 559 2444 vita.
584 2418 676 2446 Nunc
685 2425 717 2445 ea
729 2415 882 2445 videamus
899 2436 907 2448 ,
931 2425 997 2456 quae
1007 2414 1109 2445 contra
1120 2414 1155 2444 ab

198 2456 244 2485 his
265 2455 405 2496 disputari
425 2456 528 2486 solent.
566 2460 580 2483 9
596 2457 653 2487 Sed
672 2456 754 2497 prius
772 2457 894 2497 potestis
905 2477 913 2490 ,
936 2459 1027 2486 totius
1046 2465 1154 2486 eorum

195 2499 321 2528 rationis
339 2496 418 2539 quasi
439 2497 636 2529 fundamenta
646 2499 832 2540 cognoscere.
857 2501 1056 2538 Componunt
1066 2499 1156 2539 igitur

1284 325 1288 328 ὓ
1364 323 1368 328 .
1453 323 1457 328 ,
1761 297 1767 316 ;
1786 288 1914 318 toridem
1934 288 2032 318 verbis
2045 308 2054 321 ‚
2075 295 2152 329 quot

1197 325 1300 354 Stoici.
1323 321 1432 352 deinde
1450 323 1502 353 illa
1517 333 1679 364 exponunt
1696 324 1777 362 duo,
1800 338 1866 369 quae
1885 328 1964 370 quasi
1975 330 2162 360 contineant*

1197 373 1324 394 omnem
1343 365 1418 394 hanc
1439 358 1638 404 quaestionem
1659 377 1665 395 :
1686 375 1768 407 σεε
1788 379 1846 400 rra
1864 380 2064 402 vini-:Astron
2085 392 2094 405 ‚
2120 380 2153 401 u:

1198 408 1287 436 etiam
1310 406 1368 436 alia
1388 408 1484 437 multa
1505 407 1615 438 eodem
1638 409 1732 438 modo
1744 410 1837 441 videri
1847 411 1976 452 poffint,
1998 414 2098 443 necin
2107 413 2155 442 his

1197 448 1361 489 quidquam
1373 446 1487 479 intersit
1501 459 1506 478 :
1520 458 1583 479 non
1593 448 1675 489 posse
1685 459 1792 481 eorum
1803 452 1858 482 alia
1867 456 1976 494 percipi
1991 474 1999 488 ,
2022 455 2078 485 alia
2087 463 2151 484 non

1197 491 1326 530 percipi:
1345 489 1424 519 nihil
1434 488 1570 521 interesse
1581 500 1680 521 autem
1693 511 1701 526 ‚
1714 502 1779 523 non
1790 494 1884 524 modo
1895 493 1914 524 fi
1923 504 1962 525 ex
1977 498 2063 526 omni
2074 505 2154 536 parte

1198 532 1333 571 ejusdem
1357 533 1443 563 modi
1452 530 1507 562 fint
1518 551 1526 566 ,
1546 533 1594 563 sed
1604 533 1726 564 etiamsi
1737 534 1863 565 discerni
1873 545 1936 566 non
1946 536 2066 576 poffint.
2088 539 2156 578 qui-

1203 573 1257 603 bus
1274 571 1375 614 positis
1387 593 1395 606 ‚
1421 576 1513 605 unius
1524 577 1693 615 argumenti
1710 575 1903 607 conclusione
1915 587 1975 608 tota
1985 578 2021 608 ab
2031 580 2075 609 his
2088 589 2158 610 cau-

1199 616 1227 646 sa
1247 616 1521 655 comprehenditur.
1543 616 1707 657 composita
1724 627 1824 648 autem
1837 628 1869 649 ea
1877 618 2028 649 conclusio
2047 619 2083 650 sic
2093 620 2153 651 est:

1200 660 1342 691 EORUM,
1373 668 1454 699 (ΨΒ
1474 667 1671 694 vrbem-ua,
1693 662 1722 679 ¹0
1740 661 1796 690 alia
1813 669 1880 690 vera
1901 661 1988 695 sunt,
2007 661 2064 691 alia
2075 661 2154 692 falsa:

1201 700 1232 730 &
1255 700 1336 741 quod
1354 700 1463 731 falsum
1481 699 1542 734 est,
1562 700 1594 730 id
1612 703 1724 742 percipi
1743 712 1806 732 non
1826 701 1942 742 potest:
1964 702 2045 743 quod
2054 712 2156 734 autem·

1200 751 1304 772 verum
1317 743 1415 773 visum
1427 741 1480 775 est,
1494 742 1524 772 id
1534 752 1629 773 omne
1639 744 1695 774 tale
1703 742 1794 777 est,ut
1803 743 1936 784 ejusdem
1949 744 2034 774 modi
2045 744 2155 775 falsum

1201 785 1289 814 etiam
1300 783 1386 824 poffit
1396 785 1503 814 videri.
1528 787 1584 817 Et,
1606 796 1672 826 quae
1683 787 1744 816 visa
1754 785 1819 815 sunt
1830 786 2000 826 ejusmodi,
2025 788 2100 816 utin
2114 787 2153 817 iis

1180 844 1182 851 ι
1201 826 1279 855 nihil
1298 825 1431 860 intersit,
1450 836 1513 856 non
1533 825 1614 866 poffe
1632 827 1780 861 accidere,
1801 836 1833 857 ut
1854 838 1960 858 eorum
1981 828 2036 858 alia
2045 829 2159 868 percipi

1201 866 1309 907 poffint
1320 889 1328 902 ,
1355 869 1411 899 alia
1431 878 1494 898 non
1506 867 1626 908 poffint.
1651 870 1771 900 nullum
1785 869 1927 910 igiturest
1937 870 2036 900 visum
2047 890 2055 903 ,
2076 869 2159 910 quod

1199 911 1310 949 percipi
1321 909 1418 951 poss'it.
1443 912 1516 951 Qae
1525 919 1624 940 autem
1637 914 1758 941 sumunt
1769 931 1777 944 ‚
1800 921 1831 941 ut
1844 912 2026 942 concludant
2037 911 2066 942 id
2074 911 2157 951 quod

1201 951 1327 985 volunt:
1348 962 1385 982 ex
1404 953 1450 981 his
1461 952 1521 982 duo
1536 950 1588 982 sibi
1600 962 1703 992 putant
1715 953 1850 983 concedi.
1875 963 1972 993 neque
1982 954 2065 983 enim
2076 953 2158 993 quis·-

1200 1003 1291 1033 quam
1303 1003 1455 1035 repugnat.
1481 1004 1513 1024 ea
1521 994 1587 1024 sunt
1599 996 1661 1024 haec
1674 1005 1678 1024 :
1690 995 1762 1035 Qae
1772 995 1982 1036 wfizfizzfizfinr
1993 1015 2001 1029 ‚
2013 1005 2043 1023 ea
2051 994 2156 1035 percipi

1201 1046 1251 1064 non
1262 1035 1334 1076 poffe
1343 1047 1353 1062 .·
1367 1036 1398 1065 &
1409 1036 1533 1065 alterum
1549 1055 1557 1068 ‚
1569 1038 1644 1065 Inter
1652 1046 1710 1077 qux
1722 1036 1784 1075 visa
1794 1037 1864 1065 nihil
1874 1036 1981 1077 interfit
1994 1057 2002 1070 ‚
2013 1047 2046 1065 ex
2060 1037 2157 1065 hanon

1198 1076 1268 1118 poffc
1277 1079 1337 1105 alia
1349 1078 1423 1106 talia
1433 1076 1480 1113 ff
1491 1096 1499 1110 ‚
1513 1084 1547 1105 ut
1554 1079 1657 1118 percipi
1665 1077 1773 1120 poffinr,
1785 1078 1846 1107 alia
1857 1086 1891 1106 ur
1899 1078 2055 1120 nonpoffint
2065 1090 2076 1105 :
2087 1078 2158 1107 reli-

1199 1128 1257 1159 qua
1279 1118 1351 1149 vero
1363 1139 1371 1152 ‚
1396 1119 1491 1148 multa
1503 1137 1512 1151 ‚
1536 1118 1569 1147 &
1587 1122 1666 1149 varia
1684 1121 1797 1149 ratione
1810 1119 1984 1150 defendunt.
2008 1130 2075 1161 quae
2090 1119 2158 1150 sunt

1200 1162 1272 1189 item
1283 1160 1361 1190 duo:
1376 1169 1474 1190 unum
1488 1179 1496 1193 ,
1520 1169 1638 1191 EORUM
1649 1181 1658 1195 ,
1678 1170 1758 1199 QJAE
1775 1170 1998 1195 moniam-on,
2018 1163 2073 1192 alia
2085 1171 2153 1192 vera

1200 1199 1268 1235 effe,
1279 1202 1336 1231 alia
1345 1200 1414 1232 falsa
1425 1201 1568 1232 :alterum
1585 1222 1593 1236 ,
1602 1212 1697 1232 omma
1709 1211 1832 1235 VISUM,
1842 1202 1924 1242 quod
1937 1201 1968 1233 sit
1977 1203 1993 1233 a
2003 1213 2084 1237 vero,
2099 1203 2157 1234 talc

1200 1241 1269 1277 effe,
1279 1243 1366 1284 quale
1376 1245 1468 1274 etiam
1478 1242 1575 1274 afalso
1585 1242 1676 1284 possit
1685 1242 1752 1274 effe.
1778 1246 1850 1274 Haec
1864 1244 1924 1274 duo
1935 1243 2082 1284 proposita
2091 1254 2157 1274 non

1199 1285 1427 1325 praetervolant,
1448 1284 1496 1316 sed
1521 1288 1560 1317 ita
1577 1287 1719 1320 dilatant,
1739 1295 1772 1316 ut
1784 1296 1848 1316 non
1861 1285 2045 1317 mediocrem
2055 1295 2157 1316 curam

1198 1327 1377 1361 adhibeant,
1400 1328 1433 1358 δε
1451 1326 1651 1368 diligentiam.
1674 1327 1815 1358 dividunt
1839 1330 1962 1358 enimin
1973 1330 2079 1368 parteis
2091 1348 2100 1362 ‚
2123 1327 2158 1358 δε

1199 1379 1247 1399 eas
1256 1369 1379 1410 quidem
1394 1379 1442 1399 ma
1464 1379 1513 1399 nas
1526 1369 1677 1410 :primum
1689 1372 1721 1399 in
1731 1369 1831 1400 sensus
1843 1381 1848 1398 ;
1861 1369 1970 1400 deinde
1985 1372 2016 1400 iri
2029 1380 2078 1403 ea,
2090 1379 2157 1411 quae

1200 1411 1350 1441 ducuntur
1360 1411 1376 1442 a
1386 1412 1435 1442 sen
1459 1411 1514 1441 bus
1529 1432 1538 1445 ‚
1559 1412 1591 1442 ὃς
1601 1412 1637 1442 ab
1647 1414 1734 1441 omni
1745 1412 1963 1442 consuetudine
1976 1423 1981 1441 :
1996 1422 2086 1453 quam
2099 1411 2157 1441 ob·

1198 1453 1305 1483 scurari
1315 1453 1432 1483 volunt.
1445 1462 1508 1483 tum
1520 1455 1702 1493 perveniunt
1711 1453 1745 1483 ad
1756 1463 1821 1483 eam
1832 1462 1992 1493 pa1·tem,ut
2001 1464 2039 1483 ne
2048 1454 2157 1482 rarione

1199 1494 1322 1535 quidem
1336 1515 1344 1529 ‚
1366 1495 1399 1525 &
1417 1493 1575 1534 conjeffsura
1596 1496 1655 1525 ulla
1673 1504 1720 1525 res
1731 1497 1841 1535 percipi
1852 1493 1949 1534 postit.
1973 1497 2047 1525 Haec
2056 1504 2158 1525 autem

1198 1536 1332 1567 universa
1352 1537 1519 1567 concidunt
1539 1539 1630 1567 etiarn
1646 1536 1804 1566 minutius.
1829 1540 1872 1567 Ut
1885 1539 1968 1566 enim
1979 1537 2015 1566 de
2025 1535 2156 1567 sensibus

1196 1577 1334 1608 hesterno
1350 1579 1487 1609 sermone
1496 1578 1627 1612 vidistis,
1640 1580 1713 1609 item
1724 1577 1838 1608 faciunt
1848 1579 1884 1608 de
1898 1579 2020 1619 reliquis
2034 1589 2040 1607 :
2052 1581 2086 1608 in
2096 1577 2157 1608 sm-

1195 1619 1329 1661 gulisque
1339 1619 1436 1654 rebus,
1448 1630 1519 1661 quas
1529 1622 1562 1650 in
1573 1622 1703 1651 minima
1711 1620 2015 1660 dispartiunt,volunt
2025 1618 2155 1653 efficere,

1196 1664 1242 1691 his
1251 1662 1395 1692 omnibus
1408 1683 1416 1695 ,
1427 1672 1493 1703 quae
1507 1663 1568 1692 visu
1578 1660 1633 1692 fint
1643 1681 1651 1696 ,
1672 1663 1751 1692 veris
1762 1661 1901 1700 adjuncta
1920 1660 1977 1691 effe
1985 1661 2055 1692 falsa
2068 1682 2076 1695 ,
2088 1671 2156 1702 quae

1197 1707 1212 1734 a
1223 1706 1301 1733 veris
1311 1705 1388 1734 nihil
1399 1703 1553 1734 differant:
1564 1714 1597 1734 ea
1607 1703 1678 1733 cum
1690 1704 1756 1733 talia
1767 1701 1823 1733 sint
1836 1704 1912 1733 nihil
1923 1702 2006 1743 poss'e
2017 1713 2159 1743 compre-

1198 1745 1300 1775 hendi.
1324 1747 1410 1775 Hanc
1420 1755 1475 1786 ego
1488 1745 1682 1775 subtilitatem
1693 1764 1701 1778 ‚
1723 1745 1898 1786 philosophia
1908 1745 2031 1785 quidem
2043 1744 2158 1785 dignis-

1199 1785 1415 1826 simamjudico
1429 1807 1437 1821 ,
1460 1786 1508 1816 sed
1521 1786 1557 1816 ab
1575 1796 1681 1816 eorum
1692 1786 1774 1816 causa
1787 1805 1796 1820 ‚
1817 1788 1869 1827 qui
1880 1788 1921 1816 ita
1931 1785 2075 1816 differunt
2089 1806 2098 1820 ,
2110 1795 2158 1816 re-

1196 1826 1404 1858 motissimam.
1428 1827 1624 1859 definitiones
1635 1829 1732 1861 enim,
1745 1828 1777 1858 δε
1786 1829 1973 1868 partitiones,
1988 1828 2141 1859 &horum

1196 1870 1367 1900 luminibus
1377 1879 1464 1901 utens
1475 1871 1571 1900 oratio
1582 1890 1591 1903 ,
1605 1879 1671 1900 tum
1683 1868 1897 1900 similitudines
1909 1889 1917 1904 ,
1937 1868 2159 1900 dissimilitudi-

1198 1912 1309 1952 nesque
1320 1931 1328 1946 ‚
1349 1912 1382 1942 &
1393 1922 1494 1943 earum
1506 1913 1605 1942 tenuis
1616 1912 1649 1942 &
1659 1921 1741 1942 acuta
1751 1909 1908 1942 distinffio
1917 1931 1925 1946 ‚
1946 1911 2102 1950 fidentium
2113 1909 2157 1940 ef}

1196 1954 1341 1983 hominum
1353 1965 1364 1982 .·
1384 1955 1435 1985 illa
1445 1963 1511 1984 vera
1521 1973 1530 1988 ‚
1551 1953 1583 1984 &
1594 1952 1680 1984 firma
1691 1973 1700 1988 ,
1724 1954 1842 1984 &certa
1851 1952 1908 1983 effe
1918 1973 1926 1987 ‚
1937 1964 2001 1995 quae
2013 1961 2158 1984 tutentur:

1193 2006 1255 2025 non
1266 2006 1373 2026 eorum
1384 2016 1392 2030 ,
1404 1998 1457 2038 qui
1467 1996 1599 2026 clament
1610 2016 1618 2030 ‚
1637 1995 1722 2025 mhilo
1734 1997 1822 2036 magis
1834 2005 1902 2025 vera
1915 1996 1964 2026 illa
1977 1994 2041 2033 effi,
2061 1990 2151 2037 qulzm

1187 2037 1278 2079 falfic.
1301 2038 1373 2079 quid
1384 2041 1467 2069 enim
1478 2046 1564 2079 agant
1573 2058 1581 2072 ‚
1601 2037 1621 2067 si
1632 2058 1641 2071 ‚
1653 2037 1724 2067 cum
1743 2037 1856 2078 aliquid
1867 2036 2042 2067 definierint
2053 2057 2062 2070 ,
2073 2044 2158 2078 roget

1197 2089 1249 2110 eos
1268 2081 1416 2121 quispiam
1430 2100 1438 2115 ,
1462 2090 1537 2110 num
1549 2080 1601 2110 illa
1610 2078 1750 2110 definitio
1759 2078 1848 2119 poss'it
1859 2081 1892 2109 in
1902 2080 1991 2110 aliam
2006 2077 2156 2109 transferri

1195 2122 1375 2162 quamlibet:
1390 2121 1409 2152 fi
1419 2120 1503 2163 poffe
1514 2122 1663 2152 dixerint:
1677 2124 1687 2140 ¹
1695 2126 1703 2141 ¹
1715 2121 1801 2162 (quid
1809 2123 1892 2151 enim
1902 2121 1999 2151 dicere
2010 2119 2159 2158 habeant?)

1195 2174 1248 2194 cur
1257 2164 1308 2194 illa
1319 2174 1387 2194 vera
1397 2162 1537 2195 definitio
1548 2162 1581 2194 fit
1595 2166 1606 2193 ἓ
1625 2162 1645 2193 fi
1655 2166 1829 2204 negaverint
1843 2163 2015 2194 :latendum
2026 2161 2069 2196 fit,
2080 2170 2164 2201 quo-

1196 2207 1278 2235 niam
1297 2206 1345 2236 vel
1365 2207 1416 2237 illa
1428 2207 1490 2236 veri
1501 2205 1640 2236 definitio
1652 2205 1801 2236 transferri
1823 2215 1886 2236 non
1897 2203 1983 2245 poffit
1994 2207 2025 2234 in
2038 2203 2159 2236 falsum,

1196 2248 1274 2277 ¹²vel
1289 2247 1371 2289 quod
1381 2258 1413 2278 ea
1423 2246 1603 2279 definitione
1614 2248 1790 2288 explicetur,
1805 2247 1836 2277 id
1846 2248 1956 2288 percipi
1968 2244 2050 2285 poss'e
2061 2256 2065 2273 :
2078 2243 2160 2285 quod

1197 2290 1329 2319 minime
1352 2291 1398 2320 illi
1412 2291 1531 2320 volunt.
1556 2290 1658 2320 eadem
1669 2289 1728 2319 dici
1740 2291 1922 2328 poteruntin
1937 2287 2082 2317 omnibus
2093 2295 2160 2326 par-

1197 2331 1284 2361 tibus.
1309 2333 1338 2362 Si
1349 2334 1433 2362 enim
1447 2333 1548 2363 dicent
1560 2352 1568 2365 ‚
1590 2341 1623 2361 ea
1634 2351 1642 2365 ‚
1661 2331 1697 2361 de
1705 2331 1815 2371 quibus
1826 2328 1965 2360 different
1979 2349 1987 2363 ‚
2003 2329 2032 2369 ft
2042 2327 2162 2358 dilucide*

1194 2373 1340 2414 perspicere
1353 2393 1361 2406 ‚
1385 2384 1438 2404 nec
1451 2374 1512 2404 ulla
1523 2375 1746 2403 communione
1756 2372 1892 2402 visorum
1906 2372 2046 2411 impediri
2060 2379 2162 2400 :com-

1194 2415 1377 2454 prehendere
1388 2426 1421 2446 ea
1431 2416 1458 2445 se
1469 2413 1551 2454 poffe
1561 2413 1742 2444 fatebuntur.
1765 2412 1808 2443 fin
1818 2423 1918 2443 autem
1931 2413 2081 2453 negabunt
2093 2420 2160 2440 vera

1195 2456 1259 2495 vifiz
1280 2451 1297 2485 Ῐι
1314 2456 1399 2497 falsis
1409 2455 1479 2498 posse
1488 2455 1623 2496 distingui
1634 2475 1642 2490 ‚
1667 2455 1867 2496 qnipoterunt
1879 2456 1999 2496 longius
2010 2452 2161 2495 progredi?

1195 2506 1366 2528 occurretur
1377 2501 1462 2528 enim
1476 2518 1485 2532 ‚
1508 2496 1581 2528 sicut
1594 2498 1750 2529 occursum
1767 2496 1818 2528 est.
1842 2507 1912 2528 nam
1923 2495 2063 2528 concludi
2075 2503 2160 2535 argu·

2073 2545 2162 2566 men-

205 2656 226 2681 Ρ
237 2628 262 2680 ι’.ι
279 2619 343 2680 §.gild
351 2622 385 2645 cf?
393 2623 464 2653 igitur
474 2623 535 2647 1·an
544 2622 647 2654 vestrum
653 2623 772 2656 probabile
783 2622 816 2656 ἲ]
838 2621 921 2648 Liber
931 2623 958 2648 S.
971 2620 1088 2647 Nestoris
1102 2640 1110 2653 ,
1128 2621 1156 2646 δε

229 2667 251 2681 »h
269 2666 311 2681 ,uo
333 2665 394 2682 rum.

236 2703 263 2720 ι,
282 2660 391 2745 ξῗένηοᾱο
403 2714 410 2729 ,
422 2696 446 2729 fi
463 2704 547 2729 magna
560 2697 657 2732 parta]
679 2698 785 2725 Neuter
799 2697 934 2725 Palatinus
955 2696 1074 2734 agnolcit
1092 2695 1162 2722 illud

201 2739 242 2754 fluo
253 2740 320 2756 ”llll-9.

203 2755 211 2763 Δ
240 2777 264 2801 3.
284 2770 346 2808 Qiil
355 2777 432 2795 nutem
442 2778 491 2796 ram
503 2772 613 2809 abstustk,
622 2773 690 2808 dyc]
711 2773 833 2810 Viilgati,
842 2781 892 2800 tam
902 2773 1031 2807 obscurum,
1043 2771 1085 2799 sed
1097 2782 1161 2799 con-

202 2811 243 2830 tra
255 2805 319 2830 l'.ill.
332 2813 392 2831 itam
406 2807 490 2833 editos
503 2817 517 2833 a
530 2809 661 2835 victorio.

238 2854 266 2886 4:
290 2851 351 2872 Nam
362 2858 411 2874 rum
420 2855 470 2876 vim
482 2871 490 2883 ,
501 2861 548 2885 qut
557 2853 619 2885 aflet,
629 2854 695 2887 elya]
721 2853 809 2880 Aliter
822 2853 968 2880 Lambinus
981 2872 988 2885 ,
1009 2851 1050 2879 sed
1070 2861 1163 2880 contra

203 2883 262 2908 mss.
274 2883 299 2907 Sc
320 2883 379 2909 cdd.
419 2887 443 2911 ui
461 2887 556 2914 liabent
578 2889 714 2924 vulgatum
728 2908 736 2921 ‚
757 2890 802 2917 nisi
814 2889 885 2926 quod
908 2890 965 2916 Pal.
985 2890 1064 2925 prim·
1084 2890 1163 2923 ‘ffi'ffi

202 2920 231 2943 S.
243 2926 304 2944 vcro
316 2918 430 2962 Videris
440 2923 560 2951 excludit
570 2923 697 2960 syllabam
707 2929 759 2952 vim
770 2934 798 2953 ut
810 2925 930 2953 videatur
941 2925 1011 2962 poll‘e
1023 2926 1074 2961 legi
1088 2936 1093 2952 :
1106 2935 1164 2953 nam

203 2963 254 2979 cmn
265 2963 312 2988 qux
321 2956 400 2985 efferii,
409 2966 460 2985 (γε.

244 3003 269 3028 5.
290 2996 413 3021 Reddmda
423 2998 538 3033 assenfiosj
555 3001 597 3026 Sic
607 3002 634 3027 &
647 3003 715 3028 Pall.
726 3002 817 3030 nosti-i.
839 3012 897 3029 nam
909 3003 935 3030 in
948 3005 975 3029 S.
986 3003 1103 3030 ViRoris
1114 3013 1164 3030 cx-

203 3037 242 3071 tat
251 3031 377 3062 credenda,
389 3032 459 3073 quod
471 3034 497 3058 ὅ(
510 3035 535 3060 in
547 3036 677 3073 plerisque
687 3046 756 3066 vett.
767 3039 888 3076 reperiss‘e
899 3039 924 3066 se
933 3040 1071 3067 :innotavit
1083 3041 1164 3067 Lam-

204 3066 292 3098 binus,
304 3074 442 3103 mutatque
455 3078 479 3094 in
487 3071 616 3100 prodenda.

238 3110 266 3137 6.
287 3114 316 3137 Ur
325 3116 386 3138 enim
396 3115 479 3154 ›reeeffi‘
491 3116 622 3140 efflantem
632 3120 668 3147 in,
680 3119 746 3151 dves]
769 3121 811 3145 Sic
821 3120 980 3147 membrana:
991 3122 1018 3148 S.
1032 3123 1163 3154 Victoris,

201 3145 236 3174 fic
245 3147 314 3174 Pali.
335 3149 542 3186 prodideratqne
561 3150 661 3178 dudum
682 3155 761 3180 cuim
782 3155 834 3191 ipsc
846 3156 1002 3189 Visstotiuss
1021 3157 1064 3185 sed
1086 3167 1165 3186 nenio

1208 2619 1323 2655 vestigiis
1335 2619 1390 2649 eius
1401 2619 1516 2646 insistere
1527 2619 1614 2646 voluit
1626 2639 1633 2650 ‚
1644 2629 1697 2645 non
1709 2618 1854 2651 sturmius,
1866 2627 1917 2646 non
1929 2618 1990 2645 alii:
2014 2617 2165 2644 maluerunt

1206 2657 1304 2682 etenim
1315 2657 1396 2689 nercffi·
1406 2659 1449 2686 eff,
1461 2657 1600 2687 atlantem,
1610 2655 1730 2682 oratione
1741 2654 1867 2688 distorta„

1242 2700 1270 2725 7.
1289 2695 1353 2717 Nam
1363 2693 1467 2726 quomodo
1476 2701 1521 2717 non
1529 2694 1607 2724 must,
1617 2692 1686 2725 &ej
1708 2693 1735 2718 S.
1747 2691 1863 2723 Viam-is
1873 2689 2010 2726 exemplar
2020 2697 2071 2715 non
2082 2697 2166 2723 agno-

1206 2727 1252 2754 scit
1264 2728 1425 2762 negativam.
1449 2737 1532 2763 neque
1544 2727 1682 2754 necessaria
1692 2728 1738 2754 est.

1244 2763 1271 2790 8.
1292 2766 1384 2796 Qibus
1393 2765 1482 2796 affinsjsi
1491 2766 1530 2794 esi,
1544 2765 1574 2794 (ly-
1582 2773 1643 2798 quas·
1653 2763 1824 2797 adprobavit]
1847 2761 1919 2788 Idem
1931 2760 1998 2787 liber
2012 2760 2087 2793 quasi.

1242 2807 1270 2835 9.
1290 2800 1409 2833 Srilprim
1426 2800 1517 2833 potestis
1526 2803 1598 2825 tutius
1608 2809 1683 2825 eorum
1693 2803 1792 2825 rationu
1801 2799 1868 2832 quast
1877 2798 2038 2830 fundamenta
2057 2796 2170 2828 cognosce-

1208 2836 1258 2869 re.]
1281 2835 1428 2862 Maluiss‘em
1447 2835 1560 2862 dixisse:
1577 2836 1622 2868 sed
1635 2839 1705 2868 prim
1717 2838 1796 2862 aerius
1806 2842 1882 2859 eorum
1899 2833 1999 2858 rationis
2016 2833 2083 2865 quasi
2093 2832 2168 2865 fund.

1208 2872 1336 2905 cvgnoftirc.

1248 2917 1288 2933 io.
1299 2910 1358 2933 Axia
1367 2916 1429 2932 vera
1438 2907 1491 2939 effe,
1502 2909 1552 2932 alia
1562 2906 1650 2939 falsa]
1676 2905 1739 2931 Non
1752 2901 1852 2929 suntab
1861 2903 1892 2928 P.
1904 2903 2039 2934 Manutio,
2050 2903 2087 2929 ita
2096 2902 2168 2929 enim

1207 2952 1267 2971 :inte
1279 2943 1360 2979 ipsum
1372 2943 1517 2979 publicarat
1530 2941 1676 2973 Victorius,
1689 2940 1857 2974 retinentque
1868 2938 1925 2966 mss.
1939 2939 2028 2966 nostri.
2051 2939 2167 2975 vulgata.

1209 2981 1278 3006 aliud
1286 2990 1371 3007 verum
1381 2979 1432 3010 effic,
1443 2978 1614 3010 aliudfalliim.

1250 3025 1258 3042 t
1268 3025 1275 3041 1
1285 3035 1291 3041 .
1303 3015 1368 3048 Qid
1376 3017 1437 3039 enim
1448 3014 1522 3038 dicere
1531 3014 1647 3037 habeant?
1657 3020 1709 3043 cnr,
1722 3011 1789 3045 dre]
1803 3012 1845 3037 Sic
1857 3011 1881 3037 S<
1894 3011 1963 3037 Pau.
1974 3011 2067 3037 nostri.
2077 3010 2171 3037 P.Ma·

1211 3051 1300 3078 nutius
1312 3049 1415 3079 mullet,
1427 3049 1541 3083 quidnam
1551 3048 1624 3072 dicere
1634 3049 1737 3072 habeant
1748 3057 1790 3073 cur
1799 3050 1839 3073 illa
1853 3057 1907 3072 vri-o
1917 3048 2018 3080 definitio
2026 3049 2070 3081 ſst.

1251 3096 1293 3113 12.
1314 3085 1422 3119 Vclqnod
1430 3093 1457 3109 ea
1468 3083 1624 3118 definitione]
1648 3084 1774 3109 Voculam
1789 3085 1831 3109 vel
1847 3084 1922 3109 illata
1940 3079 1976 3110 est
1987 3084 2019 3108 ab
2031 3081 2174 3113 Lamblno,

1211 3125 1225 3149 ὲ
1237 3122 1294 3148 mss.
1305 3122 1331 3147 8(
1346 3121 1408 3146 vero
1420 3120 1457 3145 ita
1468 3119 1521 3154 legi
1532 3120 1557 3145 in
1570 3120 1596 3144 S.
1609 3118 1725 3146 Victoris
1740 3138 1747 3150 ‚
1766 3120 1904 3146 annotavit
1913 3119 2088 3145 Gulielmius.
2106 3117 2175 3144 alio·

1210 3158 1274 3193 quin
1287 3166 1340 3184 non
1355 3155 1451 3183 habent
1463 3155 1545 3183 nostri
1555 3154 1623 3182 Pall.
1635 3151 1721 3191 nequ‘e
1731 3154 1876 3191 agnoscunt
1887 3155 1948 3182 ullae
1958 3154 2099 3182 editiones.
2124 3187 2169 3223 Vs

2088 3198 2112 3216 i.
2142 3199 2149 3213 ι
2162 3197 2178 3214 a

2177 1787 2218 1819 ¹4
