2379 3400
242 122 391 170 ÷1290
669 91 1183 142 M.Tur„t.11

261 186 333 218 sisse.
357 183 398 214 sin
415 177 585 222 profligatio
594 175 743 206 exercitus
755 191 763 207 ,
782 170 938 202 amclades
947 170 1045 210 aliqua
1053 167 1215 207 contingit,

265 228 341 260 nihil
360 235 396 255 eo
407 223 478 253 statu
488 220 622 250 miserius
633 226 669 246 rie
679 215 802 256 cogitari
810 213 933 254 quidem
942 210 1047 252 potest.
1071 208 1216 250 siquidem

265 267 445 308 captivitati,
476 262 604 300 inopiae,
638 256 752 290 luetur,
774 256 942 287 contemtui
962 250 1144 292 conjun&us
1163 249 1215 280 est.

268 309 324 340 Sed
334 308 376 337 fac
395 308 510 344 Regem
531 299 592 331 effe
610 299 626 330 a
647 299 799 329 bellorum
819 299 933 336 impetu
951 315 959 329 ,
972 295 1005 325 &
1020 298 1035 324 a
1056 293 1217 324 castrorum

268 351 388 390 pulvere
401 353 573 380 remotum:
597 341 645 373 sua
658 342 757 381 pacate
767 338 962 380 possidentem
974 356 982 370 ,
994 336 1076 366 nulla
1085 333 1218 365 hostium

267 387 436 423 incursione
451 394 609 417 vexatum:
631 392 707 413 num
719 384 827 413 iccirco
839 382 931 410 tutior
943 398 952 412 ,
970 379 986 409 a
998 377 1127 407 miseriis
1139 376 1218 407 secu-

267 435 329 463 rior
340 433 350 459 ?
360 426 543 471 quinimmo
555 446 564 460 ,
582 427 722 456 utorium
733 424 862 454 humana
875 430 976 452 natura
987 429 1051 450 non
1063 418 1119 448 fert
1130 437 1138 452 ‚
1160 417 1220 457 ipse

266 473 320 504 fibi
340 469 526 503 molestiam,
548 478 580 498 ac
600 465 837 498 sollicitudinem
855 462 1021 495 exhibebit.
1046 470 1115 491 narn
1125 458 1221 491 autde

266 513 409 554 augendis
419 509 613 551 veERigalibus
626 529 635 544 ,
652 517 701 540 aut
715 507 751 538 de
762 504 962 546 producendis
974 502 1085 534 finibus
1098 522 1106 535 ‚
1127 502 1222 541 deque

269 556 396 588 urbibus
415 554 450 584 ad
470 553 632 592 imperium
652 548 837 590 acquirendis
852 566 860 582 ,
878 555 926 578 aut
937 545 1140 586 dejungendis
1152 551 1221 572 cum

260 596 488 638 ,potentioribus
509 591 781 633 propinquitatibus
805 610 814 624 ‚
837 598 924 629 atque
947 590 1089 621 armcitiis
1112 593 1220 625 cogita-

266 640 322 671 bit.
347 648 411 679 quae
424 638 591 678 quianimo
611 635 722 673 agitat,
743 642 798 662 nec
819 631 834 662 a
855 629 992 664 molestia
1002 629 1078 659 liber
1087 626 1150 661 est,
1171 635 1225 655 nec

267 683 345 715 alios
355 681 470 710 securos
480 698 488 712 ,
512 687 543 708 ac
557 679 675 717 quietos
686 673 743 704 else
755 672 834 704 sinit.
857 675 903 704 De
917 673 1047 701 Avaritia
1055 669 1126 700 vero
1139 689 1148 702 ,
1163 677 1225 698 rna-

259 726 355 758 ⁴>tima
364 723 537 751 animorum
548 717 626 758 peste
638 737 646 750 ‚
669 717 767 751 nolim
780 716 915 746 hocloco
925 713 1061 753 pluribus
1071 711 1226 750 disputare.

261 775 338 806 qua:
349 767 380 795 in
393 761 489 792 deside
500 781 508 795 ,
523 769 608 801 atque
617 758 711 789 otiosa
724 766 825 791 mente
835 760 926 797 quam
940 754 1073 789 maxime
1084 754 1226 783 exoritur-

263 816 362 846 ‚eaque
371 803 529 834 ereffiores
553 804 672 831 animos
685 820 693 834 ,
714 800 746 829 δε
756 800 874 830 altiores
885 798 1037 838 dignitatis
1051 795 1155 837 gradus
1167 802 1227 822 ma—

269 848 356 879 xime
366 847 515 876 sollicitat.
540 846 620 877 Huic
629 843 731 884 generi
743 839 886 875 infimum
899 841 1062 871 hominum
1072 845 1165 876 genus
1176 844 1229 873 op-

266 898 414 930 ponitur:
443 886 544 928 quod¹
565 895 596 917 ut
616 886 746 914 nomine
766 880 1017 922 abssstrffimum,
1048 877 1086 908 sic
1104 889 1135 909 re
1155 886 1232 917 quo-

296 941 330 961 ue
345 929 490 960 omnibus
513 926 730 958 calamitatibus
743 945 752 958 ,
773 934 859 964 atque
876 923 1038 963 angoribus
1061 919 1102 950 est
1122 928 1230 959 propo-

271 941 370 1003 Pitum.
394 973 475 1001 Huic
485 969 587 1009 inopia
598 987 607 1002 ,
627 967 722 998 fames
733 986 742 1001 ,
762 966 948 1000 contumelia
959 983 967 998 ,
984 964 1100 1003 injuriae
1113 982 1123 995 ,
1137 967 1230 990 tribu-

271 1023 374 1047 torum
387 1013 516 1046 solutio,
542 1011 659 1045 militiae
669 1008 883 1042 incommoda,
905 1006 1010 1040 misera
1019 1005 1150 1044 denique
1161 1012 1227 1032 orn—

270 1058 322 1087 nia
333 1054 507 1096 perferenda
519 1054 602 1085 sunt:
621 1061 716 1092 eoque
727 1050 863 1081 miserius
875 1047 917 1079 est
930 1068 938 1082 ‚
951 1046 1034 1088 quod
1045 1047 1149 1076 ceteris
1162 1053 1231 1073 om-

270 1098 362 1132 nibus
375 1116 386 1130 ,
407 1095 479 1126 cum
499 1094 618 1129 adversa
635 1092 756 1124 fortuna
781 1099 959 1132 premuntur
976 1109 985 1123 ,
1022 1087 1171 1128 permulta
1190 1095 1231 1115 ta-

269 1149 345 1172 men
364 1139 542 1178 suppetunt,
561 1137 577 1169 ὲ
595 1135 703 1175 quibus
715 1133 954 1167 consolationem
967 1151 975 1164 ,
999 1129 1171 1169 dolorisque
1190 1128 1231 1156 le—

270 1183 427 1212 vationem
448 1186 561 1220 petunt.
597 1187 625 1208 at
645 1175 784 1207 infimam
803 1174 921 1214 plebem
945 1182 1049 1203 natura
1069 1171 1129 1211 ipsa
1149 1169 1230 1200 fatali

268 1222 400 1264 quadam
422 1219 587 1254 neceffitate
603 1227 664 1253 tam
683 1216 799 1257 abjetfito
820 1235 828 1249 ,
857 1225 976 1256 tamque
995 1217 1061 1244 imo
1080 1214 1150 1242 loco
1167 1212 1225 1241 col-

269 1266 398 1299 locavit,
422 1272 455 1296 ut
472 1261 617 1294 omnibus
635 1261 778 1291 aerumnis
800 1256 948 1297 subjesta,
973 1256 1055 1289 nulla
1070 1263 1231 1295 propemo-

267 1307 347 1344 ‚dum
358 1307 472 1337 ratione
482 1305 555 1345 erigi
568 1323 577 1337 ,
594 1311 643 1333 aut
653 1302 799 1335 sublevari
811 1298 906 1340 posfit.
930 1301 978 1331 Ne
988 1298 1151 1332 mediocris
1165 1304 1232 1335 qui-

272 1348 344 1383 dem
356 1349 520 1381 hominum
530 1345 668 1378 conditio
679 1343 864 1375 miseriarum
877 1350 984 1381 expers
1002 1339 1059 1370 effe
1076 1338 1230 1379 cognosci-

273 1399 332 1421 tur.
356 1398 427 1423 nam
446 1389 524 1422 inter
544 1388 719 1422 summum,
741 1384 774 1415 &
792 1382 938 1416 infimum
956 1380 1129 1420 interjeEka,
1149 1379 1233 1410 alteri

272 1440 355 1473 paret
365 1451 375 1465 ,
394 1430 520 1464 alterum
534 1430 654 1468 patitur.
678 1429 727 1460 cui
742 1424 762 1460 fi
777 1427 923 1466 imperare
935 1423 1031 1465 posset
1041 1443 1050 1458 ,
1069 1422 1148 1456 certe
1163 1421 1231 1450 lon-

272 1472 340 1514 gius
351 1472 495 1506 amiseria,
513 1470 641 1503 distaret.
666 1468 723 1501 Sed
740 1470 810 1509 quia
830 1477 927 1508 neque
945 1466 1089 1506 dignitate
1105 1462 1232 1504 praestat,

274 1525 332 1551 nec
342 1514 480 1546 summos
490 1512 605 1544 viribus
614 1511 747 1551 adaquat
757 1529 768 1544 ,
784 1510 836 1540 suo
847 1509 921 1543 statu
932 1517 1074 1543 contenta
1083 1504 1139 1536 effe
1151 1506 1229 1545 cogi-

275 1565 332 1592 tur.
369 1557 469 1595 Itaque
490 1554 597 1588 multis
614 1555 647 1586 in
665 1554 784 1585 civitate
803 1550 992 1591 perfungitur
1013 1549 1232 1579 incommodis,

274 1606 340 1632 nori
355 1596 416 1631 illis
427 1595 552 1636 quidem
564 1603 667 1634 parum
679 1592 865 1632 Reipublicae.
879 1588 1037 1623 frustuosis
1050 1608 1059 1622 ,
1080 1597 1129 1619 aut
1148 1587 1232 1619 valde

275 1639 311 1675 ad
325 1637 487 1671 ferendum
501 1636 640 1677 gravibus
650 1655 659 1669 ‚
678 1643 764 1674 atque
774 1634 883 1673 asperis
897 1644 902 1662 ι
922 1632 971 1664 sed
982 1640 1047 1672 qux
1058 1638 1158 1663 tamen
1167 1630 1230 1658 ani-

275 1689 363 1715 mum
376 1679 558 1712 sollicitent,
581 1677 614 1707 &
625 1678 770 1711 humanas
784 1675 917 1709 miserias
930 1681 1064 1714 augeant.
1089 1673 1150 1705 haec
1165 1670 1232 1698 lon,

273 1723 351 1762 giori
365 1722 500 1751 oratione
513 1719 647 1760 persequi
662 1737 671 1751 ,
690 1727 755 1749 non
773 1716 814 1746 est
830 1716 980 1755 pi'aesentis
999 1712 1145 1744 instituti:
1165 1720 1232 1741 ante

276 1764 380 1798 oeulos
399 1763 503 1793 omnia
522 1761 607 1793 sunt,
627 1759 660 1789 &
671 1758 760 1788 nobis
770 1758 917 1797 praecipue
928 1766 958 1785 re
969 1756 1030 1794 ipsa
1039 1751 1188 1794 perspe&a
1201 1752 1232 1783 &

277 1806 404 1846 cognita.
428 1805 494 1833 Nec
507 1801 578 1832 vero
593 1798 648 1832 alia
658 1799 699 1831 est
713 1799 904 1829 faeminirum
916 1797 1064 1827 conditio.
1088 1804 1136 1824 aut
1147 1795 1231 1823 enim

277 1848 384 1877 iisdem
397 1864 404 1878 ,
425 1854 473 1876 aut
488 1852 592 1884 parum
606 1841 683 1875 certe.
697 1839 817 1874 diversis
832 1840 864 1869 δε
881 1838 1028 1871 molestiis
1039 1858 1050 1870 2
1069 1837 1101 1867 &
1115 1837 1229 1876 angori-

278 1889 333 1920 bis
344 1896 499 1917 vexantur.
524 1895 594 1916 nam
607 1883 756 1918 &iisdem
771 1882 904 1914 morbis,
924 1881 1034 1921 quibus
1044 1879 1101 1912 viri
1113 1898 1121 1911 ‚
1141 1878 1173 1911 ὃς
1184 1877 1235 1906 iis-

279 1930 349 1962 dem
367 1930 462 1959 animi
480 1925 773 1968 perturbationibus,
798 1923 966 1963 mentisque
985 1921 1134 1952 erroribus
1155 1919 1234 1956 obji-

278 1974 406 2005 ciuntur.
420 1980 516 2010 eoque
527 1969 663 1999 miserior
676 1967 800 2001 illorum
814 1965 902 1998 status
912 1964 964 1998 est,
978 1974 1039 2005 quo
1051 1963 1174 1992 mollior
1183 1971 1236 1992 nex-

277 2023 341 2045 tura
353 2032 361 2046 ,
383 2012 458 2044 &ad
470 2009 667 2052 propulsanda
682 2007 880 2041 incommoda
890 2027 898 2040 ,
920 2004 1159 2044 calamitatesque
1172 2012 1235 2043 per-

278 2054 413 2086 ferendas
425 2055 584 2087 innrmior.
609 2051 727 2084 easdem
740 2070 751 2084 2
764 2059 835 2091 quas
846 2051 922 2082 viri,
938 2058 974 2080 ex
985 2056 1138 2087 parentum
1152 2066 1160 2078 ,
1181 2045 1237 2074 fra-

280 2107 377 2133 trum,
402 2097 537 2126 sororum
550 2115 559 2129 2
579 2091 717 2125 affinium
739 2094 860 2123 interitu
883 2089 1054 2122 molestias,
1076 2088 1238 2121 &dolores

279 2140 419 2169 hauriunt
433 2148 438 2166 ;
457 2146 579 2167 maritos
591 2136 664 2175 saepe
675 2133 772 2164 fatuos
782 2153 790 2167 ‚
806 2143 907 2173 parum
921 2132 956 2162 de
968 2142 997 2162 re
1007 2128 1171 2161 domestica
1182 2128 1238 2158 sol-

279 2181 378 2211 licitos
387 2200 395 2214 ,
409 2180 568 2219 pecuniam
579 2176 796 2217 profundentes
807 2175 1030 2208 nanciscuntur·
1049 2182 1086 2202 ex
1097 2181 1158 2212 quo
1168 2180 1240 2210 pau—

279 2230 374 2262 pertas
391 2241 400 2255 ,
430 2221 463 2252 &
482 2219 587 2250 laetus.
619 2219 728 2259 quibus
750 2218 838 2251 malis
857 2227 894 2246 eo
917 2224 1093 2255 premuntur
1113 2221 1239 2255 gremius,

282 2263 364 2305 quod
378 2272 439 2293 non
449 2282 458 2296 ‚
469 2271 500 2292 ut
511 2261 652 2294 homines
663 2280 670 2293 ,
684 2260 817 2301 indagare
829 2256 971 2298 possunt,
982 2267 1039 2297 qua
1050 2254 1185 2289 maxime
1198 2263 1241 2283 ra-

281 2315 364 2337 tione
385 2304 560 2335 medeantur
578 2302 805 2335 incommodis,
829 2300 973 2340 rebusque
994 2300 1053 2330 suis
1071 2297 1238 2329 consulent.

283 2351 438 2388 Qantum
451 2346 554 2377 Tullia
568 2354 636 2375 mea
650 2353 688 2374 ex
707 2345 796 2382 patris
813 2341 918 2374 exsilio
936 2340 1052 2374 doloris
1063 2359 1071 2372 ,
1094 2347 1241 2380 quantum

284 2399 321 2420 ex
341 2391 518 2419 maritorum
537 2388 700 2419 aerumnis,
723 2383 991 2416 &difficultatibus
1006 2380 1123 2414 ludius,
1147 2382 1242 2409 mole—

284 2430 404 2471 stlaequc
415 2432 562 2470 percepit?
577 2429 756 2469 &quamvis
767 2426 895 2466 optandi
906 2426 996 2458 etiam
1008 2421 1141 2455 minime
1153 2431 1243 2461 pauca

283 2475 317 2505 in
329 2481 387 2502 vita
399 2471 522 2503 viderit:
544 2471 696 2501 malorum
707 2477 806 2499 tamen
819 2477 981 2507 paucorum
992 2466 1093 2497 sensus
1104 2485 1113 2498 ‚
1133 2463 1242 2494 veldo-

285 2512 421 2547 &illimis
432 2510 820 2551 hominibusjudicantibus
831 2530 839 2542 2
856 2511 895 2541 ita
904 2508 1025 2539 acerbus
1036 2506 1077 2537 est
1088 2526 1096 2539 ,
1113 2515 1144 2536 ut
1154 2505 1243 2537 bonis

290 2557 338 2587 vel
351 2556 490 2596 plurimis
502 2574 510 2589 ,
530 2555 563 2585 ὃς
575 2554 717 2584 maximis
727 2560 859 2592 aequetur
869 2570 878 2584 ‚
900 2549 1051 2581 interdum
1065 2549 1158 2579 etiam
1171 2556 1246 2587 prae-

286 2597 404 2629 seratur.
427 2597 578 2629 Permulta
591 2603 728 2635 praetcrea
742 2597 776 2624 in
791 2595 849 2626 hoc
861 2602 968 2632 genere
982 2591 1050 2622 sunt
1061 2610 1069 2624 ,
1088 2600 1154 2631 quae
1174 2590 1244 2622 reti—

288 2649 352 2670 cere
363 2638 475 2678 praestat
486 2657 494 2671 ,
515 2638 606 2678 quam
619 2637 715 2667 edere.
740 2636 788 2666 sed
801 2644 906 2675 magna
919 2633 997 2665 certe
1010 2653 1018 2665 ‚
1038 2633 1086 2662 vel
1108 2633 1167 2662 hoc
1186 2640 1248 2661 uno

290 2683 416 2712 nomine
428 2700 436 2714 ,
449 2679 640 2712 faeminarum
652 2678 769 2711 miseria
780 2676 822 2708 est
832 2697 839 2710 ,
857 2676 938 2717 quod
951 2695 959 2708 ‚
971 2674 1116 2716 quamdiu
1128 2675 1245 2705 vivunt,

288 2721 386 2761 parere
397 2722 511 2761 semper
520 2729 679 2762 coguntur.
702 2729 753 2751 aut
762 2721 846 2749 enirn
858 2728 991 2757 innuptae
1001 2716 1173 2755 parentibus
1184 2734 1191 2746 .
1215 2715 1248 2745 &

292 2761 430 2794 affinibus
442 2775 446 2793 z
458 2772 507 2795 aut
517 2772 616 2802 nuptae
628 2782 636 2796 ,
651 2763 764 2793 maritis
774 2769 875 2800 parent
887 2779 894 2793 ‚
908 2760 940 2789 δε
952 2759 1093 2789 serviunt.
1118 2756 1155 2787 sic
1167 2776 1175 2789 ‚
1188 2766 1248 2797 quo

293 2804 395 2837 minus
406 2806 516 2839 liber-az,
528 2815 565 2835 eo
576 2806 668 2844 magis
680 2803 808 2835 miserae,
820 2811 874 2833 nec
885 2811 936 2832 um
961 2810 1030 2830 uam
1042 2800 1155 2831 liberae,
1167 2797 1220 2828 nisi
1233 2799 1249 2828 ὲ

292 2847 353 2876 vita
365 2846 588 2887 proserit-eergo
600 2855 726 2877 mortuae
737 2844 826 2875 beatae
836 2843 943 2874 censen
967 2853 991 2873 ae
1002 2843 1172 2871 erunt.Nec
1182 2840 1249 2871 sane

293 2886 384 2917 video
394 2906 403 2919 ‚
421 2889 493 2928 quid
508 2886 604 2927 aptius
616 2887 674 2918 dici
689 2884 784 2927 poffit.
808 2885 857 2916 sed
869 2904 877 2918 ‚
899 2884 974 2916 utad
987 2894 1044 2914 nos
1056 2883 1135 2923 ipsos
1149 2882 1250 2912 redea-

295 2937 383 2959 mus:
403 2931 451 2958 cui
470 2939 546 2959 uxor
563 2931 731 2969 contingit,
752 2928 777 2958 is
789 2936 893 2967 praerer
905 2934 1088 2957 communes
1102 2926 1247 2956 omniurn

294 2970 472 3002 calamitates
481 2972 628 3009 praecipuo
639 2973 727 3000 etiam
739 2970 865 2999 miseriae
875 2978 982 3008 genere
992 2969 1141 3008 premitur
1152 2987 1161 2999 ‚
1170 2965 1252 3006 quod

296 3021 360 3042 non
373 3011 471 3043 solum
487 3012 544 3042 suis
554 3030 562 3042 ‚
585 3011 633 3041 sed
645 3014 735 3042 etiarn
752 3009 926 3042 domesticis
938 3013 1041 3040 uxoris
1053 3029 1062 3041 ,
1083 3009 1116 3039 &
1127 3007 1252 3038 familiae

297 3051 463 3086 molestiis,
484 3051 618 3091 curisque
631 3062 760 3082 vexatur.
786 3062 881 3092 neque
893 3054 977 3082 enirn
992 3052 1028 3082 ab
1043 3060 1095 3084 ea,
1115 3051 1167 3090 qui
1181 3059 1252 3079 cum

296 3092 457 3127 zraiffimo
467 3095 655 3126 matrimonii
664 3095 788 3125 vinculo
797 3094 1022 3134 conglutinatus
1032 3091 1073 3124 est
1086 3112 1095 3127 ‚
1106 3100 1156 3123 aut
1166 3101 1254 3122 men-

1262 87 1802 136 thznouts

1255 175 1281 197 te
1293 187 1303 200 ‚
1320 174 1369 212 aut
1378 167 1558 207 cogitatione
1568 164 1718 206 sejundkus
1726 164 1785 196 effe
1795 169 1900 207 potest.
1922 172 2023 212 Itaque
2033 175 2077 201 tot
2086 175 2211 201 vexatus

1255 209 1472 238 calamitatibus
1490 227 1499 242 ,
1530 208 1674 248 tantisque
1696 208 1826 240 miseriis
1843 213 2056 243 circumclusus
2076 213 2215 242 hominis

1257 254 1377 279 „inimus
1387 270 1395 282 ,
1416 250 1490 290 quid
1503 252 1656 290 egregium
1669 269 1677 284 ,
1695 258 1745 279 aut
1757 252 1908 282 eximium
1923 254 2063 294 suscipere
2074 274 2082 287 ,
2101 263 2148 284 aut
2160 263 2214 283 co-

1259 294 1348 332 gitare
1357 291 1477 331 potest?
1496 292 1610 321 mirum
1620 311 1629 326 ,
1643 293 1675 321 ni
1687 291 1745 322 lese
1754 291 1883 332 abjiciat,
1893 303 1924 324 ac
1935 296 2026 325 veluti
2034 296 2215 335 desperatio-

1262 343 1299 380 ne
1307 333 1456 380 perculsus
1468 335 1554 363 humi
1568 334 1667 369 jaceat.
1690 332 1795 364 Redeo
1808 337 1897 377 igitur
1906 335 1941 365 ad
1954 336 2028 368 illud
2040 356 2050 369 ,
2063 337 2143 377 quod
2154 337 2216 366 ini-

1263 385 1305 405 tio
1315 374 1381 405 dixi
1394 377 1551 405 neminem
1563 373 1621 405 effe
1630 395 1638 409 ,
1660 377 1712 416 qui
1722 373 1857 414 spiritum
1869 377 1954 406 ducat
1963 396 1972 410 ‚
1983 387 2046 407 non
2059 378 2214 411 miserum.

1264 426 1421 446 neminem
1441 418 1508 447 vere
1527 415 1659 446 felicem.
1684 425 1847 458 parumque
1867 418 1981 458 sapiunt
1992 420 2032 452 ii,
2051 420 2104 458 qui
2113 421 2216 449 homi-

1265 468 1335 488 nem
1347 458 1529 488 luendorum
1548 458 1692 489 scelerum
1713 459 1796 489 cusa
1806 469 1907 490 natum
1921 480 1928 493 ,
1940 458 2059 490 felicem
2071 479 2079 493 ,
2089 469 2138 491 aut
2148 461 2216 491 bea-

1265 509 1328 530 tum
1340 500 1450 530 audent
1459 502 1631 530 nominare.
1642 500 1739 532 nostra
1749 511 1846 534 enim,
1857 512 1922 542 quae
1933 501 2042 534 dicitur
2054 510 2121 534 vita,
2135 511 2217 532 mors

1264 541 1306 572 est
1318 552 1325 589 ².
1344 551 1399 588 nec
1410 552 1553 582 umquam
1564 544 1641 573 vivit
1650 552 1771 574 animus
1783 563 1790 576 ‚
1811 543 1866 573 nisi
1876 553 2020 583 compage
2030 543 2141 572 solutus
2152 552 2219 573 cor·

1264 593 1355 654 poris,
1367 583 1441 613 liber
1453 593 1615 614 aeternitate
1625 587 1762 623 potiatur.
1787 588 1883 625 itaque
1895 594 2026 615 mortem
2036 586 2069 613 in
2080 582 2219 614 beneficii

1277 635 1333 656 oco
1343 625 1482 655 tributam
1497 626 1511 655 a
1522 628 1591 655 Diis
1605 627 1828 657 immortalibus
1839 629 1875 656 iis
1886 646 1895 660 ,
1914 636 1990 667 quos
2001 625 2135 655 maxime
2146 624 2222 655 dile-

1267 676 1392 701 xerunt,
1414 667 1553 697 traditum
1569 666 1630 697 est:
1656 677 1706 703 ot,
1726 669 1795 699 curri
1809 670 1966 699 Herodoto
1977 667 2116 700 auctore,
2136 669 2224 707 Argia

1268 707 1416 755 sacerdos,
1436 708 1518 749 quod
1539 711 1691 748 optimum
1712 709 1783 740 filiis
1802 708 1891 744 ess'et,
1912 711 2001 744 aDea
2020 717 2150 749 precata,
2172 716 2225 737 eos

1268 760 1372 795 reperit
1383 759 1528 795 mortuos.
1552 761 1682 781 mortem
1694 761 1792 782 autern
1805 773 1813 786 ,
1828 761 1980 792 tamquam
1991 753 2149 790 optimam,
2162 750 2224 780 illis

1270 791 1326 822 elle
1343 790 1521 821 concellum.
1550 793 1707 823 credamus
1728 794 1796 824 sane
1817 794 1953 834 Apollini
1971 793 2122 832 Delphico
2139 809 2148 824 2
2172 791 2224 831 qui

1272 843 1409 878 exoratus
1422 835 1630 874 aTrophonio
1643 855 1652 868 ,
1673 836 1705 865 δε
1722 836 1873 876 Agamede
1886 855 1895 868 ,
1914 835 1928 865 ὲ
1947 835 2057 876 quibus
2076 832 2224 873 templum

1273 878 1430 920 magnifice
1441 878 1579 916 Apollini
1599 877 1816 908 exaedificatum
1828 878 1955 916 Delphis
1972 885 2053 910 erat,
2073 885 2105 907 ut
2117 895 2125 908 ι
2145 873 2228 914 quod

1273 917 1343 947 estet
1351 927 1502 958 optimum
1517 919 1656 959 homini,
1679 920 1835 950 tribueret:
1857 919 1922 959 post
1932 919 2012 949 diem
2022 919 2143 950 tertium
2155 925 2227 947 exa·

1274 969 1376 1006 nimes
1387 960 1453 990 sunt
1466 962 1592 989 inventi.
1616 970 1676 1000 quo
1688 971 1811 991 munere
1826 963 1966 998 judicavit
1977 963 2059 991 Deus
2070 979 2079 993 ,
2100 958 2132 989 &
2142 961 2228 989 Deus

1271 1011 1295 1031 is
1307 1021 1314 1033 ‚
1331 1011 1379 1031 cui
1390 1001 1586 1031 divinationis
1597 1011 1690 1040 partes
1701 1003 1716 1033 a
1727 1003 1779 1033 reli
1804 1012 1849 1032 uis
1861 1002 1918 1032 diis
1928 1003 1994 1034 sunt
2004 1000 2113 1032 reheht:
2124 1019 2132 1034 ‚
2144 1008 2227 1030 mor-

1272 1053 1332 1089 tem
1343 1043 1475 1088 'homini
1493 1053 1636 1072 omnium
1656 1044 1756 1074 rerum
1771 1047 1797 1074 el
1811 1042 1830 1076 'e
1841 1053 2003 1083 optimam:
2026 1046 2124 1084 itaque
2134 1051 2227 1071 excu-

1272 1093 1359 1115 tiatur
1374 1094 1436 1123 jam
1447 1104 1456 1118 ,
1476 1085 1508 1115 δι’.
1521 1085 1665 1115 evellatur
1679 1085 1813 1116 funditus
1828 1085 1898 1116 falsa
1911 1086 1961 1116 illa
1975 1085 2142 1116 multorum
2159 1085 2228 1122 opi-

1272 1137 1342 1173 nio,
1358 1126 1467 1156 malam
1478 1124 1535 1158 esse
1547 1136 1678 1157 mortem
1690 1139 1695 1156 2
1707 1128 1952 1168 quandoquidem
1964 1146 1972 1160 2
1983 1128 2030 1157 vel
2041 1126 2166 1157 deorum
2175 1126 2228 1164 ju-

1271 1169 1352 1198 dicio
1363 1187 1372 1201 ,
1393 1178 1455 1199 non
1471 1168 1566 1197 modo
1581 1170 1658 1198 mala
1667 1179 1731 1199 nori
1741 1168 1802 1203 est,
1824 1170 1873 1199 sed
1885 1172 2026 1199 omnium
2038 1177 2136 1199 rerum
2147 1167 2228 1205 opti-

1274 1219 1323 1241 ma
1333 1230 1341 1244 ,
1362 1210 1394 1239 &
1406 1212 1550 1240 omniurn
1561 1220 1720 1241 munerum
1734 1231 1742 1244 ,
1761 1221 1825 1252 qua:
1839 1212 1972 1242 humano
1981 1211 2079 1251 generi
2089 1209 2150 1239 dari
2160 1207 2226 1248 pos-

1272 1251 1340 1281 sunt
1351 1271 1359 1286 ,
1381 1250 1622 1291 praestantilsima.
1654 1254 1788 1292 praeclaie
1809 1264 1814 1281 :
1842 1257 1912 1284 riam
1933 1253 1964 1283 &
1985 1253 2169 1283 miseriarum
2191 1259 2229 1279 o-

1272 1303 1392 1340 mnium
1405 1313 1413 1327 ,
1431 1303 1502 1334 quas
1514 1303 1650 1325 viventes
1659 1296 1838 1334 pertulimus
1850 1314 1858 1328 ,
1879 1293 1947 1325 finis
1960 1294 2001 1324 est
2011 1296 2043 1324 in
2054 1302 2150 1323 morte
2162 1311 2170 1325 ‚
2192 1290 2226 1322 ὃτι

1273 1344 1377 1365 vitatio
1387 1334 1556 1365 futurarum
1568 1356 1575 1369 ,
1592 1337 1624 1366 in
1635 1346 1706 1376 quas
1718 1337 1937 1376 progredientes
1948 1347 1978 1366 in
1993 1338 2051 1366 vita
2061 1337 2232 1365 incurrunt.

1273 1377 1415 1424 docemur
1424 1387 1508 1407 enim
1521 1381 1669 1417 exemplis
1679 1398 1687 1412 ,
1708 1390 1723 1408 a
1733 1380 1941 1422 propagatione
1952 1388 2019 1408 virae
2030 1398 2039 1411 ,
2063 1375 2231 1416 permultos

1273 1428 1406 1459 optimos
1420 1438 1432 1451 ³
1452 1419 1484 1449 &
1494 1418 1669 1450 fortiffimos
1682 1423 1763 1452 cives
1777 1420 1966 1451 incredibiles
1978 1417 2099 1451 haufifl‘e
2107 1417 2231 1448 calami-

1273 1470 1355 1495 tates.
1378 1463 1572 1491 immerentes
1586 1461 1696 1492 dixerit
1710 1462 1819 1501 aliquis
1831 1473 1836 1490 1
1856 1471 1927 1501 ergo
1938 1471 2001 1491 non
2013 1462 2080 1491 sunt
2092 1469 2125 1490 in
2139 1457 2229 1488 mise-

1274 1505 1324 1532 riis
1334 1502 1493 1542 ponendae.
1519 1503 1596 1531 nihil
1611 1505 1692 1532 enim
1708 1504 1852 1533 miserum
1866 1522 1874 1535 ,
1893 1502 1974 1542 quod
1985 1512 2048 1532 non
2059 1502 2142 1540 culpa
2152 1509 2228 1530 con-

1274 1543 1410 1578 traistiim.
1434 1543 1471 1572 de
1480 1544 1538 1572 hoc
1549 1542 1620 1573 alifis
1630 1544 1811 1575 viderimus:
1830 1544 1877 1574 sed
1888 1544 2066 1574 calamitates
2076 1542 2153 1572 certe
2162 1540 2230 1571 fuev

1274 1594 1342 1614 runt
1354 1595 1360 1631 :-
1379 1593 1506 1624 quarum
1519 1593 1608 1614 etiam
1625 1586 1710 1616 unica
1724 1588 1865 1625 cogitatio
1875 1605 1888 1619 ‚v
1902 1595 1966 1626 quae
1978 1583 2163 1625 praetervolat
2173 1602 2181 1615 ,
2195 1583 2231 1613 &2

1273 1624 1376 1666 effugit
1388 1645 1397 1658 ‚
1418 1635 1481 1654 non
1500 1625 1596 1655 modo
1614 1627 1733 1660 sensus,
1754 1637 1806 1666 qui
1820 1637 1939 1666 corpori
1955 1625 2072 1656 firmius
2093 1626 2231 1658 inhaeret,

1256 1687 1257 1690 =
1273 1672 1437 1698 acerbitatis
1449 1667 1535 1697 babet
1544 1668 1722 1706 plurimum.
1745 1678 1783 1697 ex
1795 1678 1856 1707 quo
1866 1669 1936 1698 vere
1946 1668 2049 1707 colligi
2059 1665 2154 1705 potest
2165 1685 2173 1698 ,
2186 1665 2232 1695 sa-

1274 1718 1388 1755 pienter
1404 1706 1505 1737 iecisse
1516 1710 1663 1743 Thraces,
1683 1712 1754 1750 qui,
1775 1708 1794 1737 li
1810 1710 1966 1740 Herodoto
1987 1708 2136 1738 credimus
2148 1726 2157 1740 ,
2179 1716 2231 1737 na-

1275 1749 1424 1780 lcentibus
1435 1749 1536 1779 liberis
1546 1750 1644 1790 lugere
1655 1770 1664 1784 ,
1688 1750 1888 1782 morientibus
1899 1751 1988 1780 laetar'i
2002 1750 2143 1779 solebant.
2167 1749 2235 1779 cxi—

1275 1800 1340 1823 tutn
1355 1791 1494 1822 videlicet
1506 1793 1575 1821 vitae
1588 1812 1597 1824 ,
1617 1802 1650 1822 ut
1666 1793 1850 1823 miseriarum
1869 1792 1961 1821 linem
1975 1811 1983 1824 2
2005 1792 2155 1831 &quietis
2165 1799 2236 1829 por-

1276 1842 1341 1863 tum
1352 1852 1360 1866 ,
1379 1832 1555 1872 probabant:
1578 1836 1645 1866 vitae
1657 1836 1781 1865 initium
1792 1854 1802 1867 ‚
1819 1843 1849 1863 ut
1861 1831 2021 1874 ingress'um
2032 1833 2067 1862 ad
2081 1831 2233 1861 molestias

1276 1875 1307 1921 ὃς
1317 1874 1438 1905 dolores
1450 1894 1460 1908 ,
1471 1876 1560 1906 inViti
1572 1875 1724 1907 videbant.
1747 1879 1778 1907 Si
1788 1886 1857 1916 ergo
1870 1877 2018 1906 nascimur
2031 1874 2131 1904 miseri
2144 1893 2152 1907 ,
2166 1882 2235 1902 mo-

1276 1926 1372 1964 rimur
1384 1918 1478 1948 beati:
1500 1920 1566 1957 quis
1582 1928 1613 1949 in
1626 1919 1701 1949 hanc
1715 1919 1816 1948 lucem
1824 1918 1872 1948 edi
1885 1918 1955 1948 velit
1967 1937 1979 1949 2
1998 1927 2028 1947 ut
2042 1915 2168 1945 miseriis
2181 1924 2236 1954 op-

1276 1967 1420 1998 primatur
1431 1960 1517 1998 ?quis
1532 1969 1593 1991 non
1606 1959 1708 1999 potius
1719 1962 1810 1993 mori,
1824 1969 1854 1990 ut
1867 1960 1982 1989 beatam
1994 1960 2085 1988 vitam
2096 1957 2239 1997 acquirat?

1280 2001 1311 2030 &
1327 2019 1339 2047 ,Ι
1351 1998 1370 2028 si
1382 2001 1439 2030 hoc
1451 2000 1673 2041 nobismetipsis
1687 2022 1696 2035 ‚
1718 2011 1750 2032 ut
1761 2004 1914 2041 optimum
1926 2020 1934 2034 ,
1956 2000 2120 2030 vellemus:
2138 2009 2190 2029 cur
2203 1998 2240 2027 l'i-

1280 2043 1358 2072 beris
1371 2042 1402 2071 &
1416 2040 1558 2075 affinibus
1569 2062 1577 2076 ,
1603 2043 1753 2074 diversum
1767 2046 1776 2072 ?
1796 2053 1832 2073 an
1845 2043 1953 2072 melius
1964 2043 2054 2072 nobis
2066 2061 2075 2074 ,
2089 2041 2179 2081 quam
2191 2041 2243 2073 iis,

1280 2093 1358 2125 quos
1369 2083 1487 2129 summe
1499 2084 1655 2125 diligimus
1668 2105 1676 2118 ,
1692 2084 1751 2115 effe
1761 2086 1892 2116 velimus
1903 2094 1968 2119 ·‚·.iut
1978 2083 2079 2124 potius
2091 2083 2172 2113 beate
2183 2085 2242 2111 no·—

1282 2128 1345 2158 bis‚
1368 2125 1475 2157 misere
1499 2124 1565 2166 ipfis.
1579 2146 1589 2161 ‚
1609 2127 1641 2159 &
1661 2126 1842 2159 infeliciter?
1865 2128 1922 2157 boc
1937 2127 2016 2157 certe
2040 2125 2126 2155 nullo
2137 2123 2241 2152 modo.

1280 2166 1480 2209 quamobrem
1503 2168 1631 2201 amanda
1650 2178 1730 2201 mors
1748 2169 1863 2209 semper
1882 2168 2027 2198 omnibns
2049 2187 2058 2200 ,
2084 2163 2244 2197 carissimis

1281 2212 1371 2257 etiam
1389 2209 1529 2248 optanda.
1553 2214 1596 2244 Ac
1610 2230 1619 2244 ‚
1636 2209 1654 2242 fi
1665 2211 1774 2250 quibus
1785 2212 1862 2241 mori
1874 2209 1986 2250 praestat
1999 2229 2007 2243 ‚
2029 2217 2118 2249 quam
2131 2210 2246 2239 vivere,

1283 2261 1320 2284 iis
1330 2251 1490 2291 praecipue,
1501 2262 1578 2293 quos
1589 2252 1623 2285 &
1632 2251 1694 2284 adita
1706 2262 1775 2283 cum
1787 2254 1898 2282 virtute
1909 2254 1968 2282 vita
1978 2251 2071 2282 claros
2083 2247 2180 2280 effecit
2191 2268 2200 2281 ‚
2211 2247 2244 2278 &

1286 2302 1367 2324 mors
1378 2312 1387 2325 ‚
1398 2294 1465 2325 satis
1475 2294 1616 2326 diuturna
1631 2304 1689 2325 vita
1699 2293 1873 2334 perfunt-los
1884 2314 1892 2328 ‚
1908 2293 2045 2324 molestia
2055 2290 2168 2322 afficere
2181 2297 2245 2319 non

1285 2333 1391 2376 potest·
1416 2336 1504 2367 Nasci
1524 2335 1596 2368 vero
1618 2346 1683 2367 non
1704 2336 1841 2376 intelligo
1854 2355 1862 2369 ‚
1882 2335 1991 2376 quibus
2002 2334 2148 2373 expediat.
2172 2339 2243 2360 nam

1286 2387 1318 2409 in
1329 2386 1478 2408 aerumnas
1488 2397 1497 2411 ‚
1517 2378 1707 2418 miseriasque
1720 2379 1921 2418 ingredientes
1931 2376 2004 2417 quid
2020 2384 2135 2417 gratum
2149 2394 2157 2407 ,
2173 2370 2245 2413 quid

1287 2420 1377 2450 hilare
1388 2419 1549 2459 aspicimus
1559 2423 1568 2448 ?
1578 2430 1635 2460 qua
1646 2430 1676 2450 re
1686 2421 1787 2459 potius
1799 2429 1861 2449 non
1874 2417 2079 2449 offendimur?
2092 2415 2173 2457 quod
2184 2413 2245 2454 pri-

1289 2470 1356 2491 mus
1368 2462 1419 2492 ille
1437 2461 1623 2492 nascentium
1644 2462 1809 2492 infantium
1829 2463 1961 2501 vagitus,
1979 2460 2012 2489 δε
2036 2459 2162 2499 ejulatus
2183 2456 2252 2486 satis

1286 2503 1422 2535 declarat.
1446 2503 1578 2533 tributus
1592 2504 1677 2533 enim
1692 2502 1735 2533 est
1746 2503 1782 2532 ab
1792 2505 1908 2541 optima
1918 2510 2038 2542 parente
2049 2508 2150 2530 natura
2161 2518 2169 2532 ,
2181 2505 2248 2537 quae

1288 2545 1467 2576 nihilinane
1486 2544 1562 2574 solet
1580 2543 1682 2575 efferre
1694 2564 1703 2578 ,
1724 2554 1757 2574 ac
1776 2554 1875 2584 potius
1887 2545 1925 2573 iis
1935 2544 2041 2576 rebus,
2064 2550 2134 2582 quas
2145 2538 2249 2571 efficit,

1287 2586 1461 2619 admiranda
1481 2587 1595 2626 semper
1604 2586 1666 2617 edit
1675 2587 1723 2617 vel
1734 2588 1852 2626 pietatis
1864 2605 1872 2619 ,
1897 2586 1942 2616 vel
1953 2584 2074 2624 justitiae
2086 2603 2094 2616 ,
2119 2581 2251 2620 velpru·

1287 2629 1396 2660 dentiae
1409 2628 1600 2660 documenta.
1624 2631 1672 2660 Ex
1685 2639 1746 2669 quo
1758 2628 1889 2669 intelligi
1904 2628 1983 2660 licet,
1996 2636 2059 2656 non
2072 2624 2148 2655 nasci
2159 2619 2248 2660 longe

1290 2673 1443 2710 optimum
1454 2669 1533 2704 effe,
1553 2680 1610 2701 nec
1629 2672 1662 2701 in
1683 2672 1737 2700 hos
1753 2670 1891 2709 scopulos
1903 2669 2033 2700 incidere
2045 2670 2123 2698 vitaz.
2145 2663 2251 2703 proxi-

1292 2723 1380 2744 mum
1391 2722 1502 2746 autem,
1515 2712 1534 2742 si
1544 2722 1628 2743 natus
1638 2711 1685 2746 fis,
1700 2713 1788 2753 quam
1800 2721 1879 2751 prim
1886 2711 1939 2740 um
1952 2709 2042 2742 mori,
2054 2709 2086 2738 &
2096 2711 2250 2744 tamquam

1290 2765 1327 2785 ex
1336 2754 1480 2785 incendio
1499 2752 1630 2794 effugere
1648 2754 1788 2784 fortunae.
1812 2754 1984 2793 Sileniquae
1994 2750 2085 2781 fertur
2097 2747 2210 2777 fabula,
2232 2741 2252 2772 fi

1290 2796 1479 2839 gravioribus
1489 2797 1601 2827 ludicra
1613 2796 1765 2828 'interdum
1779 2794 2035 2826 admiscereliceat
2045 2810 2053 2823 ‚
2080 2789 2160 2819 idem
2174 2785 2253 2816 (ῒὲΐῑὲ

1291 2837 1460 2869 confirmat.
1470 2841 1522 2880 qui
1532 2848 1634 2878 captus
1644 2840 1661 2869 a
1671 2837 1765 2871 Mida,
1778 2835 1953 2867 missionem
1963 2832 2098 2863 doetrina
2109 2829 2249 2861 redemit.

1292 2880 1398 2911 docuit
1408 2889 1508 2910 autern
1520 2881 1636 2921 Regem
1647 2900 1656 2913 ,
1677 2887 1846 2919 numquam
1856 2877 1933 2907 nasci
1944 2876 2096 2915 optimum
2109 2869 2165 2901 esse
2177 2889 2185 2903 ,
2206 2867 2256 2899 sed

1291 2923 1472 2953 celeritatem
1493 2931 1600 2952 mortis
1621 2920 1761 2961 proxime
1782 2919 1926 2949 accedere.
1949 2916 2091 2955 idemque
2105 2910 2257 2951 Euripidis

1292 2963 1469 2995 testimonio
1482 2983 1490 2997 ,
1512 2964 1608 3003 po'e'tae
1630 2959 1833 3002 sapientiss'imi
1844 2957 2067 2998 comprobatur.
2091 2954 2146 2985 Sed
2161 2956 2256 2984 Cran-

1293 3015 1339 3037 tor
1353 3005 1453 3036 noster
1461 3007 1535 3045 patri
1548 3025 1556 3039 ,
1569 3004 1625 3035 lilii
1637 3012 1766 3034 mortem
1778 3004 1935 3042 aegerrime
1946 2999 2070 3031 fcrenti,
2080 2995 2255 3036 responsum

1292 3050 1331 3078 ait
1350 3045 1521 3078 datumess'e
1537 3057 1568 3077 iri
1589 3047 1822 3086 Psychomantio
1837 3064 1845 3077 ,
1866 3041 1930 3072 filio
1950 3041 2003 3071 suo
2024 3041 2101 3070 bene
2115 3039 2258 3078 beateque

1294 3087 1352 3120 effe
1362 3109 1375 3125 ,
1384 3089 1547 3130 utiliusque
1556 3087 1697 3119 futurum
1705 3084 1792 3117 fuisse
1806 3106 1816 3123 ,
1840 3083 1864 3116 si
1873 3086 1969 3116 etiarn
1975 3091 2055 3123 pater
2071 3082 2134 3121 pai-i
2145 3079 2258 3150 ratiiorte

2209 3127 2262 3150 atis
