2379 3400
174 481 184 504 1
203 480 209 503 1

236 106 362 166 1246
660 94 1160 142 M.TuLL11

233 183 329 226 potest
339 180 394 212 esse
405 180 469 211 tale.
495 182 504 198 ¹
518 181 691 208 Damonem
705 195 713 207 ‚
736 173 768 203 &
780 172 931 203 Phintiam
946 190 954 204 ,
975 171 1186 210 Pythagoreos,

232 228 331 257 seruiit
342 226 399 253 hoc
410 224 512 252 animo
524 221 601 248 inter
612 218 639 247 se
648 214 747 248 fuisse,
759 224 801 248 ut,
811 214 882 244 cum
897 223 1001 242 eorum
1014 213 1096 241 alteri
1108 213 1188 241 Dio-

234 266 330 306 nysius
342 271 482 303 tyrannus
492 261 574 290 diem
585 260 667 288 necis
678 253 881 288 destinavisset
902 265 907 284 :
921 255 992 284 &is
1003 274 1011 287 ,
1033 255 1086 294 qui
1098 254 1191 283 morti

233 306 367 338 addielus
388 302 457 333 esset
468 323 476 335 ,
499 310 606 341 paucos
625 298 677 329 sibi
688 299 751 329 dies
762 301 776 317 ²
791 295 1109 327 commendandorum
1122 294 1191 324 suo-

232 358 297 378 rum
320 346 402 376 causa
420 340 642 384 postulavisset:
663 351 714 371 vas
732 338 827 369 faetus
845 338 887 368 est
900 339 971 368 alter
980 338 1046 376 ejus
1059 335 1190 366 sistendi:

231 400 275 421 ut,
288 388 306 417 si
320 388 370 417 ille
381 396 444 416 non
456 382 627 416 revertlsset‚
641 382 836 412 moriendum
849 377 990 419 ess'etipfi.
1015 377 1148 419 quicum
1158 377 1193 407 ad

233 432 313 460 diem
327 430 353 459 se
365 425 516 467 recepisset
528 446 536 459 ,
563 426 726 455 admiratus
735 433 839 453 eorum
854 421 943 451 fidem
958 430 1119 461 tyrannus,
1141 429 1193 459 pe-

233 474 300 502 tivit
314 491 321 503 ‚
334 480 365 500 ut
378 470 405 500 se
415 469 450 498 ad
461 469 626 498 amicitiam
641 468 764 497 tertium
777 464 985 494 adscriberent.
1009 461 1092 492 cum
1104 464 1194 502 igitur

229 514 260 544 id
274 533 281 546 ,
302 512 383 553 quod
406 511 478 540 utile
498 510 616 540 videtur
627 510 658 538 in
669 508 802 538 amicitia
815 525 823 539 ‚
843 515 912 536 cum
925 515 960 535 eo
971 524 979 538 ,
1000 504 1082 545 quod
1093 505 1190 533 hone-

234 556 313 586 stum
325 553 376 587 est,
388 561 575 592 comparatur
587 561 592 579 z
603 552 735 592 JAcaAi·
748 549 883 578 utilitatis
894 547 1003 586 species
1013 565 1022 580 ,
1034 547 1128 575 valeat
1138 546 1192 574 ho·

234 596 339 627 nestas.
363 594 434 626 cum
445 604 543 624 autem
558 595 590 622 in
602 594 747 623 amicitia,
759 600 825 631 quae
836 588 958 619 honesta
970 598 1033 618 non
1046 588 1122 621 sunt,
1137 596 1194 627 po-

213 650 218 652 ·
234 638 423 669 stulabiintur
443 656 452 670 ‚
471 636 576 675 religio
591 655 599 667 ‚
621 635 652 664 &
671 632 745 663 fides
765 639 961 671 anteponatur
980 631 1118 660 amicitiae
1133 640 1138 658 :
1156 627 1192 658 sic

234 680 391 711 habebitur
404 680 427 708 is
439 698 447 711 ‚
457 688 548 718 quern
561 677 748 717 exquirimus
761 694 769 708 ‚
790 672 924 703 dele&us
938 670 1042 702 officii.
1066 671 1122 701 Sed
1133 673 1192 700 uti·
1214 680 1215 684 ¹

235 723 326 752 litatis
346 722 439 760 specie
458 729 490 749 in
503 719 605 758 repub.
619 715 772 757 saepissime
786 724 921 755 peccatur
933 734 940 747 ,
964 723 995 743 ut
1010 715 1040 743 in
1050 713 1192 742 Corinthi

236 763 455 794 disturbatione
475 761 579 791 nostri.
607 759 710 789 durius
732 767 822 787 etiam
835 755 1050 788 Athenienses,
1072 754 1194 795 quisci-

235 813 345 834 verunt
356 824 364 837 ‚
385 813 416 833 ut
430 804 579 842 AEginetis
590 821 598 834 ‚
618 798 766 842 quiclasse
777 799 934 831 valebant,
955 798 1080 837 pollices
1092 797 1195 836 praeci-

237 847 387 877 dsrcntur.
420 847 478 875 hoc
493 844 593 874 visum
617 843 659 873 est
679 843 762 871 utile.
783 842 877 870 nimis
897 842 979 869 enim
1002 838 1194 869 imminebat,
1216 843 1217 848 ¹

236 897 356 928 propter
367 888 619 927 propinquitatem
631 905 638 918 ,
661 885 767 925 AEgina
782 884 875 913 Piraeo
888 893 893 910 2
907 881 954 911 sed
968 890 1074 910 NleL
1086 900 1093 912 ‚
1114 878 1195 920 quod

237 930 369 963 crudele,
382 929 464 958 utile.
486 927 528 958 est
538 929 623 957 enim
638 928 800 955 hominum
811 933 933 956 naturae,
947 932 1036 963 quam
1050 922 1129 962 sequi
1143 921 1195 950 de-

238 972 346 1001 bemus
358 991 365 1003 ‚
389 970 525 1000 maxime
542 969 668 998 inimica
676 967 844 998 crudelitas.
870 966 950 995 Male
961 966 1049 994 etiam
1061 966 1112 1004 qui
1124 971 1198 1003 pere-

233 1014 333 1054 grinos
344 1012 466 1042 urbibus
478 1014 519 1042 uti
531 1010 703 1051 prohibent,
715 1008 825 1048 eosque
835 1008 1037 1039 exteiminant
1049 1026 1056 1038 ,
1077 1014 1108 1035 ut
1120 1008 1197 1035 Pen-

240 1065 297 1084 nus
309 1054 382 1094 apud
396 1062 491 1093 patres
504 1051 621 1083 nostros
633 1071 641 1084 ,
654 1054 759 1090 Papius
770 1059 873 1089 nuper.
898 1051 978 1078 Nam
990 1046 1048 1077 esse
1058 1057 1111 1087 pro
1121 1050 1197 1079 cive,

237 1099 290 1138 qui
306 1098 380 1126 civis
401 1105 466 1125 non
490 1093 544 1128 sit,
566 1093 681 1123 redum
704 1092 746 1122 est
765 1092 928 1121 nonlicere
942 1101 947 1118 z
962 1099 1052 1130 quam
1068 1089 1199 1119 tulerunt

238 1139 334 1179 legem
349 1135 552 1177 sapientissimi
565 1135 715 1168 consules,
726 1131 841 1164 Crassus
854 1133 885 1162 &
895 1131 1027 1162 Scaevola
1042 1142 1045 1158 τ
1063 1131 1115 1160 usu
1127 1128 1198 1160 verb
1220 1141 1221 1149 i

240 1181 322 1210 urbis
343 1179 501 1219 prohibere
521 1179 691 1219 peregrinos
715 1196 723 1209 ,
745 1176 814 1205 sane
836 1176 1040 1204 inhumanum
1060 1171 1112 1202 est.
1145 1172 1200 1201 Illa

240 1222 377 1262 praet-lara
387 1241 393 1253 ,
408 1220 556 1261 inquibus
570 1219 696 1259 publicae
709 1218 843 1247 utilitatis
858 1216 967 1255 species
977 1224 1034 1254 prae
1047 1213 1200 1243 honestate

236 1264 455 1293 contemnitur.
481 1263 569 1292 Plena
579 1260 791 1300 exemplorum
804 1257 847 1288 est
858 1256 957 1287 nostra
967 1256 1082 1296 respub.
1106 1256 1200 1285 3cum

237 1306 312 1344 saepe
326 1324 334 1337 ‚
365 1313 430 1334 tum
453 1303 588 1334 maxime
608 1303 688 1332 belio
707 1301 824 1332 Punico
844 1299 974 1329 secundo
995 1310 1000 1327 ε
1036 1308 1102 1338 quae
1123 1300 1200 1327 Can-

239 1345 323 1376 nensi
340 1346 506 1376 calamitate
528 1353 662 1384 accepta,
683 1344 812 1382 majores
829 1343 948 1371 animos
969 1340 1088 1372 habuit,
1110 1339 1201 1380 quarn

240 1397 388 1427 umquam
401 1387 489 1417 rebus
500 1387 643 1417 secundis.
676 1386 757 1415 nulla
773 1386 892 1414 timoris
911 1381 1087 1422 significatio
1100 1401 1108 1414 ,
1133 1381 1203 1411 nul-

240 1431 269 1460 la
292 1433 410 1460 mentio
435 1430 524 1469 pacis.
544 1437 623 1458 tanta
636 1430 681 1457 vis
700 1425 740 1456 est
762 1424 902 1458 honesti,
923 1435 955 1454 ut
975 1425 1099 1463 speciem
1120 1423 1204 1453 utili—

242 1481 309 1503 tatis
330 1472 477 1502 obscuret.
500 1470 699 1500 Athenienses
710 1478 780 1499 cum
791 1467 942 1498 Persarum
956 1468 1106 1505 impeturn
1116 1465 1203 1494 nullo

244 1513 340 1543 modo
351 1512 468 1553 possent
482 1511 634 1545 sustinere,
647 1510 863 1549 statueremque
875 1517 907 1538 ut
921 1508 994 1537 urbe
1005 1506 1117 1539 relisita,
1128 1516 1204 1536 con-

241 1555 365 1595 jugibus
388 1554 420 1583 &
439 1553 539 1582 liberis
562 1556 712 1582 Troezene
731 1550 889 1590 depositis,
910 1551 1013 1579 naveis
1022 1548 1204 1578 conscende-

244 1605 330 1628 rent,
355 1595 581 1634 libertatemque
594 1595 716 1623 Graeciae
726 1590 811 1622 class'e
823 1590 1035 1621 defenderent:
1057 1588 1203 1629 Cyrsilum

242 1637 393 1678 quendam
407 1656 415 1669 ‚
435 1635 605 1665 suadentem
620 1655 628 1668 ‚
649 1643 681 1664 ut
693 1637 724 1664 in
734 1634 805 1663 urbe
819 1641 974 1661 manerent
984 1651 993 1665 ‚
1007 1634 1204 1671 Xerxemque

246 1680 423 1718 reciperent,
433 1681 450 1703 4
462 1677 610 1716 lapidibus
620 1676 795 1706 obruerunt.
819 1677 915 1714 Atque
925 1673 976 1702 ille
990 1674 1148 1703 utilitatem
1161 1672 1206 1701 se-

242 1724 293 1762 qui
305 1720 460 1750 videbatur
474 1729 478 1747 :
492 1718 539 1748 sed
552 1728 582 1747 ea
594 1718 676 1747 nulla
686 1723 935 1756 erat-repugnante
945 1713 1107 1744 honestate.
1119 1715 1204 1743 The-

243 1761 398 1792 mistocles
416 1759 482 1800 post
492 1759 651 1789 vidioriam
665 1760 728 1795 ejus
739 1758 810 1787 belli
825 1777 833 1789 ,
859 1756 941 1796 quod
951 1765 1019 1785 cum
1034 1754 1123 1785 Persis
1133 1753 1200 1787 fuit,

243 1804 322 1833 dixit
339 1805 371 1832 in
390 1804 538 1832 concione
553 1822 561 1834 ‚
579 1801 608 1840 fi
627 1799 722 1828 habere
732 1798 874 1839 confilium
884 1797 1102 1837 retpfizlutare,
1119 1795 1167 1835 sed
1176 1795 1206 1823 id

239 1846 309 1885 fiiri
327 1853 392 1886 opus
412 1854 462 1872 non
484 1842 539 1880 effe.
563 1841 743 1881 postulavit,
768 1849 799 1870 ut
822 1841 952 1879 aliquem
971 1839 1098 1878 populus
1111 1839 1202 1871 daret,

244 1889 295 1927 qui
321 1896 390 1916 cum
414 1886 665 1915 communicaret.
689 1883 772 1912 datus
791 1880 833 1911 est
859 1879 1010 1910 Aristides.
1036 1881 1116 1909 Huic
1138 1879 1201 1912 ille,

245 1928 354 1965 classem
373 1927 657 1958 Lacednmoniorum,
677 1935 735 1965 qux
751 1922 893 1963 subdub‘ba
913 1921 975 1959 effer
993 1921 1031 1950 ad
1050 1922 1202 1962 Gytheum,

245 1966 317 1999 csam
329 1969 434 1998 incendi
444 1967 512 2010 posse
523 1979 533 1995 .·
544 1978 598 2009 quo
610 1965 691 2006 fusto
704 1966 801 2006 frangi
811 1965 1079 1994 Lacedaemoniorum
1088 1971 1146 2005 opes
1156 1972 1203 1991 ne-

246 2011 307 2048 ceffi‘
326 2011 395 2048 effi’r.
420 2010 509 2051 Qod
529 2009 673 2039 Aristides
693 2008 764 2038 cum
786 2004 931 2039 audiss'et,
956 2008 1010 2035 5in
1020 2015 1203 2035 concionem

246 2063 351 2094 magna
360 2052 582 2092 exspectatione
592 2052 675 2080 venit
687 2061 692 2079 :
702 2049 852 2089 dixitque,
860 2048 981 2089 perutile
989 2046 1037 2084 effi?
1046 2046 1200 2087 confilium,

246 2095 319 2136 quod
338 2092 525 2129 Themistocles
545 2093 678 2134 afferret:
693 2091 742 2130 fid
758 2100 875 2119 minime
893 2088 1043 2125 honestum.
1065 2086 1081 2108 ⁶
1101 2091 1203 2128 Itaque

246 2136 445 2166 Athenienses
457 2155 465 2168 ‚
493 2145 578 2175 Qu>
588 2143 764 2164 HONESTUM
776 2142 838 2162 non
849 2130 919 2161 ess'et
929 2151 937 2165 ,
960 2131 990 2161 id
1004 2141 1041 2160 ne
1052 2131 1125 2160 utile
1136 2132 1202 2170 qui—

245 2178 316 2208 dem
337 2186 529 2218 putaverunt:
554 2186 707 2216 totamque
717 2185 782 2205 eam
794 2184 854 2204 rem
867 2193 875 2208 ,
902 2183 991 2214 quam
1003 2182 1040 2202 ne
1050 2171 1204 2205 audierant

246 2220 383 2260 quidem,
397 2218 517 2249 aiiestore
530 2217 659 2248 Aristide
671 2217 909 2257 repudiaverunt.
933 2214 1045 2244 Melius
1057 2215 1098 2247 hi,
1111 2217 1201 2254 quam

249 2271 305 2291 nos
316 2281 323 2295 ,
345 2264 395 2302 qui
408 2263 513 2301 piratas
525 2280 533 2293 ,
548 2262 714 2289 immuneis
730 2270 734 2287 :
748 2259 854 2291 socios,
866 2256 1036 2298 veffigaleis
1047 2257 1200 2286 habemus.

216 2312 227 2323 ⁸
253 2305 370 2333 Maneat
390 2313 459 2343 ergo
472 2322 480 2336 ,
502 2302 582 2342 quod
603 2311 686 2341 turpe
697 2299 729 2330 sit
744 2320 751 2334 ‚
774 2300 802 2330 id
816 2308 982 2339 numquam
994 2296 1052 2328 effe
1064 2298 1136 2327 utile
1149 2307 1153 2325 :
1166 2307 1203 2327 ne

251 2354 316 2374 tum
334 2345 459 2385 quidem
472 2364 480 2378 ,
501 2353 573 2373 cum
592 2343 622 2373 id
634 2363 642 2377 ‚
663 2342 743 2383 quod
761 2340 819 2371 effe
832 2342 904 2370 utile
914 2349 997 2380 putes
1010 2360 1017 2373 ‚
1035 2339 1203 2379 adipiscare.

250 2389 320 2417 Hoc
341 2387 424 2416 enim
445 2386 542 2425 ipsum
565 2385 637 2414 utile
648 2393 765 2424 putare,
791 2383 872 2424 quod
885 2392 967 2421 turpe
978 2381 1029 2415 sit,
1052 2383 1207 2411 calamito-

250 2429 316 2458 sum
337 2427 388 2458 est.
412 2428 468 2457 Sed
487 2428 627 2457 incidunt
648 2432 700 2465 sut
720 2424 899 2465 supradixi)
919 2423 1112 2463 saepecausae,
1132 2422 1202 2452 cum

248 2480 410 2510 repugnare
422 2469 533 2499 utilitas
546 2467 691 2498 honestati
701 2467 834 2497 videatur
846 2486 854 2499 ,
865 2475 895 2495 ut
905 2464 1204 2495 animadvertendum

252 2510 297 2544 sit,
318 2520 499 2551 repugnetne
519 2511 607 2549 plane
622 2530 631 2543 ‚
650 2520 687 2539 an
709 2507 875 2548 poffircum
888 2506 1038 2537 honestate
1048 2507 1202 2546 conjungi.

254 2555 326 2589 Ejus
349 2554 466 2594 generis
477 2554 520 2582 hae
533 2550 848 2592 suntquaestionestffi
869 2549 1141 2589 (exempligratia)
1161 2550 1207 2577 vir

251 2594 350 2624 bonus
369 2594 549 2624 Alexandria
568 2594 715 2623 Rhodum
729 2601 872 2632 magnum
882 2591 1027 2621 frumenti
1043 2599 1204 2620 numerum

250 2636 402 2667 advexerit
413 2646 444 2666 in
456 2635 649 2667 Rhodiorum
660 2636 764 2675 inopia
776 2654 784 2668 ‚
805 2633 926 2663 &fame
936 2653 945 2666 ‚
967 2632 1142 2672 summaque
1154 2641 1207 2662 an-

295 2747 322 2778 1.⁴
337 2743 459 2765 Damonem
477 2740 664 2773 &Phinttanuj
688 2739 762 2775 Qid
776 2749 822 2766 iios
834 2747 1003 2773 torqueamus
1021 2739 1046 2764 iii
1061 2747 1121 2763 vero
1132 2739 1208 2768 huius

255 2783 360 2800 nomine
373 2793 380 2804 ,
399 2784 459 2800 cunii
474 2775 584 2801 i’mt'ini
596 2784 635 2810 pr.
646 2782 788 2801 contextus
801 2775 892 2801 habeat
905 2793 913 2806 ,
923 2776 1066 2806 Pinthiam5
1086 2783 1132 2800 ora
1145 2773 1208 2798 vero

253 2811 391 2848 Plymmm,
402 2811 463 2836 item
475 2813 593 2844 *Pitthyam
604 2815 614 2837 ,ἕ
634 2811 722 2837 admisi
736 2820 821 2837 tamen
835 2812 874 2836 Tu
881 2810 952 2836 riiebi
963 2812 1086 2835 'Phintiam
1099 2828 1107 2841 ,
1119 2817 1207 2835 motus

254 2853 356 2885 ratione
368 2855 443 2885 quam
463 2848 538 2881 ponit
549 2847 596 2873 lib.
608 2856 657 2873 xx.
676 2846 792 2873 Advers.
810 2856 864 2882 cup.
881 2855 922 2882 13.
945 2845 1111 2881 totidemque
1130 2845 1208 2872 habet

258 2880 343 2907 literis
357 2882 412 2906 Pal.
424 2884 472 2906 lec.

292 2926 318 2942 2.
339 2918 573 2942 Cemmmdandomm
584 2918 679 2949 μ[ἱιανιυη
698 2918 795 2951 causa]
816 2918 857 2944 Ita
875 2917 975 2944 vetusta
994 2916 1116 2952 exempla
1129 2936 1136 2948 ,
1156 2926 1207 2943 non

253 2952 468 2992 confinii-ndomrm.
487 2953 671 2979 commendare
682 2954 751 2979 enim
763 2954 832 2984 idem
850 2953 918 2989 quod
930 2954 1062 2979 valedicere
1074 2960 1148 2979 notat
1157 2953 1208 2979 Gi·-

254 2987 340 3028 faiiiris
353 2992 447 3014 noster.
470 2988 530 3012 milii
543 2989 628 3022 potius
640 2990 674 3016 est
687 3009 695 3020 ,
708 2990 767 3022 fidei
776 2992 875 3016 aliorum
885 2992 1041 3018 committere,
1064 2996 1092 3015 ut
1107 2988 1208 3015 faciunt

252 3024 389 3049 morituri.
410 3022 477 3049 unde
492 3022 559 3047 idem
572 3024 662 3049 :iii-{ior
673 3026 705 3049 dt>
717 3026 824 3051 Finibus
838 3037 843 3052 :
864 3028 1008 3060 Simulatque
1018 3026 1137 3059 natumst!
1148 3027 1206 3050 ani-

252 3061 311 3090 mal,
321 3060 442 3092 ipfiemfibl
453 3060 572 3083 cont-thari
580 3059 608 3088 ὠ·
617 3061 768 3085 commendari·
778 3062 811 3086 ad
820 3062 1010 3094 confi-mundum.

287 3103 312 3130 3.
332 3095 450 3128 Cumfiepe
459 3102 508 3118 tum
518 3098 642 3127 maxim-‚j
657 3096 696 3120 Sic
707 3097 828 3130 p··iiiiitus
840 3097 901 3128 culi,
915 3097 947 3122 sic
960 3097 1027 3122 l’all.
1038 3098 1064 3124 St
1076 3097 1108 3123 F.
1119 3097 1146 3123 ὃ(
1157 3096 1207 3124 Vi·

251 3130 374 3162 &oi-iani,
396 3130 564 3167 posteriores,
576 3131 688 3163 cumsiepe
698 3133 830 3164 altarium,
841 3141 885 3159 cur
896 3131 1002 3161 obsecro
1014 3133 1025 3159 ἓ

1235 84 1783 141 CicER0N1s

1228 182 1318 204 nonae
1343 174 1483 204 caritate:
1504 171 1613 202 fiidem
1627 172 1712 206 sciat,
1731 173 1914 212 complui-eis
1926 182 2103 206 mercatores
2114 175 2187 207 Ale'-

1229 215 1352 246 xandria
1371 213 1488 244 solvisse
1502 234 1510 248 ,
1531 214 1677 254 navesque
1695 216 1728 242 in
1752 215 1857 248 cursu,
1877 214 2032 246 frumento
2050 216 2184 252 onustas,

1229 258 1375 297 petenteis
1385 256 1532 286 Rhodum
1544 275 1552 289 ‚
1573 255 1681 285 viderit
1694 265 1699 284 :
1711 253 1883 286 dieiurusne
1892 255 1924 286 sit
1935 257 1963 287 id
1977 259 2107 289 Rhodiis
2117 279 2125 292 ‚
2146 262 2184 289 an

1230 298 1349 329 filentio
1368 298 1453 328 suum
1465 304 1555 338 quam
1567 297 1700 337 plurimo
1726 296 1925 327 venditurus?
1944 301 2111 338 Sapientem
2125 320 2133 333 ‚
2153 301 2187 331 &

1232 341 1350 371 bonum
1374 342 1476 370 virum
1491 338 1652 380 fingimus:
1671 338 1709 368 de
1719 338 1785 377 ejus
1796 337 2011 370 deliberatione
2022 341 2054 372 &
2066 342 2188 372 consul-

1232 384 1345 413 tatione
1365 383 1547 422 quaerirnus:
1569 382 1622 420 qui
1643 379 1789 410 celaturus
1809 379 1948 410 Rhodios
1968 391 2030 411 non
2053 381 2104 416 sit,
2125 383 2187 414 siid

1234 424 1439 464 turpejudicet
1454 422 1519 453 :sed
1530 422 1646 452 dubitet
1657 441 1665 455 ‚
1686 431 1724 451 an
1735 430 1818 460 turpe
1828 431 1891 451 non
1903 420 1945 451 sit.
1968 424 2002 452 In
2016 423 2189 462 hujusmodi

1229 465 1321 496 causis
1332 465 1411 496 aliud
1425 466 1554 506 Diogeni
1566 463 1733 503 Babylonio
1744 463 1840 493 videri
1852 463 1938 497 solet,
1949 473 2058 504 magno
2069 465 2101 495 δε
2109 468 2189 506 gravi

1232 510 1351 538 Stoico:
1372 506 1452 537 aliud
1471 509 1646 546 Antipatro,
1666 505 1813 544 discipulo
1825 505 1888 544 ejus
1901 525 1909 538 ‚
1931 505 2052 535 homini
2066 506 2193 537 acutiffi·

1233 559 1297 580 mo.
1323 551 1478 588 Antipatro
1489 568 1497 581 ‚
1515 549 1620 577 omnia
1630 546 1832 587 patefacienda
1843 566 1851 579 ‚
1872 556 1905 576 ut
1915 556 1952 576 ne
1962 546 2035 586 quid
2046 550 2188 582 omnino.

1231 590 1311 632 quod
1324 591 1463 621 venditor
1474 592 1567 622 norit,
1579 599 1679 619 emtor
1689 590 1821 630 ignoret:
1836 590 1980 629 Diogeni,
1990 589 2192 623 venditorem,

1213 632 1216 673 l
1232 642 1378 674 quatenus
1397 633 1462 672 jure
1480 629 1769 662 civiliconstitutuin
1783 628 1815 660 sit
1827 650 1835 663 ‚
1857 630 1953 659 dicere
1966 632 2037 660 vitia
2048 639 2192 670 oportere:

1232 684 1326 706 cetera
1337 672 1396 703 sine
1407 672 1523 703 insidiis
1534 682 1616 713 agere
1630 682 1635 700 z
1650 672 1683 702 &
1697 681 1859 710 Qomam
1873 672 2002 704 vendat,
2015 673 2094 701 velle
2104 682 2194 712 quam

1233 717 1352 756 optime
1363 715 1499 745 vendere.
1523 714 1648 743 „Advexi
1660 734 1668 747 ,
1690 714 1822 753 exposui,
1841 713 1926 742 vendo
1939 723 2030 742 meum
2042 714 2194 755 nonpiuris,

1215 774 1217 800 ἦ
1233 763 1321 800 qu‘am
1332 758 1433 786 ceteri:
1446 755 1563 796 fortaffi
1572 757 1660 785 etiam
1671 756 1778 784 minora
1790 775 1797 780 „
1814 753 1878 783 cum
1889 755 1977 793 major
1988 754 2031 784 es?
2039 756 2117 795 copia
2147 766 2193 784 cm

1227 800 1268 838 fit
1287 800 1416 838 injuria?
1440 802 1581 829 Exoritur
1603 799 1751 836 Antipatri
1768 798 1843 826 ratio
1857 806 1894 826 ex
1907 798 1993 826 altera
2004 806 2082 836 parte
2096 808 2100 824 :
2112 796 2197 837 Qid

1235 848 1300 870 ais?
1319 850 1352 870 tu
1373 851 1437 869 cum
1457 839 1613 869 hominibus
1633 837 1887 878 confideredebeas,
1909 838 1942 870 &-
1957 838 2194 877 sbrvireliumanae

1234 883 1367 922 societati
1378 902 1385 915 ,
1407 892 1492 924 eaque
1513 883 1570 922 lege
1590 890 1673 910 natus
1688 880 1812 920 fis&ea
1822 879 1920 908 habeas
1926 880 2067 921 principia
2077 888 2192 915 nature,

1238 924 1340 966 quibus
1350 924 1454 964 parere,
1467 924 1501 956 &-
1513 923 1660 964 quaskqui
1669 921 1762 951 debeas
1772 942 1780 955 ,
1801 929 1834 950 ut
1844 922 1958 950 utilitas
1970 930 2032 955 tua,
2047 923 2195 951 communic

1239 966 1354 996 utilitas
1371 966 1429 1006 sit:
1445 966 1620 1006 vicrffimque
1638 964 1790 993 communis
1808 963 1923 992 utilitas
1936 983 1943 996 ‚
1965 963 2081 1004 tuasir:
2095 963 2194 992 celabis

1237 1009 1376 1041 homines,
1395 1008 1465 1048 quid
1482 1009 1518 1036 iis
1536 1007 1609 1046 adfir
1633 1005 1842 1034 commoditatis
1859 1025 1866 1037 ,
1888 1005 1921 1037 ὼ
1941 1012 2036 1046 copia?
2057 1006 2195 1045 Respon-

1237 1050 1322 1080 debit
1341 1052 1494 1089 Diogenes
1512 1046 1629 1078 fortasse
1639 1046 1694 1080 sic,
1715 1046 1816 1076 Aliud
1824 1045 1866 1075 ess?
1877 1052 1979 1079 celare,
2005 1046 2086 1076 aliud
2094 1055 2196 1077 tacere.-

1239 1102 1324 1133 neque
1335 1101 1381 1131 ego
1393 1101 1463 1120 nunc
1475 1098 1500 1119 te
1509 1087 1670 1130 celo,fitibi
1682 1100 1732 1118 non
1744 1089 1802 1117 dico
1815 1107 1822 1121 ,
1842 1098 1901 1128 qua
1915 1096 2017 1116 natura
2026 1088 2192 1129 deorumfir,

1238 1135 1303 1175 quis
1312 1132 1421 1175 fitfim's
1433 1131 1583 1161 bonorum:
1597 1141 1656 1172 qua
1666 1130 1719 1159 tibi
1727 1130 1789 1172 plus
1796 1128 1944 1172 prodesffi‘nt
1955 1137 2066 1169 cognita
2077 1150 2086 1163 ,
2107 1136 2195 1171 quam

1239 1176 1332 1204 tritici
1341 1174 1441 1203 vilitas
1451 1185 1462 1201 :
1477 1174 1526 1213 fied
1535 1185 1585 1202 non
1601 1172 1743 1214 quidquid
1753 1171 1806 1201 ttbt
1817 1172 1915 1199 audire
1926 1178 1997 1199 utile
2007 1170 2049 1200 ef}
2059 1191 2066 1203 ‚
2085 1173 2115 1200 id
2124 1173 2195 1201 milii·

1237 1217 1323 1245 dicere
1341 1215 1436 1253 necesse}
1455 1215 1505 1245 eil.
1537 1221 1551 1244 7
1565 1214 1655 1244 Immo
1666 1213 1729 1242 vero
1747 1214 1882 1254 (inquiet
1896 1213 1968 1251 ille)
1986 1211 2080 1249 necesse
2089 1213 2150 1247 eff,
2169 1213 2197 1253 fi

1238 1258 1351 1300 quidem
1368 1256 1518 1293 meministi
1540 1256 1587 1294 eff}
1607 1257 1677 1285 inter
1687 1257 1806 1284 hommes
1817 1262 1921 1283 natura
1931 1252 2197 1294 conjunstamfici'e-

1241 1308 1338 1329 tatem.
1362 1301 1485 1329 Memini
1498 1319 1506 1333 ,
1528 1301 1644 1339 inquiet
1654 1299 1704 1327 ille
1715 1317 1723 1330 ,
1739 1297 1786 1336 sed
1795 1307 1864 1325 num
1874 1295 1926 1332 ista
1936 1296 2053 1335 societas
2063 1297 2131 1325 talis
2140 1296 2194 1330 eff,

1241 1350 1274 1371 ut
1288 1342 1360 1370 nihil
1373 1342 1461 1380 suum
1480 1342 1612 1382 cujusque
1623 1339 1684 1381 fit?
1707 1339 1781 1380 quod
1793 1338 1820 1378 fi
1838 1339 1881 1366 ita
1899 1337 1961 1371 eff,
1984 1348 2015 1366 ne
2026 1338 2196 1367 vendendum

1241 1383 1356 1425 quidem
1378 1384 1538 1424 quidquam
1557 1381 1618 1415 est,
1640 1381 1685 1420 sed
1700 1380 1868 1410 donandum.
1901 1379 1994 1410 Vides
2012 1381 2042 1408 in
2064 1381 2116 1409 hat:
2136 1389 2197 1411 tota

1242 1426 1456 1465 disceptatione
1475 1435 1538 1454 non
1561 1423 1726 1456 illuddici‚
1748 1431 1906 1466 QAMVis
1921 1423 1977 1451 hoc
1988 1430 2069 1460 turpe
2079 1420 2132 1455 (ιτς
2152 1430 2195 1452 ta-

1243 1477 1334 1500 men,
1351 1469 1496 1507 quoniam
1518 1465 1659 1505 expedit,
1679 1463 1784 1494 faciam
1812 1473 1817 1491 :
1839 1462 1888 1492 sed
1909 1464 1948 1492 ita
1966 1463 2106 1500 expedire
2126 1482 2135 1496 ,
2159 1472 2191 1493 ut

1243 1518 1326 1548 turpe
1344 1518 1407 1538 non
1432 1506 1484 1538 sit:
1504 1517 1542 1536 ex
1563 1507 1651 1536 altera
1669 1514 1767 1534 autem
1779 1513 1876 1543 parte3
1895 1513 1965 1533 eare
1979 1524 1987 1536 ,
2007 1501 2021 1523 8
2033 1506 2101 1544 quia
2112 1513 2195 1544 turpe

1244 1549 1296 1583 sit,
1316 1559 1379 1579 non
1401 1547 1458 1578 ess'e
1477 1547 1660 1578 faciendum.
1684 1544 1900 1575 Vendataedeis
1909 1547 1954 1574 vir
1965 1545 2063 1575 bonus
2076 1555 2195 1584 propter

1242 1592 1339 1631 aliqua
1358 1592 1447 1622 vitia,
1467 1600 1534 1630 quie
1557 1589 1617 1628 ipse
1638 1588 1737 1621 norit,
1759 1587 1995 1626 ceteriignorent
2008 1598 2012 1616 z
2025 1587 2196 1626 pestilentes

1243 1631 1315 1665 sint,
1337 1632 1370 1661 &
1389 1631 1549 1661 habeantur
1560 1630 1688 1660 salubres
1701 1641 1706 1658 2
1719 1630 1891 1668 ignoretur,
1913 1630 1944 1657 in
1958 1630 2101 1658 omnibus
2110 1628 2196 1658 cubi-

1242 1674 1317 1704 culis
1336 1682 1471 1712 apparere
1494 1672 1672 1711 serpenteis:
1692 1671 1769 1699 male
1784 1671 1944 1700 materiatae
1956 1689 1964 1703 ,
1983 1670 2111 1700 ruinosae
2128 1669 2194 1700 :sed

1243 1717 1300 1745 hoc
1312 1735 1319 1748 ,
1334 1723 1444 1754 ,praeter
1452 1713 1616 1743 dominum
1630 1732 1638 1744 ‚
1658 1721 1750 1741 nemo
1763 1711 1838 1740 sciat.
1857 1720 1957 1750 quaero
1967 1729 1975 1744 ‚
2000 1709 2019 1740 si
2031 1712 2086 1741 hoc
2097 1719 2197 1741 emto-

1242 1756 1323 1786 ribus
1341 1755 1482 1786 venditor
1500 1764 1564 1784 non
1582 1753 1695 1783 dixerit
1714 1772 1722 1785 ‚
1746 1751 1893 1792 aedeisque
1915 1753 2086 1782 vendiderit
2103 1753 2198 1792 pluris

1243 1798 1342 1828 multo
1353 1816 1361 1830 ,
1381 1796 1471 1838 quam
1490 1797 1516 1826 se
1528 1795 1721 1826 venditurum
1737 1795 1845 1833 putarit
1857 1812 1865 1826 ,
1884 1803 1960 1823 num
1971 1793 2001 1823 id
2013 1793 2125 1833 injuste
2138 1813 2146 1828 ,
2157 1803 2196 1824 an

1242 1838 1380 1879 improbe
1401 1838 1512 1868 fecerit.
1536 1838 1585 1867 lue
1603 1834 1667 1865 vero
1681 1856 1689 1869 ,
1709 1836 1830 1874 (inquit
1848 1836 2023 1875 Antipater)
2044 1835 2116 1877 quid
2126 1836 2199 1864 enim

1242 1880 1285 1910 eff
1306 1880 1406 1912 aliud,
1428 1880 1532 1909 erranti
1551 1880 1632 1908 viam
1642 1888 1692 1906 non
1703 1875 1850 1912 monstrare
1869 1876 1974 1917 (quod
1982 1878 2112 1906 ,Athenis
2121 1878 2198 1916 exse-

1241 1922 1411 1952 crationzbus
1425 1921 1546 1964 publicis
1558 1921 1702 1960 sancitum
1722 1917 1764 1948 ef?
1774 1918 1791 1958 )
1808 1918 1835 1959 si
1851 1919 1898 1947 hoc
1916 1929 1967 1948 non
1986 1917 2048 1953 esi,
2069 1926 2198 1948 emtorem

1236 1965 1302 2006 pati
1322 1974 1418 1997 ruere,
1439 1964 1473 1996 &⁴
1487 1971 1536 2005 per
1554 1972 1669 1991 errorem
1688 1962 1717 1990 in
1736 1962 1896 1990 maximam
1905 1959 2031 1997 fraudem
2041 1962 2196 1990 incurrere?

1221 2004 1223 2046 ἶ
1238 2007 1301 2049 plus
1319 2007 1406 2035 etiam
1416 2004 1460 2035 εἶτ’
1471 2025 1478 2038 ,
1499 2002 1587 2046 quam
1597 2004 1678 2032 viam
1693 2014 1743 2032 non
1756 2000 1911 2038 monstrare.
1933 2012 1999 2031 nam
2008 2001 2051 2031 eff
2065 2003 2197 2042 scientem

1222 2047 1223 2056 ¹
1241 2059 1269 2077 m
1289 2058 1403 2078 errorem
1415 2068 1423 2081 ‚
1442 2048 1566 2076 alterum
1585 2045 1718 2074 inducere.
1753 2048 1907 2085 Diogenes
1924 2053 2045 2075 contra:
2069 2047 2150 2073 Num
2171 2052 2198 2073 te

1242 2100 1325 2119 emere
1336 2090 1429 2130 coegit
1440 2109 1448 2122 ,
1460 2090 1511 2130 qui
1521 2098 1551 2117 ne
1565 2088 1692 2117 hortatus
1706 2086 1823 2128 quidem
1834 2084 1898 2115 eft'?
1918 2087 1961 2115 ille
1972 2106 1980 2119 ,
1992 2085 2066 2128 quod
2077 2097 2127 2116 non
2135 2085 2198 2125 pla-

1242 2130 1320 2160 rebat
1333 2151 1342 2165 ,
1361 2131 1516 2172 proscripsit
1535 2140 1546 2157 .·
1568 2138 1618 2162 tu,
1644 2130 1718 2170 quod
1729 2127 1858 2169 placebat
1870 2148 1878 2161 ‚
1890 2126 1986 2163 emisti.
2019 2127 2130 2169 quodfi
2146 2127 2199 2168 qui

1237 2171 1422 2214 profiribunt,
1436 2181 1572 2202 vitiLAM
1589 2181 1675 2201 RONA
1682 2182 1717 2203 M,
1736 2170 1854 2210 beneque
1864 2168 2039 2207 adificatam,
2051 2175 2064 2197 7
2075 2180 2125 2199 non
2136 2168 2200 2198 exi*

1233 2213 1519 2252 stimanturfisslltffi’
1533 2233 1540 2247 ,
1564 2214 1652 2242 eriam
1673 2223 1681 2241 ι
1693 2214 1740 2241 tlla
1748 2222 1793 2241 nec
1802 2212 1870 2240 bona
1881 2209 1934 2244 eff,
1946 2222 1992 2240 nec
2003 2210 2136 2249 adificata
2147 2221 2193 2239 ra·

1241 2257 1331 2290 tione,
1346 2256 1435 2285 multo
1445 2256 1538 2284 minus
1553 2276 1560 2288 ,
1571 2265 1620 2296 qui
1630 2255 1748 2283 domum
1759 2264 1810 2282 non
1821 2253 1987 2282 i'audarunr.
2014 2256 2079 2283 Ussx
2091 2262 2131 2282 EN
2140 2259 2203 2285 IM,

1241 2299 1381 2335 judicium
1391 2298 1502 2327 emtoris
1513 2296 1556 2326 ess}
1568 2317 1575 2329 ‚
1597 2296 1723 2333 ibiftaus
1735 2294 1887 2324 venditoris
1896 2293 2054 2336 quapotefb
2067 2293 2134 2331 effe?
2154 2293 2200 2334 fin

1241 2347 1337 2368 aurem
1347 2339 1457 2368 dietum
1466 2350 1516 2368 non
1525 2349 1601 2368 omne
1608 2336 1787 2378 pr'aestandum
1797 2335 1840 2365 eff
1849 2357 1857 2370 ,
1878 2336 1953 2378 quod
1960 2335 2071 2365 dmum
2079 2346 2129 2365 non
2140 2334 2195 2368 eff,

1244 2382 1274 2410 id
1288 2380 1581 2424 prastandumpuras?
1601 2380 1684 2419 Qui
1699 2389 1759 2408 vero
1770 2377 1932 2413 eft'stultz'us
1945 2398 1953 2411 ,
1973 2388 2060 2419 quam
2071 2377 2198 2407 vendito-

1245 2433 1302 2451 rem
1321 2443 1328 2457 ‚
1349 2424 1406 2461 ejus
1426 2433 1464 2452 rei
1483 2432 1572 2463 quam
1592 2421 1693 2450 vendat
1712 2442 1720 2454 ‚
1751 2421 1828 2449 vitia
1846 2430 1960 2448 narrare
1979 2426 1990 2447 ?
2018 2419 2091 2460 quid
2105 2426 2206 2448 autemv

1245 2472 1306 2493 ram
1322 2464 1473 2504 absurdum
1492 2484 1499 2497 ,
1528 2462 1616 2504 quam
1630 2463 1658 2503 fi
1673 2462 1777 2491 domini
1789 2461 1868 2500 juffu
1887 2463 1930 2489 ita
1947 2470 2028 2504 praeco
2047 2460 2198 2502 praedicet?

1246 2508 1378 2536 Domum
1402 2515 1638 2536 PESTILENTEM
1659 2514 1778 2534 varino.
1815 2506 1862 2533 Sic
1880 2513 1949 2544 ergo
1967 2505 1998 2532 in
2017 2503 2197 2544 quibusdam

1244 2547 1335 2578 causis
1359 2548 1458 2578 dubiis
1469 2557 1507 2577 ex
1518 2550 1606 2577 altera
1616 2556 1697 2586 parte
1712 2544 1882 2575 defenditur
1893 2544 2029 2575 honestas
2039 2564 2048 2578 ,
2068 2553 2105 2573 ex
2116 2544 2202 2574 altera

1245 2592 1284 2620 ita
1294 2589 1330 2619 de
1345 2591 1472 2619 utilitate
1483 2590 1639 2621 dicitur,ut
1650 2587 1774 2628 id‚qu0d
1791 2588 1865 2617 utile
1875 2587 2020 2620 videatur,
2034 2595 2097 2616 non
2109 2582 2204 2615 modo

1243 2630 1337 2662 facere
1350 2631 1511 2662 honestum
1525 2629 1557 2661 sit
1572 2642 1576 2659 ;
1589 2630 1638 2660 sed
1648 2632 1751 2663 etiam,
1763 2638 1826 2659 non
1837 2628 1941 2662 facere,
1955 2637 2047 2669 turpe.
2071 2629 2143 2657 Haec
2154 2623 2206 2695 fist·

2141 2677 2151 2696 i
2177 2676 2203 2699 a,

1283 2744 1311 2768 4.
1327 2737 1462 2768 Lapidtbm
1471 2737 1621 2767 obruet-nnn]
1636 2733 1774 2760 Blanditiis
1787 2734 1882 2768 magis,
1892 2733 1963 2768 quod
1974 2732 2009 2758 est
2019 2732 2044 2757 in
2056 2729 2200 2765 exemplari

1250 2773 1334 2799 Palat.
1345 2781 1387 2808 pr.
1400 2774 1450 2803 lap.
1461 2776 1632 2803 cooperuerunt.

1287 2824 1313 2849 5.
1332 2818 1360 2841 In
1369 2817 1493 2840 concioni-m
1503 2822 1588 2846 inagna
1598 2814 1753 2846 exsthitione
1761 2811 1856 2846 verriu]
1880 2810 1936 2837 Pal.
1953 2809 2023 2836 idem
2035 2815 2136 2835 tantum
2151 2827 2159 2840 ,
2178 2810 2204 2834 in

1248 2854 1375 2878 concionem
1384 2859 1492 2884 magnam
1503 2853 1580 2875 venit.
2251 2871 2262 2875 ς

1285 2895 1312 2921 6.
1331 2897 1415 2928 ltaque
1423 2894 1576 2926 Athenienses
1589 2911 1596 2923 ,
1615 2891 1677 2925 quod
1684 2892 1796 2922 honestum
1806 2899 1850 2915 non
1861 2888 1911 2922 effet
1922 2906 1930 2919 ‚
1948 2887 1999 2922 id]
2022 2886 2080 2913 Pal.
2100 2890 2139 2913 lta
2148 2887 2209 2921 quod

1249 2932 1308 2957 Aih.
1319 2932 1433 2962 honestum
1444 2939 1488 2955 non
1499 2930 1549 2962 effe.
1570 2928 1654 2954 nihilo
1665 2935 1736 2962 pejus
1751 2925 1866 2960 vulgata.

1286 2981 1314 3008 7.
1332 2976 1378 2998 Ima
1390 2972 1443 2997 verb
1458 2991 1465 3002 ,
1482 2975 1572 3006 inquiet
1580 2971 1643 3004 illc]
1666 2971 1747 2994 Voces
1757 2967 1814 2993 duae
1824 2967 1960 3006 postrema:
1978 2976 2027 2993 non
2041 2967 2169 2994 habentur
2179 2967 2206 2995 in

1230 3032 1232 3062 h
1252 3010 1337 3037 Palat.
1348 3018 1388 3044 pr.
1400 3008 1427 3033 ὅτ
1437 3008 1541 3043 possunt
1552 3006 1645 3033 abesse.
1668 3004 1727 3031 satis
1739 3006 1808 3029 enim
1820 3002 2067 3038 subintelliguntur,

1230 3066 1232 3093 Ι
1288 3056 1315 3082 8.
1336 3058 1403 3088 Qia
1414 3057 1518 3088 rurpefit
1529 3073 1536 3085 ‚
1554 3063 1598 3078 non
1607 3051 1814 3085 effesaciendum]
1835 3052 1899 3078 Nou
1914 3058 1986 3077 vacat
1997 3051 2156 3087 perpendere
2168 3052 2209 3078 lo..

1230 3107 1231 3110 ,
1252 3102 1311 3118 cum
1324 3101 1355 3153 usi?
1369 3092 1425 3119 heic
1435 3090 1529 3118 habete
1538 3088 1616 3126 poffit
1626 3088 1754 3125 scriptura
1765 3087 1878 3115 Palatini
1891 3106 1899 3121 ,
1917 3097 1958 3124 pr.
1969 3097 2026 3122 qma
2036 3095 2103 3121 turpe
2117 3090 2211 3122 nonfit,

1247 3131 1333 3164 facien
1351 3137 1400 3154 um.

2103 3173 2126 3191 ι.
2137 3167 2207 3201 Cym-
