2295 3400
157 156 258 207 4¹⁷7·
570 129 1074 183 MTULLH
1151 129 1698 178 thnitonis

157 225 258 258 offici-i
273 234 326 266 pro
345 220 443 254 nostra
461 217 675 252 necessitudine
692 218 726 249 &
741 216 873 250 debuiss'e
881 215 1048 250 confiteor,
1073 214 1107 246 &
1149 223 1253 258 agrata.
1274 215 1327 257 qui
1342 214 1541 247 fiadolescens
1550 223 1629 257 patre
1648 215 1701 246 suo
1712 216 1889 254 imperatore
1900 222 1965 245 non
1975 210 2105 244 meruiss-

159 266 322 310 praestitifl‘e
333 266 465 296 arbitror.
489 262 568 292 nihil
582 261 637 292 ribi
650 281 658 294 ,
677 260 865 291 consulatum
876 260 1008 300 petenti,
1031 257 1047 289 a
1058 267 1109 288 me
1152 257 1209 289 set:
1228 266 1278 288 aut
1295 257 1414 288 hostem
1426 277 1434 291 ,
1455 266 1505 288 aut
1514 260 1604 299 patris
1619 259 1781 298 imperium
1797 254 1948 290 timuisse,
1968 254 2042 286 auta
2052 264 2105 294 pa·

162 309 275 341 defuit,
288 307 369 348 quod
379 304 450 336 essct
460 313 508 334 aut
519 303 556 335 ab
563 304 665 334 amico
676 323 685 336 ‚
705 312 753 333 aut
763 301 778 332 ὲ
786 302 916 344 gratioso
926 321 936 335 ‚
952 309 1000 332 aut
1008 299 1024 331 τὶ
1036 309 1112 330 con-
1153 307 1236 330 rente
1247 299 1414 340 repudiatus
1424 298 1586 330 videretur.
1600 298 1735 334 An,cum
1746 298 1841 328 sedere
1853 300 1887 328 in
1900 299 1984 339 equis
1995 298 2105 326 trium-

161 352 225 383 sulc
238 347 460 390 postulandum.
477 344 635 376 abiitillud
646 354 783 384 tempus:
805 352 915 374 mutata
925 345 999 374 ratio
1009 341 1065 373 est:
1077 340 1114 372 fic
1152 343 1312 382 pliaiitium
1323 343 1488 381 praetextati
1504 341 1693 382 potiflimt‘im
1707 339 1763 370 filii
1777 340 1908 373 soleant,
1928 341 1998 369 huic
2015 338 2107 368 donis

163 392 307 423 existimo
319 410 326 423 ‚
351 388 388 419 sic
407 389 485 418 mihi
503 386 664 427 persuadeo
677 406 684 420 ‚
709 396 759 415 me
777 386 833 415 tibi
847 394 949 415 contra
966 386 1114 415 honorem
1135 376 1137 390 ¹
1156 383 1335 413 militaribus
1343 385 1432 423 patris
1440 384 1630 423 triumphum
1640 383 1777 413 decorare
1788 380 1968 422 fugiendum
1982 379 2059 412 fuit,
2073 386 2109 408 ut

163 437 202 465 L.
216 436 357 462 Murtenae
369 451 377 464 ‚
396 438 542 471 quantum
553 437 584 458 tu
594 427 609 458 :¹1
620 438 668 457 me
677 426 825 468 postulare
834 427 919 457 ausas
930 425 965 457 fis
978 446 986 460 ‚
998 435 1115 457 tantum
1155 425 1242 455 rebus
1253 425 1435 453 communiter
1446 424 1525 465 gestia
1539 426 1622 465 paene
1635 423 1723 453 simul
1733 433 1801 453 cum
1812 433 1891 463 patre
1901 421 2110 462 triumpharet?

166 472 316 505 debuisl'e:
338 471 562 511 contrasht'utcm
571 490 579 503 ‚
591 469 667 499 nihil
677 469 793 499 debere.
818 471 925 510 Neque
938 469 1022 499 enim
1034 466 1052 496 si
1061 467 1115 497 tibi
1159 468 1218 496 Hic
1225 465 1297 495 verb
1309 466 1443 504 ‚judices
1452 486 1461 500 ‚
1483 466 1515 496 ὃς
1525 466 1624 496 fuitin
1634 464 1699 495 Asia
1708 484 1717 499 ‚
1741 464 1773 494 &
1783 466 1848 494 viro
1856 462 2017 494 fortiffimo
2028 483 2037 496 ,
2057 469 2109 501 pa-

166 525 232 546 tum
244 536 252 548 ‚
267 514 336 545 cum
347 523 459 555 peteres
470 512 659 543 consularem
669 531 677 546 ,
689 509 760 541 affui
769 531 778 544 ,
798 511 909 541 idcirco
919 519 1001 540 nunc
1011 529 1019 543 ‚
1043 508 1115 539 cum
1157 508 1233 537 renti
1246 507 1298 536 suo
1309 526 1317 540 ‚
1332 516 1443 549 magno
1453 507 1631 547 adjumento
1642 510 1672 536 in
1686 506 1827 547 periculis
1837 525 1846 538 ‚
1865 506 1972 536 solatio
1982 507 2014 534 in
2023 503 2110 533 labo-

164 559 332 587 Muraenam
352 556 450 596 ipsum
469 562 549 595 petas
559 574 566 586 ‚
586 554 703 593 adjutor
719 552 826 583 eodem
840 551 929 593 paolo
939 550 996 582 effe
1009 551 1115 581 debeo.
1157 549 1239 578 ribus
1250 568 1258 580 ‚
1269 549 1460 590 gratulationi
1470 550 1501 579 in
1515 548 1708 579 vi&oriar‘uit
1718 568 1726 581 ‚
1747 550 1784 577 Et
1794 567 1802 581 ‚
1814 545 1931 578 sihabet
1941 545 2006 576 Asia
2016 545 2067 576 sus
2082 544 2110 574 i-

164 602 263 640 Atque
274 599 332 628 hoc
343 607 407 627 non
417 594 512 627 modo
523 605 586 625 nor.
598 595 707 625 Liuzlari
719 615 727 624 ,
751 595 799 625 sed
811 604 848 624 :ie
858 594 983 625 concedi
993 592 1117 633 quidem
1136 619 1138 627 ,
1156 592 1279 620 cionem
1290 591 1417 620 luxuriae
1430 590 1596 630 quandam:
1617 601 1680 621 non
1690 588 1788 619 Asi-im
1803 599 1971 630 numquam
1990 587 2052 618 vidi
2081 595 2109 619 e.

164 639 272 681 potest,
285 648 317 670 ut
326 649 420 668 amita<
430 636 734 676 nostrum-castanaeus,
749 646 812 666 non
822 638 912 666 etiam
922 632 1119 665 alienissimos
1157 631 1206 662 sed
1221 633 1252 662 in
1267 630 1334 662 Asia
1341 633 1508 661 continenter
1517 632 1629 670 vixisse,
1639 630 1822 662 laudandum
1832 630 1885 661 est.
1900 629 2108 673 Qamobrem

166 681 373 712 defendamus.
418 680 498 710 Mihi
512 688 611 709 autem
621 673 690 708 etim
701 681 834 708 Muraena
844 698 852 712 2
867 677 983 717 judices
994 696 1003 710 ,
1026 675 1057 704 &
1067 684 1119 703 ve—
1159 683 1223 703 non
1233 672 1306 704 Asia:
1317 683 1432 703 nornen
1446 674 1656 713 objiciendum
1668 676 1810 704 Muraenae
1820 672 1899 706 fuit,
1917 683 1956 703 ex
1973 682 2029 713 qua
2047 670 2112 699 lauss

166 733 213 754 tus
224 743 233 757 ‚
258 723 290 753 δε
302 732 408 764 magna
417 722 548 751 amicitia
558 719 601 750 est
612 741 619 753 ‚
641 730 706 761 qua:
725 731 758 749 i:
776 721 877 759 capitis
895 719 1091 748 dimicatione
1105 714 1120 745 ὲ
1159 714 1283 745 familia:
1293 735 1301 749 ‚
1317 717 1465 745 memoria
1474 718 1575 756 generi
1587 736 1594 750 ‚
1610 717 1709 746 honos
1724 714 1859 754 &gloria
1868 709 2115 745 nominiconsti-

166 768 227 796 Ser.
240 765 373 805 Sulpicio
382 773 445 793 non
457 762 568 792 idcirco
578 762 720 792 obi-neam·
729 782 737 795 2
757 760 838 802 quod.
856 761 891 790 ab
901 759 1008 789 codem
1021 760 1053 788 in
1065 758 1122 787 ho·
1161 764 1222 786 tuta
1233 756 1275 786 est
1288 767 1292 786 z
1304 756 1352 787 sed
1362 757 1482 797 aliquod
1496 760 1586 788 autin
1598 757 1663 788 Asia
1673 758 1840 797 susceptum
1850 775 1858 790 ‚
1871 765 1921 786 aut
1933 765 1972 786 ex
1983 754 2048 786 Asia
2058 753 2115 789 de-

169 808 254 838 noris
268 808 462 836 contentione
472 802 660 844 superatus}-
694 801 891 842 C‘gtzsicaizsa
900 799 1056 833 noriess'et2
1079 807 1120 827 ta·
1139 792 1142 834 Ι
1161 806 1312 838 portatum
1333 797 1478 839 flagitium
1492 819 1499 832 ,
1521 809 1553 830 ac
1572 799 1709 830 dedecus,
1733 795 1875 828 Meruiss'e
1886 797 1958 828 vero
1967 794 2113 838 stipendia

170 858 244 878 men
252 847 440 889 veldignitas
450 847 586 875 hominis
599 866 607 878 ‚
620 845 667 874 vei
680 844 886 883 lionorisejus,
900 852 990 883 quem
1001 841 1122 880 adeptus
1139 835 1142 846 '
1161 841 1193 869 in
1211 849 1249 869 eo
1266 839 1347 869 bello
1359 859 1368 872 ‚
1390 840 1471 880 quod
1489 849 1554 871 turn
1571 842 1699 881 populus
1710 843 1806 871 Rom.
1817 849 1881 869 non
1898 838 1993 869 modb
2012 836 2115 869 maxi-

172 889 216 920 est
226 910 235 924 ,
248 889 417 929 amplitudo
426 908 434 921 ‚
446 888 595 918 summanr
607 887 685 915 mik-i
697 885 849 925 snpeibiae,
861 888 869 904 ¹
885 882 1122 922 crudelitatistwe
1165 890 1252 910 mum
1262 901 1270 913 ‚
1284 880 1331 910 sed
1343 883 1433 911 etiam
1444 882 1540 912 solum
1550 883 1668 924 gerebat
1680 903 1688 916 .
1699 882 1818 912 virtutis
1831 891 1836 909 z
1847 889 1926 921 patre
1935 883 2114 921 imperatore

168 931 280 963 famam
292 928 438 961 inuss'iss‘et
448 949 456 962 ,
468 927 487 958 si
498 929 634 957 hominis
644 947 652 961 ‚
665 927 698 957 δε
707 927 765 956 suis
777 946 785 960 ,
808 926 838 956 δι’
851 926 953 965 populi
966 927 1060 955 Rom.
1074 933 1124 953 or·
1162 920 1358 952 libentissime
1370 922 1508 953 meruiss'e
1519 944 1527 958 ‚
1547 927 1663 965 pietatis
1677 935 1681 953 :
1700 923 1793 954 finem
1805 922 2023 963 stipendiorum
2035 942 2044 956 ,
2063 932 2115 963 pa—

169 975 321 1004 namentis
336 969 509 1011 amplissimi
527 969 642 999 causam
670 970 741 998 tanti
765 969 890 1007 periculi
916 963 1122 1007 repudiass'em.
1162 966 1214 994 tris
1224 963 1383 994 weronam
1395 984 1404 998 ‚
1419 974 1453 994 ac
1460 967 1648 1007 triumphum
1659 965 1765 1000 fuiss'e,
1782 965 1932 996 felicitatis
1940 963 2008 995 fuit.
2027 964 2116 994 male-

169 1017 280 1056 Neque
290 1015 371 1044 enirn
382 1014 442 1053 jain
455 1012 531 1041 mihi
544 1012 623 1044 licet,
636 1019 732 1050 neque
741 1010 783 1039 est
792 1019 945 1050 integrum
956 1029 964 1043 ,
976 1016 1007 1038 ut
1018 1016 1122 1037 meum
1164 1003 1237 1034 disto
1248 1005 1492 1046 quidemidcirco
1507 1008 1585 1038 nihil
1600 1010 1634 1039 in
1651 1009 1729 1039 hisce
1743 1008 1830 1038 rebus
1841 1007 1901 1036 loci
1910 1005 1953 1037 est
1962 1027 1971 1040 ,
1985 1005 2068 1047 quod
2078 1016 2114 1036 o-

169 1056 305 1086 laborem
317 1075 325 1089 ‚
346 1055 509 1084 hominum
520 1052 658 1092 periculis
671 1050 847 1090 ficblevandis
863 1061 926 1080 non
941 1050 1121 1090 impertiam.
1165 1048 1248 1077 mnia
1257 1047 1318 1075 laus
1330 1050 1495 1088 occupavit.
1518 1050 1690 1080 saltatorem
1704 1049 1830 1090 appellat
1838 1049 2047 1079 L-Muraenam
2058 1051 2112 1080 Ca-

170 1100 254 1129 Nam
274 1096 345 1128 cum
365 1097 487 1135 praemia
506 1095 582 1123 mihi
600 1102 679 1123 tanta
695 1103 750 1133 pro
766 1095 819 1123 hac
829 1092 973 1122 industria
983 1090 1039 1120 sint
1049 1090 1123 1123 data,
1165 1097 1206 1119 ιο.
1232 1088 1429 1119 Maledictum
1440 1089 1500 1124 est,
1515 1089 1535 1120 si
1546 1091 1614 1122 vere
1625 1092 1785 1131 objicitur,
1800 1092 1989 1123 vehementis
1998 1091 2116 1122 accusa-

171 1148 279 1181 quanta
292 1147 375 1168 antea
385 1137 503 1166 nemini
515 1146 520 1164 :
544 1135 658 1165 labores
669 1156 678 1168 ,
697 1145 748 1175 per
763 1144 841 1175 quos
858 1144 890 1164 ea
899 1135 1010 1174 ceperis
1021 1153 1030 1166 ‚
1051 1130 1123 1162 cum
1166 1131 1238 1161 toris
1250 1140 1255 1159 :
1267 1128 1309 1159 sin
1318 1129 1394 1160 falso
1406 1151 1414 1165 ,
1429 1132 1568 1163 maledici
1578 1135 1801 1164 conviciatoris.
1825 1136 1922 1176 Qare
1932 1131 2005 1162 cum
2016 1131 2069 1162 ista
2079 1132 2118 1165 fis

170 1181 292 1220 adeptus
302 1178 336 1209 fis
347 1199 356 1212 ,
376 1178 526 1218 deponere
535 1183 554 1210 ‚*
565 1175 636 1206 ess‘et
647 1178 781 1206 hominis
793 1177 825 1207 &
835 1175 921 1206 astuti
933 1195 941 1208 ‚
964 1174 997 1204 δε
1008 1176 1124 1214 ingrati.
1165 1171 1338 1202 auooritate
1351 1191 1360 1206 ,
1380 1183 1445 1202 non
1460 1173 1550 1204 debes
1562 1194 1570 1208 ‚
1591 1176 1637 1204 M.
1650 1178 1722 1206 Cato
1732 1196 1741 1210 ‚
1758 1177 1878 1216 arripere
1890 1172 2072 1203 maledietum
2083 1185 2120 1206 ex

171 1222 263 1263 Qod
275 1220 295 1250 si
307 1222 376 1250 licet
384 1218 514 1250 definere
525 1238 533 1252 ,
547 1217 566 1247 si
578 1228 604 1248 te
614 1218 734 1248 auctore
745 1217 863 1258 poss'um
876 1237 884 1250 ,
901 1220 914 1236 2
925 1215 946 1246 fi
956 1216 1039 1246 nulla
1048 1218 1127 1245 iner-
1167 1213 1256 1243 trivio
1267 1233 1275 1247 ‚
1295 1216 1309 1240 ⁵·
1318 1222 1367 1244 aut
1378 1224 1418 1244 ex
1429 1214 1592 1245 scurrarum
1606 1216 1709 1256 aliquo
1719 1219 1862 1247 convicio
1871 1237 1880 1252 ,
1897 1225 1994 1256 neque
2004 1218 2120 1249 temere

171 1266 233 1297 tice,
244 1263 327 1293 nulla
336 1261 478 1302 superbiae
487 1260 740 1300 turpitud0‚nulla
748 1260 978 1290 inhumanitatis
987 1258 1072 1297 culpa
1081 1257 1128 1286 su-
1165 1255 1319 1286 consulem
1332 1256 1438 1296 populi
1446 1258 1542 1287 Rom.
1554 1257 1720 1287 saltatorem
1731 1268 1835 1289 vocare
1850 1269 1856 1288 τ
1875 1258 1893 1279 ⁶
1904 1258 1952 1287 sed
1965 1257 2120 1298 conspice-

171 1305 213 1337 sci
236 1305 314 1335 itur:
332 1313 388 1344 ego
398 1301 470 1333 vero
482 1301 612 1332 libenter
620 1300 730 1332 desino.
753 1303 806 1332 Sin
817 1309 915 1331 autem
925 1299 993 1340 fuga
1004 1298 1125 1331 laboris,
1167 1307 1197 1327 re
1209 1316 1218 1331 ,
1229 1297 1338 1338 quibus
1348 1306 1485 1337 praeterea
1492 1300 1576 1328 vitiis
1584 1297 1727 1331 affeetum
1738 1299 1796 1331 effe
1805 1300 1920 1332 neceffe
1930 1297 1964 1330 fit
1973 1292 2055 1333 eum,
2069 1302 2121 1332 cui

172 1346 212 1378 de
225 1346 335 1376 rdiam:
357 1343 523 1385 repudiatio
542 1343 728 1384 supplicum,
748 1343 931 1383 superbiam:
959 1342 1126 1372 amicorum
1168 1338 1239 1369 vere
1255 1337 1332 1369 istud
1346 1339 1440 1378 objici
1453 1338 1550 1379 poffit.
1574 1342 1698 1372 NEMO
1714 1343 1797 1373 enim
1815 1342 1877 1373 fere
1896 1341 1976 1374 saltat
1991 1341 2120 1377 sobrius,

173 1387 336 1430 neglefflo,
351 1385 576 1426 improbitatem
589 1386 738 1426 coarguit:
761 1386 909 1415 nimirum
924 1385 984 1413 haec
994 1383 1077 1412 causa
1086 1380 1129 1412 est
1170 1379 1225 1411 nisi
1235 1379 1313 1411 forte
1326 1381 1450 1411 insanit:
1471 1388 1569 1423 neque
1579 1383 1613 1412 in
1623 1382 1786 1413 solitudine
1797 1404 1805 1418 ‚
1824 1394 1921 1426 neque
1932 1385 1965 1414 in
1974 1386 2123 1415 convivio

172 1428 338 1470 eiusmodi,
350 1431 362 1456 3
375 1437 463 1469 quam
479 1437 535 1457 nec
544 1426 708 1457 industrius
718 1446 727 1461 ‚
739 1437 795 1457 nec
805 1426 983 1459 misericors,
994 1434 1049 1454 nec
1058 1421 1128 1453 offi-
1171 1421 1326 1452 moderato
1337 1442 1345 1456 ‚
1361 1431 1447 1464 atque
1457 1422 1585 1454 honesto
1598 1423 1776 1465 7t·empestivi
1785 1426 1913 1456 convivii
1922 1446 1931 1460 ,
1950 1426 2064 1457 amoeni
2073 1427 2122 1457 lo-

151 2281 171 2311 *οἳ

172 1471 271 1503 ciosus
287 1470 419 1501 deserere
439 1467 533 1509 poffic.
567 1471 665 1509 Atque
683 1469 806 1508 hujusce
824 1469 867 1497 rei
878 1465 1083 1506 conjecturam
1094 1463 1130 1495 de
1169 1465 1196 1495 ci
1209 1483 1217 1497 2
1240 1464 1403 1494 multarum
1413 1463 1587 1495 deliciarum
1600 1475 1704 1496 comes
1719 1466 1762 1497 est
1775 1476 1908 1498 extrema
1923 1467 2044 1497 saltatio.
2068 1471 2123 1499 Tu

177 1521 231 1544 tuo
244 1510 330 1553 ipsius
341 1511 439 1542 studio
450 1530 458 1545 ‚
470 1512 552 1541 Servi
564 1531 573 1544 ,
585 1509 731 1540 facillime
742 1510 864 1550 ceperis.
888 1511 970 1538 Nam
979 1506 1000 1537 si
1011 1507 1067 1537 tibi
1077 1516 1132 1536 ne·
1172 1506 1251 1536 mihi
1263 1507 1365 1546 arripis
1379 1505 1410 1536 id
1422 1525 1431 1539 ‚
1451 1506 1534 1546 quod
1544 1505 1660 1537 necesse
1677 1507 1720 1538 est
1739 1511 1881 1539 omnium
1899 1511 2045 1539 vitiorum
2063 1509 2123 1540 effe

176 1553 253 1586 cess'e
271 1562 353 1594 putas
364 1573 372 1587 ,
393 1555 482 1583 etiam
500 1551 672 1582 adversariis
687 1554 854 1582 amicorum
875 1559 997 1581 tuorum
1016 1549 1052 1579 de
1067 1548 1133 1587 jure
1172 1546 1360 1588 postremum
1373 1548 1534 1588 :relinquis
1544 1548 1612 1582 illa,
1623 1549 1732 1589 quibus
1742 1553 1885 1584 remotis,
1899 1551 1957 1580 hoc
1967 1554 2075 1581 vitium
2087 1561 2124 1581 0-

177 1595 405 1628 consulentibus
414 1593 589 1634 respondere
602 1604 607 1622 :
626 1593 659 1623 &
668 1613 676 1627 ‚
686 1591 706 1623 si
717 1602 799 1634 turpe
809 1591 966 1623 existimas
985 1611 994 1625 ,
1005 1600 1033 1621 te
1042 1590 1135 1619 advo-
1175 1590 1286 1619 mnino
1302 1587 1359 1618 effe
1378 1598 1442 1618 non
1463 1588 1570 1629 potest.
1593 1591 1714 1620 nullum
1732 1600 1816 1631 turpe
1834 1595 2011 1622 convivium
2027 1613 2035 1626 ,
2059 1603 2126 1624 non

177 1645 254 1671 cato,
263 1637 353 1667 illum
365 1636 474 1677 ipsum,
485 1645 577 1676 quem
588 1644 690 1666 contra
698 1637 825 1668 veneris,
835 1634 919 1665 causa
926 1633 1046 1663 cadere:
1067 1631 1133 1661 noli
1174 1640 1260 1661 amor
1269 1649 1281 1664 ,
1294 1639 1358 1660 non
1368 1629 1535 1661 comissatio
1547 1651 1557 1664 ‚
1577 1641 1641 1661 non
1651 1632 1747 1662 libido
1758 1652 1767 1666 ,
1787 1643 1851 1663 non
1862 1634 1977 1664 sumtus
1990 1633 2125 1664 ostendi-

180 1689 242 1710 tam
254 1677 311 1709 esle
329 1677 456 1718 injustus
467 1696 475 1711 ,
497 1686 529 1706 ut
538 1696 547 1711 ‚
566 1675 640 1706 cum
650 1678 694 1707 tui
703 1675 805 1706 fontes
813 1676 862 1705 vel
872 1676 1007 1705 inimicis
1016 1675 1074 1703 tuis
1082 1682 1134 1713 pa·
1175 1682 1232 1703 tur.
1255 1672 1288 1702 δε
1297 1691 1306 1706 ,
1325 1671 1397 1702 cum
1412 1683 1444 1702 ea
1457 1683 1521 1702 non
1534 1675 1717 1713 reperiuntur
1731 1694 1739 1708 ‚
1761 1684 1827 1715 quae
1837 1677 1999 1715 voluptatis
2009 1685 2128 1707 nomen

181 1729 263 1752 teant
272 1741 280 1754 ‚
292 1719 410 1750 nostros
419 1718 532 1749 rixmlos
543 1720 633 1749 etiam
644 1720 749 1749 amicis
758 1720 842 1758 p'utes
852 1717 966 1747 clausos
977 1714 1035 1745 effe
1045 1724 1135 1754 opor·
1178 1713 1288 1745 habent
1297 1734 1306 1747 ,
1326 1724 1450 1755 quaeque
1467 1715 1573 1744 vitiosa
1588 1715 1657 1745 sunt
1670 1726 1676 1744 z
1703 1726 1714 1746 i
1727 1726 1748 1745 N
1765 1726 1817 1756 Q
1827 1727 1845 1746 o
1867 1717 1962 1757 ipsam
1973 1717 2127 1748 luxuriam

183 1771 254 1793 tete.
278 1763 400 1793 Etenim
411 1781 420 1794 ‚
438 1759 458 1790 si
469 1770 519 1789 me
530 1768 578 1790 tua
587 1759 773 1790 familiaritas
782 1759 818 1789 ab
827 1760 880 1789 hac
889 1758 973 1789 causa
986 1755 1136 1787 removis-
1177 1758 1303 1798 reperire
1323 1766 1387 1785 non
1403 1764 1488 1796 potes
1498 1775 1506 1789 ‚
1524 1758 1557 1786 in
1567 1766 1604 1786 eo
1615 1766 1643 1787 te
1653 1757 1791 1788 umbram
1800 1760 1928 1789 luxuriae
1939 1768 2128 1799 reperturum

184 1805 236 1838 set,
252 1804 294 1837 ἓνε,
308 1802 327 1833 si
338 1803 396 1833 hoc
404 1802 486 1832 idem
498 1800 719 1843 QHorrenfio,
731 1804 775 1831 M.
787 1799 897 1834 Craffo,
911 1797 1080 1830 clarissimis
1090 1798 1139 1828 vi-
1177 1801 1282 1838 putas?
1306 1798 1394 1827 Nihil
1414 1799 1501 1839 igitur
1521 1799 1553 1827 in
1571 1799 1665 1828 vitam
1679 1801 1713 1830 L.
1723 1801 1865 1830 Muraenae
1877 1800 1936 1831 dici
1945 1800 2062 1840 potest?
2079 1802 2130 1831 ni-

185 1848 238 1879 xis,
252 1844 270 1875 si
281 1846 354 1875 item
366 1846 480 1877 ceteris,
493 1842 509 1873 ἒι
518 1843 627 1883 quibus
636 1843 774 1885 intelligo
787 1863 796 1876 ,
809 1852 890 1873 tuam
924 1843 1025 1871 ratiam
1036 1840 1139 1881 magni
1179 1840 1242 1874 hil,
1258 1841 1398 1880 inquam,
1420 1842 1552 1869 omnino
1562 1859 1573 1873 9
1582 1840 1708 1880 judoees·
1729 1844 1777 1872 Sic
1786 1842 1802 1872 ὲ
1817 1852 1866 1872 me
1878 1843 1984 1873 consul
1996 1841 2130 1884 defi-gna-

184 1887 336 1920 aestimari,
345 1884 510 1916 accidislet:
527 1887 560 1915 in
574 1894 606 1915 ea
616 1886 736 1915 civitate
747 1884 851 1915 consul
860 1884 896 1914 de
910 1892 1023 1924 ignatus
1033 1881 1140 1912 defen-
1179 1889 1227 1911 tus
1240 1880 1411 1911 defenditur
1425 1900 1433 1914 2
1451 1889 1485 1911 ut
1498 1882 1562 1921 ejus
1576 1883 1659 1912 nulla
1672 1881 1751 1914 fraus
1765 1903 1773 1917 ‚
1793 1884 1877 1914 nulla
1890 1886 2009 1915 avaritia
2018 1904 2027 1919 ‚
2047 1884 2134 1916 nulla

186 1930 283 1960 sorem
294 1938 358 1958 non
369 1927 487 1958 haberet
497 1947 506 1961 ‚
528 1928 561 1956 in
592 1936 627 1956 ua
635 1928 755 1956 nemini
766 1935 910 1966 umquam
920 1923 1031 1955 infimo
1041 1923 1100 1962 maj
1106 1933 1141 1952 ο-
1180 1921 1302 1964 perfidia
1312 1943 1320 1956 ‚
1341 1922 1425 1953 nulla
1433 1923 1590 1954 crudelitas
1598 1943 1608 1958 ‚
1626 1924 1747 1955 nullum
1764 1924 1892 1966 petulans
1900 1924 2010 1956 dilium
2027 1928 2060 1956 in
2069 1927 2132 1957 vita

183 1980 228 2001 res
240 1969 333 2000 nostri
342 1978 502 2009 patronum
511 1969 565 2000 dee
591 1967 607 1998 'e
617 1969 789 2000 voluerunt.
819 1970 883 2008 Ego
901 1965 973 1997 vero
983 1986 992 2000 ,
1010 1965 1138 2006 judices,
1180 1964 1351 2005 proferatur.
1367 1966 1446 1995 Bene
1455 1964 1559 1996 habet:
1572 1965 1645 2003 iahia
1656 1967 1724 1996 sunt
1731 1966 1928 1999 fundamenta
1935 1967 2132 1998 defensionis.

184 2023 213 2049 πῖ
222 2013 246 2042 i'e
257 2022 306 2042 me
316 2010 521 2042 existimarem
532 2010 692 2043 nefarium,
710 2008 731 2039 si
741 2010 840 2040 amico
852 2019 856 2037 :
871 2007 1035 2042 crudelem,
1048 2005 1069 2036 fi
1079 2007 1140 2036 mi-
1184 2006 1335 2037 Nondum
1348 2008 1434 2036 enim
1448 2006 1557 2037 nostris
1570 2007 1706 2038 laudibus
1716 2029 1725 2043 ,
1744 2009 1852 2050 quibus
1865 2018 1930 2040 utar
1940 2009 2042 2050 postea
2051 2029 2060 2045 ‚
2080 2008 2132 2040 sed

186 2056 211 2085 se
216 2063 250 2084 1⁴0
263 2064 268 2083 :
283 2052 455 2093 superbum,
469 2052 489 2082 fi
499 2052 615 2083 consuli
624 2050 793 2082 defuissem.
807 2053 905 2092 Qare
913 2049 996 2091 quod
1006 2048 1139 2080 dandum
1181 2049 1273 2089 prope
1286 2050 1363 2078 inim
1372 2050 1485 2079 icomrn
1495 2048 1690 2084 confessione,
1700 2053 1800 2081 virum
1810 2051 1927 2082 bonum
1937 2072 1946 2086 ‚
1956 2061 2043 2093 atque
2053 2053 2144 2082 inte-·

185 2094 382 2128 estaminia,
394 2094 469 2136 large
481 2094 598 2125 dabitur
606 2093 621 2124 'a
631 2103 693 2127 me,
712 2102 744 2124 ut
755 2101 855 2123 tecum
865 2101 959 2134 agam,
971 2091 1066 2124 Servi,
1078 2100 1142 2120 non
1183 2100 1270 2132 grum
1282 2091 1443 2120 hominem
1452 2090 1657 2122 defendimus.
1678 2094 1748 2131 Qio
1756 2093 1920 2124 constituto
1930 2113 1939 2128 ,
1957 2093 2075 2124 facilior
2087 2091 2130 2123 est
2150 2103 2169 2138 7

188 2137 283 2170 secus,
298 2141 354 2166 ¹⁴rac
363 2135 382 2166 fi
394 2146 478 2166 meus
486 2134 670 2168 effetfrater‚
681 2136 733 2176 qui
747 2135 825 2164 mihi
835 2131 1052 2165 estcariss'imus
1064 2153 1073 2165 ‚
1084 2131 1142 2162 isto
1184 2133 1263 2163 mihi
1278 2132 1374 2162 aditus
1394 2132 1429 2162 ad
1447 2141 1677 2163 contentionem
1694 2135 1848 2176 dignitatis
1861 2146 1866 2165 :
1883 2145 1948 2177 qua:
1965 2145 2031 2176 pars
2043 2135 2132 2165 altera

189 2182 220 2209 ir:
233 2179 310 2209 loco.
333 2177 414 2218 quod
425 2177 620 2209 tribuendum
629 2175 672 2206 est
682 2174 785 2206 officio
796 2195 804 2209 ‚
825 2173 896 2204 fidei
910 2194 919 2208 ‚
937 2175 1095 2216 religioni,
1112 2172 1143 2203 id
1183 2174 1243 2205 fuit
1251 2174 1454 2204 accusationis.
1477 2178 1635 2205 Summam
1644 2176 1735 2206 video
1745 2175 1802 2206 effe
1811 2178 1844 2206 in
1854 2185 1883 2206 te
1892 2197 1901 2211 ‚
1912 2179 1994 2208 Servi
2003 2177 2131 2216 Sulpici,

187 2222 229 2252 ita
248 2219 427 2250 moderabor
437 2239 446 2253 ,
470 2228 502 2250 ut
522 2219 718 2250 meminerim
737 2227 787 2246 me
796 2224 900 2246 contra
908 2218 999 2246 amici
1009 2215 1142 2246 studium
1185 2215 1361 2256 dignitatern
1372 2217 1505 2257 generis,
1519 2218 1693 2257 integritatis
1704 2236 1713 2250 ,
1725 2216 1876 2248 industriae
1886 2238 1895 2251 ‚
1908 2226 2136 2258 ceterorumque

194 2272 247 2303 pro
258 2263 347 2292 amici
357 2261 490 2301 periculo
502 2262 612 2292 dicere.
644 2259 785 2298 Intelligo
793 2278 803 2291 ‚
822 2257 937 2298 judices
947 2278 955 2291 ,
971 2259 1041 2287 treis
1052 2258 1145 2287 totius
1188 2266 1435 2287 ornamentorum
1446 2259 1602 2291 omnium,
1613 2258 1720 2297 quibus
1722 2257 1832 2295 fretum
1841 2278 1849 2292 ‚
1860 2259 1895 2289 ad
1904 2260 2074 2290 consulatus
2083 2268 2136 2299 pe-

193 2304 389 2334 accusationis
398 2304 503 2342 parteis
512 2301 609 2335 fuisse,
622 2302 654 2331 &
662 2310 763 2330 earurn
774 2309 865 2329 unam
877 2301 910 2328 in
919 2296 1146 2338 reprehensione
1188 2299 1327 2328 titionem
1338 2298 1454 2339 aggredi
1463 2307 1514 2337 par
1524 2297 1577 2328 est.
1600 2301 1678 2329 Paria
1687 2300 1836 2340 cognosco
1845 2299 1902 2330 effe
1911 2299 1967 2331 ista
1974 2302 2007 2330 in
2016 2302 2053 2331 L.
2063 2303 2137 2331 Mu-

191 2347 263 2375 vitae
275 2365 283 2379 ,
295 2345 417 2374 alteram
430 2345 462 2373 in
473 2345 668 2374 contentione
678 2341 831 2382 dignitatis
842 2360 850 2373 ‚
873 2341 989 2370 tertiam
1000 2341 1032 2369 in
1043 2339 1147 2369 crimi-
1189 2348 1266 2369 raena
1276 2358 1285 2372 ‚
1304 2347 1390 2379 atque
1400 2341 1440 2368 ita
1448 2341 1528 2379 paria
1538 2359 1548 2373 ,
1565 2348 1597 2369 ut
1606 2350 1703 2380 neque
1713 2341 1773 2381 ipse
1783 2341 1925 2382 dignitate
1934 2344 2018 2372 vinci
2027 2351 2136 2382 potue-

193 2387 285 2417 nibus
300 2385 432 2416 ambitus
441 2384 499 2415 efl'e
508 2386 663 2415 versatam.
694 2386 791 2423 Atque
800 2384 904 2413 harum
915 2383 1006 2411 trium
1016 2382 1144 2420 partium
1189 2381 1245 2414 rit,
1271 2390 1366 2420 neque
1377 2388 1404 2409 te
1417 2380 1558 2421 dignitate
1571 2381 1719 2420 superarit.
1743 2382 1933 2413 Comernsisti
1943 2386 1979 2414 L.
1991 2386 2138 2415 Muraenae

199 2429 297 2469 prima
307 2427 368 2460 illa,
379 2436 443 2467 quae
457 2425 621 2467 graviffima
630 2423 688 2455 effe
697 2424 885 2457 debebat‚ita
893 2422 952 2453 fuit
962 2420 1082 2452 infirma
1092 2441 1100 2455 2
1113 2420 1146 2451 &
1189 2431 1299 2463 genus:
1322 2421 1455 2452 extulisti
1475 2430 1570 2452 tuum.
1595 2425 1664 2463 Qio
1674 2423 1743 2453 loco
1756 2423 1777 2453 fi
1794 2424 1848 2455 tibi
1864 2426 1922 2455 hoc
1933 2425 2026 2455 sumis
2036 2446 2045 2460 ‚
2066 2434 2140 2457 iusx

197 2471 273 2500 jovis
287 2489 296 2504 ‚
316 2477 349 2499 ut
359 2469 430 2498 jllos
447 2470 497 2498 lex
508 2470 604 2510 magis
621 2466 757 2509 quaedam
766 2465 942 2496 accusatoria
953 2484 961 2498 ,
981 2464 1072 2505 quarn
1082 2472 1150 2493 vera
1192 2473 1253 2502 Q!
1264 2465 1403 2503 patricius
1413 2462 1456 2496 fit,
1471 2466 1627 2494 neminem
1643 2464 1726 2494 bono
1735 2463 1794 2495 effe
1803 2476 1910 2507 genere
1919 2476 2024 2498 natum
2038 2467 2139 2502 :facis,

201 2510 402 2541 maledicendi
421 2508 544 2540 facultas
574 2510 610 2540 de
629 2511 690 2539 vita
706 2510 743 2538 L.
764 2509 906 2537 Muraenae
924 2506 1022 2537 dicere
1039 2503 1152 2545 aliquid
1192 2514 1224 2534 ut
1234 2504 1331 2534 rursus
1343 2504 1428 2544 plebs
1441 2507 1475 2535 in
1485 2507 1673 2536 Aventinum
1686 2506 1846 2538 sevocanda
1859 2507 1915 2539 effe
1924 2509 2066 2540 videatur.
2089 2511 2144 2540 Sin

195 2554 338 2593 coegerit.
363 2551 486 2591 Objee'ia
495 2550 536 2581 est
547 2553 633 2585 enim
643 2549 709 2580 Asia
719 2560 725 2578 τ
743 2559 809 2589 quae
817 2549 853 2578 ab
866 2550 924 2578 hoc
933 2557 998 2578 non
1016 2547 1051 2577 ad
1062 2547 1151 2577 volu—
1191 2555 1290 2576 autem
1302 2547 1369 2576 sunt
1378 2547 1495 2586 ampiae,
1507 2547 1540 2577 &
1550 2547 1681 2578 honestae
1690 2548 1946 2590 familiaeplebejae
1954 2571 1962 2585 ‚
1974 2551 2006 2581 &
2016 2560 2143 2591 proavus

196 2603 318 2634 praccrn,
333 2593 526 2625 &luxuriam
536 2595 667 2634 expetita
677 2591 728 2626 est,
744 2591 837 2622 sedin
845 2591 968 2621 militari
977 2589 1076 2620 labore
1085 2597 1151 2629 per·
1193 2589 1227 2618 L.
1239 2590 1383 2619 Muraenae
1396 2609 1406 2623 ,
1419 2589 1451 2619 δε
1460 2598 1532 2620 avus
1542 2609 1552 2624 ,
1563 2598 1702 2630 praetores
1709 2589 1830 2622 fuerunt
1839 2612 1848 2626 ‚
1865 2592 1898 2623 &
1906 2602 1986 2634 pater
1995 2592 2066 2623 cum
2076 2601 2142 2623 am·-

1998 2632 2142 2675 pliffime,

236 2736 259 2770 i.
278 2728 476 2765 Crudci'itatififn:
487 2732 582 2764 samam
601 2731 733 2767 inuffiffet]
754 2730 916 2758 Gulielmius
935 2729 1090 2764 conjiciebat
1109 2732 1148 2759 iv·
1229 2737 1254 2762 5.
1273 2732 1324 2754 Aut
1333 2738 1362 2754 ex
1364 2729 1511 2761 scurrarum
1520 2731 1599 2763 aliquo
1609 2729 1735 2763 comitio]
1748 2729 1891 2756 Lambinus
1902 2728 2146 2765 reposuerat,ch-

195 2764 308 2806 Jammm.
1189 2766 1228 2790 71'0
1239 2784 1247 2796 ‚
1259 2772 1381 2801 tanquam
1393 2764 1428 2791 ibi
1442 2765 1512 2791 locus
1523 2765 1628 2801 proprie
1640 2764 1797 2792 scurrarum.
1808 2765 1850 2792 sed
1861 2765 1970 2800 largiter
1980 2770 2060 2791 errat.
2071 2762 2144 2789 scur-

235 2808 263 2824 ²..
281 2804 306 2840 ,ξι
315 2802 380 2826 „ulla
388 2804 476 2829 inertia
487 2822 495 2834 ,
514 2805 579 2829 nulla
593 2804 706 2837 fisperbiae
723 2804 791 2837 ὡκ]
815 2803 858 2830 Sic
872 2802 940 2830 Pan.
950 2811 1023 2829 omn.
1034 2802 1062 2828 &
1072 2801 1151 2830 editt.
1192 2809 1225 2825 1·ae
1236 2800 1291 2827 fere
1302 2808 1378 2828 erant
1391 2821 1397 2832 ,
1408 2801 1452 2836 qui
1464 2800 1593 2827 creditum
1606 2801 1759 2836 flagitabant
1770 2811 1816 2837 per
1826 2801 1890 2832 vias,
1901 2798 2147 2834 affeetabanturque

198 2835 343 2863 Lambinus
353 2837 465 2864 addebat
473 2838 506 2864 «ἒν.
516 2839 668 2873 conjectura
681 2859 688 2870 ‚
707 2843 795 2865 inertiae
802 2847 869 2866 nota.
1190 2835 1292 2863 obvios.
1315 2836 1385 2863 unde
1400 2837 1446 2863 lux
1457 2837 1558 2864 accedit
1569 2837 1694 2863 Suetonio
1705 2837 1789 2873 capite
1799 2845 1877 2863 nvn.
1888 2835 1921 2861 de
1938 2837 1992 2862 vita
2002 2834 2116 2861 Tiberii.

227 2879 262 2911 ..3-
281 2873 358 2905 {iram
368 2883 407 2898 mc
416 2874 565 2907 industrius,
584 2884 624 2900 nee
642 2876 796 2910 misericors]
818 2877 859 2902 Ita
869 2874 951 2901 solum
963 2875 1030 2902 Pau.
1058 2883 1080 2901 r.
1092 2883 1150 2900 nam
1227 2873 1253 2899 6.
1272 2874 1318 2899 Sed
1332 2875 1458 2907 corispIctre
1473 2875 1559 2908 quibus
1571 2892 1578 2904 ,
1596 2873 1663 2908 dm]
1687 2874 1751 2900 Nou
1770 2872 1839 2900 male
1849 2871 1958 2907 conjicit
1967 2870 2150 2905 Gulielmius,'

197 2906 245 2934 alii
256 2915 399 2949 repetunt)
409 2919 479 2948 quum
489 2920 528 2950 nef
538 2912 664 2943 misericors
677 2930 684 2942 ‚
695 2919 725 2937 ut
734 2912 762 2937 δε
774 2911 899 2939 vetustius
910 2911 972 2938 cufi.
992 2921 1026 2938 un
1047 2921 1060 2936 e
1072 2910 1152 2946 suspi-
1171 2909 1228 2943 lscd
1235 2911 1416 2942 circumspicere.
1814 2902 1821 2918 Κ

199 2942 306 2985 uebatur
325 2944 485 2971 (iulielnims
504 2946 602 2981 iyllaba
616 2945 712 2974 inserta
722 2947 774 2983 legi
785 2947 855 2984 posse
866 2966 876 2980 ,
894 2956 965 2982 quam
974 2955 1014 2973 nec
1021 2948 1152 2980 industrius
1225 2953 1252 2978 7.
1272 2947 1406 2978 Tempestivi
1415 2947 1530 2977 convivii,
1540 2947 1624 2971 amoem'
1632 2946 1674 2970 7027·
1681 2944 1748 2978 dja]
1772 2944 1867 2971 Citant
1894 2943 1964 2971 affim
1975 2943 2143 2970 hunclocum

198 2982 322 3013 quisquam
334 2998 341 3009 ‚
361 2988 400 3005 nee
410 2981 546 3020 mifiricorr.
1189 2981 1298 3012 Critici,
1310 2988 1432 3017 tanquam
1444 2981 1492 3007 scri
1512 2988 1568 3008 tum
1579 2981 1653 3012 esset,
1663 2982 1824 3013 intempestivi.
1844 2980 1868 3006 se
1896 2979 2008 3006 alterum
2020 2978 2145 3015 profeEto

237 3021 265 3046 4-
285 3016 361 3048 eAcſs
368 3025 431 3040 meur
440 3017 574 3049 effetfratcr
584 3036 591 3049 ‚
602 3019 644 3051 qui
652 3020 708 3044 mihi
717 3021 753 3045 ef?
760 3021 890 3053 cariffimur
900 3039 908 3051 ,
928 3021 966 3051 isto
976 3021 1001 3045 in
1010 3018 1081 3052 [σι-0.]
1104 3018 1152 3044 Se·
1191 3016 1279 3043 inveni
1291 3017 1316 3042 iu
1327 3016 1448 3043 omnibus
1461 3017 1496 3043 Pa
1510 3017 1529 3043 1.
1540 3023 1647 3052 eratque
1657 3016 1683 3042 in
1698 3016 1842 3052 exemplari
1855 3017 1881 3042 S.
1891 3015 2019 3041 ViRoris.
2039 3014 2104 3041 adeo
2114 3021 2146 3042 ut

200 3058 277 3090 vatus
289 3049 342 3090 sum
356 3050 421 3077 Pau.
435 3060 506 3078 meos
517 3053 620 3092 'Sc-vett.
631 3053 692 3080 cdd.
703 3055 728 3081 in
741 3055 835 3090 quibus
845 3056 968 3082 omnibus
979 3056 1031 3088 effe!
1042 3073 1049 3086 ,
1061 3063 1111 3080 non
1123 3061 1153 3081 ut
1172 3045 1174 3086 f
1192 3052 1283 3078 mirari
1294 3052 1354 3078 satis
1369 3061 1496 3092 nequeam
1517 3052 1678 3079 contrari-im
1697 3050 1823 3078 inliaerere
1842 3051 1964 3078 omnibus
1983 3050 2144 3077 editionibus

199 3085 278 3126 {nodie
289 3085 378 3112 editur
390 3106 398 3117 ‚
417 3088 480 3120 effis.
499 3087 635 3115 distinctio
646 3089 728 3116 solum
739 3091 774 3117 est
785 3094 799 3117 :i
812 3101 869 3118 nien
878 3100 966 3118 manu.
986 3097 1063 3116 antea
1074 3090 1152 3116 renim
1171 3092 1173 3122 Ι
1191 3088 1274 3115 aetatis
1286 3087 1382 3124 priscae.
1404 3088 1479 3115 ruiffe
1489 3096 1578 3115 autem
1589 3090 1721 3114 cmv-rivium
1730 3090 1896 3121 tempestivum,
1911 3087 1982 3123 quod
1995 3087 2074 3122 long&
2084 3093 2147 3112 ante

200 3121 454 3157 interpuugcbntur:
476 3132 505 3149 ae
516 3126 541 3157 fi
553 3134 616 3151 mem
626 3125 780 3163 efflsfiater,
797 3130 838 3164 qui
846 3129 903 3157 mibi
912 3130 946 3156 eff
954 3128 1099 3163 carg'ffimm:
1115 3128 1155 3162 isto
1169 3131 1174 3190 ί
1193 3124 1283 3150 horam
1294 3124 1363 3150 suam
1374 3124 1558 3151 instituebatur
1571 3143 1579 3156 ,
1598 3123 1651 3150 &c.
1679 3123 1724 3149 diu
1744 3123 1779 3150 est
1793 3123 1863 3160 quod
1875 3133 1920 3150 iios
1931 3123 2021 3149 docuit
2031 3121 2147 3149 eximius

199 3161 227 3186 m
234 3160 279 3186 sm
288 3177 297 3194 2
317 3160 377 3195 7Μᾶ
384 3160 442 3188 ΜΗ
451 3161 508 3187 mb-
517 3160 567 3193 &h
1194 3159 1241 3190 ille
1251 3160 1434 3198 nosterJustus
1444 3161 1548 3198 Lipsius
1559 3160 1592 3191 ad
1603 3169 1668 3191 xiv.
1678 3159 1778 3191 Annal.
1789 3159 1877 3190 Taciti
1887 3168 1896 3194 5
1910 3159 1951 3187 cui
1961 3157 2151 3222 adquielsto&
