2301 3395
201 120 266 183 48
662 117 742 173 M.
818 115 1151 172 Tuntu

199 217 282 242 cum
300 207 335 243 in
360 206 473 244 senatu
495 214 652 257 ageretur
673 208 715 245 de
729 211 936 255 Imperatore
956 202 1151 251 deligendo,

200 255 260 309 qui
272 256 363 292 bello
378 257 591 293 Dolabellam
604 258 859 306 persequeretur
870 279 878 293 ,
893 258 932 290 L.
948 254 1058 306 Caeiar
1069 264 1150 287 cen-

198 304 285 344 init,
311 306 345 340 l'.
359 305 507 340 Servilio
530 308 596 341 hoc
619 306 746 341 bellum
771 316 865 345 extra
877 302 1038 338 ordinem
1052 314 1152 336 man-

198 352 353 388 dandum
374 353 459 389 esse:
485 355 557 389 aliis
580 354 754 389 nonnullis
774 351 902 400 placuit
916 375 926 389 ‚
948 361 987 386 ut
999 350 1154 386 consules

199 402 384 437 Dolabellae
406 402 626 451 persequendi
649 399 867 436 cauliiAfiam
884 400 1067 448 &Syriam
1081 399 1153 434 sor-

198 450 357 485 tirentur.
397 451 521 486 Cicero
545 451 743 485 sententiam
766 459 905 496 rogatus
930 447 1152 496 Pliilippicam

199 498 418 534 undecimam
432 500 529 534 dixit.
556 500 591 533 in
606 511 671 546 qua
690 498 844 546 primum
858 497 1027 533 Trebonii
1040 496 1152 531 casum

196 546 377 594 deplorans
391 573 398 586 ‚
427 547 608 583 Dolabellae
623 548 657 582 &
671 546 815 583 Antonii
835 545 1075 581 crudelitatem
1096 557 1152 579 ac-

196 596 308 632 culat:
331 597 454 630 deinde
467 596 597 631 duabus
611 595 676 631 illis
690 595 863 631 sententiis
877 594 1046 631 refutatis,
1069 605 1151 627 cen-

195 643 242 679 set
263 668 272 681 ,
299 656 337 679 ut
360 643 570 680 Dolabellam
595 645 637 680 C.
654 643 785 680 Cassius
807 644 898 679 bello
921 643 1150 691 persequatur.

193 705 297 739 quam
321 692 520 728 sententiani
543 693 575 729 se
597 704 811 740 repugnante
825 695 858 728 &
881 691 1038 727 irascente
1054 690 1154 725 Pansa

194 740 314 776 dixisse
326 764 335 779 ‚
346 740 386 775 ad
401 743 546 777 Brutum
559 742 672 777 scribit
686 741 813 789 epist·5-
826 754 863 776 ea
874 741 1037 776 sententia
1049 739 1152 792 dista,

193 802 273 837 quse
293 788 389 825 facile
411 789 586 830 valuisset,
605 790 666 826 nisi
680 790 780 826 Pansa
802 791 1024 825 veliementer
1045 787 1149 823 obsti-

192 838 290 873 tiffct.
316 837 505 885 productus
518 838 583 874 fuit
601 839 637 874 in
651 840 860 875 concionem
873 839 891 873 a
905 838 1048 873 tribuno
1062 835 1149 884 pleb.

192 888 242 921 M.
257 886 403 922 Sei-vilio
425 887 638 936 eandemque
661 901 735 923 rem
760 887 802 922 ad
825 886 995 934 populum
1019 886 1151 921 summa

190 934 418 971 contentione
429 936 499 983 egit
513 963 520 976 ,
540 936 632 982 epist.
648 949 676 981 7.
695 936 752 971 lib.
769 948 821 972 12.
836 935 952 971 Famil-
980 938 1149 970 Extremo

189 996 283 1019 anno
305 983 477 1031 superiore
499 984 644 1020 turbinis
665 985 698 1020 vi
720 984 939 1020 simulacrum
955 1007 964 1021 ,
989 983 1083 1031 quod
1097 985 1147 1018 M.

188 1032 316 1067 Cicero
340 1044 419 1068 ante
444 1033 563 1069 cellam
577 1034 744 1069 Minervae
765 1034 895 1081 pridie,
921 1045 1023 1081 quam
1036 1032 1071 1067 in
1086 1044 1147 1068 ex-

189 1081 316 1116 sulium
336 1080 400 1116 iret
423 1106 431 1120 ‚
463 1082 640 1129 posuerat,
659 1082 855 1130 dissipatum
879 1081 1041 1116 membris
1064 1093 1147 1129 pro-

190 1128 396 1176 numjacuit
411 1129 526 1166 fraffls
537 1131 688 1167 humeris
698 1157 707 1172 ,
726 1131 872 1166 brachiis
885 1156 894 1170 ‚
907 1130 1014 1177 capite
1024 1153 1033 1167 ,
1049 1142 1144 1165 moi·—

178 1176 259 1213 'tem
284 1177 450 1213 Ciceroni
474 1179 681 1226 portendens
700 1206 709 1219 ‚
737 1190 776 1215 ut
800 1179 998 1227 Obsequens
1020 1180 1054 1213 ὃς
1077 1178 1145 1213 Dio

188 1225 307 1269 lib.45·
321 1225 775 1277 scribunt.Qinquatribus‚
787 1227 821 1263 id
835 1227 881 1263 est
895 1240 970 1263 xiv.
985 1226 1144 1274 Kal.Apr.

187 1275 319 1310 senatus
333 1275 485 1312 decrevit
496 1302 504 1316 ‚
520 1288 559 1312 ut
573 1279 644 1312 lizec
658 1276 837 1312 Ciceronis
849 1277 1017 1316 Minerva,
1031 1275 1144 1310 custos

186 1323 281 1359 urbis
294 1323 538 1365 restitueretur,
553 1326 641 1373 epist.
651 1338 702 1368 25-
725 1326 781 1361 lib.
801 1338 853 1361 12..
883 1324 1000 1360 Famil.
1013 1323 1145 1359 Deinde

185 1371 278 1407 illata
289 1373 376 1419 pacis
390 1375 570 1409 mentione
581 1376 622 1410 ab
635 1375 778 1410 Antonii
792 1374 910 1410 amicis
924 1400 934 1414 ‚
951 1374 1081 1408 senatus
1095 1372 1143 1408 le-

185 1431 284 1468 gatos
296 1420 337 1456 ad
349 1433 430 1458 eum
442 1421 596 1458 decrevit
612 1425 660 1459 M.
674 1423 882 1459 Ciceronem
896 1448 905 1462 ,
930 1424 965 1457 ὃς
979 1423 1011 1457 P.
1026 1422 1143 1457 Servi-

184 1469 284 1509 lium.
311 1469 376 1504 Sed
389 1494 398 1508 ,
411 1470 493 1506 cum
508 1484 582 1508 eam
597 1471 803 1518 legationem
816 1471 938 1507 frustra
951 1470 1024 1506 fore
1038 1470 1141 1506 Cice-

184 1530 226 1553 ro
240 1517 372 1554 videret
384 1542 394 1557 ,
415 1519 536 1555 habuit
555 1519 592 1555 in
614 1521 728 1556 senatu
739 1521 963 1568 Pliilippicam
975 1519 1142 1555 duodeci—

184 1578 293 1602 mam.
317 1567 353 1601 in
374 1580 441 1615 qua
460 1568 668 1615 legationem
689 1569 854 1605 dissuadet
867 1594 876 1607 ‚
898 1568 996 1617 seque
1010 1567 1052 1603 ad
1065 1580 1140 1603 eam

183 1614 383 1651 obeundam
396 1615 563 1652 idoneum
577 1630 649 1653 non
662 1617 727 1652 esse
738 1617 959 1653 demonstrat.
979 1617 1141 1652 Meminit

183 1663 290 1711 hujus
310 1663 490 1711 legationis
505 1666 571 1700 Dio
590 1679 729 1715 quoque
742 1667 800 1702 lib.
815 1670 868 1709 46.
894 1666 996 1701 Pania
1019 1665 1142 1701 deinde

183 1711 287 1747 initio
301 1712 423 1748 mensis
438 1714 560 1761 Aprilis
575 1738 585 1752 ,
599 1725 637 1750 ut
649 1715 816 1753 arbitror,
829 1715 868 1751 ad
882 1714 1013 1750 bellum
1027 1714 1141 1761 profe-

182 1760 242 1796 ἂο
256 1786 266 1801 ,
282 1761 500 1798 M.AEmilius
514 1763 660 1810 Lepidus
674 1764 746 1812 (qui
760 1790 769 1805 ,
793 1765 933 1800 au&ore
949 1763 1136 1805 Paterculo,

180 1808 342 1857 pontifex
355 1812 448 1846 Max.
469 1811 505 1845 in
524 1811 714 1847 C-Caesaris
737 1812 854 1848 locum
878 1812 972 1847 furto
995 1822 1140 1850 creatus,

180 1856 318 1893 decreta
339 1856 399 1893 fibi
414 1858 594 1908 Hispania,
616 1860 726 1896 adhuc
750 1861 784 1896 in
805 1861 914 1896 Gallia
932 1860 1141 1906 morabatur)

181 1907 336 1942 Romam
350 1907 391 1942 ad
404 1907 556 1944 senatum
570 1908 660 1944 mifit
672 1933 681 1947 ‚
708 1909 748 1944 ad
762 1922 879 1957 pacem
891 1921 972 1944 cum
985 1909 1138 1944 Antonio

178 1953 370 1991 faciendam
383 1956 579 1993 cohortans.
607 1970 645 1993 ea
665 1957 708 1993 de
725 1958 854 1994 recum
875 1958 910 1993 in
931 1957 1045 1993 senatu
1060 1969 1139 2004 age-

177 2014 276 2039 retur
287 2027 297 2041 ,
319 2003 423 2039 multi
436 2017 553 2052 pacem
565 2005 738 2041 suaserunt
750 2032 760 2047 ‚
787 2006 882 2055 quod
899 2006 1051 2041 incertus
1064 2006 1139 2042 exi-

180 2062 236 2086 tus
250 2051 330 2087 belli
345 2052 425 2087 effet
438 2078 446 2092 ‚
465 2055 498 2089 ὃς
510 2053 605 2102 quod
619 2054 766 2101 Lepidus
786 2055 826 2090 ad
844 2067 961 2101 pacem
982 2055 1137 2090 hortare-

178 2109 238 2134 tur
247 2126 256 2140 ,
268 2100 327 2148 qui
340 2101 495 2136 exercitu
507 2113 633 2146 cogere
645 2101 764 2149 posset.
787 2113 865 2137 tum
879 2103 1069 2137 M.Tullius
1082 2115 1139 2136 ro-

176 2158 278 2194 gatus
293 2148 493 2184 sententiam
507 2173 517 2187 ,
539 2149 760 2197 Philippicatn
778 2161 829 2193 13.
850 2149 886 2184 in
914 2149 1028 2183 senatu
1040 2149 1136 2184 dixit.

177 2198 217 2231 jn
237 2209 304 2244 qua
324 2195 599 2232 adversariorum
622 2198 772 2233 rationes
791 2197 975 2233 confutans
988 2220 996 2234 ‚
1019 2209 1137 2243 pacem

177 2256 263 2280 cum
276 2245 432 2280 Antonio
448 2245 699 2282 &Antonianis
719 2245 786 2281 effe
808 2258 881 2281 non
904 2244 995 2291 posse
1014 2245 1136 2280 docet:

176 2295 214 2328 &
229 2293 370 2328 Antonii
391 2294 547 2330 animum
565 2306 608 2330 ex
626 2294 748 2330 litteris
765 2294 806 2329 ad
817 2293 972 2329 Hirtium
984 2295 1016 2329 ὃ(
1028 2294 1135 2329 Osta-

177 2341 323 2376 vianum
338 2341 441 2377 miffis
458 2341 613 2378 declarat·
640 2344 764 2378 Cicero
777 2353 854 2378 tuin
867 2354 1006 2390 quoque
1017 2341 1058 2377 ad
1071 2344 1137 2376 Le-

176 2389 300 2437 pidum
321 2389 411 2426 misit
429 2390 521 2438 epist.
535 2403 588 2435 27.
601 2391 655 2426 lib.
673 2404 724 2426 io.
753 2391 871 2428 Famil.
894 2391 929 2425 in
945 2403 1011 2438 qua
1024 2390 1136 2430 illum,

179 2450 224 2472 ne
236 2438 314 2473 sein
328 2437 424 2474 istam
438 2439 710 2486 pacificationem
723 2439 918 2487 interponat
931 2462 940 2476 ,
965 2440 1134 2474 hortatur.

176 2486 257 2521 Post
288 2487 538 2534 profedhonem
560 2489 670 2524 Pansae
703 2487 850 2523 consulis
883 2486 1135 2522 turbulentissi-

178 2547 279 2570 mum
293 2546 428 2583 tempus
441 2536 505 2571 fuit
516 2560 526 2574 ,
550 2548 634 2572 cum
648 2539 688 2572 D.
697 2538 823 2572 Brutus
837 2535 982 2572 Mutinae
997 2534 1135 2582 vixjam

178 2581 369 2618 sustineret.
395 2584 508 2632 itaque
522 2597 601 2620 cum
620 2585 722 2620 tristis
737 2588 753 2620 a
767 2585 905 2621 Mutina
917 2582 1005 2619 fama
1017 2597 1135 2619 maria-

177 2642 230 2666 ret
242 2657 252 2671 ,
273 2632 460 2680 omnesque
473 2644 530 2668 aut
543 2632 760 2669 foedissimam
773 2645 922 2669 mortem
935 2658 944 2674 ‚
968 2644 1026 2668 aut
1037 2633 1135 2668 mise-

176 2679 318 2717 rabilem
341 2679 459 2727 fugam
478 2681 669 2728 cogitarent
682 2708 691 2723 ,
716 2682 826 2718 inflati
839 2681 955 2717 laetitia
966 2692 1068 2729 atque
1081 2681 1135 2716 in-

175 2728 318 2764 solentia
332 2728 429 2776 impii
447 2730 539 2765 cwcs
552 2729 677 2766 famam
698 2730 944 2777 dissipaverunt
958 2753 968 2768 ,
989 2730 1134 2765 Cicero-

175 2789 258 2811 nem
271 2777 379 2823 pridie
393 2777 526 2813 Vinalia
539 2790 620 2813 cum
642 2778 784 2815 fascibus
805 2779 1044 2814 descensurum
1060 2778 1135 2814 esse-

177 2826 323 2860 Interim
346 2826 598 2862 xvxi.Kalend.
614 2827 695 2862 Maii
711 2853 719 2867 ‚
742 2838 780 2862 ut
794 2828 902 2863 Galba
925 2826 965 2862 ad
988 2828 1132 2862 Cicero-

176 2885 257 2908 nem
268 2873 380 2909 scribit
393 2873 485 2921 epist·
501 2887 555 2918 30.
571 2875 626 2910 lib.
638 2887 686 2911 ιο.
702 2876 817 2911 Famil.
829 2877 884 2912 seu
898 2901 907 2915 ‚
930 2885 968 2910 ut
983 2876 1132 2911 Ovidius

175 2921 233 2956 lib.
247 2935 278 2964 4.
293 2921 375 2957 Fast.
387 2922 515 2958 indicat
528 2948 538 2964 ‚
560 2935 670 2959 xvm.
684 2924 830 2960 Kalend.
844 2923 947 2961 Maii,
959 2924 1132 2959 Antonius

174 2970 292 3016 praelio
314 2969 354 3006 ad
379 2971 553 3006 Mutinam
577 2970 748 3019 superatus
770 2972 825 3008 est„
863 2973 994 3008 Habuit
1017 2971 1131 3017 paucis

171 3018 293 3054 diebus
317 3018 393 3066 post
415 3019 622 3055 concionem
637 3022 759 3056 Romae
774 3021 809 3056 P.
820 3020 1005 3070 Appulejus
1018 3021 1129 3056 tribu-

174 3078 238 3102 nus
250 3066 335 3114 pleb.
346 3067 379 3101 in
393 3080 461 3114 qua
470 3079 553 3103 cum
566 3068 708 3105 liberare
721 3069 929 3105 Ciceronem
941 3069 1130 3116 suspicione

169 3114 311 3153 {ateium
325 3115 427 3153 vellet
438 3143 448 3159 ‚
471 3128 539 3155 una
556 3128 642 3156 voce
653 3118 779 3156 cunita
790 3117 915 3154 concio
933 3117 1128 3161 declaravit,

1231 112 1728 172 Cicnkonts

1200 203 1363 240 nihileffe
1380 206 1398 241 a
1413 207 1599 243 M.Tullio
1623 217 1791 254 umquam
1816 205 1859 242 de
1882 207 2077 256 republica,
2101 208 2167 248 nisi

1200 253 1332 300 optime
1367 255 1572 302 cogitatum.
1624 255 1766 291 Duabus
1798 255 1950 292 tribusve
1970 258 2065 294 horis
2091 258 2168 306 post

1200 302 1399 350 optatissimi
1421 304 1536 339 nuntii
1558 306 1592 340 ὃς
1610 304 1730 340 litterae
1752 303 1795 339 de
1807 304 1963 349 ViE'toria
1976 305 2168 343 Mutinensi

1202 363 1373 387 venerunt
1386 377 1395 390 ‚
1408 366 1479 401 quo
1492 363 1650 401 ternpore
1662 364 1764 389 tantae
1777 352 2016 390 multitudinis
2030 381 2038 396 ,
2052 368 2165 403 quan-

1201 411 1271 435 tam
1298 401 1379 437 urbs
1401 401 1553 450 capiebat
1573 402 1615 437 ad
1628 402 1837 438 Ciceronem
1850 404 2038 439 concursus
2057 404 2106 449 est
2118 403 2168 440 fa-

1202 449 1275 484 &us
1289 474 1297 489 ,
1323 451 1341 484 a
1364 463 1430 498 qua
1456 450 1512 485 ille
1533 451 1686 487 maximo
1707 451 1859 486 clamore
1883 462 1986 500 atque
1997 452 2114 500 plausu
2130 451 2168 489 in

1201 497 1418 545 Capitolium
1443 499 1613 535 deduc‘tus
1626 525 1635 540 ‚
1659 500 1741 536 &in
1756 499 1874 536 rostris
1887 500 2077 536 collocatus
2099 500 2166 535 do·

1202 559 1301 582 mum
1314 547 1395 583 inde
1407 548 1570 584 reduitus
1583 548 1641 583 est.
1663 551 1748 584 Haec
1761 548 1838 584 sunt
1851 549 1941 597 apud
1954 548 2166 586 Ciceronem

1202 595 1321 642 Philip·
1338 610 1389 640 14.
1401 597 1494 645 epist.
1506 609 1535 632 2.
1546 600 1577 632 6.
1587 600 1620 633 8<
1635 609 1663 641 7.
1676 597 1717 632 ad
1729 598 1822 632 Brut.
1832 599 1866 633 ὃς
1877 597 1970 645 epist.
1980 610 2029 642 30.
2045 597 2101 634 lib.
2112 610 2119 633 ι
2130 611 2166 635 0.

1201 646 1235 679 &
1249 648 1280 679 6.
1295 644 1351 680 lib.
1371 658 1379 681 1
1394 659 1422 681 z.
1436 646 1554 681 Famil.
1574 646 1687 681 Pridie
1700 645 1835 682 Vinalia
1845 671 1854 686 ,
1868 645 1903 680 id
1916 646 1963 681 est
1976 660 2008 683 x.
2020 647 2166 683 Kalend.

1202 692 1310 731 Maii,
1336 695 1461 730 Cicero
1485 694 1605 730 habuit
1622 694 1846 742 Philippicam
1866 693 2037 731 decimam
2060 709 2166 744 quar-

1176 750 1178 755 ’
1199 751 1280 794 tam.
1307 742 1343 778 in
1365 757 1433 791 qua
1452 743 1736 791 supplicationem
1751 743 1888 778 dierum
1901 755 2165 791 quinquaginta,

1199 799 1307 826 trium
1321 793 1575 839 Imperatorum
1590 793 1700 828 Pansae
1714 816 1724 829 ,
1747 791 1853 827 Hirtii
1869 815 1878 829 ,
1900 791 2085 828 &Caesaris
2098 806 2166 828 no-

1199 839 1293 874 mine
1315 840 1362 874 ob
1388 840 1583 876 Antonium
1609 841 1744 876 hostem
1769 841 1966 888 superatum
1988 840 2164 878 decernit:

1198 897 1299 936 atque
1319 887 1360 924 ad
1373 899 1570 924 extremum
1584 902 1642 924 eos
1655 915 1663 927 ,
1689 889 1748 938 qui
1771 889 1808 924 in
1823 888 1943 938 praelio
1956 890 2164 929 ceciderant,

1198 935 1311 972 laudat
1325 963 1333 978 ,
1357 950 1551 986 eorumque
1574 938 1755 986 proximos
1778 937 1986 974 consolatur.
2020 939 2063 974 de
2083 940 2164 987 sup-

1197 984 1379 1031 plicatione
1404 998 1437 1022 L·
1452 986 1587 1022 dierum
1610 987 1689 1022 vide
1709 987 1903 1035 Appianum
1925 986 1984 1023 lib.
2002 999 2029 1031 3.
2067 988 2163 1023 cum

1197 1033 1328 1069 Hirtius
1341 1035 1377 1070 in
1391 1035 1515 1081 proelio
1529 1035 1699 1071 cecidiffet
1709 1060 1718 1073 ‚
1745 1038 1780 1071 &
1790 1035 1891 1071 Pansa
1902 1048 1944 1071 ex
1959 1036 2163 1072 vulneribus

1196 1083 1310 1128 paucis
1334 1084 1454 1119 diebus
1474 1083 1550 1132 post
1562 1084 1729 1120 Bononiae
1744 1095 1905 1120 mortuus
1918 1084 1998 1119 effet:
2010 1111 2019 1126 ,
2040 1098 2164 1121 rumor

1196 1132 1407 1178 percrebruit
1421 1158 1430 1172 ‚
1454 1133 1664 1169 Ciceronem
1685 1145 1759 1169 cos.
1772 1133 1904 1169 fastum
1917 1132 1983 1168 effe
1997 1157 2007 1171 ,
2030 1133 2162 1182 epist-8.

1195 1180 1235 1215 ad
1250 1182 1344 1217 Brut.
1360 1182 1561 1217 Plutarchus
1575 1184 1608 1218 ἃ
1622 1182 1797 1230 Appianus
1807 1182 1960 1219 scribunt
1972 1205 1982 1219 ,
2004 1184 2056 1218 M.
2069 1183 2163 1218 Tul-

1193 1229 1278 1265 lium
1292 1230 1334 1265 ab
1348 1231 1543 1266 Ostaviano
1564 1230 1605 1266 ad
1628 1230 1825 1266 consulatus
1837 1231 2041 1278 petitionem
2054 1230 2160 1267 indu-

1193 1278 1290 1314 &um
1311 1278 1419 1316 fuisse.
1448 1281 1492 1315 V.
1507 1279 1653 1316 Kalend.
1671 1279 1754 1316 Maii
1775 1280 1907 1315 senatus
1932 1279 2067 1315 habitus
2093 1281 2161 1318 fuit

1191 1325 1234 1362 de
1248 1327 1287 1363 iis
1301 1353 1310 1367 ,
1335 1328 1394 1373 qui
1414 1327 1527 1364 hostes
1536 1327 1683 1376 judicati
1705 1339 1825 1367 erant,
1847 1327 1939 1363 bello
1951 1328 2158 1376 persequen-

1190 1374 1241 1410 dis
1253 1400 1261 1413 ,
1277 1376 1371 1424 epist.
1380 1389 1416 1420 9.
1427 1377 1467 1413 ad
1481 1378 1574 1413 Brut.
1601 1376 1704 1413 Dedit
1716 1390 1757 1413 eo
1771 1388 1928 1425 tempore
1941 1377 2068 1412 Cicero
2078 1378 2158 1425 plu-

1190 1437 1241 1460 res
1254 1425 1381 1461 litteras
1393 1426 1435 1462 ad
1448 1428 1489 1461 D.
1502 1427 1650 1462 Brutum
1662 1450 1672 1464 ,
1690 1428 1725 1462 ὃ(
1738 1428 1777 1462 L.
1791 1425 1956 1462 Plancum
1967 1451 1976 1466 ‚
1991 1436 2029 1461 ut
2041 1425 2156 1464 sulum

1192 1474 1388 1510 Antonium
1412 1475 1705 1523 perlequerentur·
1731 1487 1808 1522 quae
1823 1474 1881 1509 lib·
1900 1486 1950 1510 10.
1967 1476 2001 1510 &
2018 1478 2070 1510 '11.
2092 1477 2156 1512 Fa-

1189 1522 1261 1558 mil.
1284 1522 1429 1559 exstant.
1470 1524 1614 1560 Interim
1638 1523 1813 1559 Antonius
1833 1523 1914 1570 fuga
1934 1523 2157 1570 transgressus

1190 1571 1288 1619 Alpes
1315 1572 1430 1620 primo
1452 1572 1508 1620 spe
1531 1572 1701 1621 colloquii
1726 1571 1880 1620 repulsus
1902 1573 1921 1607 a
1944 1573 1993 1607 M.
2010 1572 2156 1620 Lepido;

1188 1632 1273 1656 mox
1293 1620 1410 1667 saepius
1436 1621 1473 1656 in
1494 1621 1720 1670 conspe&um
1735 1621 1875 1656 veniens
1887 1620 2064 1659 militum,
2092 1634 2154 1669 per

1187 1669 1299 1706 averia
1310 1669 1500 1706 castrorum
1519 1681 1666 1719 proruto
1680 1670 1772 1707 vallo
1785 1671 1803 1706 a
1819 1669 1986 1706 militibus
1998 1680 2155 1718 receptus

1188 1717 1256 1759 est,
1282 1719 1479 1755 Paterculus
1494 1719 1550 1754 lib.
1565 1732 1596 1755 2.
1616 1718 1865 1755 Plutarchusin
1880 1719 2058 1759 Antonio,
2081 1721 2154 1766 Ap-

1186 1767 1305 1814 pianus
1324 1767 1383 1802 lib.
1400 1779 1428 1811 3.
1470 1767 1650 1816 Lepidusse
1668 1780 1752 1803 cum
1772 1767 1928 1803 Antonio
1951 1767 2152 1814 conjunxit.

1186 1828 1214 1850 a.
1224 1815 1256 1850 d·
1272 1827 1323 1851 lv.
1336 1816 1572 1865 Kalend.Jun.
1583 1816 1677 1865 epist.
1691 1829 1746 1860 23.
1762 1814 1821 1852 lib.
1840 1828 1890 1851 10·
1905 1815 2022 1850 Famil-
2035 1814 2151 1852 Pridie

1187 1863 1333 1902 Kalend.
1347 1864 1496 1912 Qintil.
1517 1865 1665 1913 Lepidus
1677 1864 1850 1901 sententiis
1861 1864 2027 1899 omnibus
2039 1863 2149 1900 hostis

1186 1912 1204 1948 a
1216 1912 1329 1948 senatu
1338 1912 1514 1960 judicatus
1526 1913 1585 1950 est.
1614 1913 1788 1961 ceterique
1801 1912 1860 1962 qui
1875 1912 1944 1948 una
1957 1925 2040 1948 cum
2055 1912 2113 1948 illo
2129 1913 2149 1949 ἐ

1185 1961 1533 2008 republdefecerant.
1561 1962 1687 2010 quibus
1706 1973 1823 1997 tamen
1841 1960 1882 1996 ad
1903 1960 2080 1996 sanitatem
2091 1974 2148 1997 re-

1185 2009 1314 2045 deundi
1339 2022 1418 2046 ante
1430 2010 1578 2047 Kalend.
1592 2011 1764 2059 Septemb.
1790 2008 1934 2057 potestas
1954 2009 2044 2045 faeta
2065 2009 2156 2051 fuit‚·

1184 2059 1277 2103 epist.
1293 2071 1345 2094 10.
1364 2060 1424 2094 lib.
1441 2072 1494 2094 12.
1514 2060 1631 2093 Famil.
1653 2059 1749 2105 epist.
1765 2061 1817 2092 16.
1829 2060 1863 2093 δε
1879 2069 1930 2100 19.
1951 2057 1993 2091 ad
2005 2058 2100 2093 Brut.
2111 2060 2148 2094 ὃς

1186 2105 1253 2139 Dio
1267 2105 1386 2146 151246.
1413 2105 1628 2140 Ostavianus
1641 2106 1753 2140 Caesar
1767 2130 1776 2144 ‚
1797 2115 1837 2140 ut
1848 2105 2019 2152 cognovit
2031 2108 2146 2141 Anto-

1185 2152 1285 2187 nium
1297 2151 1315 2186 a
1330 2152 1460 2200 Lepido
1473 2164 1662 2201 receptum,
1673 2153 1871 2202 ceterosque
1883 2153 1986 2189 duces
1998 2156 2032 2190 ὅ(
2043 2165 2145 2191 exer-

1165 2202 1167 2204 ’
1184 2199 1271 2235 citus
1284 2201 1477 2236 consentire
1496 2214 1559 2249 pro
1580 2201 1729 2250 partibus
1743 2228 1751 2241 ‚
1777 2201 1909 2237 causam
1922 2203 2144 2249 optimatium

1185 2247 1254 2284 fine
1277 2249 1500 2285 cun&atione
1521 2250 1688 2288 deseruit,
1715 2249 1757 2286 ad
1778 2261 1982 2297 praetextum
2002 2262 2144 2289 mutatae

1187 2296 1386 2335 voluntatis,
1398 2298 1489 2333 dista
1501 2298 1656 2347 fastaque
1668 2299 1888 2348 quorundam
1901 2299 2145 2340 calumniatus,

1185 2345 1275 2393 quafi
1289 2345 1345 2380 alii
1359 2346 1390 2381 se
1402 2359 1549 2393 puerum
1562 2372 1571 2386 ,
1596 2348 1651 2383 alii
1666 2347 1863 2383 ornandum
1876 2347 2144 2398 tollendumque

1178 2393 1356 2440 jaetassent
1368 2420 1376 2434 ,
1396 2397 1580 2432 Suetonius
1594 2399 1628 2431 in
1642 2396 1797 2444 Augusto
1809 2420 1818 2434 ,
1840 2398 2035 2434 Paterculus
2048 2398 2141 2434 lib-2.

1185 2444 1308 2477 Brutus
1320 2443 1410 2490 epist.
1426 2444 1572 2480 20.lib-1
1587 2445 1742 2481 1.Famil.
1771 2447 1866 2481 Tum
1887 2445 1978 2481 inter
1999 2458 2080 2482 eum
2105 2448 2143 2483 δί

1186 2491 1380 2527 Antonium
1404 2494 1614 2529 commercia
1638 2492 1858 2541 epistolarum
1872 2521 1881 2535 ‚
1906 2496 1940 2530 ἃ
1964 2494 2142 2531 conditio-

1184 2551 1268 2574 num
1290 2539 1376 2575 fafla
1391 2541 1523 2577 mentio
1538 2566 1547 2580 ‚
1567 2543 1661 2591 quod
1675 2543 1873 2578 Paterculus
1886 2542 2010 2579 scribit.
2038 2556 2141 2579 cum·

1183 2599 1250 2634 que
1262 2586 1422 2624 effecisset
1434 2614 1444 2627 ,
1467 2601 1506 2626 ut
1527 2591 1651 2628 milites
1667 2591 1758 2627 inter
1777 2591 1808 2626 se
1821 2590 2051 2640 jurejurando
2065 2593 2138 2628 san-

1183 2636 1293 2671 cirent
1304 2660 1313 2674 ‚
1339 2650 1420 2673 cum
1436 2639 1533 2674 nullo
1546 2641 1698 2677 exercitu
1712 2666 1721 2681 ‚
1745 2639 1803 2689 qui
1816 2641 2001 2678 CCaesaris
2014 2639 2139 2679 fumet,

1183 2683 1314 2720 bellum
1326 2685 1357 2721 se
1368 2685 1522 2733 gesturos
1534 2705 1544 2732 3
1565 2689 1834 2738 quadringentos
1847 2689 1971 2724 milites
1983 2691 2140 2728 Romam

1182 2732 1223 2767 ad
1252 2733 1406 2770 senatum
1438 2736 1528 2772 misit
1551 2763 1560 2778 ‚
1591 2740 1649 2788 qui
1672 2737 1890 2774 consulatum
1912 2736 1973 2773 sibi
1996 2738 2140 2775 nomine

1182 2783 1350 2818 exercitus
1363 2784 1602 2830 deposcerent:
1626 2789 1707 2824 cum
1729 2786 1871 2833 quidem
1892 2786 2078 2822 cuncfi‘mnte
2089 2786 2139 2822 st:-

1181 2840 1261 2881 natu
1277 2855 1287 2868 ,
1303 2831 1490 2872 Cornelius
1504 2837 1661 2872 centurio
1673 2861 1682 2874 ,
1696 2836 1852 2882 princeps
1865 2834 2045 2882 legationis
2058 2861 2066 2875 ‚
2081 2848 2137 2871 re-

1174 2878 1270 2924 Jefto
1291 2879 1405 2926 sagulo
1427 2881 1607 2920 ostendens
1619 2884 1721 2932 gladii
1736 2883 1897 2931 capulum
1911 2906 1922 2920 ,
1947 2895 2019 2918 non
2030 2883 2135 2918 dubi-

1179 2926 1274 2962 taffet
1296 2928 1332 2962 in
1353 2928 1448 2964 curia
1469 2929 1604 2968 dicere:
1633 2935 1700 2970 Hic
1721 2931 1822 2967 faciet
1836 2957 1844 2971 ,
1865 2930 1889 2965 fi
1902 2943 1975 2965 non
1988 2930 2136 2969 feceritis

1181 2987 1241 3009 vos
1255 2998 1264 3012 ,
1286 2977 1470 3013 Suetonius
1484 3004 1493 3018 ,
1515 2981 1549 3015 δε
1562 2982 1630 3016 Dio
1643 2983 1732 3018 libro
1747 2983 1802 3023 46.
1829 2979 1891 3016 ubi
1903 2979 1997 3015 addit
2009 3005 2017 3020 ,
2031 2980 2135 3016 Cice-

1178 3034 1301 3058 ronem
1314 3023 1488 3072 subjecisse
1502 3039 1509 3060 :
1525 3029 1558 3063 Si
1572 3029 1618 3065 ita
1629 3028 1846 3067 consulatum
1857 3027 2019 3076 petieritis
2029 3054 2038 3068 ‚
2052 3034 2135 3067 eum

1179 3071 1329 3120 accipiet.
1345 3073 1515 3110 Militibus
1526 3089 1561 3113 re
1576 3079 1701 3116 infeeta
1711 3076 1753 3112 ad
1768 3077 2004 3113 octavianum
2016 3089 2134 3113 revel·-

1176 3119 1240 3162 sis,
1263 3122 1461 3160 Antonium
1482 3125 1517 3160 ὃς
1537 3127 1707 3175 Lepidum
1729 3124 1765 3161 in
1790 3125 1923 3164 Italiam
1946 3124 2136 3165 accersivit]

2029 3184 2136 3224 atque
