2337 3400
220 152 314 198 530
631 125 1136 178 M-Tunnix

599 249 692 310 hm
787 248 1291 309 TULLIUS

1206 122 1752 170 Clennonis

1405 242 1818 306 ClCERO

1101 345 1337 403 PRC)

229 449 335 535 L·
451 440 1201 533 CORNEL

1251 438 1430 526 IO
1552 441 2183 531 BALBO.

561 597 919 647 ORATIO
999 595 1861 644 TRICESIMASEXTA.

360 715 375 729 ”·
386 714 460 753 ὐἰέ
494 712 508 741 1
530 707 720 739 au&oritates
729 715 924 747 patronorum
941 706 971 735 in
982 704 1103 743 judiciis
1114 704 1195 735 vale-

328 748 339 760 *
429 743 465 787 ,3
496 761 580 784 rent,
596 750 634 780 ab
642 747 831 790 amplissimis
843 750 915 777 viris
926 747 1100 777 L.Cornelii
1110 747 1195 777 causa

330 757 467 825 *ami
495 792 615 823 defensa
627 791 686 822 est:
703 790 722 821 fi
735 791 801 820 usus
812 810 820 823 ‚
836 791 851 819 a
862 786 1061 829 peritissimis:
1077 786 1098 817 si
1108 789 1192 830 inge—

394 821 474 882 ’ἓξ
496 837 545 865 nia
557 856 567 868 ,
577 835 613 865 ab
623 830 891 873 eloquentiffimis:
911 829 931 859 fi
943 829 1039 860 studia
1051 850 1059 864 ‚
1071 830 1106 860 ab
1116 831 1195 860 ami—

411 888 415 891 *
443 878 467 895 ‘⁸'
496 875 619 908 ciffimis
630 895 638 908 ‚
655 875 688 905 δε
698 876 770 904 cum
782 871 937 904 beneficiis
946 882 1016 902 cnm
1028 873 1066 902 L.
1078 875 1192 902 Corne—

393 927 403 932 ‘'
498 921 541 949 lio
553 938 561 952 ‚
576 927 642 948 tum
655 917 788 946 maxima
798 914 998 945 familiaritate
1007 913 1191 953 conjuncffls.

411 945 463 977 ‘³³
496 964 570 999 Quae
591 959 657 989 sunt
677 959 767 997 igitur
794 966 870 987 meae
889 956 1010 996 partes?
1032 955 1193 986 auetorita-

230 1005 270 1035 tis
288 1012 377 1034 tantae
389 1023 397 1037 ,
418 1012 560 1043 quantam
578 1011 637 1031 vos
655 1002 688 1029 in
707 1009 757 1029 me
776 997 833 1028 effe
850 997 990 1028 voluistis
1009 1017 1017 1032 ‚
1038 998 1106 1028 usus
1128 1007 1194 1027 me-

230 1046 342 1077 diocris
353 1066 361 1079 ,
382 1046 497 1086 ingenii
510 1043 642 1073 minime
657 1041 902 1080 voluntatiparis.
927 1044 937 1059 ¹
948 1050 1019 1070 narn
1033 1041 1154 1072 ceteris,
1176 1039 1192 1069 a

230 1087 340 1128 quibus
352 1086 394 1117 est
403 1085 561 1119 defensus,
583 1086 665 1114 hunc
683 1082 790 1113 debere
807 1083 978 1123 plurimum
1000 1081 1104 1112 video:
1123 1091 1191 1122 ego,

229 1133 401 1170 ²quantum
421 1129 448 1158 ei
468 1127 595 1158 debeam
607 1146 615 1160 ,
636 1126 697 1156 alio
714 1125 792 1155 loco.
816 1125 969 1164 Principio
979 1125 1124 1154 orationis
1135 1124 1194 1153 hoc

233 1180 356 1212 oppono
366 1190 374 1203 ,
391 1180 442 1199 me
451 1169 598 1199 omnibus
607 1188 616 1201 ‚
626 1169 679 1208 qui
690 1168 782 1197 amici
792 1165 905 1196 fuerint
915 1166 1001 1196 saluti
1013 1166 1046 1196 &
1056 1164 1195 1205 dignitati

231 1223 307 1243 meae
322 1232 331 1246 ,
351 1210 373 1242 fi
393 1210 497 1242 minus
515 1211 653 1251 reserenda
668 1209 770 1249 gratia
786 1207 949 1239 satisfacere
968 1209 1119 1247 potuerim
1135 1225 1143 1238 ‚
1167 1215 1196 1236 at

233 1253 441 1295 praedicanda,
471 1253 504 1285 &
523 1251 660 1284 habenda
675 1250 753 1281 certe
771 1251 839 1280 satis
858 1247 916 1279 efl'e
934 1248 1096 1279 faritutum.
1121 1250 1197 1288 Qae

231 1297 324 1328 fuerit
338 1294 480 1327 hesterno
493 1294 542 1326 die
553 1297 608 1326 Cn.
621 1293 759 1332 Pompeii
769 1293 892 1333 gravitas
902 1293 936 1321 in
946 1290 1078 1321 dicendo
1089 1310 1098 1323 ,
1115 1290 1198 1329 judi-

232 1349 282 1370 ces
291 1358 300 1372 ‚
319 1348 386 1379 quae
395 1336 520 1368 facultas
531 1357 544 1370 ,r
557 1346 624 1377 quae
633 1337 717 1375 copia
727 1353 736 1368 ‚
756 1344 821 1365 non
832 1334 980 1373 opinione
990 1335 1075 1362 tacita
1084 1330 1198 1362 vestro-

232 1390 301 1412 rum
315 1382 489 1411 animorum
503 1390 508 1408 τ
528 1378 578 1409 sed
588 1378 738 1418 perspicua
753 1376 954 1406 admiratione
963 1374 1103 1405 declarari
1113 1373 1199 1404 vide-

235 1422 329 1454 batur.
352 1422 431 1452 nihil
440 1423 526 1452 enim
536 1429 681 1460 umquam
694 1417 815 1452 audivi,
830 1416 911 1458 quod
921 1417 998 1447 mihi
1007 1416 1043 1447 de
1051 1417 1118 1456 jure
1130 1415 1199 1446 sub-

234 1463 319 1495 tilius
338 1463 399 1494 dici
417 1463 567 1494 videretur
581 1482 590 1495 ‚
612 1465 625 1489 3
637 1460 715 1492 nihil
734 1460 771 1490 de
791 1460 960 1492 memoria,
979 1458 1016 1488 de
1037 1467 1142 1491 more»
1162 1457 1200 1488 de

234 1506 386 1545 exemplis
397 1506 514 1536 acutius
525 1524 534 1539 ‚
555 1503 634 1534 nihil
647 1500 772 1543 peritius
785 1501 822 1532 de
835 1500 1001 1531 foederibus
1010 1519 1020 1534 ‚
1039 1500 1120 1531 nihil
1129 1499 1202 1530 illu-

237 1547 341 1579 striore
352 1546 525 1578 :merorum
536 1546 573 1577 de
584 1545 672 1576 bellis
684 1565 693 1577 ,
712 1544 791 1574 nihil
801 1543 838 1573 de
847 1542 950 1583 repub.
965 1541 1084 1584 gravius
1094 1561 1104 1576 ‚
1122 1541 1201 1572 nihil

234 1589 272 1622 de
281 1589 345 1630 ipso
357 1587 526 1620 modestius
538 1608 546 1622 ,
557 1587 637 1617 nibil
648 1586 684 1617 de
691 1586 776 1616 causa
787 1605 796 1618 ‚
810 1585 843 1615 δε
853 1586 985 1616 crimine
995 1583 1148 1614 ornatius:
1169 1591 1202 1614 ut

237 1632 317 1663 mihi
324 1632 387 1671 jam
398 1640 505 1661 verum
514 1628 650 1660 videatur
661 1627 740 1658 illud
749 1625 798 1659 eff
795 1637 810 1657 e
821 1647 830 1661 ‚
845 1626 927 1667 quod
938 1626 1083 1657 nonnulli
1095 1629 1113 1652 4-
1121 1626 1202 1655 litte-

234 1675 274 1704 ris
286 1693 295 1707 ,
315 1683 347 1704 ac
361 1672 470 1703 studiis
483 1670 630 1702 dedititiae
644 1669 756 1703 dediti,
777 1668 856 1710 quasi
866 1668 1011 1709 quiddam
1022 1667 1203 1698 incredibile

236 1715 335 1746 dicere
345 1714 523 1754 putabantur
533 1733 542 1746 ‚
561 1722 631 1743 eum
639 1732 647 1745 ‚
671 1713 724 1752 qui
736 1713 856 1742 omneis
866 1712 971 1741 animo
981 1712 1105 1741 vii-tutes
1115 1710 1203 1749 peni-

236 1766 284 1788 tus
297 1753 592 1797 comprehendisset,
612 1754 726 1787 omnia,
747 1763 808 1794 qua
818 1753 915 1792 facere
932 1753 1032 1785 vellet,
1053 1750 1203 1782 facillime

237 1798 368 1833 wadiare.
392 1800 467 1839 Qae
483 1799 568 1827 enim
587 1798 620 1826 in
637 1798 673 1826 L.
685 1793 785 1826 Crass'o
801 1796 922 1834 potuit,
941 1795 1069 1824 homine
1083 1801 1152 1823 nato
1166 1792 1203 1823 ad

240 1840 364 1871 dicendi
382 1837 561 1880 singularem
577 1836 728 1879 quandam
745 1836 918 1867 facultatem
930 1856 939 1870 ,
958 1834 979 1866 si
997 1836 1071 1866 hanc
1083 1835 1201 1865 causam

236 1891 352 1924 ageret,
375 1878 539 1921 majoresse
552 1880 688 1913 obertu,
708 1880 852 1911 varietas,
872 1879 978 1919 copia,
998 1877 1088 1918 quam
1099 1875 1202 1908 fuitin

238 1934 277 1955 eo
297 1944 305 1957 ‚
329 1925 383 1964 qui
403 1932 520 1954 tantum
539 1923 638 1962 potuit
657 1922 810 1961 impertire
829 1921 901 1950 huic
920 1919 1020 1951 studio
1040 1920 1200 1958 temporis,

236 1974 384 2007 quantum
400 1965 460 2005 ipse
473 1964 489 1994 a
502 1965 628 2004 pueritia
640 1963 734 2004 usque
746 1962 782 1993 ad
796 1963 872 1992 hanc
885 1969 1003 1992 aetatem
1017 1961 1033 1991 a
1047 1962 1203 1991 continuis

235 2008 326 2038 bellis
338 2028 347 2040 ,
363 2008 396 2038 ὃ(
407 2005 544 2037 vi&ori.is
553 2006 750 2046 conquievit?
767 2006 837 2045 Qo
849 2005 928 2034 mihi
937 2001 1094 2034 difficilior
1104 2001 1146 2032 est
1155 2003 1204 2032 hic

238 2058 392 2080 extremus
410 2047 569 2089 perorandi
589 2048 683 2078 locus.
722 2048 838 2077 etenim
861 2047 889 2076 ei
917 2044 1042 2076 succedo
1060 2045 1202 2078 orationi,

241 2101 308 2133 quae
329 2101 392 2122 non
410 2089 601 2131 praeterveoha
619 2088 653 2120 fit
671 2089 767 2119 aureis
785 2087 914 2121 vestras,
933 2087 1028 2118 sedin
1043 2088 1153 2117 animis
1169 2096 1204 2116 o-

245 2134 368 2163 mniurn
378 2134 498 2173 penitus
507 2132 650 2162 insederit
663 2141 668 2160 :
687 2130 795 2170 utplus
804 2130 967 2170 voluptatis
975 2139 1014 2160 ex
1022 2127 1205 2159 recordatio-

244 2184 281 2213 ne
293 2175 376 2204 illius
397 2176 542 2205 orationis
554 2194 562 2208 ‚
581 2183 671 2215 quam
687 2183 751 2203 non
765 2171 860 2203 mode>
882 2182 921 2202 ex
936 2181 1002 2202 mea
1013 2191 1022 2205 ,
1043 2171 1092 2202 sed
1109 2170 1209 2210 cujus-

205 2231 226 2255 ᾖ
242 2226 332 2257 quam
346 2218 482 2246 oratione
493 2226 596 2256 capere
608 2213 731 2256 poffitis.
773 2214 830 2246 Sed
844 2223 912 2245 mos
925 2213 968 2244 est
980 2212 1127 2255 gerendus
1140 2222 1206 2243 non

243 2257 339 2289 modo
349 2258 492 2288 Cornelio
504 2278 512 2291 ‚
527 2258 612 2297 cujus
623 2267 678 2296 ego
689 2256 839 2286 voluntati
850 2258 883 2287 in
893 2257 958 2295 ejus
968 2256 1109 2296 periculis
1118 2255 1205 2285 nullo

243 2299 338 2330 modo
348 2297 445 2330 deesse
457 2298 595 2339 possum:
617 2298 665 2328 sed
676 2300 767 2328 etiam
779 2298 988 2337 Cn.Pompeio
999 2317 1008 2330 ,
1030 2299 1082 2337 qui
1101 2297 1144 2327 sui
1162 2295 1205 2326 fa-

245 2341 287 2372 &i
297 2361 306 2376 ‚
323 2340 483 2381 sui-judicii
496 2361 505 2374 ‚
520 2341 564 2370 sui
575 2338 732 2373 beneficii,
749 2339 848 2368 voluit
857 2348 907 2368 me
918 2338 975 2368 effe
985 2357 995 2370 2
1009 2347 1042 2367 ut
1052 2338 1128 2377 apud
1139 2338 1206 2368 eos-

246 2384 318 2418 dem
328 2392 384 2414 vos
394 2403 402 2416 ‚
418 2382 535 2423 judices
546 2403 554 2416 ,
570 2391 665 2421 nuper
674 2382 706 2410 in
718 2380 775 2411 alia
784 2380 868 2410 causa
879 2378 990 2410 fuerim
1001 2398 1009 2412 ‚
1030 2382 1042 2405 5
1054 2378 1205 2418 &praedi-

241 2434 372 2456 catorem
384 2445 392 2457 ‚
405 2424 589 2458 &a6l0rem
613 2426 656 2455 Ac
665 2423 744 2452 mihi
755 2421 879 2462 quidem
892 2421 949 2452 hoc
959 2420 1085 2461 dignum
1095 2430 1146 2450 reo
1157 2421 1206 2449 vi-

242 2467 328 2498 detur
347 2487 356 2500 ,
382 2467 440 2497 hoc
457 2466 557 2496 deberi
574 2466 665 2505 hujus
686 2465 863 2494 excellentis
881 2464 939 2493 viri
957 2460 1203 2502 praestantiffimae
1218 2474 1221 2476 ·

241 2510 344 2550 gloriae
359 2529 368 2542 ,
392 2509 450 2540 hoc
467 2517 621 2548 proprium
642 2505 699 2536 ess'e
724 2505 814 2536 vestri
834 2504 928 2535 officii
947 2525 956 2539 ,
986 2505 1044 2534 hoc
1063 2505 1129 2534 satis
1148 2502 1206 2533 esse

243 2552 335 2580 causae
347 2571 354 2583 ‚
376 2560 408 2580 ut
420 2570 427 2584 ‚
450 2551 531 2590 quod
542 2547 641 2580 fecisse
653 2548 890 2588 Cn PompeJ‘um
902 2546 1017 2578 constet
1026 2566 1035 2581 ,
1055 2546 1085 2576 id
1096 2555 1204 2575 omnes

247 2592 281 2626 ὼ
295 2592 401 2630 ltcmffe
417 2592 594 2623 concedant.
619 2594 702 2623 Nam
720 2592 820 2621 verius
837 2590 916 2620 nihil
935 2588 995 2624 est,
1014 2588 1105 2630 quam
1123 2587 1206 2629 quod

254 2707 275 2723 ι.
341 2701 386 2723 Am
396 2706 483 2730 cerem.
496 2700 562 2734 (ly-a]
586 2700 757 2726 Hotomanus
776 2699 823 2725 lib.
837 2708 873 2725 11.
892 2698 1006 2725 Obscrv.
1025 2707 1080 2734 cap.
1090 2707 1137 2724 20.
1165 2698 1204 2724 la·
1223 2705 1235 2712 ·'

342 2743 439 2760 cunam
451 2735 509 2762 heic
519 2736 633 2772 aliquam
646 2743 732 2772 putat.
752 2737 780 2761 ὅ(
791 2739 863 2762 certe
875 2735 961 2760 oratio
972 2744 1023 2761 non
1034 2734 1158 2761 cohaeret.

280 2780 308 2795 2.
328 2771 450 2802 ίΘὲιιπτιιννι
460 2774 480 2796 ci
490 2772 581 2797 Achaim
593 2791 600 2804 ,
621 2774 666 2797 alio
674 2772 743 2806 laem]
765 2773 795 2798 In
809 2771 922 2807 vulgatis
934 2770 1089 2806 sequebatur
1104 2790 1112 2802 ‚
1133 2773 1205 2804 osten·

246 2807 312 2831 dam.
324 2806 365 2831 sed
377 2806 400 2831 id
415 2807 485 2832 verbi
498 2808 572 2841 ejeci,
585 2807 655 2843 qnod
667 2817 718 2834 non
730 2814 894 2844 compareret
903 2808 930 2833 in
943 2807 999 2833 Pal.
1013 2816 1055 2843 pr.
1067 2806 1116 2833 sec.
1128 2815 1203 2842 quar.

248 2852 331 2872 nouo,
343 2843 404 2867 item
418 2843 567 2879 exemplari
576 2846 602 2870 S.
615 2843 743 2870 Vffioris.

283 2886 308 2911 3.
328 2880 406 2912 th
420 2879 446 2903 cle
456 2883 564 2905 memoria
576 2899 583 2911 ,
604 2881 631 2904 de
641 2889 700 2905 more
712 2899 720 2911 ,
739 2880 765 2904 dc
775 2879 907 2914 exemplis]
930 2878 1009 2904 Nihil
1021 2879 1123 2905 variant
1135 2878 1204 2904 Pan.

245 2921 340 2948 practer
352 2923 448 2940 nonum
463 2934 471 2945 ,
482 2915 506 2941 in
519 2925 571 2951 quo
583 2935 591 2947 ‚
601 2917 695 2941 nihilde
705 2919 813 2941 memoria
821 2917 906 2950 majore
915 2915 1032 2947 exemplis.
1055 2914 1204 2941 Lambinus

245 2949 396 2976 emendavit
410 2969 417 2980 ,
429 2952 522 2975 nihildc
533 2962 591 2976 more
601 2953 714 2984 majorum
726 2971 733 2983 ,
752 2952 778 2976 de
788 2952 907 2984 exemplis.
926 2960 978 2977 non
991 2950 1069 2982 male,
1081 2951 1098 2976 fi
1113 2951 1204 2984 conje-

246 2984 291 3011 ἂι]
298 2995 329 3012 re,-
342 2985 493 3020 recipienda:
505 2987 529 3012 in
541 2995 710 3013 contextum.
730 2987 792 3023 quid
804 2988 873 3013 enini
886 2987 902 3013 si
913 2986 1070 3013 contendam
1081 2986 1203 3013 Tullium

245 3021 367 3058 scripsisse
378 3022 403 3045 du
413 3025 521 3047 memoria
531 3024 654 3056 majurum,
664 3024 714 3054 ὼε.
735 3022 797 3058 quid
812 3023 827 3049 ίῐ
839 3024 905 3049 :ilius
922 3023 1000 3049 aliter
1009 3024 1022 3049 ἓ

279 3065 308 3089 4.
336 3058 424 3082 Literis
442 3066 469 3082 ac
481 3058 565 3090 studiis
584 3059 700 3084 durh-ins.
711 3060 724 3092 ]
756 3057 834 3084 Haud
854 3058 932 3085 aliter
952 3057 1062 3085 Erfurd.
1084 3058 1112 3083 δε
1131 3067 1203 3084 acce-

242 3091 283 3119 dit
298 3093 354 3120 sei-c
366 3092 421 3119 Pul.
433 3102 517 3119 nonus
526 3102 556 3119 ac
566 3095 593 3120 S.
604 3094 676 3121 vm.
689 3094 803 3130 Vulgata
815 3113 823 3126 ‚
833 3097 924 3121 literati
937 3114 945 3127 ,
956 3095 1073 3128 atstudit's
1082 3095 1204 3127 doflrims-

239 3138 291 3163 'fil’-

273 3173 287 3200 5
296 3185 302 3192 .
322 3166 538 3199 Etpraedicatorem
559 3165 588 3197 (J
597 3166 724 3203 aaaron]
744 3167 785 3194 Ita
795 3175 901 3203 quoquc
911 3174 1007 3204 praeter
1016 3165 1206 3196 Lanibinianos

1238 703 1378 735 hesterno
1388 703 1438 734 die
1447 703 1526 735 dixit
1538 704 1597 744 ipse
1607 723 1616 738 ‚
1629 704 1669 734 ita
1679 704 1895 735 L-Cornelium
1906 705 1943 736 dc
1951 704 2082 737 fortunis
2093 709 2196 739 omni-

1239 746 1296 776 bus
1305 746 1448 777 dimicare
1457 766 1465 779 ,
1480 755 1513 776 ut
1523 747 1637 776 nullius
1646 748 1679 776 in
1689 745 1794 776 deliffi
1804 749 1920 778 crimen
1931 758 2094 779 vocaretur.
2119 752 2197 780 Non

1238 790 1323 818 enim
1333 788 1445 818 furatus
1454 787 1513 818 effe
1526 790 1678 818 civitatem
1691 807 1699 822 ,
1720 798 1785 818 non
1804 799 1898 829 genus
1914 790 2002 820 suum
2021 792 2198 825 ementitus,

1239 839 1302 865 non
1322 832 1356 860 in
1370 831 1473 871 aliquo
1491 830 1664 870 impudenti
1681 830 1840 861 mendacio
1858 830 2027 865 delituisse,
2046 842 2110 862 non
2121 834 2194 863 irre-

1239 869 1322 910 pfifl'e
1334 873 1364 901 in
1375 872 1499 902 censum
1509 872 1637 903 dicitur:
1660 882 1758 902 unum
1772 872 1935 912 objicitur,
1953 882 2057 903 natum
2069 873 2126 904 ess'e
2137 876 2198 905 Ga-

1237 912 1343 943 dibus:
1355 913 1436 953 quod
1446 923 1532 955 negat
1542 924 1647 944 nemo.
1662 912 1678 933 6
1685 913 1819 944 ceterum
1830 915 1976 945 accusator
1986 914 2103 948 fatetur,
2115 916 2196 946 hunc

1238 956 1272 985 in
1292 956 1436 995 Hispania
1453 976 1462 988 ,
1488 954 1646 986 durissimo
1666 955 1746 986 bello
1766 975 1775 990 ,
1794 966 1864 987 cum
1882 959 1941 998 Q.
1960 958 2105 991 Metello,
2123 967 2196 988 cum

1240 998 1432 1027 C-Memmio
1443 1017 1453 1031 ‚
1464 997 1539 1028 &in
1551 996 1636 1028 class'e
1646 1018 1654 1031 ,
1669 997 1744 1028 &in
1755 1000 1887 1028 exercitu
1897 996 1997 1032 fuisse,
2011 999 2055 1032 δε,
2067 1008 2099 1030 ut
2109 1003 2202 1030 Pom-

1239 1039 1323 1078 pejus
1337 1040 1369 1068 in
1381 1039 1557 1079 Hispaniam
1572 1040 1707 1073 venerit,
1729 1041 1976 1080 Memmiumque
1996 1040 2103 1071 habere
2122 1051 2204 1082 quae-

1241 1079 1486 1120 storemcoeperit
1494 1100 1502 1114 ,
1516 1091 1684 1121 numquam
1693 1081 1709 1111 a
1721 1083 1874 1112 Memmio
1884 1080 2038 1112 disceffiffe
2050 1093 2055 1111 :
2076 1083 2204 1113 Kartha-

1240 1123 1345 1161 ginem
1355 1120 1411 1151 efl'e
1423 1121 1594 1161 profeehim
1607 1133 1612 1151 z
1624 1125 1777 1153 acerrimis
1787 1124 1848 1153 illis
1858 1124 1968 1163 praeliis
1979 1144 1987 1157 ‚
2000 1124 2032 1154 &
2044 1126 2204 1158 maximis,

1241 1161 1430 1196 Sucronensi,
1441 1163 1473 1193 δε
1483 1163 1623 1194 Durienfi
1635 1163 1801 1194 interfuifle
1811 1175 1815 1193 :
1825 1174 1895 1194 curn
1906 1166 2051 1204 Pompejo
2059 1166 2095 1196 ad
2105 1175 2204 1197 extre-

1243 1214 1331 1235 mum
1347 1204 1421 1234 belli
1435 1213 1555 1244 tempus
1567 1203 1665 1235 fuiffe.
1689 1207 1763 1235 Haec
1771 1206 1841 1236 sunt
1850 1206 1956 1245 proelia
1966 1208 2117 1237 Cornelii:
2137 1207 2205 1238 talis

1243 1248 1277 1276 in
1288 1256 1383 1286 remp.
1395 1245 1530 1277 nostram
1540 1246 1624 1276 labor
1634 1266 1643 1280 ‚
1665 1245 1814 1278 affiduitas
1825 1267 1834 1281 ‚
1856 1246 2011 1278 dimicatio
2022 1267 2030 1281 ‚
2050 1250 2144 1279 virtus
2157 1248 2206 1279 di-

1243 1298 1300 1330 gna
1316 1289 1440 1318 summo
1456 1290 1636 1328 imperatore
1653 1308 1663 1322 ,
1688 1288 1752 1328 spes
1769 1298 1823 1329 pro
1839 1290 1980 1329 periculis
1994 1292 2204 1330 praemiorum.

1242 1330 1355 1372 premia
1363 1330 1480 1372 quidem
1492 1330 1554 1370 ipsa
1563 1340 1628 1361 non
1637 1331 1748 1361 suntin
1759 1332 1783 1370 ej
1789 1341 1822 1360 us
1831 1329 1912 1361 faao
1921 1351 1930 1365 ,
1950 1334 2004 1372 qui
2015 1331 2136 1372 adeptus
2146 1331 2200 1366 est,

1246 1372 1338 1402 sedin
1350 1374 1415 1412 ejus
1428 1392 1437 1406 ,
1454 1374 1507 1413 qui
1518 1371 1610 1403 dedit.
1654 1375 1796 1403 Donatus
1813 1374 1904 1413 igitur
1921 1372 1965 1403 est
1982 1374 2023 1403 ob
2040 1383 2086 1403 eas
2106 1374 2202 1404 causas
2226 1381 2241 1413 3

1245 1414 1262 1444 a
1272 1416 1327 1444 Cn.
1339 1415 1486 1454 Pompejo
1496 1415 1626 1444 civitate.
1648 1414 1680 1444 id
1690 1415 1839 1444 accusator
1848 1424 1912 1444 non
1922 1423 2009 1456 negat
2020 1426 2025 1444 z
2048 1416 2098 1446 sed
2107 1425 2206 1457 repre-

1247 1455 1371 1486 hendit:
1391 1465 1424 1486 ut
1439 1458 1471 1486 in
1483 1456 1628 1486 Cornelio
1641 1456 1725 1487 causa
1741 1455 1831 1496 ipsius
1846 1455 2006 1497 probetur,
2027 1467 2117 1497 poena
2125 1467 2207 1499 quae„

1245 1506 1342 1528 ratur:
1364 1500 1397 1528 in
1407 1499 1555 1537 Pompeio
1573 1498 1657 1529 causa
1673 1498 1814 1531 laedatur‚
1832 1507 1921 1539 poena
1936 1497 1970 1529 sit
1987 1500 2079 1529 nulla.
2102 1502 2150 1530 Sic
2164 1498 2209 1530 fa-

1246 1549 1330 1570 mam
1340 1560 1348 1574 ,
1361 1538 1399 1570 fic
1409 1538 1649 1570 innocentissimi
1660 1540 1798 1570 hominis
1808 1539 1959 1574 fortunas,
1971 1539 2205 1580 praestantissimi

1247 1583 1436 1622 imperatoris
1444 1581 1560 1612 saelum
1569 1581 1766 1612 condemnari
1777 1583 1893 1612 volunt.
1914 1585 1992 1624 Ergo
2002 1584 2034 1613 in
2041 1583 2207 1622 judicium,

1247 1633 1333 1664 caput
1350 1623 1503 1654 Cornelii:
1521 1622 1637 1653 fatilum
1656 1625 1795 1663 Pompeii
1813 1632 1947 1654 vocatur.
1970 1625 2052 1658 hunc
2070 1627 2155 1655 enim
2173 1626 2208 1656 in

1248 1668 1407 1697 eacivitate
1417 1686 1426 1699 ,
1447 1668 1480 1696 in
1490 1675 1547 1707 qua
1557 1664 1592 1695 fit
1606 1674 1689 1695 natus
1698 1663 1875 1704 honestiffimei
1884 1665 1941 1695 loco
1952 1675 2053 1696 natum
2066 1665 2122 1696 effe
2132 1676 2209 1697 con-

1248 1707 1330 1738 cedis
1338 1728 1347 1741 ,
1373 1708 1406 1737 &
1418 1707 1454 1738 ab
1468 1709 1593 1737 ineunte
1602 1716 1683 1738 aetate
1692 1707 1804 1737 relinitis
1816 1707 1905 1737 rebus
1915 1708 1975 1737 suis
1985 1708 2132 1738 omnibus
2143 1728 2155 1741 ,
2172 1709 2207 1738 in

1249 1748 1360 1780 nostris
1376 1749 1463 1779 bellis
1474 1769 1482 1783 ‚
1507 1748 1618 1779 nostris
1635 1758 1707 1779 cum
1724 1749 1954 1788 imperatoribus
1974 1748 2031 1779 efl'e
2049 1750 2209 1780 versatum:

1250 1792 1362 1821 nullius
1373 1791 1482 1821 laboris
1493 1811 1503 1824 ,
1523 1791 1639 1821 nullius
1651 1789 1826 1820 obseffionis
1836 1810 1845 1824 ‚
1866 1790 1982 1821 nullius
1990 1791 2092 1831 proelii
2101 1801 2208 1831 exper-

1249 1842 1311 1863 tem
1323 1831 1419 1862 fuiss'e.
1442 1834 1505 1863 haec
1515 1833 1581 1863 sunt
1591 1834 1696 1862 omnia
1704 1831 1775 1862 cum
1786 1832 1874 1872 plena
1883 1832 1978 1863 laudis
1989 1852 1998 1866 ,
2018 1842 2083 1863 tum
2092 1835 2211 1874 propria

1251 1875 1386 1905 Cornelii
1398 1885 1403 1904 z
1418 1876 1518 1905 necin
1529 1875 1576 1904 his
1585 1874 1672 1904 rebus
1682 1876 1799 1905 crimen
1810 1873 1852 1905 est
1863 1875 1971 1905 ullum.
1995 1874 2058 1907 Ubi
2069 1876 2158 1915 igitur
2168 1874 2210 1905 est

1246 1918 1384 1949 crimen?
1399 1915 1483 1958 quod
1493 1926 1565 1946 eum
1575 1917 1699 1956 Pompej
1705 1926 1738 1946 us
1749 1916 1870 1946 civitate
1879 1916 2014 1956 donavit.
2036 1922 2051 1945 7
2061 1917 2212 1956 Hujusce·

1250 1958 1336 1989 modi
1356 1960 1494 1989 crimen?
1512 1957 1663 1989 minime:
1683 1956 1739 1988 nisi
1756 1959 1875 1992 houm,
1894 1959 2067 1998 ignominia
2082 1958 2212 1998 putanda

1249 2000 1300 2031 est.
1333 2001 1427 2040 Cujus
1445 2002 1560 2041 igitur?
1589 2002 1706 2030 Revera
1725 2000 1858 2030 nullius:
1881 2000 2002 2030 achone
2020 2001 2210 2034 accusatoris,

1248 2044 1315 2082 ejus
1332 2045 1441 2076 unius,
1462 2045 1515 2084 qui
1534 2042 1668 2073 donavit.
1693 2037 1767 2083 Squi
1781 2040 1800 2071 fi
1813 2040 1952 2071 adduam
1963 2043 2083 2082 gratia,
2102 2041 2209 2073 minus

1249 2085 1399 2116 idoneum
1410 2086 1570 2115 hominem
1580 2086 1708 2125 praemio
1718 2082 1875 2119 affecifl‘et3
1895 2085 1947 2125 qui
1962 2087 2051 2114 etiam
2070 2082 2091 2114 fi
2107 2085 2208 2115 virum

1249 2127 1366 2157 bonum
1380 2147 1388 2160 ‚
1409 2126 1458 2158 sed
1476 2136 1540 2157 non
1560 2128 1599 2156 ita
1616 2127 1783 2160 meritum3
1805 2124 1965 2167 sidenique
1974 2126 2105 2167 aliquid,
2125 2124 2208 2166 quod

1250 2179 1314 2200 non
1323 2177 1428 2199 contra
1437 2189 1444 2202 ‚
1455 2179 1488 2199 ac
1498 2169 1615 2201 liceret,
1631 2167 1745 2199 faRum
1757 2168 1904 2198 diceretur
1914 2188 1922 2201 ‚
1939 2168 1988 2198 sed
1997 2167 2111 2201 contra,
2121 2175 2210 2207 atque

1248 2219 1512 2251 oporteretztamen
1521 2209 1591 2241 ess'et
1599 2211 1720 2240 9omnis
1729 2211 1754 2247 ej
1760 2209 1879 2241 usmodi
1888 2207 2098 2249 reprehenfioa
2106 2208 2210 2243 vobis,

1247 2252 1374 2293 judices,
1384 2253 1574 2292 repudianda.
1591 2255 1682 2282 Nunc
1692 2251 1762 2282 vero
1772 2251 1844 2291 quid
1854 2251 1963 2281 dicitur
1971 2256 1981 2281 ?
1989 2249 2061 2291 quid
2072 2252 2112 2280 ait
2121 2260 2209 2281 accu-

1250 2295 1348 2325 sator?
1362 2293 1463 2325 feciffe
1474 2295 1654 2334 Pompejum
1664 2293 1745 2333 quod
1755 2295 1782 2322 ei
1794 2291 1888 2323 facere
1900 2302 1964 2322 non
1974 2291 2112 2322 licuerit?
2125 2291 2208 2332 quod

1249 2338 1367 2378 gravius
1381 2335 1440 2369 est,
1460 2335 1550 2376 quam
1566 2355 1576 2368 ‚
1595 2333 1615 2364 fi
1628 2334 1658 2364 id
1673 2333 1787 2364 factum
1801 2333 1837 2364 ab
1849 2344 1885 2364 eo
1900 2334 2028 2367 diceret,
2047 2333 2129 2375 quod
2144 2343 2210 2364 non

1249 2375 1437 2417 oportuisset.
1470 2380 1494 2407 E
1506 2387 1518 2406 s
1529 2386 1548 2406 τ
1578 2385 1627 2405 EN
1641 2385 1651 2405 1
1664 2386 1690 2405 M
1717 2375 1831 2416 aliquid
1845 2395 1853 2409 ‚
1876 2375 1959 2416 quod
1979 2386 2042 2406 non
2062 2384 2208 2416 oporteat,

1250 2420 1340 2448 etiam
1352 2417 1460 2448 silicet.
1485 2417 1632 2459 quidquid
1644 2417 1714 2447 vero
1726 2427 1790 2447 non
1799 2417 1870 2447 licet
1881 2438 1889 2451 ‚
1910 2416 1988 2447 certe
2002 2427 2067 2447 non
2077 2426 2205 2457 oportet.

1252 2459 1312 2490 Hic
1324 2471 1380 2501 ego
1394 2470 1476 2490 nunc
1489 2460 1611 2490 cuncter
1624 2458 1662 2489 sic
1675 2469 1759 2499 agere
1775 2479 1783 2492 ‚
1803 2459 1915 2496 judices
1926 2480 1934 2492 ‚
1956 2469 2021 2490 non
2031 2458 2088 2490 effe
2096 2460 2140 2490 tas
2149 2458 2205 2491 du—
2224 2468 2247 2500 4

1250 2547 1351 2574 ¹0n0n
1363 2544 1459 2573 solum
1472 2542 1600 2574 decuisse
1612 2564 1619 2577 2
1631 2543 1678 2573 sed
1692 2545 1782 2574 etiam
1797 2541 1929 2573 debuisse
1942 2543 2107 2574 fateamur?
2124 2542 2207 2585 Qid

1248 2589 1334 2617 enirn
1343 2586 1501 2617 abesthuic
1517 2587 1639 2617 homini
1649 2606 1658 2619 2
1668 2586 1750 2627 quod
1760 2583 1781 2615 si
1791 2584 1910 2620 adeffet,
1925 2589 1952 2606 ¹2
1958 2586 2024 2626 jure
2032 2586 2207 2658 hocgtcribui,

2132 2637 2209 2658 con-

1248 2697 1305 2723 Pal.
1318 2706 1401 2724 nonus
1411 2704 1487 2724 antea
1498 2696 1575 2727 editi,
1587 2698 1712 2721 auHcrem.

1283 2734 1310 2759 6.
1332 2736 1439 2759 Ceterum
1449 2734 1572 2765 accusator
1573 2734 1670 2766 fatetur
1681 2751 1689 2764 ‚
1700 2732 1767 2766 &ej
1789 2731 1846 2758 Pal.
1859 2741 1944 2759 nonus
1955 2738 2032 2758 cetera
2044 2751 2052 2764 ,
2063 2737 2094 2758 ut
2104 2731 2132 2757 δι
2141 2729 2209 2759 alias

1247 2769 1384 2805 exemplar
1395 2771 1421 2795 5.
1434 2768 1561 2795 Vistoris.

1282 2814 1309 2840 7.
1330 2805 1489 2838 Hujgscemodi
1498 2807 1583 2830 crimen
1594 2804 1627 2838 2]
1649 2804 1739 2830 Hodie
1750 2803 1895 2839 vulgatum
1908 2804 2035 2838 Hujuftene
2045 2804 2132 2828 crimen
2143 2806 2154 2828 ?
2163 2800 2206 2829 sed

1247 2842 1339 2868 invitis
1352 2842 1418 2867 Pali.
1430 2842 1459 2867 ὃς
1474 2840 1539 2867 oliui
1550 2840 1689 2875 impress‘is.

1285 2878 1310 2904 δ’.
1332 2878 1538 2910 QIfiadn'uHm
1551 2879 1636 2909 gratia
1647 2895 1654 2906 ‚
1666 2875 1734 2909 &ej
1757 2876 1926 2901 Hotomanus
1945 2873 1994 2900 lib.
2007 2883 2042 2900 ix.
2063 2873 2205 2901 Observat.

1247 2923 1303 2949 cap.
1316 2922 1361 2938 20.
1372 2912 1494 2939 emendat
1509 2932 1516 2944 ‚
1535 2913 1604 2947 quast
1610 2912 1667 2938 add.
1677 2913 1704 2937 ὅ(
1716 2920 1780 2937 mox
1792 2922 1798 2938 ;
1813 2912 1889 2944 finon
1899 2911 1997 2946 denique
2007 2910 2205 2944 aliquidsectffit,

1246 2959 1298 2981 &mc
1318 2949 1451 2975 videatur.
1679 2958 1687 2961 -

1282 2993 1309 3020 9.
1330 2986 1407 3010 omnio*
1417 2985 1522 3018 ejusmodi
1533 2983 1696 3016 reprehensio]
1717 2982 1830 3022 Vulgata
1844 3001 1852 3013 ‚
1871 2982 1978 3015 ejusmodi
1986 2983 2045 3007 mali
2054 2983 2144 3014 repreh.
2160 2990 2204 3008 ve-

1249 3030 1306 3047 rum
1319 3029 1416 3053 praeter
1428 3020 1495 3046 Pan.
1506 3021 1534 3045 8<
1549 3028 1658 3045 avorum
1670 3027 1726 3043 aevo
1736 3020 1807 3044 cnios
1822 3037 1830 3048 ‚
1846 3019 1872 3043 &
1891 3017 1972 3053 ipsam
1984 3018 2126 3044 rationem.

1289 3066 1330 3083 ιο.
1350 3057 1480 3089 Nan-(ilum
1489 3055 1584 3086 decuiffe
1596 3055 1651 3087 ,sed
1659 3057 1729 3079 etiam
1739 3054 1862 3088 debmffn]
1879 3053 1950 3080 Male
1961 3053 2107 3080 Lambinus
2120 3073 2127 3085 ‚
2133 3053 2207 3088 filum

1247 3093 1351 3125 llb'mffi’i
1365 3093 1426 3125 sare
1437 3092 1527 3118 invitis
1540 3091 1614 3116 libris
1626 3090 1731 3116 nostris.

1287 3138 1295 3154 ι
1306 3138 1328 3154 1.
1351 3130 1412 3161 Jure
1420 3130 1459 3153 hoc
1470 3129 1545 3153 tribul
1553 3127 1581 3156 (ἶ)-
1591 3126 1680 3151 concedi
1691 3144 1699 3157 ‚
1710 3125 1777 3159 &ej
1798 3125 1859 3152 Mss.
1871 3125 1951 3152 nostri
1963 3125 2114 3152 immittunt
2124 3122 2206 3160 parti.

1248 3164 1334 3194 culam
1344 3166 1373 3197 &¹
1383 3166 1458 3191 tribui
1467 3175 1476 3198 ,-
1494 3171 1552 3199 quoe
1562 3163 1589 3189 δε
1602 3161 1667 3190 ferri
1678 3168 1768 3198 queat,
1782 3161 1830 3190 nisi
1839 3162 1964 3190 malimus
1975 3169 2077 3190 mutare
2086 3161 2114 3188 in
2124 3163 2176 3221 eiiv

2111 3204 2133 3224 Ι·
2173 3201 2203 3221 m

1249 2502 1336 2532 bitari
1354 2522 1362 2535 ,
1393 2498 1468 2542 quin
1482 2522 1490 2535 ,
1513 2502 1594 2542 quod
1614 2504 1667 2531 Cn.
1680 2502 1861 2541 Pompejum
1880 2500 1980 2531 feciss'e
1997 2501 2112 2532 constet
2131 2521 2139 2535 ‚
2173 2500 2206 2531 id
2263 2493 2267 2495 ,
