2337 3400
186 680 204 713 X,

197 1928 214 1962 8

214 129 308 191 526
613 119 1118 171 M.Tu1.1.11
1183 114 1728 160 CicERon1s

214 209 325 252 gestam
339 211 369 238 ‘in
381 207 461 237 bello
473 205 668 236 nuntiarent?
692 203 760 232 Hoc
771 199 870 231 statuit
881 199 995 229 senatus
1007 218 1015 231 ‚
1030 194 1100 225 cum
1112 192 1171 223 fre-

216 262 310 293 quens
329 250 577 289 supplicationem
588 245 720 275 Gabinio
735 243 893 283 denegavit
909 251 914 269 ·.
942 237 1077 279 primum
1089 256 1097 270 ,
1117 238 1173 280 ho·²

219 295 298 323 mini
316 312 323 325 ,
349 290 506 321 sceleribus
521 308 528 322 ‚
554 287 674 328 flagitiis
693 280 1000 316 contaminatissimo,
1022 278 1099 309 nihil
1116 275 1174 307 esse

219 333 404 366 credendum
417 342 422 360 ;
434 330 544 361 deinde
554 350 561 363 ‚
573 330 589 359 a
599 328 751 369 proditore
762 347 770 359 ,
781 335 866 365 atque
876 334 913 354 eo
925 344 932 357 ,
944 332 1036 364 quem
1046 320 1174 361 praesen-

220 386 283 406 tem
295 374 411 404 hostem
422 372 593 412 reipublicae
603 368 767 412 cognosset,
784 367 845 397 bene
855 376 910 395 rem
917 366 979 406 geri
989 373 1053 393 non
1062 360 1175 403 potuis-

218 418 246 448 se
259 428 264 445 1
288 414 441 457 postremo
455 435 462 447 ‚
485 424 522 443 ne
539 413 613 443 deos
629 411 752 453 quidem
767 409 968 441 immortalciS
982 405 1058 435 velle
1071 404 1177 444 aperiri

219 458 389 498 suatempla
399 477 407 490 ,
426 457 458 487 &
471 454 523 485 sibi
534 455 691 495 supplicari
701 453 838 483 hominis
848 447 1040 490 impurissimi
1050 467 1058 480 ,
1074 446 1106 476 δε
1117 445 1176 474 sce-

222 498 385 530 leratissimi
396 500 536 529 nomine.
561 500 662 537 Itaque
673 495 724 525 ille
734 495 806 524 alter
816 513 824 526 ,
835 502 884 522 aut
894 491 954 532 ipse
965 489 1006 520 est
1015 491 1112 519 homo
1122 486 1176 516 do-

223 541 288 572 &us
302 563 310 575 ,
333 541 366 572 &
379 541 396 571 a
408 541 467 571 suis
478 541 588 570 Graecis
603 536 743 569 subtilius
753 535 885 566 eruditus
896 554 904 567 ,
924 531 1102 574 quibuscum
1115 530 1175 568 jam

220 588 229 603 ¹
244 586 276 613 in
286 583 404 614 exostra
414 583 570 614 helluatur,
581 589 665 611 antea
676 578 741 619 post
753 576 890 618 siparium
902 575 1026 605 solebat:
1041 581 1090 602 aut
1102 572 1177 601 ami-

224 635 276 656 cos
289 624 569 666 habetprudentiores
579 643 587 656 ,
598 621 689 663 quam
701 621 848 651 Gabinius
861 640 868 652 .
880 618 964 657 cujus
973 615 1064 645 nullae
1074 614 1178 643 litterae

222 667 423 708 perferuntur.
448 665 547 696 Hosce
566 666 654 706 igitur
674 666 867 703 imperatores
887 658 1082 694 habebimus?
1105 664 1180 695 quo·

223 720 292 740 rum
301 709 373 739 alter
384 718 449 738 non
459 707 546 738 audet
554 716 610 737 nos
618 714 757 737 εθιυοῑεε
771 703 864 733 facere
877 722 884 735 ,
905 712 942 731 ne
957 702 1121 742 imperator
1130 706 1182 735 ap-

224 752 352 792 pelletur
366 762 370 779 :
391 751 518 780 alterum
529 769 537 783 ,
563 747 584 778 si
602 748 747 779 tabellarii
764 755 825 775 non
841 742 995 774 cessarint,
1017 738 1131 770 neccsse
1140 736 1182 768 est

227 795 328 833 paucis
338 792 444 823 diebus
454 793 598 832 poeniteat
610 789 727 820 audere.
750 788 836 827 cujus
847 787 936 815 amici
946 783 1019 824 siqui
1031 782 1096 812 sunt
1109 800 1117 813 ,
1132 787 1183 809 aut

227 834 247 865 ii
260 835 367 865 belluae
376 844 436 865 tam
446 834 577 863 immani
587 853 594 866 ,
613 841 734 872 tamque
745 838 831 859 taetrae
841 825 962 867 poffunt
973 825 1028 855 ulli
1039 821 1096 852 effe
1106 831 1184 851 ami·
1209 859 1211 869 Ι

225 879 252 907 ci
266 898 273 910 ,
294 878 346 907 hac
362 876 568 907 consolatione
587 883 730 905 utuntur,
750 879 838 900 ettam
847 872 885 899 T.
897 867 1026 898 Albucio
1040 865 1185 904 supplica—
1210 901 1212 906 Ι

227 921 344 949 tionem
365 919 446 948 hunc
463 917 603 948 ordinem
619 912 782 956 denegasse.
805 910 918 951 ²Qod
928 908 971 939 est
981 906 1116 948 primum
1127 904 1186 934 dis·
1210 914 1212 921 ¹

228 959 335 992 simile.
356 970 400 990 res
410 961 443 990 in
454 959 589 990 Sardinia
608 961 620 984 3
631 967 701 987 cum
715 953 897 985 mastrucatis
907 950 1082 981 latrunculis
1092 948 1106 977 {i
1117 956 1187 987 pro—

226 1012 351 1043 praetore
366 1012 424 1033 una
436 1002 561 1032 cohorte
575 999 731 1029 auxiliaria
744 995 822 1038 gesta
832 1015 840 1029 ,
861 995 892 1024 ὃς
903 993 1020 1023 bellurn
1035 1000 1105 1021 cum
1121 998 1185 1018 ma-

226 1047 322 1075 ximis
331 1046 421 1085 Syriae
434 1042 573 1084 gentibus
584 1061 592 1074 ,
614 1041 745 1080 tyrannis
756 1059 764 1072 ,
782 1037 932 1068 consulari
946 1035 1079 1065 exercitu
1092 1053 1100 1065 ‚
1126 1033 1185 1061 im-

227 1089 371 1128 perioque
381 1083 566 1116 confeEkurn.
590 1081 700 1113 deinde
710 1081 857 1111 Albucius
866 1099 874 1113 ,
885 1077 967 1119 quod
978 1077 993 1106 a
1005 1076 1123 1106 senatu,
1136 1082 1186 1112 pe-

230 1129 306 1159 tebat
318 1148 326 1162 ‚
341 1129 401 1167 ipse
412 1125 464 1157 sibi
476 1127 510 1156 in
520 1125 653 1156 Sardinia
661 1123 729 1154 ante
741 1122 917 1153 decreverat.
929 1117 1081 1150 constabat
1091 1124 1186 1146 enim,

229 1173 368 1200 Graecum
378 1169 587 1201 hominem,ac
595 1167 706 1199 levem,
718 1167 750 1195 in
762 1165 820 1205 ipsa
828 1163 983 1204 provincia
993 1157 1072 1200 quasi
1082 1159 1191 1187 trium-

230 1210 339 1252 phass'e.
355 1214 455 1252 Itaque
470 1211 544 1240 hanc
557 1210 620 1248 ejus
632 1209 832 1238 temeritatem
846 1205 962 1235 senatus
977 1201 1189 1241 supplicatione

231 1255 371 1295 denegata
390 1253 513 1282 notavit.
536 1250 592 1281 Sed
603 1249 714 1280 fruatur
725 1249 792 1279 sane
806 1249 863 1277 hoc
873 1246 979 1276 solatio
993 1254 998 1272 :
1016 1251 1101 1282 atque
1115 1241 1188 1270 hanc

229 1294 377 1338 insignem
395 1295 599 1336 ignominiam
611 1313 619 1326 ,
642 1293 788 1332 quoniam
807 1290 881 1321 uni,
903 1295 1006 1326 praeter
1023 1284 1050 1313 se
1062 1303 1070 1316 ,
1094 1280 1191 1311 inusta

232 1337 285 1371 est,
297 1346 379 1377 putet
388 1335 444 1366 effe
455 1336 602 1365 leviorem
612 1345 618 1362 z
628 1330 800 1362 dummodo
811 1350 818 1364 2
830 1331 915 1368 cujus
926 1326 1067 1365 exemplo
1078 1324 1105 1354 se
1116 1332 1192 1353 con-

231 1380 339 1410 solatur
348 1399 357 1412 ,
370 1378 433 1417 ejus
444 1378 563 1407 exitum
574 1373 740 1415 exspeE'tet:
761 1371 925 1413 praesertim
936 1367 1007 1399 cum
1019 1370 1052 1397 in
1061 1365 1191 1396 Albucio

234 1431 289 1451 nec
299 1421 416 1451 Pisonis
432 1418 576 1448 libidines
588 1438 596 1450 ,
617 1427 673 1446 nec
686 1415 806 1445 audacia
817 1412 939 1443 Gabinii
953 1410 1045 1440 suerit
1057 1419 1062 1437 :
1082 1409 1135 1437 hac
1149 1415 1192 1436 ta-

233 1473 307 1493 men
319 1472 378 1492 una
387 1461 470 1502 plaga
478 1459 643 1490 conciderit
654 1477 663 1491 ,
684 1456 853 1497 ignominia
862 1455 990 1484 senatus·
1013 1451 1105 1491 Atqui
1120 1448 1192 1478 duas

234 1505 346 1534 Gallias
359 1506 411 1544 qui
425 1503 560 1533 decernit
575 1499 750 1531 consulibus
767 1497 885 1528 duobus
895 1516 904 1529 ,
920 1495 1001 1524 4hos
1010 1494 1118 1523 retinet
1127 1500 1192 1520 am—

233 1547 287 1578 bo:
310 1548 363 1587 qui
373 1555 471 1576 autem
481 1545 601 1574 alteram
614 1541 744 1572 Galliam
757 1561 766 1574 ,
783 1540 815 1570 &
825 1547 872 1568 aut
881 1539 996 1578 Syriam
1007 1555 1015 1569 ‚
1030 1543 1080 1565 aut
1091 1535 1192 1562 Mace-

232 1589 357 1619 doniam
370 1600 378 1622 3
389 1596 490 1617 tamen
499 1586 624 1616 alterum
635 1585 743 1613 retinet
752 1602 760 1616 ,
783 1582 816 1611 &
826 1583 859 1611 in
869 1579 1020 1619 utriusque
1026 1577 1091 1619 pari
1096 1574 1194 1615 scelere

233 1631 381 1670 disparem
402 1627 615 1658 conditionem
633 1625 710 1656 facit.
741 1625 858 1654 Faciam
872 1642 880 1656 ,
899 1623 1015 1661 inquit,
1034 1618 1099 1648 illas
1116 1626 1192 1656 prae-

233 1675 343 1704 torias,
362 1680 394 1701 ut
405 1670 526 1703 Pisoni,
548 1668 722 1698 &Gabinio
736 1664 905 1695 succedatur
921 1662 1032 1693 statim.
1055 1662 1085 1690 Si
1096 1660 1144 1688 hic
1155 1656 1192 1687 fi-

231 1722 294 1745 nat.
319 1716 404 1744 Tum
423 1714 508 1742 enim
528 1710 665 1740 tribunus
681 1706 863 1738 intercedere
875 1706 1003 1745 poterit,
1024 1712 1108 1733 nunc
1126 1709 1191 1730 non

232 1754 338 1796 potest.
361 1757 461 1795 Itaque
477 1762 533 1792 ego
543 1751 625 1781 idem
637 1771 646 1784 ,
664 1752 717 1791 qui
729 1759 809 1779 nunc
817 1746 992 1779 consulibus
1001 1747 1038 1775 iis
1050 1765 1058 1778 ,
1078 1744 1130 1784 qui
1142 1742 1194 1772 de-

232 1797 336 1838 signati
350 1804 436 1826 erunt
448 1815 456 1829 ,
477 1796 610 1834 Syriam,
633 1791 904 1830 Macedoniamque
923 1788 1071 1819 decerno,
1093 1785 1194 1814 decer-

236 1849 307 1870 nam
328 1838 444 1868 easdem
462 1836 611 1876 praetorias
623 1854 631 1868 ‚
652 1842 685 1864 ut
698 1833 731 1863 &
743 1840 882 1872 praetores
895 1839 1006 1860 annuas
1022 1827 1190 1868 provincias

236 1881 380 1913 habeant,
405 1879 438 1909 ὃς
455 1887 507 1907 eos
524 1876 615 1918 quarn
635 1874 772 1916 primum
791 1873 947 1903 videamus
962 1891 970 1905 ‚
993 1879 1069 1911 quos
1087 1870 1191 1898 animo

236 1933 323 1964 aequo
335 1922 435 1951 videre
445 1929 509 1950 non
517 1916 684 1959 poffumus.
727 1915 783 1946 Sed
795 1915 873 1945 mihi
883 1913 1008 1944 credite:
1022 1919 1191 1951 numquam

235 1964 408 1996 succedetur
421 1963 482 1992 illis
493 1982 501 1995 ,
523 1959 578 1991 nisi
593 1959 664 1991 cum
678 1969 713 1989 ea
724 1958 788 1999 lege
804 1956 964 1989 referetur,
982 1951 1195 1996 quaintercedi

235 2007 272 2037 de
284 2007 448 2046 provinciis
458 2014 521 2034 non
532 2003 645 2033 licebit.
668 2004 771 2041 Itaque
780 2019 788 2033 ,
801 2000 859 2029 hoc
868 2007 1004 2038 tempore
1014 1994 1131 2028 amiss'o,
1142 2003 1195 2024 an-

237 2059 294 2079 nus
306 2047 347 2078 cst
356 2049 470 2089 integer
478 2045 566 2076 vobis
575 2042 766 2084 easpedlmzdm
777 2053 787 2069 .·
807 2051 868 2082 quo
877 2037 1034 2079 interje&o
1046 2058 1054 2071 ,
1075 2038 1192 2068 civium

236 2091 388 2121 calamitas
399 2109 407 2123 ,
429 2089 580 2119 sociorum
601 2095 734 2116 aerumna
748 2104 756 2118 ‚
780 2081 1071 2114 sceleratissimorum
1091 2079 1196 2109 horni-

239 2142 315 2163 num
332 2131 498 2172 impunitas
510 2137 692 2170 propagatur.
715 2125 806 2168 de
816 2124 837 2155 fi
847 2123 938 2155 essent
949 2124 994 2153 illi
1005 2123 1114 2163 optimi
1124 2121 1194 2154 viri,

242 2182 344 2204 tamen
361 2183 416 2214 ego
430 2182 497 2202 mea
509 2171 655 2202 sententia
664 2171 697 2200 C.
708 2168 812 2199 Caesari
821 2166 1043 2198 succedendum
1053 2163 1193 2194 nondum

238 2224 385 2256 putarem.
409 2217 474 2253 Qua
489 2213 526 2243 de
542 2223 572 2243 re
585 2212 683 2243 dicam
693 2219 786 2251 patres
797 2210 974 2249 conscripti,
994 2206 1078 2248 quod
1088 2207 1195 2239 sentio,

238 2266 325 2298 atque
336 2257 419 2286 illam
431 2255 703 2295 interpellationem
714 2254 775 2283 mei
785 2248 1007 2282 familiarissimi
1019 2270 1027 2282 ,
1047 2258 1105 2290 qua
1114 2248 1197 2289 paul-

242 2300 274 2330 lo
285 2308 351 2334 ante
362 2300 524 2337 interrupta
535 2296 578 2327 est
597 2297 693 2326 oratio
711 2304 796 2327 mea,
814 2303 879 2323 non
887 2291 1108 2333 pertimescam.
1132 2292 1198 2320 Ne-

241 2350 287 2384 gat
299 2351 347 2371 me
357 2341 403 2371 vir
411 2341 544 2379 optimus
554 2339 759 2368 inimiciorem
768 2335 901 2365 Gabinio
912 2333 1019 2363 debere
1026 2331 1095 2365 effe,
1106 2332 1196 2372 quam

245 2383 359 2414 Caesari·
390 2390 518 2411 ornnem
538 2382 623 2410 enim
641 2379 726 2408 illam
745 2375 932 2418 tempestatem
945 2395 953 2408 ‚
976 2375 1026 2404 cui
1046 2371 1195 2405 cesserim,

242 2425 352 2456 Caesare
371 2422 536 2463 impulsore
550 2441 558 2456 ,
581 2430 667 2461 atque
686 2419 819 2459 adjutore
837 2416 896 2447 ess'e
913 2417 1081 2446 excitatam.
1106 2415 1162 2443 Cui
1179 2412 1199 2442 si

243 2469 323 2508 prim
329 2466 380 2495 um
392 2464 428 2496 fic
437 2463 633 2504 respondeam
645 2482 653 2495 ,
674 2471 724 2491 me
736 2460 882 2490 communis
893 2457 1029 2487 militam
1037 2455 1143 2486 habere
1154 2465 1198 2485 ra-

245 2511 363 2539 tionem
374 2527 382 2541 ‚
405 2516 469 2537 non
479 2505 594 2536 doloris
605 2505 665 2534 rriei
678 2514 683 2533 :
704 2501 851 2543 possimne
862 2500 986 2541 probare
996 2519 1004 2533 ‚
1026 2501 1097 2529 cum
1107 2497 1138 2527 id
1149 2507 1199 2526 me

244 2550 340 2581 ficei-c
346 2550 444 2580 dicam
456 2568 464 2581 ‚
480 2547 561 2588 quod
571 2546 712 2586 exemplo
721 2542 950 2574 fortissimorum
962 2561 970 2575 ,
983 2542 1015 2571 &
1024 2537 1201 2571 clarissimo-

247 2602 314 2622 rum
333 2593 449 2622 civium
467 2589 561 2620 facere
579 2587 712 2628 possim?
735 2590 747 2614 5
755 2589 804 2617 An
819 2595 882 2616 non
892 2584 1098 2615 Ti.Gracchus
1109 2602 1118 2615 2
1138 2582 1200 2621 (pa-

246 2642 323 2666 tram
334 2633 418 2667 dico,
439 2633 485 2672 cuj
491 2641 524 2662 us
539 2632 655 2662 utinam
669 2628 727 2660 filii
745 2639 784 2659 ne
804 2624 1049 2670 degenerassent&
1062 2625 1202 2667 gravitate

1220 192 1323 233 patria)
1333 201 1445 222 tantam
1464 192 1585 223 laudern
1604 193 1646 224 est
1664 194 1806 235 adeptus,
1826 192 1908 236 qubd
1927 193 2063 225 tribunus
2078 195 2175 236 plebis

1222 236 1301 282 solus
1318 244 1357 264 ex
1374 244 1438 281 toto
1455 234 1509 264 illo
1519 235 1649 276 collegio
1658 238 1832 277 L.Scipioni
1845 238 1962 267 auxilio
1975 237 2051 271 fuit,
2069 239 2176 268 inimi-

1221 275 1353 324 ciffirnus
1366 274 1496 323 &ipsius
1507 295 1516 309 ‚
1537 276 1675 307 &fratris
1686 280 1749 320 ejus
1761 299 1769 312 ,
1791 278 1943 313 Africani,
1962 279 2129 320 juravitque
2142 281 2175 310 in

1222 328 1371 366 concione
1382 338 1390 351 ,
1410 319 1439 348 se
1452 328 1485 347 in
1494 320 1618 358 gratiam
1628 329 1691 349 non
1703 319 1822 351 rediifl'e
1835 333 1843 355 ·,
1862 321 1910 351 sed
1921 322 2056 351 alienum
2066 320 2119 351 sibi
2130 322 2178 352 vi-

1223 361 1285 408 deri
1301 360 1445 400 dignitate
1461 360 1603 399 imperii,
1623 360 1705 401 quod
1720 362 1808 392 duces
1827 361 1921 393 efl'ent
1938 362 2071 393 hostium
2082 383 2092 396 .
2113 364 2176 394 Sci·

1223 412 1314 447 pione
1326 402 1529 447 triumphante
1539 421 1547 435 ,
1561 401 1662 436 ducti,
1674 403 1781 433 eodem
1792 405 1890 444 ipsum
1904 405 1991 437 duci,
2008 406 2059 446 qui
2070 407 2180 435 trium-

1223 444 1356 484 phasset?
1378 446 1453 484 Qis
1465 443 1584 483 plenior
1595 446 1792 475 inimicorum
1803 445 1901 476 fuitC.
1913 449 2032 477 Mario?
2051 448 2087 477 L.
2098 446 2181 477 Cras-

1226 488 1272 517 sus
1283 506 1290 519 ,
1303 488 1482 515 Mscauius.
1505 485 1596 515 aliine
1605 487 1725 516 inimici
1734 490 1745 516 ?
1755 497 1863 517 omnes
1874 489 2002 518 Metelli.
2025 491 2064 519 At
2074 490 2106 518 hi
2116 498 2181 518 non

1225 527 1320 557 modo
1338 528 1427 557 illum
1444 528 1609 557 inimicum
1628 538 1666 558 ex
1681 528 1778 558 Gallia
1795 529 1950 559 sententiis
1969 530 2028 560 suis
2047 540 2111 560 non
2131 530 2183 560 de-

1225 569 1396 602 trahebant,
1419 569 1467 599 sed
1484 569 1517 599 &
1535 579 1654 609 propter
1667 571 1815 599 rationem
1828 571 1936 601 Gallici
1947 571 2037 604 belli,
2057 573 2183 611 provin-

1225 613 1301 642 ciam
1320 620 1402 642 extra
1419 611 1558 641 ordinem
1573 611 1782 641 decernebant.
1806 613 1968 642 Bellumin
1979 613 2077 644 Gallia
2085 615 2186 643 maxi-

1229 664 1314 683 mum
1328 652 1443 694 gestum
1454 652 1512 682 est:
1524 652 1649 683 domita:
1660 652 1753 683 sunta
1761 654 1870 684 Caesare
1881 656 2023 685 maximae
2034 657 2182 689 nationes,

1228 695 1276 725 sed
1295 695 1434 725 nondum
1450 694 1565 735 legibus
1576 715 1583 728 ,
1604 694 1744 725 nondum
1761 696 1827 735 jure
1843 704 1924 726 certo
1936 716 1945 730 ,
1965 697 2103 727 nondum
2118 697 2185 727 satis

1230 736 1315 767 firma
1324 747 1392 777 pace
1402 735 1543 766 devinfffa.
1568 736 1681 767 bellum
1696 735 1838 767 affectum
1858 738 1998 768 videmus
2009 759 2018 772 ‚
2039 739 2072 769 ὅς
2084 759 2092 772 ,
2112 740 2183 769 vere

1231 788 1262 809 ut
1272 780 1368 809 dicam
1382 799 1390 812 ‚
1405 778 1488 819 paene
1499 777 1676 809 conse&um
1689 790 1693 808 :
1714 779 1760 809 sed
1777 781 1814 810 ita
1826 799 1834 813 ,
1856 788 1888 810 ut
1900 801 1909 813 ‚
1930 778 1950 809 si
1960 780 2043 810 idem
2052 790 2186 812 extrema

1230 822 1414 865 persequitur
1424 841 1432 855 ,
1447 824 1499 862 qui
1509 822 1663 850 inchoavit
1673 841 1681 853 ,
1693 822 1756 860 jam
1766 823 1872 852 omnia
1880 821 2010 862 perfecta
2018 822 2184 853 videamus.

1232 865 1252 892 11
1264 862 1446 893 succeditur:
1466 862 1634 902 periculum
1647 861 1699 896 sit,
1720 872 1758 892 ne
1777 863 1947 894 instauratas
1967 866 2096 894 maximi
2116 865 2188 894 belli

1231 904 1389 949 reliquias,
1409 914 1441 934 ac
1461 913 1615 934 renovatas
1631 904 1796 935 audiamus.
1822 908 1899 945 Ergo
1908 916 1963 947 ego
1973 906 2108 940 senator,
2128 908 2190 936 ini-

1233 948 1330 976 micus
1339 967 1347 980 ,
1360 949 1380 976 li
1389 948 1429 976 ita
1438 946 1530 976 vultis
1539 966 1547 980 ,
1561 947 1682 976 homini
1693 958 1701 981 3
1712 948 1827 977 amicus
1839 946 1895 977 esse
1907 967 1915 981 ,
1928 946 1999 977 sicut
2008 948 2125 988 semper
2133 946 2189 982 fui,

1233 989 1404 1035 reipublicae
1418 988 1525 1018 debeo.
1549 988 1631 1029 Qid
1641 1009 1649 1021 ‚
1670 987 1691 1018 fi
1704 989 1777 1028 ipsas
1792 990 1967 1019 inimicitias
1979 989 2077 1030 depono
2090 991 2192 1030 reipu-

1234 1030 1318 1060 blicae
1328 1031 1431 1062 causa?
1448 1032 1516 1075 quis
1526 1039 1575 1059 me
1586 1029 1707 1060 tandem
1715 1031 1781 1070 jure
1792 1031 2007 1071 reprehendat?
2026 1032 2188 1072 praesertim

1211 1076 1212 1080 ’
1232 1082 1304 1101 cum
1322 1082 1377 1112 ego
1395 1081 1540 1101 omnium
1554 1081 1695 1101 meorum
1710 1071 1905 1103 consiliorum
1917 1094 1925 1107 ‚
1945 1073 2192 1114 atquefa&0rum

1234 1115 1374 1153 exempla
1387 1113 1503 1152 semper
1511 1123 1549 1143 ex
1558 1113 1750 1143 summorum
1762 1115 1927 1144 hominurn
1935 1114 2021 1145 fuistis
2032 1116 2110 1145 mihi
2119 1125 2190 1145 cen-

1236 1155 1345 1184 suerim
1356 1155 1492 1194 petenda.
1515 1152 1529 1174 ⁶
1538 1157 1588 1184 An
1598 1154 1670 1184 verb
1679 1155 1779 1184 M-ille
1791 1156 1922 1195 Lepidus
1932 1176 1940 1189 ,
1950 1159 2004 1197 qui
2015 1157 2061 1186 bis
2071 1158 2189 1192 consul,
2208 1164 2229 1196 9

1238 1197 1270 1226 &
1280 1195 1420 1237 pontifex
1432 1197 1585 1226 maximus
1595 1195 1654 1226 fuit
1664 1216 1672 1229 ‚
1694 1201 1708 1225 7
1719 1207 1783 1226 non
1795 1197 1895 1227 solum
1908 1200 2056 1228 memoria
2067 1198 2099 1228 δε
2109 1198 2192 1229 testi-

1238 1241 1347 1268 monio
1357 1258 1364 1272 ‚
1385 1237 1434 1268 sed
1443 1238 1534 1268 etiarn
1544 1237 1700 1268 annalium
1711 1238 1815 1268 litteris
1826 1259 1834 1272 ‚
1847 1239 1879 1269 &
1891 1239 2003 1269 summi
2011 1241 2107 1279 po'e'tae
2117 1250 2193 1270 voce

1237 1280 1370 1310 laudatus
1382 1279 1423 1309 est
1434 1299 1442 1312 ,
1463 1278 1545 1320 quod
1556 1289 1626 1309 cum
1636 1283 1680 1309 M.
1691 1280 1800 1310 Fulvio
1807 1281 1921 1322 collega
1934 1301 1942 1315 ,
1960 1291 2021 1322 quo
2032 1281 2080 1311 die
2089 1283 2195 1312 censor

1238 1321 1280 1369 est
1296 1320 1390 1351 faetus
1400 1341 1408 1355 ,
1430 1322 1559 1351 homine
1576 1320 1788 1352 inimicissimo
1799 1342 1807 1356 ,
1829 1324 1863 1352 in
1876 1333 1983 1363 campo
1996 1322 2095 1353 statim
2105 1323 2196 1354 rediit

1238 1374 1270 1393 in
1278 1365 1401 1405 gratiam
1413 1383 1421 1396 ,
1434 1372 1465 1392 ut
1473 1372 1640 1393 commune
1650 1361 1788 1394 officium
1799 1365 1928 1395 censurae
1937 1365 2079 1394 communi
2087 1366 2192 1400 animo,

1236 1416 1268 1435 ac
1278 1406 1432 1435 voluntate
1441 1403 1657 1435 defenderent?
1679 1408 1777 1446 Atque
1789 1425 1798 1440 ‚
1816 1415 1848 1436 ut
1857 1415 1956 1437 vetera
1966 1426 1975 1441 ,
1994 1417 2059 1448 quae
2069 1408 2137 1438 sunt
2146 1409 2197 1438 in-

1237 1447 1438 1477 numerabilia
1449 1466 1457 1480 ,
1479 1449 1617 1481 mittam;
1638 1455 1706 1477 tuus
1720 1456 1818 1487 pater,
1838 1449 1974 1489 Philippe
1985 1469 1994 1482 ‚
2014 1459 2118 1480 nonne
2131 1459 2195 1480 uno

1237 1498 1373 1529 tempore
1382 1499 1452 1519 cum
1463 1488 1523 1518 suis
1531 1487 1749 1519 inimicissimis
1766 1492 1798 1519 in
1814 1492 1938 1531 gratiam
1957 1490 2066 1521 rediit?
2084 1491 2196 1532 quibus

1237 1541 1309 1561 eum
1319 1531 1464 1561 omnibus
1475 1530 1579 1561 eadem
1589 1531 1756 1570 respublica
1764 1533 1971 1563 reconciliavit
1980 1553 1989 1567 ,
2009 1542 2076 1574 quae
2084 1534 2197 1565 aliena-

1237 1582 1288 1604 rat.
1312 1573 1410 1603 Multa
1416 1581 1557 1612 praetereo
1569 1593 1578 1606 ‚
1590 1572 1673 1613 quod
1684 1574 1804 1602 intueor
1812 1573 1914 1603 coram
1923 1575 1987 1603 baec
1995 1575 2114 1605 lumina
2124 1595 2133 1608 ‚
2153 1583 2198 1605 at-

1237 1625 1294 1678 qssue
1304 1623 1480 1645 ornamenta
1489 1614 1660 1654 reipublicae
1676 1617 1707 1644 P.
1717 1615 1879 1645 Servilium
1890 1635 1898 1649 ,
1917 1615 1950 1645 &
1961 1617 2004 1645 M.
2014 1616 2193 1650 Lucullum,

1238 1660 1248 1698 s
1276 1659 1391 1687 utinam
1402 1658 1492 1686 etiam
1503 1656 1688 1686 L.Lucullus
1697 1656 1749 1685 ille
1760 1657 1899 1694 viveret.)
1918 1659 1993 1698 Qae
2001 1656 2124 1688 fuerunt
2134 1660 2197 1688 ini-

1239 1701 1361 1730 micitiae
1369 1700 1518 1739 graviores
1528 1699 1560 1727 in
1571 1699 1700 1731 civitate,
1711 1697 1801 1738 quam
1814 1698 2119 1739 Lucullorum‚atque
2129 1702 2196 1730 Ser-

1239 1741 1407 1772 viliorum?
1423 1749 1496 1780 quas
1514 1740 1547 1768 in
1568 1741 1639 1768 viris
1660 1738 1828 1769 fortissimis
1844 1749 1908 1769 non
1928 1740 2029 1770 solum
2046 1740 2195 1772 exstinxit

1239 1781 1391 1824 reipublicae
1403 1781 1546 1821 dignitas,
1567 1781 1599 1810 ὃς
1615 1780 1769 1819 ipsorum3
1787 1780 1837 1810 sed
1854 1782 1944 1811 etiam
1963 1781 1999 1812 ad
2015 1783 2197 1817 amicitiam.

1238 1823 1551 1862 consuetudinemque
1572 1822 1713 1852 traduxit.
1744 1822 1846 1863 Qid?
1867 1824 2059 1863 QMetellus
2080 1826 2197 1865 Nepos,

1239 1876 1343 1897 nonne
1353 1864 1458 1895 consul
1468 1867 1501 1894 in
1511 1864 1626 1904 templo
1634 1865 1720 1905 Jovis
1729 1866 1840 1904 optimi
1852 1885 1860 1898 ,
1875 1867 2006 1895 maximi
2020 1885 2029 1899 ,
2039 1875 2197 1905 permotus

1238 1908 1311 1940 cum
1321 1907 1496 1938 aufiioritate
1504 1905 1609 1940 vestra,
1621 1915 1687 1936 tum
1697 1906 1781 1936 illius
1788 1908 1941 1938 P.Servilii
1952 1908 2124 1938 incredibili
2131 1918 2198 1950 gra-

1239 1953 1329 1982 vitate
1340 1948 1478 1982 dicendi,
1492 1947 1596 1978 absens
1606 1958 1728 1978 mecum
1740 1968 1748 1982 ‚
1764 1949 1886 1979 summo
1897 1949 1951 1979 suo
1962 1948 2112 1980 beneficio
2124 1971 2133 1984 ‚
2148 1960 2197 1980 re-

1239 1993 1296 2024 diit
1313 1996 1344 2022 in
1362 1993 1508 2033 gratiam?
1530 1992 1580 2020 An
1595 2000 1650 2032 ego
1663 1989 1783 2030 poss'um
1799 1992 1869 2021 huic
1882 1989 1941 2020 effe
1962 1993 2125 2025 inimicus,
2144 2002 2199 2022 cu·-

1236 2037 1286 2076 jus
1297 2035 1389 2064 literis
1399 2053 1407 2066 ,
1427 2032 1508 2063 fama
1518 2052 1527 2065 ,
1543 2035 1660 2062 nuntiis
1669 2052 1677 2066 ,
1687 2033 1874 2063 celebrantur
1882 2042 1965 2063 aures
1974 2033 2110 2074 quotidie
2122 2043 2198 2065 meae

1239 2078 1329 2108 novis
1339 2075 1520 2106 nominibus
1532 2076 1671 2116 gentium
1682 2095 1690 2108 ,
1706 2077 1866 2105 nationum
1879 2094 1887 2108 ,
1902 2075 2062 2106 locorum?
2084 2075 2194 2110 Ardeo,

1242 2121 1321 2150 mihi
1331 2117 1441 2148 credite
1452 2138 1460 2151 ‚
1480 2125 1575 2157 patres
1584 2117 1744 2157 conscripti
1754 2116 1796 2155 (id
1807 2116 1887 2158 quod
1898 2115 2017 2147 vosmet
2026 2117 2062 2147 de
2072 2127 2122 2148 me
2132 2119 2198 2148 exi-

1248 2161 1390 2193 stimatis,
1414 2160 1447 2190 &
1463 2158 1560 2189 facitis
1577 2157 1642 2199 ipsi)
1653 2159 1825 2189 incredibili
1834 2158 1967 2200 quodam
1976 2169 2079 2189 amore
2086 2161 2199 2199 patriae:

1242 2206 1295 2246 qui
1314 2213 1364 2233 me
1382 2211 1467 2232 amor
1484 2202 1517 2231 δε
1534 2200 1694 2231 subvenire
1706 2201 1783 2231 olim
1798 2200 2048 2241 impendentibus
2057 2201 2201 2241 periculis

1244 2246 1389 2276 maximis
1398 2254 1468 2274 cum
1479 2242 1678 2273 dimicatione
1685 2243 1790 2283 capitis
1800 2262 1808 2276 ,
1822 2243 1855 2272 &
1865 2242 1982 2272 rursum
1993 2263 2001 2276 ,
2012 2241 2084 2273 cum
2095 2244 2199 2274 omnia

1243 2288 1300 2318 tela
1310 2287 1445 2327 undique
1453 2284 1511 2315 ess'e
1518 2288 1633 2314 intenta
1640 2286 1673 2314 in
1681 2286 1805 2324 patriam
1815 2284 1949 2314 viderem
1959 2304 1967 2318 ,
1978 2284 2076 2314 subire
2086 2286 2199 2325 coegit,

1244 2339 1331 2370 atque
1341 2337 1477 2367 excipere
1488 2336 1584 2356 unum
1594 2335 1648 2366 pro
1659 2324 1811 2355 universis.
1835 2327 1884 2355 hic
1897 2335 1947 2355 me
1963 2336 2049 2356 meus
2067 2328 2100 2356 in
2119 2336 2200 2356 rem-

1245 2371 1396 2410 publicam
1416 2371 1538 2399 animus
1555 2366 1716 2407 pristinus,
1735 2377 1768 2398 ac
1784 2369 1954 2408 peremnis,
1974 2378 2045 2398 cum
2056 2369 2203 2399 C.Caesare

1246 2411 1382 2444 reducit,
1405 2410 1579 2440 reconciliat
1592 2430 1601 2442 ,
1625 2408 1754 2439 restituit
1772 2412 1805 2439 in
1823 2411 1957 2450 gratiam.
1989 2409 2081 2451 Qiod
2097 2410 2204 2441 volent

1247 2454 1377 2494 denique
1394 2472 1403 2485 ,
1435 2453 1575 2482 homines
1593 2450 1788 2486 existiment3
1820 2460 1952 2481 NEMINI
1981 2461 2046 2482 Eoo
2075 2460 2203 2483 PossuM

1247 2505 1321 2525 fissa
1352 2504 1438 2524 BENE
1469 2503 1512 2523 DE
1542 2502 1739 2522 REPUBLch
1771 2502 1927 2523 MERENT1
1960 2503 2028 2524 NON
2058 2502 2204 2525 AMicus.

1249 2538 1372 2567 Etenim
1387 2535 1408 2565 si
1421 2537 1458 2565 iis
1468 2555 1477 2569 ,
1497 2536 1550 2576 qui
1561 2536 1623 2565 haec
1633 2537 1738 2565 omnia
1748 2533 1870 2565 flamma
1880 2555 1888 2569 ‚
1909 2544 1941 2565 ac
1950 2534 2028 2566 ferro
2038 2535 2137 2567 delere
2145 2546 2204 2567 vo·
2223 2546 2266 2573 10
2297 2523 2321 2568 .-
2336 2535 2337 2551 ³

1248 2580 1387 2612 luerunt,
1404 2588 1469 2608 non
1479 2578 1656 2607 inimicitias
1666 2576 1766 2607 solum
1779 2597 1787 2611 ,
1802 2577 1851 2607 sed
1862 2578 1952 2607 etiam
1962 2577 2080 2608 bellum
2089 2577 2203 2613 indixi,

1248 2630 1334 2664 atque
1344 2621 1436 2652 intuli
1447 2639 1456 2655 ,
1471 2618 1542 2651 curn
1553 2621 1663 2661 partim
1673 2620 1752 2650 mihi
1762 2619 1886 2650 illorum
1896 2618 2057 2651 familiares
2068 2641 2076 2654 ‚
2096 2623 2205 2660 partim

2099 2670 2200 2698 etiam,

285 2780 308 2797 ι.
331 2774 357 2796 In
375 2772 464 2802 exostra
481 2769 624 2804 bellatumn]
646 2769 689 2795 Sic
707 2768 785 2795 etiam
803 2765 930 2804 potissimi
948 2765 1078 2791 librorum
1098 2763 1202 2790 nostro-

248 2816 318 2833 ruin.
337 2806 369 2832 de
380 2816 430 2842 qua
443 2816 504 2833 voce
514 2805 663 2832 consulatur
674 2804 814 2831 Turnebus
826 2803 872 2829 lib.
884 2812 932 2829 xx.
952 2800 1096 2829 Adverfiir.
1107 2810 1162 2836 cap.
1172 2807 1201 2835 9.

247 2844 515 2876 aiiteaei·.1torchcstra
528 2862 535 2874 ,
555 2841 735 2877 acoiijeetum
754 2840 962 2868 neotericoi-um.
982 2847 1042 2864 iiam
1061 2836 1123 2864 edd.
1135 2843 1202 2862 vett.
1224 2847 1227 2872 ζ

247 2882 272 2906 in
283 2880 379 2905 exedra.

285 2924 312 2941 2.
332 2916 398 2948 Qod
407 2918 546 2947 caprimum
557 2915 658 2948 dissimile
671 2933 678 2946 ,
696 2914 763 2948 cha]
785 2911 894 2940 Gembl.
916 2912 943 2937 S.
953 2909 1027 2937 Vist.
1038 2909 1095 2936 Pal.
1106 2918 1202 2940 nonus,

246 2953 314 2986 quid.
335 2950 403 2977 unde
414 2950 551 2986 distinguit
562 2950 743 2980 (iulielmiuffi
765 2950 875 2981 ginden
885 2951 1003 2981 ?p›·imum
1014 2947 1065 2979 diss.
1185 2966 1197 2975 ·.

285 2996 311 3022 3.
331 2989 388 3013 Cum
408 2988 555 3019 mastrucatis
575 2986 742 3021 latrunculis]
763 2983 956 3021 Interpretatio
974 2980 1088 3019 petenda
1107 2982 1121 3007 a
1133 2971 1205 3007 Tu'i-

249 3023 316 3051 ncbo
327 3022 354 3049 d.
365 3033 388 3049 c.
399 3031 426 3058 9.

283 3068 312 3092 4.
334 3063 379 3085 Hos
390 3061 473 3084 retinet
482 3059 573 3093 Λητὼ]
586 3059 624 3084 Ita
636 3057 794 3089 Lambinus,
804 3056 855 3083 side
866 3054 1025 3092 exemplaris
1036 3054 1064 3080 S.
1073 3051 1203 3084 Viftoiis,

248 3096 289 3123 cui
302 3095 440 3131 respondet
452 3094 508 3120 Pal.
520 3104 614 3120 nonus.
634 3095 742 3129 antique
757 3103 803 3129 pro
814 3095 904 3125 ambos,
915 3093 980 3118 utin
994 3090 1108 3126 vulgatis
1117 3109 1123 3114 .

287 3141 313 3165 5.
333 3136 385 3159 :An
403 3141 447 3156 mn
457 3132 563 3156 ‘Tiberim
573 3131 719 3163 Grati-hm]
742 3129 882 3155 l'eriodnm
895 3129 959 3155 hanc
972 3127 1129 3164 posteriores
1148 3123 1206 3150 edi-

246 3168 333 3196 tiones
353 3167 538 3195 distraxerant.
566 3175 606 3193 rei
615 3175 690 3193 ocari
709 3166 766 3193 licie
785 3166 811 3193 iii
831 3165 904 3192 suum
926 3165 1014 3191 locum
1027 3182 1035 3196 ,
1056 3160 1206 3189 volentibus

1228 2783 1229 2786 ,
1246 2759 1367 2788 omnibus
1380 2759 1437 2786 mss.
1449 2757 1542 2785 nostris
1555 2776 1563 2789 ,
1576 2767 1624 2784 nec
1639 2767 1690 2784 non
1701 2757 1762 2784 edd.
1773 2756 1861 2794 priscis
1875 2777 1882 2789 ‚
1893 2756 1974 2783 etiam
1984 2755 2057 2783 Petri
2067 2754 2183 2783 Viftorii
2194 2763 2204 2787 3

1248 2807 1279 2824 ne
1290 2797 1316 2823 id
1329 2796 1400 2823 forte
1413 2796 1458 2822 fibi
1469 2801 1576 2829 arroget
1589 2794 1746 2826 Lambinus,
1764 2801 1793 2820 ut
1804 2801 1890 2820 tamen
1903 2792 1976 2819 facit.

1283 2834 1312 2859 6.
1333 2836 1373 2860 An
1390 2832 1446 2857 verb
1462 2835 1495 2858 M
1513 2831 1549 2857 ille
1566 2831 1697 2864 Lepidm]
1718 2829 1828 2856 Reduxi
1848 2828 1943 2865 scriptu
1949 2836 2002 2856 ram
2022 2827 2088 2854 olim
2107 2826 2206 2860 cusam,

1249 2870 1434 2904 firmatamque
1445 2867 1512 2894 Pali.
1523 2866 1578 2902 post
1588 2866 1715 2902 impressi,
1730 2875 1762 2891 an
1771 2875 1816 2891 non
1826 2869 1865 2891 bl.
1877 2864 1955 2891 male.

1284 2914 1311 2940 7.
1332 2909 1383 2932 Non
1395 2905 1470 2939 fiiliaem
1479 2906 1587 2929 memori:
1596 2902 1744 2936 testimonio]
1766 2902 1808 2927 Sic
1820 2901 1876 2927 Pal.
1888 2909 1972 2927 nonus
1985 2919 1993 2932 ,
2014 2899 2206 2937 respondetque

1249 2942 1399 2968 Plurearius
1410 2942 1436 2967 S.
1450 2939 1578 2966 Victoris.
1598 2939 1716 2974 vulgata,
1728 2939 1836 2963 memoria
1844 2938 1873 2968 ὼ
1881 2939 2014 2969 testimonio.

1284 2978 1311 3004 8.
1323 2981 1418 3004 Utinam
1426 2979 1497 3002 etiam
1506 2976 1652 3002 L.Lucullus
1661 2976 1697 2999 ille
1705 2972 1824 3006 viverem]
1837 2974 1995 2999 Lectionein
2008 2972 2072 2999 lianc
2080 2971 2208 2998 damnant

1249 3014 1314 3040 editi
1327 3014 1387 3040 libri
1398 3013 1544 3048 antiquitus
1557 3030 1566 3043 ,
1576 3012 1640 3038 item
1652 3009 1740 3045 scripti
1751 3009 1842 3036 nostri.
1864 3009 1904 3035 illi
1916 3008 2108 3045 praeferuntille
2117 3008 2206 3042 defi-re-

1249 3050 1338 3083 ret5hi
1352 3069 1360 3081 ,
1380 3050 1504 3083 definere13
1523 3046 1570 3073 nisi
1588 3045 1659 3082 quod
1671 3046 1729 3072 Pal.
1750 3055 1834 3072 nonus
1845 3045 1872 3070 ὃ(
1884 3046 1910 3070 3.
1921 3044 1993 3071 ViSt.
2013 3044 2134 3075 desiderat.
2154 3053 2206 3069 non

1251 3086 1317 3112 libet
1328 3095 1372 3112 aut
1383 3086 1445 3111 licet
1456 3084 1590 3120 inquirere
1600 3083 1626 3109 in
1638 3091 1734 3109 annum
1746 3091 1798 3118 quo
1809 3081 1884 3107 obiit:
1894 3080 1936 3107 sed
1948 3088 2036 3107 tamen
2047 3089 2080 3106 ex
2092 3080 2130 3105 his
2142 3078 2208 3104 faci-

1255 3122 1279 3148 lc
1291 3123 1349 3158 quis
1360 3121 1481 3152 finxerit,
1491 3123 1583 3146 utinam
1593 3122 1663 3145 etiam
1673 3120 1820 3144 L.Lucullus
1829 3118 1993 3152 illc-sesineret,
2003 3116 2102 3142 scilicet
2111 3117 2209 3141 intueri.

1251 3159 1343 3186 Ahala:
1355 3158 1422 3186 liber
1431 3156 1541 3194 praefert
1550 3159 1646 3184 veniret
1658 3174 1667 3188 ,
1678 3154 1749 3192 quod
1759 3155 1838 3182 etiam
1849 3153 1927 3182 habet
1937 3162 1990 3190 quo
1999 3152 2024 3180 se
2034 3158 2151 3180 tueatur.
2177 3188 2193 3211 D

2142 3196 2165 3214 ι.
2192 3187 2206 3212 't
