2295 3400
616 55 629 64 n

149 134 246 198 336
553 133 624 179 M.
705 103 1066 176 TuiLL11

149 216 222 248 fecit
231 237 240 250 ‚
255 214 425 247 testimonia
435 213 536 246 sumsit
546 233 555 247 ‚
574 213 607 243 δε
618 213 661 242 'eis
672 212 703 242 in
714 211 798 241 causa
806 208 988 241 testimoniis
997 208 1101 238 utitur.

149 261 248 299 itaque
261 261 337 288 mihi
348 267 460 287 certum
471 255 513 285 est
523 275 532 288 ,
544 263 758 293 recuperatores
768 273 776 285 ‚
792 251 950 292 antequam
960 249 995 279 ad
1006 258 1106 279 meam

151 299 369 331 defensionem,
382 298 522 338 meosque
533 295 629 326 testeis
640 297 742 327 venio,
759 294 833 322 iuius
843 294 887 321 uti
896 290 1060 330 confeffione,
1072 290 1105 320 &

152 341 343 371 testimoniis.
367 338 447 381 (Qid
457 337 616 368 confitetur
626 358 635 370 ,
650 346 735 376 atque
746 337 784 365 ita
793 335 922 364 libenter
931 331 1102 365 confitetur,

151 392 186 412 ut
197 393 259 412 non
272 382 367 412 solum
379 381 473 413 fateri,
485 379 532 409 sed
546 381 635 409 etiam
647 375 779 417 profiteri
788 376 923 406 videatur
934 396 942 408 ,
954 383 1116 414 recupera--

153 425 253 453 tores?
271 423 442 453 Convocavi
457 423 614 450 homines:
634 421 736 459 coegi:
753 420 883 448 armavi:
903 425 1013 447 terrore
1023 424 1107 444 mor-

154 467 204 497 tis,
215 475 247 494 ac
256 464 389 504 periculo
403 465 516 503 capitiS‚
528 473 564 491 ne
574 461 735 493 accederes,
748 459 852 490 obstiti
864 470 868 487 :
879 457 970 491 ferro,
983 457 1106 497 (inquit)

146 507 223 546 ferro
234 526 242 539 ‚
264 506 310 545 g&
326 507 383 535 hoc
397 505 471 534 dicit
483 506 515 533 in
533 503 661 544 judicio)
679 512 706 532 te
723 502 810 540 rejeci
821 522 829 534 ‚
851 510 936 540 atque
951 502 1104 540 perterrui.

153 547 235 588 Qid
249 551 258 576 ?
276 546 362 577 testes
371 546 442 587 quid
452 546 552 586 ajunt?
572 548 602 575 Ρ.
614 545 741 573 vetilius
752 563 759 576 ,
779 544 964 582 propinquus
974 540 1102 571 AEbutii‚

153 589 183 619 se
206 589 332 619 AEbutio
348 598 417 617 cum
435 589 552 617 armatis
570 587 661 616 servis
677 583 789 615 venisse
809 584 998 614 advocatum.
1020 580 1101 623 Qid

151 633 309 670 practerea?
328 628 413 659 fuissls
431 629 765 669 complureis-‘armatos
798 625 879 667 Qid
889 624 989 655 aliud?
1008 632 1106 652 mina-

152 681 222 702 tum
241 671 299 701 ess'e
318 672 477 702 AEbutium
496 672 628 700 Caecinae.
650 668 732 710 Qid
742 678 796 709 ego
806 668 842 697 de
852 668 909 696 hoc
917 665 987 696 teste
997 665 1105 695 dicam,

154 713 212 743 nisi
230 714 287 744 hoc
298 733 307 746 ‚
325 721 541 753 recuperatores
551 732 559 745 ‚
579 720 613 741 ut
623 709 733 740 idcirco
746 720 808 739 non
821 707 924 738 minus
936 709 962 736 ei
973 706 1107 737 credatis,

155 753 240 795 quod
261 756 356 784 homo
374 752 479 784 minus
496 753 624 783 idoneus
646 752 784 781 habetur:
814 750 862 780 sed
882 748 951 779 ideo
969 747 1104 791 credatis,

155 795 239 837 quod
250 806 287 826 ex
297 796 346 826 illa
356 795 474 836 parteid
483 795 557 824 dicit
566 814 574 828 ‚
592 794 674 835 quod
686 794 730 823 ilii
740 792 830 822 causae
842 789 976 826 maxime
987 788 1029 818 est
1038 790 1108 816 alic-

153 848 224 867 num
237 841 248 866 ?
272 841 307 868 A.
317 838 488 871 Terentius,
500 837 570 866 alter
578 835 672 867 testis,
684 845 747 864 non
760 833 854 863 modo
867 832 1026 862 AEbutium
1038 849 1046 863 ,
1060 828 1109 859 sed

157 882 251 909 etiam
264 880 402 918 seipsum
412 880 515 919 arguit.
539 879 572 907 in
583 878 741 907 AEbutium
752 876 809 905 hoc
819 874 902 906 dicit,
912 881 1037 902 armatos
1053 872 1108 900 ho-

160 923 263 951 mines
272 919 376 950 fuisse:
395 920 432 950 de
442 921 470 950 se
479 929 578 950 autem
587 920 644 948 hoc
654 917 789 957 praedicat
798 936 806 950 ‚
819 916 980 947 Antiocho,
992 912 1108 943 AEbutii

159 963 246 993 servo
256 983 264 996 ‚
275 961 427 1002 imperasse
437 981 445 995 ‚
461 963 535 991 utin
549 962 696 990 Caecinarn
706 958 916 988 advenientem
928 975 935 988 ,
951 965 1021 985 cum
1031 953 1110 984 ferro

159 1004 322 1034 invaderet.
354 1003 434 1044 Qid
445 1003 548 1043 loquar
557 1002 685 1042 amplius
696 1001 752 1030 hoc
761 1000 797 1029 de
806 1000 933 1028 homine
944 998 953 1023 ?
975 999 1006 1026 in
1018 1005 1109 1037 quem

160 1055 217 1087 ego
227 1046 334 1079 dicere,
345 1044 416 1075 cum
426 1054 541 1085 rogarer
549 1043 566 1073 a
576 1044 692 1073 Caecina
702 1061 710 1075 ,
723 1050 889 1082 numquam
902 1039 985 1069 volui
996 1058 1004 1071 ‚
1017 1048 1055 1067 ne
1066 1047 1109 1066 ar-

159 1097 250 1128 guere
259 1088 348 1117 illum
361 1087 401 1116 rei
417 1086 543 1126 capitalis
559 1085 687 1115 viderer:
709 1083 744 1113 dc
754 1093 790 1112 eo
801 1082 906 1112 dubito
916 1090 997 1110 nunc
1008 1099 1016 1113 ,
1033 1088 1110 1119 quo—

159 1129 259 1158 modo
277 1137 326 1158 aut
343 1128 462 1169 loquar,
479 1136 530 1157 aut
544 1136 652 1156 taceam
666 1145 674 1159 ,
691 1124 764 1154 curn
780 1125 839 1163 ipse
852 1125 908 1152 hoc
918 1122 953 1151 de
965 1122 993 1152 se
1000 1122 1111 1160 juratus

159 1170 308 1210 praedicet.
331 1169 440 1199 deinde
458 1171 493 1198 L.
505 1168 616 1198 Coelius
628 1177 690 1197 non
701 1166 799 1196 solum
812 1165 973 1194 AEbutium
987 1172 1057 1192 curn
1068 1172 1111 1191 ar-

161 1213 250 1241 matis
261 1209 430 1241 dixitfuiffe
440 1209 658 1249 compluribus,
669 1207 777 1238 verum
788 1209 876 1236 ctiam
885 1215 954 1235 curn
964 1204 1111 1234 advocatis

159 1254 315 1293 perpaucis
334 1262 370 1281 eo
387 1250 500 1282 venisse
517 1253 677 1281 Caecinam.
714 1252 762 1279 De
781 1249 839 1278 hoc
857 1257 912 1288 ego
929 1245 1000 1276 teste
1017 1245 1112 1275 detra-

162 1296 250 1324 ham:
278 1296 327 1323 cui
345 1294 447 1334 atque,
477 1302 563 1333 atque
580 1303 637 1321 meo
654 1290 731 1327 testi,
760 1300 792 1320 ut
808 1289 949 1321 credatis,
968 1287 1110 1327 postulo?

106 1344 118 1368 1
127 1344 149 1369 0
162 1338 192 1367 P.
204 1337 373 1365 Memmius
385 1336 499 1365 secutus
510 1333 617 1375 est,qui
626 1334 657 1363 su
663 1343 714 1363 um
723 1341 788 1363 non
797 1340 921 1371 parvum
931 1327 1112 1359 beneficium

161 1379 416 1408 commemoravit
430 1379 464 1406 in
481 1379 594 1406 amicos
605 1377 729 1405 Caecinae
742 1394 750 1408 ,
770 1373 880 1413 quibus
892 1372 951 1402 sese
969 1373 1049 1400 viam
1063 1380 1114 1409 per

161 1419 260 1450 fratris
270 1419 312 1448 sui
323 1418 453 1448 fundum
464 1416 575 1448 dedisse
583 1417 668 1450 dixi,
688 1417 745 1457 qua
755 1413 883 1455 effugere
891 1411 1010 1453 possent
1019 1432 1027 1446 ,
1042 1413 1113 1441 curn

161 1459 257 1491 ess'ent
266 1469 348 1490 metu
360 1457 480 1489 omneis
490 1461 645 1499 perterriti.
678 1460 758 1487 Huic
768 1466 822 1498 ego
833 1455 898 1485 testi
908 1457 1010 1496 gratias
1019 1463 1113 1495 agam,

160 1501 246 1543 quod
257 1502 330 1531 &in
341 1511 370 1530 re
387 1500 613 1531 misericordem
634 1500 662 1530 se
674 1499 820 1539 praebuit‚
837 1497 870 1527 &
889 1499 922 1526 in
940 1495 1116 1526 testimonio

160 1543 334 1584 relzgiosum.
358 1546 395 1572 A.
410 1543 518 1572 Atilius
529 1563 537 1576 ,
550 1541 582 1571 ὃς
592 1543 655 1581 ejus
667 1540 747 1571 filius
757 1543 792 1570 L.
804 1539 916 1569 Atilius
925 1558 934 1572 ‚
948 1538 980 1567 &
990 1546 1117 1567 armatos

162 1585 209 1615 ibi
221 1583 317 1618 i'uisl'e,
328 1584 360 1614 ὃς
372 1585 400 1614 se
409 1585 476 1614 suos
485 1592 612 1614 armatos
621 1580 772 1613 adduxifl‘e
783 1581 926 1610 dixerunt
938 1590 943 1608 z
961 1581 1051 1609 etiam
1060 1579 1118 1608 hoc

163 1625 313 1667 amplius:
334 1636 404 1656 curn
415 1626 554 1656 AEbutius
566 1627 688 1655 Caecinae
699 1623 807 1652 malum
816 1624 991 1653 minaretur,
1002 1621 1043 1650 ibi
1053 1629 1118 1649 tum

154 1670 316 1707 *Caecinam
327 1666 494 1707 postulasse,
506 1677 538 1697 ut
548 1666 684 1696 moribus
694 1664 835 1695 deductio
846 1662 937 1693 fieret.
959 1665 1026 1692 Hoc
1037 1661 1118 1691 idem

164 1713 199 1741 P.
211 1709 345 1739 Rutilius
355 1709 442 1742 dixit,
455 1710 488 1738 &
497 1719 534 1738 eo
545 1706 689 1738 libentius
699 1707 794 1740 dixit,
810 1714 842 1735 ut
851 1706 952 1745 aliquo
963 1703 1119 1743 injudicio

166 1752 233 1790 ejus
253 1750 429 1780 testimonio
446 1751 591 1780 creditum
610 1758 767 1789 putaretur.
800 1751 871 1777 Duo
884 1754 1021 1786 praeterea
1034 1743 1120 1774 testes

170 1797 182 1813 ¹
194 1793 274 1822 nihil
291 1792 328 1822 de
345 1794 394 1825 vi,
414 1792 464 1822 sed
480 1792 516 1821 de
528 1792 586 1831 ipsa
596 1792 730 1821 emtione
739 1789 828 1819 fundi
839 1788 990 1818 dixerunt.
1014 1789 1044 1817 P.
1056 1789 1120 1816 Cae—

169 1835 292 1865 sennius
303 1854 312 1867 ‚
330 1833 433 1863 auCtor
442 1832 547 1866 fundi,
571 1842 705 1862 nontam
722 1830 894 1859 auffrori'tate
910 1831 1008 1871 gravi,
1029 1828 1119 1868 quam

169 1885 293 1915 corpore
305 1886 310 1904 :
333 1875 365 1904 &
375 1877 553 1916 argentarius
562 1877 628 1904 Sex.
640 1873 765 1903 Clodius
776 1893 783 1906 ‚
804 1874 853 1902 cui
862 1881 934 1900 nom
941 1880 977 1900 en
986 1869 1028 1899 est
1037 1871 1123 1899 Phor-

169 1918 228 1946 mio
240 1937 247 1950 ,
259 1926 314 1946 nec
325 1918 427 1945 minus
438 1919 531 1957 niger,
541 1925 597 1945 nec
607 1917 709 1945 minus
718 1913 886 1946 confidens,
897 1911 988 1953 quam
997 1912 1049 1941 ille
1059 1914 1121 1940 Te-

169 1960 321 1988 rentianus
332 1957 374 1987 est
386 1959 542 1990 Phormio,
554 1958 631 1986 nihil
641 1956 676 1986 de
684 1959 716 1985 vi
726 1956 877 1987 dixerunt,
889 1954 966 1983 nihil
975 1962 1121 1993 praeterea,

170 1999 253 2041 quod
268 1999 303 2030 ad
322 1998 453 2029 vestrum
469 1999 619 2038 judicium
638 2000 806 2037 pertineret.
830 1998 961 2026 Decimo
972 1993 1045 2024 vero
1055 1994 1123 2024 loco

172 2040 253 2071 testis
267 2040 460 2081 exspe&atus,
472 2041 505 2071 ὃς
514 2040 551 2069 ad
560 2048 715 2068 extremum
724 2039 877 2078 reservatus
889 2057 898 2070 ‚
909 2037 997 2070 dixit,
1008 2036 1124 2066 senator

170 2083 276 2123 populi
284 2084 429 2115 Romani,
440 2082 579 2122 splendor
587 2081 805 2114 ordinis,decus
815 2088 901 2120 atque
911 2086 1122 2109 ornamentum

154 2149 159 2152 .
173 2126 355 2163 judiciorum
366 2144 374 2158 ,
397 2124 549 2164 exemplar
568 2125 696 2163 antiquat
715 2123 871 2163 religionis
882 2141 890 2153 .
920 2120 1122 2150 Fidiculanius

172 2166 290 2196 Falcula
302 2176 306 2194 :
325 2168 376 2205 qui
393 2165 466 2196 cum
477 2168 517 2195 ita
525 2166 688 2195 vehemens
699 2183 707 2197 ,
727 2173 850 2204 acerque
858 2160 985 2191 venisset
996 2183 1004 2194 ,
1019 2170 1052 2190 ut
1061 2170 1124 2190 non

173 2206 271 2237 modo
283 2209 434 2237 Caecinam
445 2208 575 2247 perjurio
589 2207 642 2236 suo
652 2205 781 2237 laederet,
796 2203 844 2234 sed
855 2206 943 2233 etiam
954 2204 1032 2233 mihi
1042 2202 1125 2231 vide-

175 2258 255 2279 retur
265 2250 348 2279 irasci
360 2260 368 2282 3
386 2251 426 2278 ita
435 2258 505 2278 eum
515 2247 677 2288 placidum,
690 2246 876 2285 mollemque
886 2240 1050 2278 reddidi‚u't
1059 2253 1123 2273 non

172 2288 295 2320 auderet
304 2310 311 2323 ‚
323 2289 393 2319 sicut
403 2289 587 2320 meministis
595 2309 603 2322 ,
616 2293 724 2318 iterum
735 2287 832 2316 dicere
841 2306 849 2319 ‚
868 2295 940 2326 quot
950 2286 1047 2315 millia
1054 2284 1125 2314 fun-

174 2332 230 2362 dus
245 2332 313 2362 suus
325 2329 434 2361 abess'et
449 2332 486 2361 ab
501 2331 581 2361 urbe.
606 2340 677 2359 nam
694 2328 766 2358 cum
785 2326 904 2358 dixisset
921 2331 935 2346 2
946 2325 1049 2356 minus
1075 2327 1127 2356 ab-

174 2371 234 2403 efl'e
246 2383 326 2403 ΜΠ.
335 2373 463 2412 populus
474 2383 544 2402 cum
554 2372 612 2402 risu
620 2371 792 2401 acclamavit
801 2389 809 2403 ‚
828 2369 887 2410 ipfii
896 2367 951 2406 effi.
976 2369 1129 2397 memine-

174 2424 241 2445 rant
250 2416 334 2444 enirn
346 2424 453 2444 omnes
464 2434 472 2447 ,
491 2423 637 2454 quantum
659 2415 690 2442 in
708 2412 838 2441 Albiano
852 2410 968 2449 judicio
981 2408 1128 2450 accepisset.

173 2459 212 2486 In
223 2466 292 2486 eum
304 2456 376 2497 quid
387 2456 496 2489 dicam,
507 2453 561 2485 nisi
571 2455 612 2488 id,
625 2453 705 2495 quod
715 2463 818 2494 negare
829 2461 891 2482 non
900 2450 986 2491 poffit
996 2455 1007 2479 ?
1019 2449 1130 2480 venisse

174 2500 210 2528 in
220 2496 379 2528 consilium
389 2497 515 2538 publicat
525 2495 698 2537 quaestionis
710 2516 718 2529 ,
736 2497 808 2525 curn
828 2494 891 2534 ejus
910 2491 1025 2523 consilii
1040 2491 1130 2530 judex

176 2549 241 2570 non
252 2537 338 2569 ess'et:
357 2540 433 2569 &in
443 2549 480 2569 eo
489 2537 615 2568 consilio
624 2558 632 2570 ‚
646 2536 717 2567 cum
730 2536 847 2566 causam
857 2545 920 2564 non
932 2532 1056 2564 audisset
1066 2553 1075 2567 ‚
1097 2534 1129 2563 ὃς

176 2580 302 2621 potestas
311 2579 380 2610 esset
389 2579 572 2620 ampliandi,
593 2577 699 2608 dixisse
718 2588 784 2608 siin
807 2585 975 2615 LIQERE:
998 2575 1072 2605 dum
1083 2576 1131 2604 in-

176 2624 297 2663 cognita
307 2622 472 2661 rejudicare
484 2619 625 2651 voluisset
635 2641 643 2654 ‚
658 2618 792 2650 maluisse
801 2618 1018 2651 condemnare,
1039 2616 1129 2657 quam

176 2663 329 2693 absolvere
342 2674 346 2692 ;
363 2663 434 2693 cum
445 2683 453 2698 ‚
475 2662 497 2692 si
514 2673 576 2693 uno
598 2661 700 2691 minus
720 2661 894 2691 damnarent
903 2679 912 2693 ,
935 2658 1130 2689 condemnari

174 2714 242 2735 reus
253 2714 315 2733 non
328 2703 422 2744 poli‘et
433 2725 441 2737 ‚
458 2714 521 2734 non
531 2705 564 2734 ad
574 2702 815 2734 coenoscendam
832 2702 946 2731 causam
957 2720 966 2734 ,
978 2700 1026 2730 sed
1036 2699 1070 2729 ad
1081 2710 1130 2728 ex-

171 2745 303 2788 plendam
310 2745 463 2776 damnatio
488 2756 536 2776 em
545 2729 650 2786 praeffo
660 2743 755 2774 fuisse.
767 2742 879 2773 Utrum
890 2744 1007 2783 gravius
1016 2741 1130 2781 aliquid

176 2798 210 2817 in
220 2789 393 2828 quempiam
403 2756 584 2827 dicissooest,
604 2787 694 2828 quam
706 2786 740 2816 ad
751 2787 912 2815 hominem
924 2783 1130 2813 condemnan-

177 2829 252 2858 dum
265 2849 272 2862 ,
283 2838 374 2869 quem
386 2838 553 2869 numquam
563 2827 681 2858 vidiss‘et
690 2848 697 2860 ,
713 2837 810 2868 neque
819 2824 952 2859 audiss'et,
961 2823 1128 2854 adductum

173 2870 263 2911 pretio
272 2868 330 2899 ess'e
345 2873 356 2898 ?
373 2873 420 2899 An
429 2873 537 2900 certius
546 2870 710 2910 quidquam
722 2869 814 2908 objici
825 2866 932 2908 potest,
947 2866 1037 2909 quiri-n
1048 2866 1129 2906 quod

176 2921 218 2945 is,
238 2912 286 2941 cui
298 2911 457 2951 objicitur,
478 2922 515 2942 ne
526 2921 602 2942 nutu
610 2910 734 2952 quidem
745 2909 896 2941 infirmare
906 2910 1050 2939 conatur?
1070 2910 1130 2937 Ve-

218 3041 242 3058 1.
259 3033 368 3067 ‘Rglu'lde
376 3034 405 3057 vi
417 3050 425 3063 ‚
440 3032 516 3065 μάλα
525 3034 575 3065 zpjki
585 3037 693 3065 emptione
700 3032 797 3065 firmia]
820 3031 875 3058 l'al.
886 3040 926 3066 pr.
945 3032 997 3064 ipsa
1009 3050 1014 3056 .
1027 3050 1034 3056 .
1049 3050 1055 3056 .
1070 3050 1077 3057 .
1090 3050 1095 3055 .
1109 3050 1116 3056 .
1129 3050 1134 3056 .

177 3074 248 3101 atquc
257 3071 376 3101 emptione.
395 3077 480 3103 neque
490 3067 568 3094 aliter
579 3067 705 3095 secundus
718 3087 726 3099 ‚
746 3067 787 3094 sed
799 3067 851 3094 sine
863 3066 944 3103 spatio
958 3075 1049 3093 vacuo.
1071 3075 1137 3101 ergo

179 3103 245 3130 deiit
257 3103 357 3138 aliquid
370 3110 487 3139 oportet.

213 3148 241 3166 2.
260 3142 362 3169 &limus
371 3139 443 3174 ahffc
452 3147 523 3168 mn.
533 3139 659 3175 populum]
675 3139 744 3168 Pau.
754 3138 832 3169 ambo
842 3140 869 3167 &
880 3138 963 3168 editio
972 3137 1138 3175 primogeuia

1417 90 1421 94 “
1432 98 1444 105 μ

1135 120 1694 174 Ὀιεετιοὲὲἑιέ

1147 216 1318 238 rumtamen
1329 209 1353 238 is
1363 206 1453 242 testis,
1465 217 1497 239 ut
1506 207 1598 239 facile
1606 206 1821 249 intelligeretis,
1833 216 1904 239 eum
1915 217 1978 240 non
1988 206 2100 240 adfui&

1149 249 1176 279 se
1197 252 1301 279 animo
1311 270 1320 283 ,
1341 248 1413 280 curn
1423 250 1459 280 ab
1470 250 1530 279 illis
1538 250 1618 280 causa
1627 259 1758 291 ageretur
1767 269 1777 284 ‚
1801 249 1944 291 testesque
1952 249 2123 290 dicerent„

1148 290 1197 326 sed
1209 291 1348 331 tantisper
1356 291 1392 320 de
1403 291 1503 331 aliquo
1512 301 1563 321 reo
1570 290 1722 333 cogitasse:
1743 290 1815 321 cum
1832 292 1941 322 om‘nes
1949 301 2015 322 ante
2024 296 2096 322 eum

1147 331 1288 362 dixissent
1306 331 1392 362 testes
1403 353 1412 365 ,
1431 342 1558 363 armatos
1575 343 1646 362 cum
1666 333 1791 363 AEbutio
1807 332 2102 373 fuiss'ecornpiureis:

1149 374 1227 403 solus
1243 374 1321 404 dixit
1337 383 1400 404 non
1417 373 1514 404 fuiffe.
1546 374 1635 412 Visus
1648 373 1690 404 est
1699 374 1885 414 mihiprimo
1897 375 2102 405 veteratoriu-

1148 415 1279 457 telligere
1288 415 1424 455 praeclare
1435 435 1443 448 ,
1457 414 1530 456 quid
1540 414 1625 445 causa'
1632 424 1761 455 optaret:
1782 417 1816 446 &
1827 415 2041 446 tantummodo
2051 412 2100 444 er-

1150 466 1228 489 rare,
1252 456 1334 497 quod
1345 466 1466 486 omneis
1475 456 1574 486 testeis
1585 456 1765 491 infirmaret,
1784 460 1836 498 qui
1849 466 1916 488 ante
1925 467 1994 487 cum
2006 456 2100 487 dixis-
2135 460 2140 463 ⁷
2177 455 2186 462 ²

1149 498 1227 527 stnt:
1246 497 1426 528 cumsubito
1436 508 1504 528 ecce
1514 497 1597 527 idem
1608 517 1616 531 ,
1635 500 1688 539 qui
1707 498 1798 531 solet,
1820 499 1888 529 suos
1907 499 1986 529 solos
1999 499 2099 529 servos

1148 548 1275 569 armatos
1285 537 1372 569 fuisse
1381 539 1472 569 dixit.
1517 539 1597 579 Qd
1608 542 1677 570 huic
1687 549 1718 569 tu
1733 541 1853 570 homini
1870 539 1979 570 facias?
1994 549 2098 570 nonne

1148 580 1292 610 concedas
1302 581 1454 610 interdurn
1466 600 1474 614 ‚
1488 589 1521 610 ut
1531 581 1721 611 excusatione
1730 582 1856 612 summae
1866 580 2008 615 stultitiae,
2019 581 2101 611 sum-

1149 631 1207 651 ma:
1218 623 1417 662 improbitatis
1427 622 1534 652 odium
1551 622 1743 662 deprecetur?
1765 622 1876 653 Utrum
1887 643 1895 657 ,
1917 631 2102 663 recuperato-

1149 673 1193 692 res
1204 683 1211 696 ,
1231 665 1277 693 his
1287 663 1410 694 testibus
1428 674 1492 693 non
1501 663 1667 694 credidistis
1677 684 1684 698 ‚
1696 665 1767 694 cum
1777 684 1785 698 ,
1797 664 1869 705 quid
1880 665 2006 705 liqueret
2015 685 2024 697 ,
2036 674 2104 696 non

1149 704 1290 734 habuistis
1302 709 1313 734 ἒ
1335 708 1373 735 At
1384 703 1581 735 controversia
1590 716 1654 736 non
1664 715 1724 736 erat
1732 726 1740 739 ‚
1760 709 1834 747 quin
1844 716 1950 736 verum
1960 706 2103 736 dicerent.

1150 747 1240 776 An'in
1250 746 1350 776 costra
1360 747 1555 776 multitudine
1565 767 1574 780 ‚
1594 749 1626 777 in
1636 750 1726 777 armis
1737 767 1745 781 ‚
1767 751 1799 777 in
1808 748 1875 778 telis
1884 768 1894 781 ,
1917 750 1950 778 'in
1968 747 2106 788 praesenti

1151 796 1234 817 metu
1243 791 1360 821 mortis,
1370 788 1525 828 perspicuo
1534 789 1668 828 periculo
1676 788 1764 819 caedis
1776 809 1783 822 ‚
1797 789 1927 819 dubium
1936 789 2025 819 vobis
2033 788 2105 823 fuit,

1152 828 1254 858 utrum
1273 828 1331 859 ess'e
1348 840 1388 858 vu
1404 830 1672 871 at‘iqua‚videretur
1683 851 1691 864 ‚
1710 834 1826 861 necne?
1843 831 2104 872 Qibusigiturin

1151 870 1237 900 rebus
1258 873 1303 900 vis
1321 872 1450 912 intelligi
1468 870 1564 911 potest
1575 892 1584 905 ‚
1608 871 1629 901 si
1643 874 1675 901 in
1694 873 1740 901 his
1753 883 1817 902 non
1826 873 2029 913 intelligetur?
2051 874 2102 902 An

1151 911 1222 941 vero
1233 911 1422 942 illadefcnsio
1430 914 1517 942 vobis
1530 914 1665 953 praeclara
1682 914 1745 944 visa
1757 914 1820 945 est?
1839 916 1913 944 Non
1922 914 2034 954 dejeci,
2053 912 2104 943 sed

1155 952 1267 983 obstiti.
1291 964 1355 984 non
1371 956 1456 983 enirn
1476 963 1503 984 te
1522 956 1588 985 sum
1606 953 1705 995 passus
1719 957 1751 986 in
1759 955 1889 986 fundum
1899 955 2030 997 ingredi:
2054 953 2105 984 sed

1152 1004 1279 1025 armatos
1290 997 1431 1025 homines
1442 996 1566 1035 opposui
1579 1006 1586 1024 ·.
1605 1005 1637 1026 ut
1647 998 1826 1038 intelligeres
1839 1017 1847 1032 ‚
1868 996 1889 1026 si
1905 999 1937 1027 in
1946 996 2042 1027 fundo
2052 1005 2106 1036 pe-

1154 1036 1223 1066 dem
1234 1035 1377 1076 posuisses
1386 1057 1394 1070 ‚
1414 1035 1517 1067 statim*
1524 1038 1578 1068 tibi
1589 1036 1645 1068 esse
1656 1039 1850 1078 pereundum.
1881 1038 1962 1079 Qid
1977 1040 2040 1068 ais?
2064 1039 2104 1070 is,

1156 1087 1217 1123 (λυ-ι
1242 1087 1348 1108 ARMIS
1363 1081 1534 1119 perterritus
1544 1099 1552 1113 ‚
1573 1078 1688 1122 fugatus
1698 1101 1706 1113 ‚
1729 1081 1828 1120 pulsus
1838 1080 1880 1111 est
1890 1101 1898 1113 ‚
1910 1090 1975 1110 non
1985 1079 2106 1109 videtur

1157 1118 1212 1148 esse
1231 1119 1383 1159 dejectus?
1401 1119 1548 1160 posterius
1565 1120 1602 1151 de
1618 1122 1711 1151 verbo
1727 1122 1917 1152 videbimus:
1940 1131 2022 1151 nunc
2039 1129 2106 1150 rem
2126 1142 2128 1145 ψ

1155 1162 1249 1200 ipsam
1263 1171 1412 1201 ponamus
1424 1173 1432 1195 ·,
1450 1172 1538 1202 quam
1556 1163 1602 1192 illi
1621 1173 1684 1193 non
1702 1173 1811 1205 negant
1825 1175 1831 1193 :
1854 1164 1887 1193 ὃς
1905 1164 1969 1201 ejus
1984 1163 2026 1192 rei
2042 1162 2105 1202 jus,

1156 1202 1366 1244 actionemque
1376 1213 1552 1244 quaeramus.
1575 1203 1626 1234 Est
1636 1206 1698 1234 haec
1708 1215 1752 1234 res
1762 1204 1850 1244 posita
1861 1225 1869 1238 ,
1879 1215 1944 1245 quae
1954 1204 1990 1234 ab
2003 1203 2110 1233 adver-

1156 1244 1231 1274 sario
1240 1255 1304 1275 non
1313 1255 1449 1285 negatur:
1470 1247 1618 1275 Caecinam
1629 1265 1637 1279 ‚
1658 1245 1730 1276 cum
1746 1246 1781 1276 ad
1799 1246 1992 1276 constitutam
2011 1245 2108 1278 diem,

1158 1287 1331 1328 tempusque
1339 1284 1472 1319 ventilet,
1487 1290 1500 1305 ²
1511 1295 1543 1316 ut
1549 1287 1597 1325 jus
1607 1297 1639 1317 ac
1646 1287 1788 1318 deduffio
1799 1288 1934 1318 moribus
1944 1286 2111 1326 fie1·et‚pul-

1158 1329 1225 1358 sum
1235 1349 1243 1361 ‚
1259 1328 1506 1369 prohibitumque
1519 1327 1576 1358 effe
1584 1331 1614 1359 vi
1625 1349 1633 1363 ,
1653 1329 1762 1359 coactis
1771 1329 1958 1363 hominibus,
1970 1329 2003 1359 &
2012 1337 2110 1358 arma-

1159 1372 1206 1399 tis.
1229 1370 1308 1399 Cum
1318 1371 1376 1400 hoc
1384 1370 1501 1400 constet
1511 1390 1520 1402 ‚
1540 1381 1595 1411 ego
1605 1372 1701 1401 homo
1714 1373 1870 1411 imperitus
1876 1372 1952 1411 juris
1963 1390 1972 1404 ‚
1991 1372 2111 1412 ignarus

1158 1413 1360 1452 negotiorum,
1376 1422 1408 1442 ac
1417 1412 1518 1442 litium
1529 1431 1537 1445 ‚
1552 1413 1628 1442 hanc
1636 1422 1709 1452 puto
1718 1423 1767 1442 me
1776 1413 1882 1443 habere
1891 1411 2042 1442 serronem
2055 1430 2063 1444 ‚
2075 1417 2111 1440 ut

1158 1463 1210 1493 per
1218 1452 1430 1487 interdifimm,
1453 1455 1612 1493 meumjus
1623 1463 1740 1484 teneam
1751 1475 1759 1489 ‚
1779 1464 1864 1496 atque
1875 1455 2017 1494 injuriam
2027 1461 2111 1482 tuam

1160 1495 1322 1535 persequar.
1353 1497 1408 1525 Fac
1423 1497 1457 1524 in
1467 1496 1524 1524 hoc
1534 1505 1625 1526 errare
1637 1506 1686 1525 me
1697 1517 1706 1529 ‚
1727 1506 1783 1526 nec
1792 1497 1858 1526 ullo
1866 1495 1960 1526 modo
1968 1492 2050 1535 poss'e
2059 1503 2112 1534 per
2121 1509 2128 1516 —

1161 1539 1219 1566 hoc
1228 1535 1461 1566 intei·di&umid
1473 1534 1592 1576 assequi,
1603 1538 1685 1579 quod
1696 1538 1799 1567 velim.
1813 1546 1842 1568 te
1849 1539 1891 1568 uti
1903 1539 1936 1567 in
1945 1538 1998 1567 hac
2008 1546 2038 1566 re
2048 1545 2114 1565 ma-

1162 1577 1251 1620 gistro
1260 1579 1341 1607 volo.
1373 1581 1482 1618 Qaero
1492 1597 1500 1611 ‚
1527 1587 1588 1609 itne
1597 1582 1694 1620 aliqua
1702 1580 1791 1615 hujus
1801 1581 1842 1609 rei
1852 1578 1931 1609 aelio
1942 1599 1950 1612 ,
1970 1588 2008 1608 an
2016 1573 2111 1609 nulla,

1162 1621 1320 1650 convocari
1336 1621 1477 1649 homines
1508 1629 1606 1660 ropter
1614 1619 1798 1661 poffeffionis
1807 1618 2038 1650 controversiam
2049 1627 2115 1648 non

1164 1670 1295 1701 oportet:
1315 1663 1422 1691 armari
1432 1662 1661 1692 multitudinem
1671 1683 1680 1695 ‚
1696 1663 1771 1702 juris
1780 1660 1929 1692 retinendi
1939 1661 2039 1693 causa,
2050 1668 2116 1689 non

1163 1704 1324 1734 convenit:
1348 1705 1423 1733 NEC
1434 1712 1512 1741 jum
1527 1704 1690 1745 quidquam
1701 1713 1761 1733 tam
1772 1705 1947 1736 inimicum,
1958 1711 2049 1743 quam
2059 1702 2116 1731 vis:

1166 1755 1220 1774 nec
1229 1746 1360 1785 aequitati
1369 1745 1533 1785 quidquam
1544 1755 1603 1776 tam
1614 1744 1759 1775 infestum
1771 1744 1832 1778 est,
1851 1744 1942 1785 quam
1959 1742 2118 1774 convocati

1165 1787 1318 1820 hominm,
1332 1787 1364 1816 δε
1373 1789 1487 1816 armati.
1511 1787 1601 1827 Qod
1613 1785 1684 1817 cum
1694 1789 1734 1816 ita
1743 1785 1786 1820 sit,
1797 1787 1898 1827 resque
1909 1783 2059 1825 ejusmodi
2069 1782 2115 1817 fit,

1167 1837 1199 1858 ut
1212 1830 1245 1857 in
1260 1830 1366 1867 primis
1383 1828 1400 1857 a
1407 1828 1625 1869 magistratibus
1633 1827 1896 1858 animadvertenda
1905 1825 1962 1857 esse
1971 1826 2116 1859 videatur,

1167 1872 1275 1899 iterum
1286 1879 1386 1909 quaero
1395 1890 1403 1904 ‚
1417 1869 1489 1900 fitne
1498 1871 1561 1910 ejus
1571 1872 1613 1900 rei
1622 1870 1720 1910 aliqua
1727 1869 1807 1900 afilio
1818 1889 1826 1901 ‚
1842 1879 1880 1899 an
1889 1869 1979 1899 nulla.
2001 1867 2118 1898 nullam

1168 1909 1225 1941 esse
1237 1911 1336 1941 dices?
1359 1912 1460 1941 audire
1470 1914 1576 1952 cupio:
1596 1913 1692 1952 quiin
1701 1921 1770 1951 pace
1780 1931 1789 1944 ,
1810 1911 1843 1941 &
1856 1913 1920 1940 otio
1931 1930 1940 1944 ‚
1961 1908 2034 1940 cum
2054 1917 2119 1939 ma·
2141 1916 2147 1920 “

1168 1963 1244 1982 nurn
1253 1951 1356 1982 fecerit
1366 1973 1373 1986 ,
1389 1956 1493 1993 copiae
1498 1955 1602 1993 pararit
1611 1973 1619 1987 ‚
1639 1953 1867 1983 multitudinem
1877 1953 2040 1982 hominurn
2048 1950 2120 1981 co'e'-

1168 1997 1251 2035 gerit,
1260 1996 1393 2029 armarit,
1412 1994 1586 2025 instruxerit
1596 2015 1604 2029 ‚
1614 1996 1755 2025 homines
1765 1996 1908 2024 inermeis
1919 2014 1927 2027 ,
1939 1995 1992 2034 qui
2000 1992 2036 2022 ad
2045 2001 2120 2025 con-

1169 2036 1305 2066 stitutum
1314 2037 1492 2077 experiundi
1503 2037 1513 2076 j
1519 2038 1578 2066 uris
1587 2038 1676 2079 gratia
1684 2034 1842 2069 venissent,
1853 2037 1955 2068 armis,
1966 2035 2050 2067 viris,
2062 2042 2120 2063 ter-

1168 2088 1234 2108 rore
1245 2098 1253 2111 ,
1263 2079 1457 2119 periculoque
1469 2080 1574 2108 mortis
1584 2079 1724 2118 repulerit
1733 2097 1741 2111 ,
1753 2077 1876 2118 fugarit,
1888 2076 2024 2106 averterit
2032 2094 2041 2108 ,
2061 2075 2120 2104 hoc

1169 2120 1256 2153 dicat,
1269 2122 1334 2150 Feci
1344 2120 1485 2160 equidem
1496 2130 1581 2160 ‚xquae
1593 2120 1668 2150 dicis
1677 2140 1686 2152 ,
1709 2121 1814 2148 omnia
1826 2128 1831 2146 :
1851 2118 1885 2148 &
1894 2127 1926 2147 ea
1936 2117 2002 2147 sunt
2012 2116 2044 2145 &
2058 2123 2122 2145 rur-

1171 2161 1284 2190 bulenta
1295 2182 1304 2195 ‚
1320 2161 1352 2191 &
1364 2164 1526 2195 temeraria,
1539 2161 1571 2190 δε
1580 2160 1751 2201 periculosa.
1775 2159 1856 2201 Qid
1867 2169 1936 2200 ergo
1947 2157 1990 2188 est
1999 2161 2010 2186 ?
2020 2159 2124 2197 impu-

1171 2204 1209 2233 ne
1221 2203 1289 2233 feci.
1312 2212 1381 2233 nam
1392 2203 1464 2244 quid
1474 2213 1537 2243 agas
1547 2212 1669 2232 mecum
1684 2211 1721 2231 ex
1727 2202 1793 2241 jure
1802 2201 1885 2231 civili
1897 2220 1906 2234 ‚
1927 2210 1959 2230 ac
1971 2200 2122 2240 praetorio,

1171 2255 1236 2276 non
1246 2244 1345 2274 habes.
1368 2247 1451 2274 Itane
1461 2243 1543 2277 vero,
1554 2251 1769 2283 recuperatores
1780 2244 1789 2270 ?
1800 2244 1858 2272 hoc
1867 2251 1921 2272 vos
1931 2242 2075 2271 audietis?
2089 2240 2123 2270 Sc

1172 2286 1249 2326 apud
1269 2295 1322 2315 vos
1337 2285 1396 2315 dici
1406 2287 1564 2325 patiemini
1576 2285 1678 2325 sazpius
1689 2287 1699 2313 ?
1722 2283 1794 2314 cum
1805 2285 1931 2324 majores
1941 2281 2036 2312 nostri
2045 2290 2125 2312 tanta

1173 2328 1326 2367 diligentia
1337 2346 1345 2360 ‚
1366 2327 1580 2367 prudentiaque
1598 2327 1711 2356 fuerint
1720 2345 1729 2359 ,
1748 2335 1781 2355 ut
1793 2328 1897 2355 omnia
1906 2326 2048 2354 omnium
2059 2332 2124 2353 non

1175 2367 1269 2398 mode>
1289 2377 1435 2398 tantarum
1452 2378 1552 2398 rerum
1563 2388 1571 2402 ‚
1590 2368 1639 2398 sed
1649 2369 1740 2397 etiam
1750 2365 1987 2397 tenuiffimarum
1993 2367 2059 2405 jura
2069 2363 2126 2395 sta·-

1175 2411 1297 2442 tucrint,
1309 2410 1534 2451 persequutique
1543 2408 1616 2443 sint,
1637 2419 1669 2439 ut
1679 2410 1736 2439 hoc
1744 2418 1838 2451 genus
1849 2418 1957 2441 unum,
1968 2407 2018 2437 vel
2026 2406 2128 2436 maxi-

1175 2461 1262 2481 mum
1278 2454 1554 2490 praetermitterent:
1575 2460 1620 2484 ut,
1644 2450 1717 2491 siqui
1734 2461 1784 2480 me
1802 2450 1878 2487 e-yire
1886 2449 1964 2479 domo
1980 2457 2048 2478 mea
2056 2448 2126 2478 co'e'-

1174 2492 1280 2535 gissent
1290 2496 1391 2526 armis,
1404 2493 1542 2523 haberem
1551 2492 1703 2523 acfflonem
1714 2504 1723 2527 3
1737 2491 1812 2532 siqui
1824 2493 1948 2521 introire
1956 2488 2128 2531 prohibuis-

1175 2536 1239 2565 sent
1249 2554 1257 2567 ,
1280 2544 1343 2563 non
1364 2535 1502 2564 haberem
1515 2537 1524 2563 ?
1546 2534 1696 2564 Nondum
1714 2533 1751 2563 de
1767 2535 1892 2564 Caecina:
1905 2532 1989 2563 causa
1996 2531 2126 2570 disputo,

1175 2576 1313 2606 nondum
1334 2575 1369 2606 de
1378 2577 1442 2616 jure
1452 2575 1638 2616 possessionis
1647 2574 1753 2605 nostrae
1764 2575 1880 2615 loquor.
1904 2583 2022 2604 tantum
2031 2572 2067 2602 de
2077 2580 2127 2602 tua
2171 2570 2192 2610 ,’-’,
2208 2575 2210 2577 ’

1175 2616 1347 2647 defensione
1359 2637 1367 2650 ‚
1378 2620 1412 2648 C-
1424 2618 1490 2648 Piso
1501 2638 1509 2651 ,
1521 2627 1638 2658 queror.
1663 2615 1791 2658 Qando
1803 2619 1841 2646 ita
1850 2615 1925 2645 dicis
1936 2635 1945 2649 ,
1967 2615 2000 2644 &
2008 2615 2047 2644 ita
2054 2622 2129 2644 con-

1177 2658 1272 2689 stituis
1285 2679 1293 2692 ‚
1305 2661 1333 2689 Si
1345 2661 1460 2689 Caecina
1471 2680 1479 2692 ‚
1491 2658 1563 2690 cum
1574 2661 1606 2689 in
1614 2659 1711 2697 fundo
1721 2656 1809 2691 esset,
1820 2656 1889 2687 inde
1899 2655 2032 2693 dejefihis
2047 2651 2129 2689 effer,

1177 2709 1241 2730 tum
1251 2710 1300 2739 per
1310 2702 1367 2730 hoc
1378 2700 1574 2731 interdictum
1586 2710 1655 2730 eum
1666 2698 1780 2730 restitui
1791 2696 1952 2739 oportuisse
1965 2709 1971 2727 ι
1988 2706 2069 2728 nunc
2077 2705 2130 2726 ve-

1176 2741 1210 2771 ro
1230 2742 1382 2781 dejeolum
1399 2743 1485 2772 nullo
1504 2742 1598 2772 modo
1616 2739 1674 2771 effe
1685 2741 1754 2771 inde
1765 2761 1774 2774 ‚
1801 2740 1854 2770 ubi
1870 2749 1934 2769 non
1944 2738 2050 2769 fuerit:
2070 2738 2129 2767 hoc

1179 2783 1338 2813 interdicito
1348 2784 1426 2813 nihil
1437 2794 1494 2814 nos
1503 2782 1647 2814 assecutos
1658 2781 1732 2812 effe:
1752 2792 1851 2822 quaero
1862 2801 1870 2815 ,
1890 2779 1912 2810 fi
1928 2789 1957 2810 te
1972 2779 2062 2810 hodie
2072 2777 2128 2809 do-

1179 2835 1265 2855 mum
1277 2834 1357 2855 tuam
1368 2826 1543 2855 redeuntem
1553 2823 1647 2855 coaffi
1655 2825 1809 2857 homines,
1822 2823 1854 2852 δε
1863 2823 1979 2855 armati,
1990 2831 2054 2851 non
2063 2829 2132 2851 mo-

1179 2866 1219 2896 do
1230 2868 1352 2901 limine,
1376 2866 1514 2909 mistoque
1530 2866 1641 2896 aedium
1654 2874 1770 2895 tuarum
1780 2884 1789 2898 ‚
1801 2864 1848 2894 sed
1857 2866 1959 2903 primo
1969 2863 2066 2896 aditu,
2081 2870 2133 2892 ve-

1179 2907 1348 2950 stibuloque
1367 2909 1592 2948 prohibuerint,
1612 2907 1685 2947 quid
1703 2905 1821 2936 acturus
1839 2904 1884 2934 fis.
1907 2907 2015 2938 Monet
2021 2905 2134 2935 amicus
2152 2902 2157 2907 “

2012 2951 2134 2978 ,πιεαε
2176 2945 2183 2949 “

1324 3004 1764 3012 -·—-—-——-—-—-—--—
1939 2999 2148 3015 —w-—-—-·

1181 3030 1285 3057 servant
1297 3049 1305 3062 ,
1325 3034 1404 3057 minus
1419 3031 1505 3057 hahere
1517 3037 1589 3056 niu.
1609 3027 1680 3064 quod
1690 3026 1853 3064 perpendent
1863 3025 2038 3062 religiosiores
2050 3022 2133 3052 Tullii

1180 3074 1323 3094 amatores.

1216 3111 1243 3140 3.
1253 3103 1341 3137 -vtjm
1350 3111 1378 3130 ac
1388 3100 1517 3136 dedeima]
1533 3098 1623 3129 nabet
1632 3099 1661 3127 Sc
1671 3098 1730 3128 Pii.
1740 3097 1791 3128 sec.
1800 3098 1870 3128 illud
1879 3097 2004 3126 Lambini
2013 3099 2063 3125 viia

2054 3175 2077 3196 ι.
2087 3167 2135 3202 Au,

2119 543 2159 570 11

2138 1782 2206 1826 12⁰
