2316 3395
249 132 318 198 74*
679 127 1180 180 M.TU1.L11

249 219 344 248 Cottae
356 234 364 250 ‚
385 211 433 247 sed
443 212 528 247 valde
538 215 655 258 optanti
664 216 782 256 utrique
795 212 934 245 nostrum
945 233 952 247 ,
976 211 1103 246 cecidit.
1127 220 1161 244 ut
1179 212 1213 243 in

249 257 343 290 istum
353 258 525 289 sermonem
537 279 545 292 ,
561 257 656 289 Crass'e
666 278 674 291 ,
687 257 913 287 delaberemini.
946 255 1046 285 Nobis
1059 256 1144 285 enim
1155 256 1213 286 huc

252 301 450 331 venientibus
456 301 628 340 jucundum
639 301 704 330 satis
713 298 777 328 fore
787 298 943 328 videbatur
953 317 960 331 ,
972 295 993 326 si
1003 317 1011 330 ,
1028 295 1100 327 cum
1111 307 1165 328 vos
1176 298 1213 328 de

249 342 338 372 rebus
348 342 415 372 aliis
427 343 626 384 loqueremini
639 361 647 374 ,
660 350 761 371 tamen
773 350 828 370 nos
838 339 952 381 ahquid
962 349 1000 369 ex
1013 339 1151 370 sermone
1160 350 1213 370 ve—

248 383 309 414 stro
320 386 468 415 memoria
477 384 604 425 dignum
614 385 750 422 excipere
762 380 915 421 possemus
926 393 934 415 3
966 390 999 412 ut
1007 381 1080 411 verb
1091 383 1211 422 penitus

248 427 283 456 in
295 436 360 456 eam
372 426 466 466 ipsam
477 429 570 456 totius
582 427 669 463 hujus
681 425 729 454 vel
746 423 848 457 studii,
859 423 908 453 vel
918 421 1046 457 artificii,
1057 424 1107 453 vel
1117 423 1212 454 facul-

247 469 315 498 tatis
326 468 559 507 disputationem
569 477 653 507 paene
664 468 807 497 intimam
818 467 1029 499 veniretis‚vix
1040 465 1208 506 optandum

246 509 336 540 nobis
348 509 512 539 videbatur.
548 512 611 551 Ego
621 510 716 542 enim,
729 510 782 550 qui
793 508 829 538 ab
839 509 964 538 ineunte
974 516 1058 538 aetate
1069 508 1208 539 incensus

244 549 339 581 essem
360 551 458 581 studio
470 552 622 592 utriusque
632 549 767 581 vestrum
778 571 786 584 ,
808 548 896 580 Craffi
905 548 977 580 vero
988 551 1080 580 etiam
1090 559 1207 584 amore,

242 592 316 623 cum
326 593 361 623 ab
373 603 409 622 eo
419 593 566 633 nusquam
579 592 760 623 discederem
773 613 782 625 ,
803 592 929 622 verbum
941 602 979 622 cx
990 601 1027 622 eo
1046 602 1206 633 nunquam

241 636 349 664 elicere
359 636 446 674 potui
459 639 468 654 ¹
480 635 516 664 de
527 636 558 664 vi
570 645 602 665 ac
612 637 728 665 ratione
739 634 869 668 dicendi,
886 634 956 664 cuni
971 634 1003 664 Sc
1012 644 1064 674 pei·
1077 643 1209 664 memet-

242 676 343 717 ipsum
355 674 476 718 egissem
488 697 496 710 ‚
511 677 542 707 &
555 687 606 717 per
616 677 753 707 Drusum
765 674 838 717 stepe
849 674 1002 706 tentassem
1014 687 1019 704 z
1041 686 1103 717 quo
1114 678 1146 706 in
1155 686 1208 717 ge-

240 726 360 751 ncre‚tu
372 721 490 749 Antoni
500 718 580 758 (vere¹
591 719 705 760 loquar)
717 728 886 759 numquam
897 719 974 748 mihi
986 717 1206 758 percumitanti,

239 768 292 790 aut
303 763 446 801 quaereiiti
456 761 580 802 aliquid,
592 760 713 791 detuisti
724 781 732 795 ,
746 761 778 791 &
789 760 916 800 persaepe
929 770 976 790 me
988 780 995 793 ‚
1020 770 1085 800 qus:
1099 760 1206 790 soleres

242 802 279 831 in
290 801 421 833 dicendo
432 801 582 842 observare,
595 802 734 834 docuisti.
759 805 851 832 Nunc
862 804 1007 843 quoniam
1021 810 1143 842 uterque
1154 811 1208 831 ve-

239 842 337 874 strum
346 843 485 885 patefecit
495 855 595 875 earum
606 855 706 875 rerum
717 845 847 885 ipsarum
859 844 975 875 aditum
987 864 995 877 ‚
1016 854 1088 884 quas
1099 845 1208 884 quaeri—

239 895 310 915 mus
322 906 331 920 ,
354 887 387 916 &
400 889 546 928 quoniam
557 889 694 927 princeps
706 885 819 917 Crass'us
829 898 844 916 e
844 888 855 926 j
861 897 893 916 us
908 887 1054 916 sermonis
1065 885 1203 916 ordiendi

237 925 298 958 fuit
310 948 318 962 ,
329 927 394 959 date
404 929 494 959 nobis
505 931 579 960 hanc
591 932 712 960 veniam
723 949 731 962 ,
750 937 783 959 ut
792 939 824 959 ea
835 949 843 962 ‚
865 938 931 970 quat
943 928 1057 958 sentitis
1068 927 1104 957 de
1115 931 1204 957 omni

237 979 348 1010 genere
357 970 495 1005 dicendi,
516 972 664 1002 subtiliter
673 972 904 1012 persequamini.
938 970 1027 1012 Qod
1040 969 1167 1011 quidem
1181 968 1202 999 si

236 1013 296 1041 erit
304 1011 320 1042 a
330 1012 419 1043 vobis
430 1014 633 1053 impetratum,
646 1023 787 1055 magnam
798 1012 913 1043 habebo
924 1032 932 1046 ,
945 1011 1042 1042 Crasse
1053 1032 1060 1045 ‚
1074 1013 1144 1042 huic
1154 1021 1205 1052 pa—

236 1052 352 1087 laestrae,
366 1055 399 1086 δε
409 1055 584 1086 Tusculano
594 1064 647 1085 tuo
658 1057 781 1096 gratiam
794 1076 802 1089 ,
820 1055 853 1085 δε
865 1053 954 1095 longe
966 1053 1136 1084 Academia:
1147 1055 1203 1087 illi,

236 1104 272 1126 ac
289 1097 391 1136 Lyceo
411 1106 499 1127 tuum
518 1098 576 1127 hoc
596 1096 799 1127 suburbanum
808 1095 997 1139 gymnasium
1011 1104 1202 1136 anteponam.

172 1145 221 1173 22
238 1139 324 1168 Tum
335 1138 399 1169 ille.
434 1137 622 1169 1mmbverb
634 1158 642 1173 ,
664 1140 780 1180 inquit,
801 1140 933 1179 Sulpici,
954 1146 1094 1179 rogemus
1106 1140 1204 1168 Anto-

238 1181 339 1213 nium,
351 1181 403 1221 qui
415 1180 448 1211 &
458 1179 555 1220 potest
564 1180 669 1215 facere,
680 1180 762 1222 quod
772 1190 898 1222 requiris
908 1200 916 1214 ‚
930 1180 963 1210 &
973 1180 1131 1210 consuevit
1145 1199 1153 1213 ,
1171 1188 1204 1210 ut

238 1229 267 1252 te
277 1221 368 1252 audio
379 1222 488 1253 dicere.
522 1225 604 1252 Nam
617 1231 666 1252 me
677 1222 803 1263 quidem
817 1223 933 1262 semper
943 1221 958 1251 a
969 1231 1075 1263 genere
1086 1221 1144 1251 hoc
1155 1229 1203 1250 to-

238 1271 272 1293 to
283 1264 431 1294 sermonis
442 1263 591 1306 refugisse,
603 1265 636 1294 &
646 1264 702 1294 tibi
712 1266 845 1305 cupienti
854 1273 939 1305 atque
950 1262 1073 1293 instanti
1085 1261 1203 1302 saepiffi-

238 1304 294 1336 me
305 1305 433 1348 negaffe,
443 1315 507 1337 tute
515 1304 617 1346 paullo
628 1315 696 1336 ante
707 1305 822 1336 dixisti.
854 1304 946 1346 Qod
956 1315 1010 1346 ego
1021 1314 1086 1334 non
1100 1305 1202 1344 super·

237 1346 288 1377 bia
298 1367 306 1381 ,
329 1358 426 1389 neque
446 1349 664 1378 inhumanitate
673 1348 817 1378 faciebam
830 1368 838 1381 ‚
859 1356 956 1388 neque
965 1345 1027 1387 quo
1038 1355 1091 1377 tuo
1103 1345 1203 1376 studio

238 1388 402 1420 reffiffimo
414 1410 421 1423 ,
442 1398 529 1431 atque
541 1392 660 1430 optimo
671 1400 736 1420 non
746 1390 872 1431 obsequi
882 1389 994 1419 vellem
1006 1408 1014 1422 ‚
1037 1388 1200 1428 praesertim

237 1429 311 1461 cum
331 1440 360 1461 te
380 1442 478 1462 unum
497 1442 534 1462 ex
555 1432 702 1462 omnibus
713 1431 749 1462 ad
759 1430 924 1462 dicendum
935 1430 1072 1460 maxime
1084 1439 1199 1464 natum,

237 1481 403 1514 aptumque
420 1472 596 1515 cognossem
608 1493 616 1507 ‚
639 1474 687 1504 sed
708 1473 878 1504 mehercule
895 1472 979 1503 istius
991 1472 1201 1512 disputationis

235 1514 398 1555 infhlentia‚
409 1525 496 1557 atque
507 1526 609 1546 earum
619 1525 720 1546 rerum
732 1536 741 1550 ,
756 1519 769 1535 ²
779 1525 845 1556 quae
856 1513 936 1556 quasi
947 1514 1103 1544 traduntur
1113 1516 1146 1543 in
1157 1524 1202 1544 ar-

233 1564 264 1587 te
276 1576 284 1590 2
297 1557 421 1597 institia.
451 1561 537 1589 Tum
548 1560 634 1589 Cotta
645 1578 653 1592 ‚
665 1559 811 1599 quoniam
822 1556 852 1587 id
864 1577 872 1590 ,
886 1555 969 1597 quod
980 1553 1200 1586 difficillimum

237 1598 328 1629 nobis
338 1599 504 1634 videbatur,
517 1609 549 1630 ut
558 1602 690 1632 omnino
701 1599 738 1630 de
749 1600 795 1629 his
806 1596 1018 1632 i·ebus,Crasse,
1030 1597 1061 1627 lo
1085 1607 1197 1630 uetere,

237 1639 357 1671 assecuti
368 1641 472 1672 sumus
484 1653 490 1672 2
510 1642 546 1672 de
556 1643 673 1683 reliquo
681 1643 745 1681 jam
755 1640 855 1672 nostra
863 1641 950 1680 culpa
959 1639 1061 1673 fuerit,
1082 1649 1091 1669 1
1102 1638 1200 1673 te‚nisi

232 1684 340 1714 omnia
350 1702 358 1716 ‚
370 1694 436 1725 quae
447 1684 629 1725 perciinzss'cati
641 1680 754 1713 e‘rimus
765 1703 773 1717 ‚
790 1683 944 1722 explicatis
955 1702 963 1715 ‚
977 1681 1196 1712 dimiserimus.

234 1727 283 1755 De
295 1725 342 1755 his
353 1745 360 1759 ‚
371 1726 461 1757 credo
473 1747 481 1760 ‚
494 1726 580 1756 rebus
591 1746 600 1760 ,
612 1727 713 1767 inquit·
722 1745 730 1759 ‚
745 1723 860 1756 Crassus
869 1744 879 1758 ,
898 1728 910 1752 3
923 1726 1000 1754 utin
1011 1724 1198 1754 cretionibus

231 1767 320 1797 scribi
342 1768 418 1798 solet
428 1789 436 1802 ‚
461 1771 592 1810 Qtnus
614 1777 722 1798 sctAM
742 1788 750 1802 ‚
775 1775 982 1808 poi-EROQE.
1020 1768 1112 1797 Tum
1123 1765 1176 1795 ille
1187 1785 1197 1800 ,

233 1810 375 1850 Namque
393 1810 476 1851 quod
486 1820 518 1841 tu
528 1820 592 1840 non
602 1812 714 1850 poteris
724 1830 733 1844 ,
753 1818 803 1840 aut
822 1809 934 1838 nescies
945 1828 953 1842 ,
971 1809 1038 1849 quis
1058 1805 1197 1838 nostrum

234 1859 297 1882 tam
309 1853 470 1892 impudens
481 1852 534 1886 est,
546 1854 598 1893 qui
610 1852 639 1882 se
649 1852 732 1885 scire,
744 1860 793 1882 aut
803 1848 885 1891 posse
895 1849 1026 1891 postulet
1037 1852 1048 1879 ?
1066 1851 1135 1891 Jam
1145 1859 1198 1879 ve-

235 1891 283 1927 ro,
295 1892 348 1924 ista
359 1894 628 1928 conditione‚dum
639 1894 718 1923 mihi
727 1894 822 1926 liceat,
834 1902 939 1933 negare
948 1890 1030 1932 posse
1039 1891 1121 1933 quod
1132 1901 1198 1937 non

232 1942 351 1975 potero,
364 1936 397 1966 δε
405 1935 490 1967 fateri
502 1936 615 1966 nescire
624 1935 705 1976 quod
716 1936 857 1968 nesciam,
869 1935 951 1967 licet,
963 1935 1062 1974 inquit
1070 1932 1194 1968 Crassus,

230 1976 332 2007 vestro
340 1977 480 2008 arbitratu
490 1976 742 2019 pereuntisemini.
762 1981 780 2004 4
790 1979 887 2017 Atque
898 1996 906 2009 ‚
927 1978 1027 2016 inquit
1036 1976 1194 2015 Sulpicius,

231 2019 292 2050 hoc
301 2018 439 2059 primurn
451 2030 490 2050 ex
497 2029 527 2050 te
538 2039 547 2054 ‚
559 2019 595 2050 de
606 2029 667 2060 quo
680 2018 775 2049 modo
786 2019 940 2049 Antonius
951 2018 1107 2058 exposuit,
1122 2017 1196 2058 quid

234 2061 353 2095 sentias,
365 2063 530 2102 quaerimus
543 2072 548 2091 ε
572 2060 768 2092 existimesne
778 2070 872 2091 artem
883 2060 1014 2101 aliquam
1025 2057 1082 2089 effe
1092 2059 1196 2090 dicen-

229 2102 273 2133 di.
305 2104 387 2142 Qd
399 2106 410 2133 ?
429 2105 507 2133 mihi
517 2114 598 2134 nunc
608 2113 662 2133 vos
674 2123 682 2136 ‚
701 2104 797 2144 inquit
808 2101 923 2132 Crassus
935 2121 942 2135 ,
955 2110 1097 2142 tanquam
1107 2102 1197 2132 alicui
1217 2091 1220 2120 Ι

234 2146 375 2175 Graeculo
386 2146 485 2175 otioso
497 2146 529 2175 δε
541 2146 668 2186 loquaci,
682 2142 841 2175 &fortasse
851 2143 956 2176 doeio,
967 2152 1054 2184 :itque
1065 2142 1194 2176 erudito,
1217 2136 1220 2192 Ξ

232 2186 483 2226 quaestiunculam
495 2207 504 2221 ,
524 2187 561 2217 de
582 2197 640 2228 qua
658 2196 729 2216 meo
748 2186 886 2216 arbitratu
906 2185 1028 2225 loquar,
1057 2186 1172 2224 ponitis
1184 2187 1196 2213 ?
1218 2213 1219 2218 ,

231 2227 364 2269 Qando
373 2230 459 2259 enim
470 2239 520 2258 me
531 2227 585 2259 ista
595 2226 706 2259 curasse
717 2248 725 2261 ,
738 2236 787 2258 aut
798 2225 934 2269 cogitasse
945 2227 1150 2259 arbitramini,
1163 2226 1196 2256 ὃς
1217 2227 1220 2245 ¹

231 2279 298 2301 non
318 2270 434 2310 semper
451 2269 567 2300 irrisisse
587 2272 687 2310 potius
707 2279 813 2299 eorum
840 2270 1006 2298 hominum
1034 2267 1195 2307 impuden-

231 2312 306 2342 tiam
317 2331 324 2345 ,
346 2310 480 2353 quicum
492 2314 524 2342 in
537 2312 636 2343 schola
646 2309 814 2342 ass'ediss‘ent
825 2331 833 2344 ,
854 2320 892 2340 ex
914 2319 1020 2351 magna
1031 2311 1196 2339 hominum

230 2352 400 2394 frequentia
409 2354 497 2383 dicere
504 2354 644 2393 juberent
655 2373 662 2387 ‚
679 2352 767 2395 siquis
777 2352 849 2393 quid
861 2354 1024 2393 quaereret?
1045 2350 1126 2391 quod
1136 2353 1197 2391 pri·
1217 2368 1220 2385 ι

231 2394 322 2425 mum
331 2394 432 2426 ferunt
443 2398 632 2426 Leontinum
646 2394 746 2425 feciffe
758 2397 917 2436 Gorgiam:
937 2395 988 2435 qui
999 2402 1196 2434 permagnum
1217 2388 1220 2415 Ι

232 2437 378 2478 quiddam
398 2438 563 2478 suscipere,
583 2448 615 2468 ac
625 2436 760 2478 profiteri
770 2436 943 2468 videbatur,
965 2434 1037 2465 cum
1058 2435 1087 2465 se
1106 2434 1141 2465 ad
1161 2444 1196 2464 o·
1216 2418 1220 2456 Ῐ
1244 2444 1263 2474 p

233 2481 329 2513 mnia,
338 2479 377 2509 'de
388 2479 499 2520 quibus
510 2480 635 2521 quisque
645 2479 747 2509 audire
756 2479 848 2509 vellet
856 2498 865 2512 ,
878 2476 1069 2517 effepararum
1078 2476 1196 2506 denun-
1217 2490 1218 2515 3

229 2523 323 2550 tiaret.
344 2521 448 2552 Postea
457 2521 528 2551 vero
538 2521 630 2563 vulgo
642 2522 702 2551 hoc
713 2520 805 2551 facere
815 2528 980 2560 coeperunt,
992 2519 1143 2559 hodieque
1152 2517 1197 2548 fa-
1217 2534 1219 2567 ἶ

231 2563 335 2595 ciunt,
348 2571 380 2593 ut
395 2564 477 2593 nulla
488 2562 576 2594 sities
588 2584 596 2598 ,
610 2573 708 2605 neque
719 2571 798 2593 tanta
808 2582 816 2596 ,
838 2572 935 2602 neque
947 2569 1008 2591 tam
1022 2560 1193 2600 improvisa,
1216 2571 1218 2599 2

233 2612 332 2644 neque
342 2613 401 2634 tam
414 2615 491 2635 nova
501 2625 509 2638 ,
531 2605 567 2635 de
578 2616 635 2646 qua
649 2606 678 2636 se
689 2614 754 2635 non
766 2606 870 2634 omnia
881 2624 889 2637 ,
910 2613 976 2644 quae
995 2602 1053 2632 dici
1064 2601 1194 2642 possunt,
1215 2608 1218 2649 j

232 2643 429 2687 profiteantur
438 2645 495 2677 effe
506 2646 648 2678 dil-ituros.
673 2646 764 2689 Qod
774 2645 796 2677 si
807 2655 834 2677 te
846 2648 932 2677 Cotta
943 2664 952 2680 ,
964 2644 1117 2676 arbitrarer
1125 2664 1134 2679 ‚
1147 2652 1198 2675 aut
1214 2658 1217 2685 l

271 2781 285 2800 1
293 2793 299 2799 .
318 2776 351 2800 De
360 2776 391 2799 vi
402 2782 431 2799 nc
443 2776 531 2800 ratione
542 2774 658 2808 dicendi]
672 2776 752 2801 Forte
765 2778 809 2800 via
820 2794 828 2805 ,
839 2773 928 2809 inquit
937 2773 1109 2800 Gulielmius.

270 2818 299 2835 2.
320 2811 374 2842 Qae
390 2812 458 2845 quasi
473 2813 498 2835 in
517 2817 569 2835 arte
587 2811 719 2836 tradamur
738 2810 859 2844 insi-nim]
880 2809 960 2835 Haud
979 2810 1059 2836 aliter
1079 2809 1150 2836 Pith.
1169 2808 1198 2834 &

232 2843 347 2871 Memm.
360 2855 437 2871 unus.
458 2855 518 2872 nani
531 2847 586 2872 Pal.
597 2855 638 2882 pr.
650 2847 812 2873 traderemur.
824 2845 929 2873 secund.
939 2846 1076 2871 tradentur.
1096 2847 1196 2872 Verum

230 2881 309 2907 alteri
323 2882 485 2907 Memmiano
496 2882 566 2908 abest
577 2901 585 2914 ‚
604 2886 629 2908 In
640 2890 691 2907 aitte
703 2901 711 2914 ‚
730 2881 814 2909 refle.
835 2891 895 2909 iiam
908 2882 1001 2908 tradere
1011 2882 1074 2909 artis
1088 2881 1196 2908 verbum

231 2917 267 2943 eil
279 2936 287 2949 ,
299 2924 329 2942 ut
340 2916 424 2953 liquet
435 2926 468 2943 ex
480 2917 585 2953 cap.28.
597 2918 676 2944 iufra.
689 2918 752 2944 item
764 2919 832 2945 libro
846 2928 879 2944 ir.
891 2927 947 2954 cap.
957 2927 999 2944 12.
1013 2918 1101 2944 initio.

272 2961 297 2985 ζ.
319 2954 348 2977 Ut
368 2956 393 2978 in
412 2956 552 2979 cretiontbm
564 2954 729 2988 sifilaifhltt]
751 2955 794 2981 Est
805 2954 912 2990 quidem
925 2958 940 2980 ‘ii
951 2954 1102 2988 comessura
1112 2955 1197 2981 Fran-

230 2985 289 3015 cisci
302 2989 419 3014 Duireiii
432 3008 439 3020 ,
452 2989 499 3015 lib.
512 2999 548 3015 ii.
570 2989 674 3025 Disput.
687 2989 858 3017 Annivm-fiir.
870 3000 926 3026 cap.
938 2989 1198 3026 42.1'edcuiproxi-

233 3033 276 3050 me
287 3023 413 3051 accedunt
425 3023 482 3050 mss.
493 3025 581 3052 nostri.
603 3035 662 3051 iiam
674 3026 709 3051 est
721 3026 746 3051 in
760 3027 867 3062 1¹:11.pr.
878 3026 927 3052 sec.
940 3029 1086 3053 certiorihur.
1096 3027 1121 3052 iii
1133 3033 1197 3053 tert.

231 3068 320 3096 quart.
342 3059 409 3087 sext.
430 3060 494 3097 sept.
514 3063 651 3087 tritionibm
663 3081 671 3092 ,
693 3062 763 3088 Pitli.
786 3065 936 3088 cerdonibus.
968 3063 1075 3098 vulgata
1093 3062 1202 3098 praefert

230 3096 399 3122 conditionibus
419 3116 426 3128 ,
455 3097 496 3124 cui
519 3097 633 3124 inlistens
654 3097 828 3124 Rob.¹1'itius
847 3118 855 3130 ‚
878 3097 994 3126 fintrebat
1013 3099 1200 3130 conditionibm,

231 3132 354 3160 lib.v111.
374 3133 472 3159 Locor.
484 3132 647 3159 controvers.
659 3142 745 3169 cap.2.
760 3134 803 3160 sed
814 3122 1016 3161 inconiideiate.

269 3176 299 3203 4.
317 3172 408 3205 <Atqui
419 3188 428 3203 ,
438 3172 642 3207 inquitsidpitim
653 3189 661 3204 ‚
670 3171 818 3205 hocprimum
828 3180 856 3197 ex
866 3178 887 3198 n
899 3190 907 3205 ‚
926 3171 953 3197 de
962 3181 1005 3207 quo
1014 3171 1075 3199 madh
1085 3171 1204 3199 Antonius
1244 3168 1317 3198 uncis
1328 3169 1502 3204 Gulielmius,
1515 3176 1642 3206 tanquam
1652 3168 1835 3198 librariorum.
1854 3169 1882 3197 ὃ(
1893 3176 2018 3213 potemur
2026 3169 2120 3197 abess'e.

1257 129 1791 178 thnnours

1258 220 1297 247 te,
1308 212 1419 254 Sulpici
1430 232 1439 247 ,
1453 213 1490 245 de
1501 215 1539 245 iis
1549 213 1638 246 rebus
1646 215 1750 246 audire
1759 215 1838 247 velle
1850 236 1858 251 ‚
1871 213 2060 249 adduxissem
2070 216 2130 251 huc
2139 219 2224 251 Graei

1259 265 1331 285 cum
1341 256 1473 297 aliquem
1485 277 1494 290 .
1516 259 1634 297 quinos
1646 257 1822 289 istiusmodi
1833 259 2084 300 disputationibus
2095 261 2224 292 dele&-

1260 305 1321 327 ret:
1339 298 1423 338 quod
1442 308 1480 328 ne
1499 309 1581 329 nunc
1599 300 1725 340 quidem
1745 299 1873 331 difficile
1890 301 1973 332 fa&u
1991 302 2042 333 est.
2076 303 2127 334 Est·
2136 305 2223 335 enim.

1260 338 1337 379 apud
1349 342 1392 369 M.
1410 341 1564 374 Pisonem,
1577 342 1798 372 adolescentem
1806 344 1868 382 jam
1879 345 1950 374 huic
1960 343 2059 375 studio
2070 344 2221 379 deditum.

1261 381 1384 412 summo
1394 382 1556 412 hominem
1568 385 1692 425 ingenio
1704 404 1712 417 ‚
1726 384 1881 425 nostrique
1891 385 2125 426 cupidiffimum‚
2142 389 2224 417 Peri-

1258 426 1401 463 pateticus
1411 424 1530 458 Staseas,
1544 426 1639 455 homo
1651 425 1741 455 nobis
1751 423 1818 456 'sane
1831 428 1988 458 familiaris
1998 449 2007 462 ‚
2029 429 2061 460 &
2073 449 2082 462 ‚
2102 430 2224 459 utinter

1258 466 1402 496 homines
1412 467 1523 506 peritos
1535 466 1669 497 constare
1680 467 1821 501 video,in
1830 469 1885 498 illo
1896 469 1950 499 suo
1960 480 2066 511 genere
2076 472 2219 501 omniurn

1258 509 1406 548 princeps.
1440 511 1540 548 Qm
1551 517 1595 541 tu,
1608 510 1717 549 inquit,
1731 511 1820 543 mihi,
1832 512 1964 545 Mucius,
1978 513 2116 546 Staseam,
2128 522 2220 553 quem

1257 551 1485 589 Peripateticum
1505 553 1623 580 narras?
1643 550 1790 591 gerendus
1811 551 1854 581 est
1872 552 1928 582 tibi
1946 563 2012 583 mos
2025 553 2223 584 adolescenti-

1258 590 1313 620 bus
1325 610 1333 624 ,
1346 589 1442 621 Crafl'e
1454 602 1459 621 :
1482 593 1610 632 quinon
1620 594 1717 622 Graeci
1728 593 1854 633 alicujus
1865 594 2074 634 quotidianam
2085 596 2221 636 loquaci-

1257 641 1348 663 tatem
1359 630 1418 663 sine
1429 633 1483 664 usu
1494 654 1502 667 ,
1524 644 1621 675 neque
1630 644 1668 664 ex
1680 634 1787 664 scholis
1798 637 1978 666 cantilenam
1989 639 2158 678 requirunt,
2170 637 2220 668 sed

1257 684 1296 705 ex
1305 675 1435 705 homine
1445 677 1590 706 omnium
1602 674 1835 716 sapientiffimo,
1856 686 1943 718 atque
1963 677 2221 719 eloquentiffimo,

1256 725 1343 757 atque
1354 726 1392 746 ex
1404 727 1452 751 eo,
1464 719 1516 758 qui
1528 727 1593 748 non
1603 718 1632 747 in
1641 716 1745 752 libellis,
1760 718 1809 749 sed
1821 721 1853 748 in
1864 722 2010 749 maximis
2021 719 2109 750 causis
2121 741 2129 754 ,
2144 721 2222 752 &in

1255 759 1314 789 hoc
1335 758 1496 789 domicilio
1514 761 1638 799 imperii
1658 760 1690 790 &
1700 760 1804 801 gloriae
1815 780 1824 794 ‚
1846 759 1880 791 sit
1889 760 2017 792 consilio
2028 782 2036 795 ‚
2058 763 2221 803 linguaque

1256 803 1392 841 princeps
1406 821 1413 834 ,
1426 802 1511 842 cujus
1521 801 1644 843 vestigia
1653 802 1788 843 persequi
1798 805 1924 843 cupiunt
1934 823 1942 837 ,
1967 805 2030 843 ejus
2039 804 2219 835 sententiam

1258 842 1449 873 sciscitantur.
1486 843 1637 884 Equidem
1657 853 1686 874 te
1704 843 1777 874 cum
1798 846 1832 875 in
1851 844 1981 875 dicendo
1993 846 2109 886 semper
2118 848 2220 886 putavi

1255 883 1338 913 deum
1351 905 1359 918 ,
1381 893 1448 915 tum
1457 884 1530 915 vero
1540 885 1597 915 tibi
1608 895 1764 926 nunquam
1773 886 1954 928 eloquentiae
1968 889 2116 927 majorem
2128 888 2220 919 tribui

1253 926 1374 956 laudern
1386 946 1395 960 ‚
1414 926 1507 967 quam
1526 927 1719 958 humanitatis
1734 938 1740 957 1
1761 938 1819 968 qua
1829 939 1910 959 nunc
1929 938 1956 959 te
1969 932 2011 959 uti
2022 929 2070 959 vel
2080 929 2216 960 maxime

1254 967 1349 1002 decet,
1360 978 1457 1009 neque
1468 968 1607 1010 defugere
1616 979 1684 999 earn
1695 969 1929 1009 disputationem
1940 991 1949 1005 ,
1969 971 2003 1001 ad
2014 981 2105 1012 quam
2116 981 2144 1003 te
2155 971 2219 1002 duo

1254 1013 1268 1036 ἴ
1278 1010 1453 1040 excellentis
1473 1012 1505 1040 in
1527 1013 1589 1041 enii
1607 1011 1809 1042 adolescentes
1828 1015 1954 1052 cupiunt
1974 1013 2121 1043 accedere.
2153 1016 2217 1053 Ego

1253 1051 1326 1083 vero
1337 1072 1344 1085 ‚
1358 1054 1458 1093 inquit
1468 1073 1476 1086 ‚
1487 1054 1509 1082 il
1527 1055 1549 1082 is
1559 1053 1683 1094 obsequi
1694 1052 1799 1084 studeo
1809 1073 1818 1087 ‚
1831 1064 1926 1095 neque
1937 1055 2078 1095 gravabor
2090 1055 2219 1085 breviter

1255 1104 1326 1123 meo
1337 1104 1422 1124 more
1434 1114 1443 1128 ‚
1456 1094 1527 1135 quid
1536 1105 1650 1136 quaque
1662 1094 1697 1124 de
1709 1105 1738 1124 re
1751 1095 1876 1126 sentiam
1887 1096 1996 1126 dicere.
2024 1099 2068 1126 Ac
2079 1095 2218 1136 primurn

1253 1135 1331 1166 illud
1342 1135 1500 1176 (quoniam
1510 1136 1718 1166 au&oritatem
1729 1146 1810 1167 tuam
1821 1138 1970 1178 negligere
1982 1158 1991 1171 ,
2009 1139 2141 1168 Scaevola
2153 1158 2160 1172 ‚
2172 1137 2218 1169 fas

1255 1178 1332 1207 mihi
1353 1176 1411 1208 esse
1427 1187 1492 1207 non
1509 1179 1594 1218 puto)
1614 1178 1779 1217 respondeo
1792 1185 1805 1213 ;·
1821 1181 1898 1209 mihi
1910 1179 2031 1209 dicendi
2042 1181 2217 1211 autnullarn

1254 1227 1348 1249 artem
1360 1239 1369 1253 ,
1389 1228 1439 1249 aut
1455 1228 1631 1259 pertenuem
1641 1219 1756 1253 videri,
1777 1220 1826 1250 sed
1837 1231 1964 1251 omnem
1975 1220 2033 1251 effe
2044 1224 2217 1252 contentio-

1254 1270 1327 1290 nem
1346 1262 1424 1290 inter
1443 1262 1585 1291 homines
1603 1260 1710 1291 doetos
1730 1263 1763 1292 in
1777 1261 1860 1292 verbi
1872 1261 2068 1293 controversia
2079 1262 2214 1304 positam.

1254 1304 1337 1332 Nam
1349 1300 1369 1332 fi
1379 1312 1422 1332 ars
1433 1304 1473 1332 ita
1483 1301 1627 1332 definitur
1636 1322 1644 1336 ‚
1666 1311 1699 1332 ut
1709 1303 1809 1343 paullo
1819 1304 1889 1334 ante
1901 1305 2039 1344 exposuit
2049 1308 2214 1339 Antonius,

1253 1353 1287 1373 ex
1297 1342 1375 1373 rebm
1384 1346 1504 1384 penitus
1513 1344 1686 1384 pei-spedus,
1697 1346 1844 1386 planeque
1854 1342 1992 1388 cognitis,
2005 1356 2089 1388 atque
2102 1348 2137 1377 ab
2148 1349 2215 1388 opi-

1251 1387 1357 1416 nionis
1376 1385 1498 1416 arbitrio
1517 1385 1660 1426 sejunctis
1672 1406 1681 1420 ,
1700 1387 1880 1428 scientiaque
1891 1388 2111 1428 comprehensis
2125 1400 2130 1418 :
2150 1399 2216 1420 non

1251 1429 1329 1458 mihi
1338 1427 1459 1458 videtur
1468 1438 1512 1458 ars
1523 1430 1646 1459 oratoris
1658 1426 1715 1458 effe
1726 1429 1794 1459 ulla.
1824 1433 1899 1460 Sunt
1909 1433 1992 1460 enim
2005 1434 2082 1461 varia
2093 1451 2101 1465 ,
2125 1431 2157 1461 &
2178 1430 2216 1461 ad

1249 1470 1404 1511 vulgarem
1414 1489 1423 1504 ,
1438 1471 1673 1511 popularemque
1685 1471 1803 1501 sensum
1813 1472 2040 1503 accommodata
2050 1474 2155 1503 omnia
2163 1483 2216 1514 ge-

1251 1522 1322 1542 nera
1338 1512 1428 1551 hujus
1446 1511 1570 1542 forensis
1590 1511 1697 1543 nostrae
1715 1511 1872 1543 diCtionis.
1903 1516 1956 1544 Sin
1966 1522 2066 1544 autem
2077 1525 2110 1545 ea
2120 1535 2128 1549 ‚
2146 1524 2213 1555 quae

1249 1552 1398 1594 observata
1408 1554 1476 1585 sunt
1488 1556 1521 1585 in
1530 1554 1583 1585 usu
1595 1574 1603 1588 ,
1625 1565 1657 1585 ac
1668 1556 1783 1585 ratione
1793 1554 1935 1588 dicendi,
1954 1556 2017 1587 haec
2029 1556 2064 1587 ab
2076 1557 2213 1587 homini-

1250 1595 1304 1626 bus
1315 1595 1430 1626 callidis
1440 1616 1449 1630 ,
1461 1607 1494 1626 ac
1504 1598 1605 1637 peritis
1616 1597 1820 1627 animadversa
1829 1617 1837 1631 ‚
1849 1608 1880 1627 ac
1891 1607 1991 1628 notata
1999 1618 2008 1632 ,
2027 1598 2125 1628 verbis
2137 1597 2212 1629 desi-

1247 1646 1333 1680 gnata
1343 1658 1351 1672 ‚
1370 1638 1529 1680 generibus
1546 1638 1688 1669 illustrata
1698 1659 1706 1673 ,
1726 1639 1857 1679 partibus
1876 1638 2032 1670 distributa
2051 1640 2120 1670 sunt
2130 1660 2139 1674 ,
2166 1639 2212 1680 (id

1268 1680 1329 1711 uod
1339 1679 1404 1710 fieri
1415 1679 1542 1720 potuisse
1552 1680 1654 1721 video)
1666 1690 1729 1710 non
1739 1681 1878 1722 intelligo
1887 1702 1896 1715 ,
1919 1682 2117 1723 quamobrem
2131 1692 2211 1716 non,

1245 1691 1271 1752 si
1281 1724 1386 1753 minus
1396 1722 1447 1752 illa
1456 1722 1559 1753 subtili
1569 1720 1759 1755 definitione,
1770 1731 1797 1752 at
1807 1723 1860 1752 hac
1870 1723 1984 1765 vulgari
1995 1725 2151 1763 opinione,
2164 1733 2211 1754 ars

1249 1763 1308 1795 else
1318 1763 1461 1794 videatur.
1482 1764 1539 1794 Sed
1550 1762 1609 1793 five
1620 1763 1662 1793 est
1672 1773 1727 1796 ars,
1739 1762 1796 1794 five
1806 1766 1875 1794 artis
1886 1765 2021 1805 quaedam
2031 1763 2209 1799 fimilitudo,

1248 1816 1313 1837 non
1322 1805 1365 1836 est
1374 1805 1498 1847 quidem
1509 1815 1542 1835 ea
1552 1805 1731 1846 negligenda
1743 1816 1748 1835 z
1772 1804 1880 1835 verum
1897 1807 2131 1848 intelligendum
2152 1806 2208 1841 est.

1245 1849 1302 1879 alia
1320 1847 1457 1889 quaedam
1477 1847 1512 1878 ad
1531 1847 1772 1888 consequendam
1790 1848 1997 1888 eloquentiam
2018 1846 2075 1878 effe
2087 1849 2208 1888 majora.

1246 1893 1331 1921 Tum
1342 1892 1493 1920 Antonius
1503 1890 1699 1919 vehementer
1708 1886 1723 1909 ⁶
1733 1889 1762 1919 se
1773 1887 1910 1920 assentire
1921 1888 2019 1921 Craffo
2031 1890 2209 1932 dixit‚qu0d

1245 1942 1343 1973 neque
1353 1934 1394 1962 ita
1403 1930 1632 1971 amplecteretur
1642 1940 1734 1961 artem
1747 1951 1755 1964 ‚
1772 1940 1804 1961 ut
1813 1934 1835 1961 ii
1845 1931 1975 1962 solerent
1986 1953 1995 1965 ‚
2016 1935 2068 1973 qui
2080 1942 2210 1963 omnem

1248 1977 1313 2004 vim
1330 1973 1453 2004 dicendi
1471 1975 1505 2003 in
1523 1982 1580 2003 arte
1594 1981 1742 2013 ponerent
1753 1993 1761 2007 ,
1787 1983 1885 2014 neque
1895 1974 2012 2003 rursum
2023 1984 2090 2004 earn
2101 1983 2206 2009 totam,

1245 2015 1317 2046 ficut
1327 2016 1461 2055 plerique
1472 2015 1646 2054 Philosophi
1657 2014 1788 2045 facerent
1797 2015 1973 2055 repudiaret.
1983 2015 2040 2046 Sed
2051 2016 2207 2050 existimo,

1245 2060 1346 2099 inquit
1355 2077 1363 2091 ,
1384 2067 1501 2098 gratum
1513 2066 1540 2087 te
1551 2057 1598 2086 his
1609 2055 1703 2087 Crasse
1714 2076 1722 2090 ‚
1744 2056 1896 2087 faciurum
1905 2077 1914 2090 ‚
1926 2056 2012 2087 siista
2022 2059 2208 2097 exposueris,

1245 2110 1312 2142 quae
1321 2107 1404 2139 putas
1413 2099 1449 2129 ad
1461 2098 1625 2129 dicendum
1634 2098 1809 2139 plus‚quzim
1820 2099 1913 2138 ipsam
1922 2107 2016 2128 artem
2024 2097 2107 2138 posse
2117 2099 2208 2139 prod-

1247 2140 1315 2172 esse.
1345 2143 1456 2171 Dicam
1464 2139 1606 2181 equidem
1618 2159 1626 2173 ,
1647 2149 1793 2180 quoniam
1802 2139 1918 2170 institui
1929 2159 1936 2173 ,
1955 2150 2115 2182 petamque
2125 2140 2142 2171 a
2152 2151 2209 2172 vo-

1246 2183 1303 2217 bis,
1316 2184 1425 2223 inquit,
1438 2192 1476 2211 ne
1489 2184 1538 2212 has
1550 2190 1631 2212 meas
1639 2183 1765 2221 ineptias
1775 2179 1902 2211 efferatis
1916 2192 1921 2210 :
1943 2192 2126 2223 quamquam
2138 2193 2209 2213 mo-

1246 2224 1371 2254 derabor
1381 2224 1441 2263 ipse
1452 2244 1460 2257 ,
1481 2233 1519 2253 ne
1529 2243 1538 2257 ,
1562 2222 1726 2263 utquidam
1737 2222 1875 2265 magister
1885 2243 1893 2257 ,
1913 2233 1999 2265 atque
2009 2224 2115 2255 artifex
2127 2245 2136 2259 ,
2156 2224 2206 2256 sed

1244 2264 1324 2307 quasi
1336 2275 1412 2295 unus
1423 2265 1439 2295 e
1450 2273 1621 2305 togatorum
1632 2274 1762 2294 numero
1773 2285 1780 2299 ,
1801 2274 1887 2306 atque
1908 2276 1946 2295 ex
1964 2264 2076 2296 forenfi
2087 2267 2140 2297 usu
2150 2268 2208 2297 ho-

1248 2318 1301 2338 mo
1313 2307 1474 2337 mediocris
1487 2327 1493 2339 ,
1506 2317 1602 2352 neque
1614 2308 1745 2336 omnino
1755 2306 1834 2337 rudis
1845 2327 1853 2340 ,
1864 2307 1983 2341 videar,
2005 2317 2070 2338 non
2081 2309 2143 2349 ipse
2152 2309 2207 2339 ali-

1244 2349 1316 2391 quid
1328 2349 1344 2379 a
1355 2359 1404 2379 me
1415 2347 1577 2389 proxume,
1589 2347 1638 2378 sed
1647 2347 1775 2379 fortuito
1787 2351 1819 2378 in
1831 2349 2004 2380 sermonem
2014 2349 2147 2380 vestrum
2158 2352 2208 2381 in-

1245 2390 1357 2422 cidifl’e.
1385 2390 1533 2432 Equidem
1544 2411 1552 2424 ‚
1577 2388 1648 2420 cum
1658 2399 1791 2430 peterem
1802 2390 1987 2432 magistratus
1999 2412 2007 2425 ,
2029 2392 2162 2423 solebam
2173 2394 2206 2423 in

1266 2432 1412 2463 rens-ando
1432 2432 1583 2462 dimittere
1600 2432 1616 2461 a
1627 2442 1675 2462 me
1686 2433 1850 2464 Scaevolam
1860 2453 1869 2468 ,
1891 2432 1962 2463 cum
1974 2435 2003 2463 ei
2013 2435 2053 2464 ita
2061 2433 2206 2468 dicerem,

1247 2485 1296 2505 me
1307 2475 1386 2505 velle
1403 2473 1459 2504 effe
1480 2475 1612 2516 ineptum.
1636 2479 1650 2502 7
1660 2474 1690 2504 id
1701 2484 1761 2504 erat
1770 2483 1868 2515 petere
1879 2475 2017 2505 blandius
2030 2486 2035 2504 ς
2058 2475 2140 2516 quod
2150 2475 2206 2506 nifi

1245 2516 1345 2558 inepte
1358 2515 1451 2550 fieret,
1464 2516 1540 2546 bene
1550 2526 1613 2546 non
1622 2515 1719 2556 poss'et
1729 2515 1802 2546 fieri.
1824 2519 1916 2547 Hunc
1925 2526 2024 2547 autern
2035 2517 2092 2548 efl'e
2104 2528 2203 2548 unum

1244 2560 1409 2589 hominem
1420 2568 1458 2588 ex
1469 2558 1614 2588 omnibus
1629 2579 1637 2592 ,
1661 2568 1723 2599 quo
1731 2559 1872 2598 praesente
1882 2569 1937 2599 ego
1948 2561 2066 2599 ineptus
2077 2558 2135 2590 effe
2145 2561 2206 2590 rni-

1244 2601 1329 2631 nime
1340 2601 1451 2629 vellem
1466 2611 1471 2629 2
1491 2610 1582 2641 quem
1594 2600 1718 2640 quidem
1729 2610 1812 2630 nunc
1825 2610 1960 2630 mearum
1969 2603 2151 2640 ineptiarum
2161 2610 2207 2632 te-

1246 2642 1333 2678 stem,
1346 2642 1378 2673 &
1388 2641 1583 2683 i’pestatorem
1592 2642 1715 2673 fortuna
1725 2641 1891 2674 constituit.
1910 2645 1992 2674 Nam
2001 2643 2074 2683 quid
2086 2642 2129 2673 est
2139 2645 2207 2673 ine-

2109 2694 2204 2726 Ptlus'

1237 2773 1340 2805 expositi!
1352 2791 1359 2803 ,
1370 2773 1438 2806 ὡς]
1452 2774 1534 2799 Vetus
1548 2772 1631 2799 editio
1643 2792 1651 2804 ‚
1670 2775 1746 2806 Atqui
1756 2791 1763 2803 ,
1773 2775 1852 2808 inquit
1861 2776 1926 2806 susp.
1936 2774 1975 2799 hoc
1984 2773 2068 2805 ostendi
2076 2773 2137 2807 quod
2143 2772 2206 2799 mod)

1241 2811 1329 2834 Antan.
1358 2808 1466 2844 quod&
1478 2810 1503 2835 in
1523 2809 1655 2835 nonnullis
1670 2808 1727 2835 mss.
1748 2809 1789 2835 i'ed
1802 2810 1919 2836 variante
1938 2809 2016 2836 litera
2027 2829 2035 2841 ‚
2053 2811 2138 2841 «stende
2156 2819 2205 2835 me-

1240 2846 1318 2870 liores.
1340 2851 1427 2871 tamen
1439 2845 1506 2871 Pall.
1518 2845 1615 2871 liabent
1626 2852 1729 2872 tautum
1742 2865 1751 2877 ,
1769 2848 1845 2879 Atqui
1853 2849 1931 2880 inqiut
1940 2847 1979 2870 hoc
1988 2846 2073 2877 ostende
2083 2846 2185 2879 quomodo
2195 2856 2205 2878 ‚-

1240 2889 1324 2916 neque
1335 2880 1412 2907 aliter
1424 2882 1544 2907 Memmii
1556 2881 1622 2907 liber
1632 2893 1641 2914 ‚-
1652 2890 1710 2908 nam
1723 2880 1832 2908 Suffrid.
1844 2882 1923 2908 nostri
1935 2880 2011 2907 codd.
2022 2884 2098 2915 Atqui
2108 2899 2116 2912 ‚
2126 2884 2205 2915 inquit

1239 2918 1366 2949 Sulpitim,
1377 2919 1416 2943 hoc
1422 2921 1526 2950 primum
1537 2918 1630 2942 exiendi
1640 2918 1700 2951 quud
1708 2918 1768 2943 modo
1780 2936 1787 2948 ‚
1799 2916 1886 2943 forsan
1895 2926 1948 2944 iioii
1959 2917 2028 2944 male
2038 2926 2046 2949 5
2062 2916 2203 2949 haetenus,

1241 2953 1295 2977 dum
1305 2952 1385 2978 deinde
1394 2961 1561 2986 expungamus,
1572 2953 1722 2987 quidfi‘ntiar
1733 2955 1867 2987 quei-imus.

1279 2997 1305 3021 5.
1326 2990 1465 3015 Excellentis
1480 2992 1568 3022 ingenii
1586 2989 1761 3024 adalstenus]
1781 2988 1849 3016 Pau.
1867 2997 1908 3024 pr.
1928 2987 1976 3015 sec.
1996 2988 2067 3015 Pith.
2078 2987 2202 3016 Memmii

1240 3023 1294 3050 duo
1306 3044 1314 3056 ,
1324 3027 1456 3050 excellentes
1467 3026 1563 3057 ingeniis
1573 3026 1731 3057 adolescentes.

1278 3061 1307 3086 6.
1325 3063 1352 3085 Se
1363 3062 1469 3094 affentire
1478 3061 1584 3094 Craffiisj
1605 3060 1766 3087 Gulielmius
1785 3061 1821 3087 ita
1841 3058 1956 3096 reposuit
1966 3069 1999 3087 ex
2010 3060 2082 3087 Pith.
2093 3061 2121 3087 δε
2133 3059 2201 3088 duo·-

1243 3095 1289 3122 bus
1301 3097 1482 3127 Memmianis,
1493 3104 1602 3132 eratque
1613 3096 1678 3122 item
1689 3097 1715 3123 in
1726 3097 1784 3123 Pal.
1794 3105 1835 3132 pr.
1847 3096 1895 3123 sec.
1906 3106 1957 3123 non
1967 3098 2084 3130 affinxiri.

1279 3140 1307 3167 7.
1326 3133 1356 3158 Id
1363 3141 1415 3159 eras
1422 3140 1496 3166 petere
1506 3133 1629 3164 blandiar,
1639 3133 1705 3166 gra]
1725 3135 1805 3159 Voces
1816 3132 1859 3159 has
1870 3132 2008 3161 duodecim
2020 3132 2203 3169 cii-cumsaepiit

2073 3215 2097 3234 ι.
2107 3207 2209 3240 Omnia,-

2240 519 2280 553 23

2230 1903 2277 1935 24.
