2360 3400
726 66 1592 116 FRAGMEN‘TA.'

171 159 264 196 parva
283 148 339 190 (ut
360 147 424 190 est)
447 148 487 179 ita
497 146 633 182 videtur,
652 147 716 178 haee
726 155 904 178 crannum
915 156 1044 177 semna
1057 156 1130 178 spn-

121 218 124 220 .
175 202 300 228 cra-ro:
322 200 405 222 ILLA
426 199 581 221 HUMANA
601 199 834 220 court-:miuo-
865 191 914 220 Tu
934 190 1017 219 enirn
1037 199 1126 230 quam

170 234 374 266 celebritatem
394 233 541 263 sermonis
559 233 725 263 hominum
737 251 746 265 ‚
766 240 816 262 aut
824 240 915 272 quam
926 231 1126 271 expetendam

170 276 300 318 gloriam
319 275 462 316 consequi
485 277 595 315 potes?
617 273 702 304 vides
721 273 845 304 habitari
855 275 888 303 in
899 282 974 303 terra
982 274 1073 307 raris,
1092 273 1125 303 δε

172 327 208 348 an
231 316 302 348 ustis
318 319 351 347 in
375 317 468 347 locis:
487 313 728 356 &inipfisquasi
740 315 886 349 maculis,
906 314 958 345 ubi
967 314 1125 348 habitatur,
1145 348 1146 354 ἵ

170 368 190 390 v
236 368 267 389 as
285 358 462 389 solitudines
472 356 784 398 interje&as:hosque
794 358 845 397 qui
857 356 996 387 incolunt
1006 365 1125 390 terram,

171 411 236 432 non
257 401 352 431 modo
371 402 552 440 interruptos
562 401 602 429 ita
611 398 688 433 effe,
706 408 738 429 ut
749 399 915 429 nihilinter
926 397 1006 439 ipsos
1015 397 1050 428 ab
1060 398 1128 428 aliis

169 443 207 473 ad
228 443 302 474 alios
321 452 439 473 manare
457 440 543 482 poffit
562 452 568 470 z
588 440 638 471 sed
660 442 769 480 partim
788 441 930 481 obliquos
952 458 961 473 ‚
985 442 995 460 ¹
1017 441 1126 480 partim

168 486 287 516 aversos
297 505 306 519 ,
324 486 444 525 partim,
455 484 547 514 etiam
559 483 696 513 adversos
706 481 778 513 stare
788 481 875 512 vobis
887 492 893 511 t
905 481 1040 522 aquibus
1053 483 1068 502 ²
1077 491 1126 511 ex-

163 526 287 566 sped'tare
299 527 426 568 gloriam
445 525 517 556 certe
525 526 630 555 nullam
637 522 751 566 potestu-
772 526 880 554 Cernis
889 533 988 555 autern
998 523 1126 554 eandem

170 578 276 600 terram
296 588 305 603 ‚
339 567 418 610 quafi
436 567 614 609 quibusdam
633 566 806 597 redimitam
828 586 837 600 ‚
858 566 891 597 δε
912 565 1126 597 circumdatam

167 610 298 651 cingulis
313 621 318 639 :
340 609 474 650 equibus
484 609 560 639 duos
571 609 707 638 maxime
718 611 796 638 inter
806 608 832 638 se
841 607 972 638 diversos
984 628 992 642 ‚
1013 607 1126 638 &coeli

166 652 330 682 verticibus
342 650 408 690 ipsis
419 661 456 681 ex
467 659 587 692 utraque
599 659 678 690 parte
689 650 834 680 subnixos
846 669 854 684 ‚
867 649 1013 690 obriguisse
1019 650 1125 692 pruina

166 693 272 726 vides,
293 693 432 723 medium
457 702 557 722 autem
578 693 667 722 illum
681 712 690 726 ‚
710 692 945 725 &maximum‚
961 692 1023 732 [ὀίω
1032 690 1127 721 ardore

171 735 281 764 torreri.
303 734 364 764 duo
375 734 442 764 sunt
452 733 626 764 habitabiles
637 744 642 762 1
654 743 783 774 quorum
794 732 926 763 australis
938 734 989 763 ille
1001 753 1009 767 ‚
1021 735 1053 764 in
1064 743 1126 774 quo

188 777 219 806 ui
241 774 395 809 infistunt‚
417 776 533 806 adversa
554 776 641 805 vobis
659 783 766 816 urgent
778 774 920 815 vestigia,
940 775 1018 805 nihil
1027 775 1062 806 ad
1073 785 1126 805 ve-

165 785 262 848 Pirum
283 819 453 858 genus:hic
470 826 571 848 autem
591 817 663 847 alter
682 815 833 856 subjeetus
850 817 1008 858 aquiloni,
1031 827 1123 858 quem

165 860 320 900 incolum,
342 869 447 892 cerne,
467 858 560 899 quam
581 861 663 889 tenui
680 868 736 888 vos
749 859 999 900 partecontingat.
1020 861 1125 889 omnis

162 904 246 932 enim
258 910 332 931 terra
341 920 350 934 ,
362 911 427 941 quae
437 904 546 930 colitur
556 901 571 930 a
582 900 670 930 vobis
679 920 687 934 ,
701 899 821 942 angusta
830 901 990 931 verticibus
1003 921 1011 934 ‚
1025 902 1124 932 lateri-

163 943 220 974 bus
230 944 318 973 latior
331 963 338 976 ‚
353 950 447 984 parva
457 942 683 984 quaedaminsula
693 941 736 971 eff}
750 962 758 976 ,
778 942 959 973 circumfusa
969 943 1024 973 illo
1034 944 1120 976 mari,

162 984 245 1026 quod
254 985 439 1015 Atlanticum
452 1004 460 1017 ‚
480 984 562 1025 quod
581 986 729 1025 Magnum
742 1005 751 1018 ,
764 984 846 1025 quod
858 987 1012 1014 Oceanum
1024 985 1124 1025 appel-

162 1027 230 1057 latis
248 1027 282 1057 in
299 1028 383 1057 terris
397 1037 403 1055 :
415 1028 467 1067 qui
481 1035 581 1056 tamen
593 1035 674 1056 tanto
686 1029 814 1057 nomine
831 1046 839 1059 ,
858 1026 948 1068 quam
962 1026 1122 1066 (itparwm

162 1068 258 1099 vides.
283 1071 329 1099 Ex
348 1067 471 1108 hisipfis
481 1068 588 1102 culm,
611 1068 751 1109 norisque
765 1077 867 1101 terris,
888 1078 963 1098 num
975 1077 1120 1099 auttuum

162 1120 213 1142 aut
233 1111 408 1151 cuiusquam
430 1107 569 1140 nostrum
592 1118 708 1140 nomen
728 1129 736 1144 ,
767 1110 813 1140 vel
841 1110 1006 1140 Caucasum
1030 1111 1120 1145 hunc,

159 1161 252 1194 quern
271 1154 367 1183 cernis
386 1171 394 1185 ‚
423 1150 628 1182 transcendere
649 1153 749 1191 potuit
766 1171 776 1185 ,
800 1152 849 1182 vel
868 1152 957 1182 illum
981 1154 1120 1194 Gangem

161 1196 364 1225 transnatare?
381 1196 448 1235 quis
465 1195 498 1224 in
523 1194 647 1234 reliquis
665 1193 795 1224 Orientis
810 1213 818 1227 ,
837 1202 888 1223 aut
901 1194 1039 1224 abeuntis
1051 1194 1123 1224 solis

162 1237 282 1267 ultimis
300 1245 351 1266 aut
367 1236 519 1277 aquilonis
530 1255 538 1269 ‚
558 1234 687 1265 austrive
704 1235 835 1275 partibus
845 1244 930 1266 tuum
944 1245 1058 1266 nomen
1070 1246 1124 1267 au-

160 1279 242 1309 diet?
267 1278 377 1319 quibus
396 1279 556 1318 amputatis
567 1296 576 1310 ‚
595 1279 692 1307 cernis
702 1275 838 1317 prestere
849 1297 858 1310 ,
880 1279 998 1318 quantis
1012 1287 1047 1307 1N
1059 1287 1123 1308 AN-

163 1329 262 1351 ousrr
271 1329 301 1350 rs
313 1329 442 1350 vestim
452 1328 583 1349 onoma
598 1319 626 1349 se
636 1319 752 1349 dilatari
764 1320 847 1349 velit.
870 1318 925 1359 Ipfi
936 1328 1035 1350 autem
1049 1339 1057 1353 ,
1069 1321 1122 1361 qui
1142 1339 1144 1354 ,.

125 1370 144 1403 7
161 1362 198 1393 de
216 1362 303 1392 vobis
323 1362 489 1402 loquuntur
501 1380 509 1394 ‚
529 1361 677 1402 quamdiu
686 1360 856 1402 loquentur?
878 1363 961 1403 Qin
972 1363 1060 1392 etiam
1073 1382 1081 1396 ‚
1103 1360 1122 1392 fi
1142 1390 1144 1395 ,

162 1405 262 1444 cupiat
286 1404 383 1444 proies
414 1404 465 1433 illa
483 1401 656 1432 futurorum
676 1404 840 1432 hominum
860 1402 1003 1442 deinceps
1022 1404 1123 1434 laudes

159 1445 399 1486 uniuscujusque
410 1442 548 1474 nostrum
562 1443 578 1473 a
588 1443 720 1483 patribus
730 1453 859 1484 acceptas
878 1444 1003 1484 posteris
1014 1445 1123 1484 prode-

158 1498 190 1519 re
211 1507 220 1522 ‚
249 1496 349 1517 tamen
371 1493 492 1525 propter
507 1485 667 1514 eluviones
687 1504 696 1518 ‚
715 1484 946 1525 exustionesque
966 1494 1122 1521 terrarum,

158 1539 232 1570 quas
251 1527 383 1559 accidere
403 1535 540 1566 ternpore
562 1534 643 1555 certo
656 1524 770 1555 neceffe
784 1525 826 1555 est
838 1546 847 1559 ‚
869 1536 932 1555 non
943 1527 1038 1556 modo
1048 1535 1124 1557 ater-

159 1580 228 1601 nam
240 1590 249 1605 ‚
270 1569 320 1600 sed
330 1577 369 1599 ne
377 1568 546 1598 diuturnam
554 1566 678 1608 quidem
689 1567 816 1609 gloriam
828 1565 941 1608 assequi
953 1567 1123 1608 possumus.

157 1614 254 1654 Qun
275 1620 395 1642 AUTEM
423 1619 588 1640 xtrrrensssr
607 1628 617 1642 ‚
637 1608 674 1639 ab
690 1610 746 1642 iis,
765 1610 817 1648 qui
835 1609 936 1649 postea
954 1609 1122 1644 nascentur,

123 1671 132 1674 -
159 1655 335 1686 sermonem
357 1651 423 1682 fore
440 1651 478 1681 de
495 1660 524 1681 te
539 1670 548 1685 ‚
572 1648 644 1681 cum
655 1649 692 1681 ab
703 1651 740 1679 iis
752 1650 855 1680 nullus
867 1649 968 1680 fuerit.
991 1652 1121 1691 quiante

157 1698 222 1727 nati
241 1693 318 1725 fint?
339 1695 393 1735 qui
412 1702 467 1723 nec
487 1693 640 1732 pauciores
652 1711 662 1724 ‚
682 1691 715 1721 &
735 1691 817 1722 certe
835 1692 980 1721 meliores
997 1693 1121 1724 fuerunt
1142 1721 1149 1728 „

161 1739 240 1768 viri:
259 1735 331 1767 cum
351 1734 511 1776 praesertim
530 1733 607 1774 apud
618 1743 668 1763 eos
678 1733 778 1773 ipsos,
799 1733 814 1763 a
831 1733 941 1774 quibus
959 1733 1055 1764 audiri
1065 1744 1123 1764 no-

158 1789 233 1810 men
250 1777 388 1809 nostrum
406 1775 523 1817 potest,
542 1785 637 1805 nemo
663 1777 755 1805 unius
773 1774 1036 1805 anni'memoriam
1047 1785 1122 1806 con-

156 1820 244 1864 sequi
260 1818 348 1861 poffit
359 1829 365 1848 :
377 1819 520 1849 homines
540 1819 625 1847 enim
653 1820 666 1844 ³
680 1817 860 1857 populariter
871 1826 977 1845 annum
988 1825 1122 1848 tantum-

158 1861 256 1894 modo
280 1862 371 1895 solis,
391 1859 422 1891 id
441 1859 504 1893 est,
525 1860 616 1889 unius
625 1857 692 1889 astri
703 1858 798 1889 reditu
811 1860 978 1889 metiuntur
994 1869 999 1887 :
1019 1859 1120 1889 ‘rcum
1140 1876 1142 1896 ;

156 1913 258 1936 autern
276 1903 313 1934 ad
333 1902 415 1933 idem
433 1922 441 1936 ‚
461 1902 540 1932 unde
551 1901 642 1932 semel
651 1899 786 1941 profeci&
798 1900 827 1930 su
834 1909 866 1930 nt
876 1921 885 1934 ,
909 1904 922 1928 5
931 1899 1038 1931 cunsta
1049 1899 1122 1932 astra
1139 1912 1140 1925 ἢ

1139 1951 1140 1958 ’
1162 1953 1258 1983 neque
1271 1942 1390 1973 nataest
1398 1943 1477 1972 certe
1489 1962 1498 1976 ‚
1510 1943 1541 1972 &
1551 1952 1660 1973 aeterna
1671 1942 1724 1974 est.
1746 1944 1816 1973 hanc
1826 1951 1859 1974 tu
1871 1955 1963 1975 exerce
1974 1945 2002 1975 in
2012 1947 2124 1989 optimu

157 1945 302 1979 'redierint
323 1965 332 1980 ,
353 1944 538 1985 eandemque
555 1945 647 1973 totius
668 1943 741 1973 anni
764 1942 999 1982 descriptionem
1020 1943 1120 1984 longis

158 1987 325 2020 intervallis
336 1986 497 2017 retulerint
509 2005 518 2019 ,
534 1985 662 2015 rumille
676 1985 749 2014 vere
763 1991 872 2013 verrens
880 1993 969 2013 annus
980 1985 1122 2025 appellari

157 2028 271 2073 potest:
282 2031 315 2060 in
324 2038 386 2070 quo
394 2030 448 2058 vix
458 2027 556 2057 dicere
565 2026 661 2057 audeo
674 2046 682 2059 ,
693 2027 783 2067 quarn
797 2027 890 2056 multa
900 2026 1004 2056 saecula
1017 2028 1121 2057 homi—

159 2083 236 2105 num
256 2079 422 2103 teneantur.
442 2079 572 2110 namque
590 2078 623 2098 ut
641 2068 718 2098 olim
738 2067 862 2099 deficere
874 2068 1117 2102 solbominibus,

159 2114 370 2156 exstinguique
389 2112 470 2143 visus
488 2111 548 2145 est,
576 2109 647 2141 cum
668 2110 798 2140 Romuli
811 2112 932 2140 animus
943 2111 1003 2140 haee
1015 2111 1074 2150 ipsa
1087 2113 1119 2141 in

159 2157 270 2197 templa
278 2155 460 2196 penetravit:
473 2154 512 2183 ita
523 2152 703 2194 quandoque
713 2151 815 2182 eadem
826 2160 906 2192 parte
917 2151 980 2186 sol,
991 2152 1118 2183 eodem-

157 2208 216 2240 que
235 2206 374 2237 tempore
392 2198 502 2226 iterum
525 2193 667 2224 defecerit
688 2213 696 2227 ,
723 2202 788 2224 tum
807 2192 897 2234 fignis
915 2193 1062 2224 omnibus
1081 2194 1118 2225 ad

156 2241 240 2272 idem
263 2240 447 2280 principium
459 2257 469 2272 ‚
489 2236 638 2277 stellisque
648 2244 794 2266 revocans
807 2255 815 2269 ‚
833 2235 988 2275 expletum
1002 2245 1115 2266 annum

159 2283 283 2313 habeto.
304 2281 395 2320 hujus
413 2280 541 2321 quidem
563 2279 636 2309 anni
652 2277 791 2307 nondum
810 2275 982 2307 vicesimam
1001 2287 1114 2318 partem
1133 2303 1135 2310 Α

158 2325 231 2356 scito
240 2321 298 2354 effe
310 2322 496 2353 conversam.
520 2323 666 2362 roirca
677 2318 697 2349 sl
707 2319 836 2349 reditum
847 2317 862 2338 ⁶
876 2321 908 2349 in
920 2321 1000 2349 hunc
1011 2319 1114 2350 locum

157 2367 358 2407 desperaveris
379 2383 387 2398 ‚
408 2364 437 2392 in
457 2373 512 2404 quo
531 2362 625 2392 omnia
638 2362 710 2402 sunt
729 2362 854 2401 magnis,
875 2360 909 2393 &r
927 2359 1116 2403 praestantibus

157 2409 247 2439 viris.-
257 2408 361 2448 quanti
382 2406 502 2436 tandem
524 2404 567 2435 est
587 2403 639 2434 ista
656 2405 820 2433 hominum
840 2403 953 2443 gloria,
971 2413 1116 2444 quaeper-

158 2453 254 2482 tinere
272 2452 326 2479 vix
345 2447 383 2478 ad
404 2450 495 2478 unius
519 2447 592 2478 anni
609 2439 722 2486 partem
734 2446 873 2486 exiguam
884 2444 1004 2486 potest?
1021 2447 1116 2487 Igitur

193 2539 205 2557 r
213 2550 219 2556 .
237 2533 336 2556 ‘Partim
345 2529 452 2562 conflas,
458 2531 551 2561 partim
559 2531 633 2554 eriam
643 2527 780 2561 adver-firm]
803 2526 859 2552 1³21.
870 2535 912 2563 pr.
931 2536 983 2554 non
994 2527 1113 2561 agnoicit

154 2566 220 2593 duas
232 2575 306 2592 voces
326 2566 435 2601 primas.
458 2564 592 2590 Victorius
610 2564 708 2599 aliique
727 2562 874 2599 expressere
886 2582 895 2594 ‚
910 2565 1004 2597 partim
1021 2564 1112 2596 vmffbs.

154 2602 214 2630 finnt
224 2602 269 2638 qui
281 2601 376 2628 habent
385 2601 553 2634 transversim
574 2601 589 2626 ii
600 2599 694 2635 quibus
708 2600 774 2626 stant
792 2597 896 2626 codices
907 2599 982 2626 l’etri
993 2599 1111 2626 Danielis

154 2640 184 2666 &
196 2638 355 2667 Pannonis,
365 2639 391 2662 8(
404 2637 461 2663 Pal.
472 2636 521 2662 see.
531 2637 557 2662 8<
570 2636 667 2672 placuit
678 2635 838 2662 Gulielmio.

2007 83 2055 131 13
2074 86 2088 115 1
2098 90 2126 133 9

1170 147 1227 179 alte
1248 145 1376 188 spcflare
1396 145 1417 178 fi
1432 147 1515 178 voles
1525 166 1534 181 ‚
1551 155 1639 188 atque
1650 147 1726 178 hanc
1736 147 1836 179 sedem
1851 167 1859 182 ,
1880 145 1912 179 ὃς
1922 156 2063 179 aeternam
2076 148 2132 179 do-

1171 199 1258 220 mum
1277 191 1432 220 contueri:
1455 198 1570 227 NEQUE
1588 199 1852 221 restituerimus
1863 200 1963 221 vuLGr
1977 199 2130 224 nznanrs,

1173 233 1270 262 necin
1283 233 1414 272 praemiis
1423 232 1566 262 humanis
1576 231 1658 271 spem
1669 232 1802 272 posueris
1811 232 1910 263 rerum
1922 241 2038 263 tuarum
2051 242 2057 261 z
2068 232 2130 262 suis

1169 282 1198 303 te
1212 282 1330 314 oportet
1351 272 1475 303 illecebris
1494 273 1554 313 'PF‘
1564 273 1659 302 virtus
1669 275 1761 304 trahat
1771 274 1805 305 ad
1817 284 1923 305 verum
1934 274 2033 305 decus.
2055 274 2130 316 quid

1169 315 1206 345 de
1226 324 1254 345 te
1271 315 1342 349 alii,
1361 315 1540 356 loquantur,
1564 314 1616 355 ipfi
1637 315 1832 346 videantzsed
1845 316 2004 357 loquentur
2016 324 2127 347 tamen.

1167 359 1274 387 Sermo
1283 366 1382 387 autem
1394 358 1497 387 omnis
1506 357 1606 390 isse&
1616 356 1758 399 angustiis
1765 358 1895 399 cingitur
1907 360 1943 388 iis
1955 360 2128 400 regionum,

1169 407 1242 439 quas
1260 398 1369 432 vides;
1389 408 1445 428 nec
1463 408 1606 439 umquam
1625 398 1662 429 de
1683 400 1746 429 ullo
1765 401 1906 440 perennis
1926 400 2002 434 fuit;
2023 400 2056 430 &
2071 399 2130 430 ob-

1172 441 1268 470 ruitur
1277 441 1442 470 hominum
1457 442 1578 470 interitu
1591 440 1642 475 3&
1654 440 1812 472 oblivione
1823 441 2000 482 posteritatis
2011 440 2129 472 exstin-

1187 484 1277 513 uirur.
1300 484 1375 523 Qae
1385 482 1455 512 cum
1468 480 1604 516 dixisset,
1625 482 1770 524 Ego'vero
1783 485 1906 525 inquam
1919 504 1927 517 ‚
1941 483 1959 514 ὃ
1975 483 2125 517 Africane,

1179 534 1187 553 1
1198 524 1322 564 quidem
1335 525 1410 554 bene
1421 533 1544 554 meritus
1554 524 1590 554 de
1599 528 1689 564 patria
1699 523 1776 565 quasi
1790 526 1877 556 limes
1887 525 1922 556 ad
1932 526 2001 556 coeli
2010 525 2128 557 aditum

1168 575 1265 606 patet,
1288 575 1470 606 quamquam
1489 566 1504 596 a
1519 568 1644 606 pueritia
1653 566 1786 607 vestigiis
1800 565 1942 608 ingreffus
1952 569 2052 607 patriis
2063 587 2072 601 ,
2092 568 2128 598 δε

1169 609 1228 638 tuis
1240 627 1249 641 ‚
1268 607 1367 638 decori
1379 607 1477 638 vestro
1492 617 1556 637 non
1567 607 1668 638 defui:
1682 618 1763 638 nune
1774 618 1874 639 tamen
1883 613 1898 637 7
1907 618 1989 639 tanto
1999 611 2128 648 praemio

1167 648 1319 690 propofito
1336 669 1345 683 ,
1377 652 1471 679 enitar
1489 649 1588 679 multo
1613 651 1796 690 vigilantius.
1827 652 1860 682 &
1878 651 1930 681 ille
1942 671 1950 684 ,
1979 654 2030 681 Tu
2054 650 2127 681 verb

1167 692 1292 724 enitere,
1305 691 1337 721 &
1349 689 1386 721 fic
1396 691 1501 722 habeto
1514 711 1522 725 ,
1536 700 1604 721 NON
1616 700 1686 721 ESSE
1694 701 1736 721 rr.
1748 702 1940 722 mona-Anam
1954 713 1963 726 ,
1976 701 2033 722 sen
2046 702 2129 722 COR-

1169 742 1224 762 pus
1234 742 1311 763 noc.
1335 742 1392 763 nec
1403 735 1487 763 enim
1499 734 1535 766 is,
1548 742 1640 774 quem
1655 732 1752 764 forma
1763 734 1815 764 ista
1824 734 1948 765 declarat
1959 745 1966 764 :
1978 734 2025 764 sed
2040 742 2129 764 mens

1167 774 1330 816 cujusque,
1354 777 1379 805 is
1399 773 1441 805 est
1460 775 1584 815 quisque
1598 785 1679 805 :non
1697 785 1729 805 ea
1749 774 1859 817 figura,
1906 786 1949 806 ua:
1969 776 2064 818 digito
2075 776 2128 806 de·

1168 816 1326 847 monstrari
1337 815 1442 857 potest.
1463 819 1565 846 Deum
1576 825 1605 846 te
1616 818 1704 858 igitur
1717 817 1788 848 scito
1797 817 1856 848 effe
1867 829 1871 846 :
1884 787 2028 859 Equidem
2042 820 2127 848 Deus

1167 857 1227 892 est,
1250 860 1301 899 qui
1313 861 1402 900 viget,
1416 860 1468 899 qui
1481 858 1580 891 sentit,
1594 862 1646 899 qui
1658 861 1803 889 meminit
1814 879 1822 893 ,
1838 861 1890 900 qui
1900 859 2041 900 providet
2051 880 2060 893 ,
2071 861 2129 900 qui.

1168 909 1227 931 tarn
1244 902 1338 941 regit,
1349 901 1382 931 &
1395 900 1565 931 moderatur
1574 919 1582 933 ‚
1595 901 1627 930 δε
1639 910 1743 931 movet
1754 901 1783 931 id
1794 911 1900 941 corpus
1911 922 1919 936 ‚
1930 903 1977 932 cui
1987 899 2125 942 praepofi-

1166 951 1213 973 tus
1238 941 1279 972 est
1290 961 1299 975 ,
1320 942 1410 983 quam
1432 943 1513 972 hunc
1537 941 1689 972 mundum
1710 943 1760 973 ille
1778 945 1915 983 princeps
1938 946 2021 974 Deus
2034 943 2084 973 1&
2095 950 2127 973 ut

1166 983 1317 1014 mundum
1336 994 1376 1014 ex
1392 984 1520 1025 quadam
1539 993 1618 1024 parte
1638 985 1796 1015 mortalem
1817 985 1878 1025 ipse
1890 988 1974 1015 Deus
1984 993 2127 1018 aeternus,

1167 1025 1205 1056 fic
1221 1025 1326 1067 fragile
1344 1036 1452 1066 corpus
1471 1027 1585 1055 animus
1605 1026 1788 1067 sempiternus
1809 1036 1923 1058 movet.
1947 1029 2027 1057 Nam
2051 1026 2128 1068 quod

1159 1068 1266 1109 semper
1283 1076 1430 1101 movetur,
1450 1075 1582 1096 aternum
1601 1067 1644 1097 es‘l
1659 1068 1760 1108 :quod
1782 1077 1881 1098 autem
1902 1078 2022 1098 motum
2043 1066 2129 1099 affert

1165 1110 1268 1143 alicui,
1282 1110 1423 1150 quodque
1440 1111 1567 1151 agitatur
1577 1109 1706 1144 aliunde;
1718 1110 1838 1149 quando
1849 1109 1942 1140 finem
1957 1110 2045 1140 habet
2056 1119 2129 1140 mo-

1166 1160 1214 1182 tus
1228 1171 1236 1186 ‚
1249 1152 1373 1182 vivendi
1389 1150 1481 1181 finem
1492 1151 1596 1181 habeat
1607 1149 1720 1182 necefl‘e
1731 1151 1783 1182 est.
1808 1152 1905 1182 solum
1917 1153 2009 1193 igitur
2020 1171 2028 1186 ‚
2043 1151 2127 1193 quod

1165 1193 1225 1224 sese
1243 1194 1367 1227 movet,
1385 1195 1455 1234 quia
1475 1200 1638 1234 nunquam
1652 1193 1795 1223 deseritur
1813 1193 1889 1228 ase3
1910 1203 2077 1238 numquam
2089 1203 2129 1224 ne

1168 1237 1285 1266 moveri
1297 1235 1420 1277 quidem
1431 1233 1552 1265 definit:
1565 1236 1640 1276 quin
1650 1236 1740 1266 etiam
1750 1237 1865 1269 ceteris,
1876 1245 1941 1276 quae
1952 1244 2128 1270 moventur,

1165 1278 1214 1308 hic
1223 1277 1366 1312 fons,hoc
1375 1278 1557 1317 principium
1569 1276 1612 1307 est
1623 1277 1779 1307 movendi.
1788 1279 1938 1318 principio
1947 1287 2048 1308 autem
2059 1278 2130 1308 nul-

1165 1319 1191 1349 la
1211 1319 1252 1350 est
1264 1321 1360 1361 origo.
1374 1329 1444 1349 nam
1457 1329 1492 1348 ex
1500 1319 1635 1360 principio
1649 1319 1779 1348 oriuntur
1789 1320 1882 1348 omnia
1893 1330 1903 1347 .·
1916 1319 2013 1359 ipsum
2025 1328 2128 1349 autem

1167 1356 1180 1380 ⁸
1200 1362 1285 1392 nulla
1303 1371 1341 1391 ex
1358 1371 1388 1391 re
1398 1361 1454 1391 alia
1465 1360 1543 1391 nasci
1558 1360 1655 1401 potest
1668 1372 1673 1389 ε
1684 1371 1739 1391 nec
1749 1363 1832 1391 enim
1846 1359 1917 1391 effer
1927 1363 2127 1401 principium,

1165 1403 1246 1444 quod
1261 1405 1431 1444 gigneretur
1439 1401 1563 1432 aliunde
1577 1401 1676 1443 :quod
1688 1401 1708 1432 si
1717 1412 1886 1444 numquam
1898 1406 1995 1434 oritur
2005 1423 2014 1437 ‚
2028 1412 2066 1433 ne
2075 1412 2129 1433 oc·-

1166 1445 1240 1475 cidit
1259 1444 1384 1485 quidem
1399 1453 1553 1485 umquam.
1565 1454 1634 1474 nam
1645 1445 1830 1484 principium
1843 1443 2028 1475 exstinCtum
2040 1464 2049 1478 ,
2071 1454 2131 1475 nec

1166 1486 1264 1526 ipsum
1283 1486 1320 1516 ab
1333 1487 1392 1516 alio
1404 1486 1570 1516 renascetur
1579 1506 1588 1520 ‚
1599 1495 1655 1516 nec
1662 1496 1700 1515 ex
1712 1486 1740 1516 se
1749 1485 1832 1516 aliud
1839 1486 1950 1516 creabit
1963 1497 1968 1514 τ
1980 1485 2130 1526 fiquidem

1166 1526 1280 1558 necesse
1291 1527 1332 1557 est
1345 1527 1518 1597 31¹principio
1528 1529 1601 1557 oriri
1611 1529 1725 1557 omnia.
1741 1530 1785 1557 Ita
1796 1525 1829 1557 fit
1840 1547 1849 1561 ,
1859 1536 1891 1557 ut
1900 1535 2003 1557 motus
2012 1528 2130 1567 princi-

1166 1571 1252 1608 pium
1264 1579 1301 1598 ex
1312 1579 1351 1598 eo
1373 1568 1491 1608 mquod
1505 1568 1602 1607 ipsum
1613 1569 1629 1597 a
1640 1569 1668 1598 se
1677 1577 1819 1598 movetur
1832 1579 1837 1597 :
1858 1568 1889 1598 id
1899 1577 1997 1599 autem
2009 1579 2064 1599 nec
2076 1579 2130 1599 na-

1166 1609 1205 1640 sci
1216 1610 1382 1650 porestmec
1393 1611 1471 1639 mori
1486 1620 1490 1637 :
1502 1610 1549 1639 vel
1560 1609 1687 1639 concidat
1695 1620 1771 1639 omne
1780 1609 1894 1644 coelum,
1902 1611 2064 1651 omnisque
2074 1620 2129 1642 na-

1164 1660 1230 1682 tura
1239 1650 1378 1682 consrstat
1389 1649 1503 1681 neceffe
1515 1651 1568 1684 est,
1581 1661 1635 1682 nec
1645 1653 1707 1681 vim
1720 1652 1813 1682 ullam
1826 1653 2023 1686 nanciscatur,
2035 1663 2100 1694 quae
2110 1653 2128 1684 ὲ

1163 1694 1264 1732 primo
1296 1692 1428 1732 impulsu
1449 1701 1616 1722 moveatur.
1640 1693 1720 1723 Cum
1731 1703 1826 1732 pateat
1837 1695 1926 1735 igitur
1936 1703 2083 1725 aeternum
2094 1694 2163 1731 id9

1162 1732 1316 1774 ess'e,quod
1326 1734 1341 1764 a
1353 1734 1454 1773 seipso
1463 1736 1700 1774 moveatur‚quis
1709 1734 1818 1775 est‚qui
1828 1737 1902 1766 hanc
1910 1745 2046 1767 naturam
2058 1738 2128 1767 ani-

1163 1777 1222 1806 mis
1233 1774 1292 1805 effe
1303 1775 1444 1805 tributam
1455 1777 1565 1815 neget?
1584 1777 1757 1807 inanimum
1767 1776 1810 1807 est
1820 1779 1902 1808 enim
1916 1787 2010 1809 omne
2021 1798 2028 1812 ,
2040 1777 2126 1820 quod

1162 1817 1249 1857 pulsu
1267 1819 1391 1858 agitatur
1412 1826 1537 1846 exrerno
1550 1817 1648 1858 :quod
1669 1827 1769 1848 autem
1780 1819 1892 1849 animal
1903 1819 1946 1850 est
1958 1839 1967 1854 ,
1992 1820 2024 1850 id
2035 1829 2124 1852 motu

1161 1861 1256 1890 cietur
1267 1860 1419 1892 interiore,
1434 1859 1465 1888 &
1479 1858 1539 1888 suo.
1552 1869 1620 1889 narn
1635 1860 1696 1890 haec
1706 1859 1748 1890 est
1759 1869 1858 1891 natura
1867 1863 1986 1902 propria
1998 1863 2125 1897 animae,

1161 1909 1249 1942 atque
1272 1903 1328 1931 vis.
1352 1903 1426 1942 Qae
1439 1899 1458 1930 si
1472 1899 1515 1930 est
1525 1910 1584 1931 una
1593 1910 1631 1931 ex
1643 1902 1788 1932 omnibus
1800 1923 1809 1936 ‚
1832 1913 1901 1943 quae
1912 1903 1971 1934 sese
1983 1913 2125 1935 moveat:

1160 1983 1247 2014 rebus.
1267 1984 1336 2015 sunt
1354 1993 1454 2014 autem
1466 1986 1589 2024 optimae
1597 1994 1676 2016 curae
1686 2006 1697 2019 ,
1723 1985 1761 2016 de
1771 1986 1862 2016 salute
1872 1988 1974 2027 patriae
1986 2007 1994 2022 ,
2014 1989 2129 2029 quibus

1160 2028 1283 2067 agitatus
1295 2046 1303 2060 ‚
1325 2027 1357 2057 δε
1381 2029 1560 2056 exercitatus
1572 2028 1692 2057 animus
1704 2047 1712 2061 ‚
1735 2028 1871 2059 velocius
1880 2031 1913 2059 in
1925 2030 2000 2060 hanc
2011 2029 2125 2064 sedem,

1162 2069 1195 2099 &
1214 2068 1342 2099 domum
1365 2068 1446 2098 suam
1467 2068 1651 2108 pervolabit:
1666 2069 1757 2110 idque
1774 2080 1867 2109 ocyus
1885 2069 1994 2105 faciet,
2016 2070 2036 2102 fi
2059 2073 2121 2110 jam

1161 2119 1226 2141 turn
1238 2130 1247 2144 ‚
1266 2110 1337 2140 cum
1348 2111 1402 2140 erit
1413 2110 1545 2140 inclusus
1556 2112 1587 2140 in
1598 2120 1724 2150 corpore
1735 2130 1745 2146 ,
1766 2111 1914 2142 eminebit
1925 2112 2003 2143 foras
2013 2133 2021 2147 ‚
2034 2113 2067 2144 &
2077 2123 2124 2149 ea,

1158 2162 1224 2193 quae
1239 2152 1321 2183 extra
1331 2161 1417 2182 erunt
1428 2171 1437 2186 ‚
1447 2153 1669 2192 contemplans,
1681 2153 1771 2194 quam
1784 2154 1919 2185 maxime
1933 2155 1961 2184 se
1970 2155 1986 2185 a
1995 2165 2124 2196 corpore

1159 2193 1314 2224 abstrahet-
1338 2195 1418 2224 Nam
1433 2203 1547 2224 sonum
1561 2203 1676 2224 ANIMI
1692 2215 1700 2228 ,
1713 2197 1764 2236 qui
1778 2196 1806 2225 se
1816 2198 1948 2236 corporis
1958 2198 2124 2237 voluptati-

1157 2235 1213 2266 bus
1227 2235 1427 2269 dediderunt,
1447 2246 1607 2277 earumque
1618 2235 1647 2266 se
1658 2237 1736 2277 quali
1748 2236 1905 2268 ministros
1915 2238 2122 2278 praebuerunt,

1156 2278 1348 2318 impulsuque
1367 2277 1533 2307 libidinum
1552 2278 1757 2318 voluptatibus
1773 2279 1983 2310 obedientium
1996 2301 2004 2314 ,
2034 2282 2123 2311 Deo-

1156 2330 1223 2350 rum
1244 2340 1253 2353 ,
1272 2319 1305 2349 &
1327 2321 1490 2350 hominum
1507 2320 1572 2359 jura
1592 2320 1783 2351 violaverunt
1805 2331 1810 2350 :
1832 2322 2010 2361 corporibus
2032 2322 2120 2362 elapsx

1155 2364 1270 2392 circum
1292 2370 1398 2391 terram
1409 2361 1502 2401 ipsam
1514 2362 1861 2393 volutantur2nechunc
1875 2363 2020 2393 inlocum
2036 2384 2043 2397 ‚
2061 2363 2119 2394 nisi

1156 2404 1262 2434 multis
1281 2405 1418 2443 exagitati
1438 2403 1543 2433 seculis
1556 2422 1564 2437 ‚
1588 2413 1790 2435 revertuntur.
1813 2405 1869 2435 Ille
1887 2404 2013 2436 disceffit
2033 2418 2037 2435 ;
2061 2415 2118 2447 ego

1157 2447 1267 2477 somno
1279 2445 1391 2475 solutus
1403 2445 1479 2475 sum.

1192 2534 1221 2559 4.
1239 2528 1298 2554 ci‘rm
1307 2534 1388 2553 autem
1397 2528 1430 2553 ad
1439 2526 1525 2562 idem]
1550 2527 1679 2554 Praemifit
1690 2527 1834 2554 Lambinus
1849 2546 1855 2552 -,
1876 2528 1954 2561 traps}
1964 2536 2043 2553 amem
2053 2538 2118 2560 cunt,

1139 2537 1208 2594 idyc.
1228 2564 1302 2598 cujus
1315 2564 1384 2589 vocis
1405 2564 1507 2590 nullum
1532 2563 1668 2599 vestigium
1688 2564 1714 2590 in
1736 2563 1792 2589 mil‘.
1813 2564 1917 2599 igieque
1935 2564 2077 2600 :ilioquide
2087 2574 2120 2591 ea.

1158 2607 1228 2626 tacet
1238 2600 1263 2626 in
1276 2600 1358 2626 Notis
1370 2598 1432 2626 suis.
1453 2599 1469 2626 si
1481 2610 1531 2627 non
1543 2600 1578 2626 cst
1591 2604 1605 2626 e
1626 2600 1702 2626 libris
1715 2600 1722 2624 l
1734 2600 1810 2634 ..angit
1824 2609 1832 2628 3
1852 2600 1985 2626 considens·
2006 2599 2063 2626 sane
2075 2608 2117 2628 te-

1137 2636 1139 2656 ἕ
1156 2637 1265 2663 meritas
1277 2655 1285 2667 ,
1304 2635 1400 2662 addere
1410 2635 1517 2663 demere
1536 2635 1638 2663 classieo
1648 2636 1754 2663 ,tuciori
1773 2635 1905 2670 quidlibet
1924 2645 1971 2672 pro
1991 2636 2115 2670 libidine,

190 2683 220 2701 ι.
240 2673 514 2708 Exspefrareg'oriam]
534 2672 625 2699 Nostri
638 2670 762 2698 mffiferc
772 2673 988 2704 omnesspeflare,
1004 2672 1112 2698 necim-
1137 2677 1139 2698 Ι
1157 2672 1254 2699 nedum
1275 2672 1411 2698 Ciceroni.

154 2711 276 2753 probem.
296 2719 343 2746 pro
354 2710 446 2735 eodem
458 2717 529 2735 enim
551 2707 679 2744 usurpasse
690 2715 833 2743 utrumque
851 2706 972 2734 :inflores
983 2707 1110 2738 clafficos,
1136 2702 1139 2734 l

1195 2717 1220 2741 5.
1241 2711 1333 2734 Cunc'la
1343 2710 1408 2741 astrei
1426 2708 1540 2734 redierint
1556 2708 1722 2742 eandemyue]
1744 2707 1893 2735 Amor-ivit
1906 2707 2007 2734 Guliel.
2020 2707 2072 2744 legi
2084 2707 2112 2736 in

153 2746 255 2776 nidi-:io
265 2746 299 2773 est
313 2744 487 2772 coulensusin
509 2744 548 2771 his
570 2744 678 2770 vocibus
699 2743 910 2770 membranarum
931 2750 1063 2770 veterum.
1083 2746 1111 2770 Sc
1137 2738 1139 2742 ⁸
1156 2744 1532 2778 Pandarum<rcrearstmm
1555 2746 1640 2776 soi-te,
1653 2745 1801 2780 inquit,vi.

153 2784 337 2817 vei-&spesina
346 2780 449 2807 :diuisit
461 2779 546 2807 editio
554 2778 737 2807 accuratiffimi
750 2779 879 2808 [talorum
890 2780 963 2806 Petri
975 2779 1088 2807 Victorii
1101 2789 1109 2812 ;

153 2829 203 2858 pro
213 2828 267 2856 quo
277 2818 320 2846 alii
332 2815 614 2854 supposuerc,sperare.

190 2865 218 2893 3.
236 2857 390 2889 Populati-iter
399 2863 490 2879 annum
504 2877 507 2883 ,
527 2853 596 2887 &e.]

152 2893 191 2920 cit
201 2890 341 2918 Turnebus
352 2891 495 2925 joculariter
505 2909 513 2921 ,
532 2888 633 2915 lectitas
653 2888 761 2924 vestigia
779 2888 940 2924 fugientium
961 2887 1109 2924 Chirogra-

151 2930 265 2965 phorum
277 2946 287 2960 ‚
305 2928 331 2953 iu
343 2926 437 2962 quibus
446 2927 597 2960 loquelariter
607 2937 614 2951 :
633 2924 703 2961 quod
725 2924 880 2951 rotabulum
891 2924 1013 2960 quamvis
1033 2925 1108 2951 flocci
1132 2921 1134 2927 ³

150 2971 238 3001 putet,
249 2962 317 2990 haud
326 2961 453 2989 temeres
467 2962 578 2988 severim
593 2970 601 2992 3
622 2970 680 2987 cum
692 2961 775 2987 exstet
786 2960 851 2986 item
863 2960 888 2986 in
901 2961 970 2987 Dan.
981 2962 1007 2987 S<
1022 2961 1056 2986 Pa
1063 2960 1107 2986 vil.

149 3001 208 3028 mss'.
218 2998 386 3035 affirmetque
396 2999 444 3024 Sca
458 2998 515 3033 iger·
525 2997 556 3024 ad
569 2997 671 3024 Festum
686 3016 694 3027 ,
710 2998 745 3023 ita
757 2997 808 3031 legi
819 2997 897 3023 etiam
909 2996 935 3022 iu
949 2995 1107 3023 membranis

146 3037 219 3071 aliis,
229 3039 302 3064 certe
311 3035 454 3071 Langianis
468 3053 476 3067 ,
487 3033 646 3070 videturque
657 3032 731 3061 fuisse
741 3033 864 3070 primitus
874 3033 902 3060 in
914 3033 973 3060 Pal.
984 3032 1106 3060 secundo.
1129 3062 1133 3074 ι

618 2852 660 2878 Sic
678 2853 704 2878 8<
717 2852 796 2879 nostri
816 2851 999 2888 manuscripti.
1019 2851 1110 2882 conie-

1193 2781 1220 2806 6.
1241 2785 1269 2807 ln
1279 2782 1339 2806 hunc
1359 2784 1433 2807 lia-um
1451 2781 1637 2815 despera-min]
1660 2780 1832 2807 Rei-entiores
1848 2779 1984 2814 spem-mis
1995 2800 2004 2814 ,
2023 2788 2116 2809 contra

1156 2816 1260 2843 codices
1270 2817 1372 2842 calamo
1381 2815 1513 2851 tlepie'loe,
1524 2816 1705 2850 editione-stine
1716 2817 1823 2852 priscas.

1192 2861 1218 2886 7.
1240 2855 1312 2879 Tanta
1323 2853 1557 2887 rrmmuprofosisv.]
1581 2854 1647 2879 l’all.
1658 2856 1685 2878 ὃ(
1697 2853 1814 2880 Danielis
1828 2871 1835 2883 ‚
1846 2853 1957 2885 expffl103
1978 2853 2116 2888 quomodo

1154 2890 1182 2951 ἕ
1202 2896 1256 2916 tres
1269 2888 1372 2915 Aldiui.
1393 2890 1459 2915 adeo
1478 2898 1507 2916 ut
1527 2889 1669 2916 videndum
1689 2890 1778 2915 veniat
1789 2907 1798 2921 ,
1818 2888 1882 2915 fitne
1900 2889 2047 2924 genuinum
2065 2899 2114 2916 au-

1183 2935 1248 2952 orrs.
1892 2938 1895 2941 ·

1190 2960 1217 2987 8.
1242 2962 1313 2987 Nulla
1322 2971 1351 2987 cx
1362 2971 1385 2986 re
1396 2963 1446 2986 alia
1459 2961 1524 2995 mrsu'
1537 2961 1640 2995 dooles'l‘]
1664 2961 1707 2988 1⁷,st
1719 2962 1732 2987 a
1748 2960 1817 2987 libro
1829 2960 1947 2987 Danielis
1960 2961 1985 2985 S<
1999 2960 2053 2986 Pal,
2065 2960 2114 2987 fir-

1154 3005 1261 3033 matque
1272 2997 1355 3023 editio
1367 2996 1490 3025 Vie'tori‘r.
1511 2997 1636 3034 publicati
1648 3007 1656 3025 ι
1675 2999 1740 3024 νιιιΙΔι
1750 3006 1779 3023 ex
1787 2999 1964 3032 refieripotrfi.
1977 2996 2114 3032 quomodo

1154 3033 1225 3062 nulli.
1233 3032 1392 3061 Manutiani.

2143 493 2159 523 θ’·
