2337 3400
112 868 132 900 6

139 163 238 222 674
548 150 1054 200 M‘funnxr

139 247 228 275 Meus
238 244 269 272 in
279 251 307 272 te
315 240 435 271 animus
447 238 537 278 qnam
550 235 684 278 singulari
695 233 799 266 officio
809 232 915 268 fuerit,

141 284 311 326 &populus
322 285 404 312 Rom
426 279 505 310 testis
518 277 568 310 est.
593 281 641 310 Tu
661 278 752 319 quam
768 285 865 319 gratus
884 285 951 317 erga
966 284 1016 304 me
1032 273 1103 303 fue-

140 330 180 358 ris
193 347 200 359 ‚
223 326 280 365 ipse
297 322 471 355 existimare
490 329 585 362 potes.
608 329 757 362 quantum
775 319 853 349 mihi
869 318 995 350 debeas,
1013 315 1103 347 ceteri

142 367 325 398 existimant.
348 375 404 406 ego
423 373 489 405 quae
507 372 553 394 tua
572 360 654 394 causa
671 361 757 393 antea
770 360 829 392 feci
842 380 852 395 ,
872 360 1024 390 voluntate
1034 357 1100 389 sum

144 408 288 439 adductus
300 427 307 441 ,
328 405 485 449 posteaque
497 403 672 436 constantia.
695 402 752 435 Sed
762 403 875 444 reliqua
886 422 895 436 ,
917 399 1103 433 mihicrede,

145 450 244 481 multo
256 450 354 488 majus
366 457 469 478 mcum
482 445 615 477 studium
627 466 636 480 ,
652 446 858 485 majoremque
867 445 1040 486 gravitatem
1052 461 1060 475 ‚
1072 441 1105 471 &

144 493 220 522 libo:
230 507 238 521 ;
248 501 279 521 rn
290 490 462 522 desiderant.
486 491 560 531 Qae
570 498 625 530 ego
636 487 655 517 si
666 497 726 518 non
739 486 933 527 profundere,
944 495 976 516 ac
985 483 1106 525 perdere

145 533 291 564 videbor:
311 531 456 563 omnibus
476 534 553 561 meis
571 530 686 560 Viribus
704 528 867 560 sustinebo.
891 526 935 559 sin
948 535 1047 557 autem
1060 527 1106 556 in·
1128 532 1131 542 ⁶

147 584 227 618 grata
242 573 299 605 effe
321 574 463 605 sentiam:
483 583 547 604 non
565 574 757 603 committam
772 592 781 605 ,
801 569 968 610 uttibiipse
980 568 1108 599 insanire

1135 145 1683 192 Cxcnaoxis

928 232 1099 264 &senatvm
1124 237 1127 266 ι
1144 236 1286 259 meorum
1303 224 1477 258 officiorum
1494 226 1680 258 conscientia
1700 236 1706 257 :
1728 224 1839 268 quibus
1859 222 1879 255 fi
1899 222 2020 266 quando
2038 230 2102 252 non

1146 279 1251 302 mutue
1262 268 1457 309 respondetur
1468 288 1477 301 .
1491 268 1568 308 apud
1579 277 1629 299 me
1638 269 1705 310 plus
1715 267 1810 299 officii
1819 265 1942 298 residere
1955 263 2102 296 facillime

1145 314 1251 354 patior.
1277 310 1356 341 Illud
1368 319 1432 340 non
1445 309 1555 340 dubito
1565 329 1574 344 ‚
1593 314 1668 351 quin
1680 331 1689 344 ‚
1710 310 1730 341 si
1745 320 1772 341 te
1786 320 1853 340 mea
1865 310 1984 340 summa
1995 317 2061 348 erga
2075 315 2104 336 te

1149 353 1243 386 studia
1252 362 1358 394 parum
1369 351 1671 391 mihiadjunxerint‚
1691 353 1764 393 resp.
1787 361 1843 382 nos
1861 353 1939 381 inter
1955 358 2012 379 nos
2029 358 2106 379 con-

1146 398 1278 428 ciliatura
1288 415 1297 429 ,
1307 392 1564 434 conjunEhiraque
1575 391 1617 424 sit.
1641 397 1702 428 Ac,
1720 404 1758 425 ne
1769 396 1886 435 ignores
1897 413 1905 427 ,
1926 390 1998 433 quid
2008 400 2063 433 ego
2073 392 2106 421 in

1147 441 1205 470 tuis
1217 439 1320 468 litteris
1331 434 1534 466 desiderarim:
1550 435 1676 465 scribam
1686 437 1785 476 aperte
1795 456 1803 469 ‚
1815 434 1887 466 sicut
1898 436 1930 465 &
1940 443 2007 464 mea
2020 441 2108 463 natu-

1149 480 1226 515 ra‚&
1236 478 1334 509 nostra
1340 478 1472 509 amicitia
1481 475 1684 517 postulaekes
1694 487 1741 507 eas
1751 476 1963 518 geffi,quarurn
1974 476 2106 515 aliquam

1150 525 1181 553 in
1197 524 1255 552 tuis
1269 521 1373 551 litteris
1385 539 1395 553 ‚
1415 519 1449 549 &
1459 518 1566 549 nostia:
1576 517 1798 549 neceffitudinis
1808 538 1817 552 ,
1838 520 1871 549 &
1880 517 1996 558 reipub.
2008 517 2105 550 causa,

1148 564 1377 606 gratulationem
1390 561 1575 601 exspeEtavi:
1593 569 1683 601 quam
1697 571 1752 602 ego
1764 561 1814 590 abs
1835 569 1861 590 te
1883 557 2108 600 praetermissam

149 617 259 648 videar.
284 619 326 648 Ea
339 626 405 658 quae
417 614 491 649 sint,
513 613 747 648 &cuiusmodi‚
767 616 877 653 poteris
887 621 925 642 ex
936 611 1109 650 Pomponio
1151 605 1208 637 ess'e
1227 605 1374 638 arbitron
1392 601 1497 644 ⁶quod
1518 602 1670 635 vererere,
1691 613 1728 632 ne
1750 603 1838 641 cujus
1853 605 1991 632 animum
2009 599 2110 630 offen-

150 659 275 701 cugnesv:
285 669 339 688 ere.
363 657 557 698 arquevipsum
569 656 624 687 tibi
634 659 841 696 Pomponium
856 656 894 683 ita
910 651 1108 684 commendo,

149 711 181 731 u:
191 721 200 736 ‚
211 710 394 741 quamquam
406 697 494 739 ipsius
504 699 586 730 causa
595 697 718 729 confido
729 707 753 727 te
766 696 914 727 faCturum
926 693 983 724 ess'e
995 694 1110 723 omnia:

153 753 255 773 tamen
265 743 315 772 abs
326 752 352 771 te
365 742 420 771 hoc
428 750 540 782 petam,
554 749 586 771 ut
596 760 603 774 ,
616 738 636 769 fi
645 739 718 780 quid
730 749 761 768 in
774 748 801 768 te
812 737 915 767 residet
924 737 1036 767 amoris
1046 744 1112 775 erga

153 795 204 815 me
218 805 225 818 2
247 784 275 814 id
295 794 388 814 omne
405 784 439 813 in
450 784 613 824 Pomponii
633 783 756 822 negotio
775 779 922 810 ostendas.

153 828 231 858 nihil
242 828 352 867 gratius
362 825 457 855 facere
468 834 564 866 potes.
609 824 692 853 Vale.

198 879 241 906 M.
254 879 286 907 C.
309 878 337 906 S.
351 878 390 906 D.
402 878 434 905 P.
460 876 627 907 SEXTIQ
652 875 686 903 L.
699 875 731 902 F.
754 868 1069 910 'PROQUAESTORL

163 918 244 995 C
255 921 285 948 U
296 928 321 947 xz
341 918 375 947 ad
391 927 440 947 me
453 919 496 947 Ι).
504 919 565 946 cius
576 935 584 949 ‚
609 914 763 947 librarius,
787 911 911 943 venisset
922 933 930 946 ‚
950 910 1114 953 egissetque

251 969 370 990 mecum
383 979 391 992 ‚
411 969 442 988 ut
453 967 572 998 operam
584 957 684 987 darem
698 976 707 989 ,
723 965 760 985 ne
773 955 827 985 tibi
840 956 898 985 hoc
908 963 1042 994 tempore
1053 954 1117 984 suc-

153 1007 306 1032 cederetur
318 1013 322 1030 :
333 1009 516 1042 quamquam
527 1000 614 1029 illum
627 999 787 1027 hominem
800 1017 809 1030 ‚
821 996 918 1039 frugi,
932 996 963 1026 &
975 996 1028 1026 tibi
1038 996 1115 1025 anii-

155 1054 227 1074 cum
239 1042 461 1075 existimabam,
473 1051 585 1074 tamen,
597 1039 679 1081 quod
690 1040 839 1069 memoria
848 1038 986 1069 tenebam
998 1058 1005 1071 ‚
1017 1036 1116 1076 cujus-

154 1086 242 1116 modi
251 1086 287 1116 ad
299 1095 347 1114 rne
358 1085 468 1114 litteras
478 1082 561 1113 antea
572 1079 696 1111 misifl'es
707 1101 716 1114 ,
737 1091 801 1111 non
813 1080 879 1111 satis
889 1079 1003 1111 credidi
1013 1080 1117 1108 homi-

154 1138 187 1158 ni
210 1127 365 1167 prudenti,
387 1135 444 1155 tam
461 1125 549 1155 valde
569 1121 627 1154 effe
647 1131 794 1153 mutatam
814 1123 1002 1153 voluntatem
1021 1129 1115 1151 tuam·

155 1168 206 1200 sed
224 1168 324 1208 postea
333 1187 341 1201 ‚
360 1177 450 1208 quam
462 1167 494 1197 3<
505 1165 643 1196 Cornelia
653 1175 701 1195 tua
712 1167 888 1195 Terentiam
898 1164 1044 1194 convenit
1055 1182 1063 1194 .
1083 1161 1116 1191 &

155 1220 212 1251 ego
230 1220 298 1240 cum
318 1209 514 1249 QCornelio
532 1208 650 1238 locutus
669 1206 749 1237 sumt
773 1206 898 1236 adhibui
916 1205 1116 1246 diligentiam,

155 1252 406 1294 quotiescumque
416 1250 531 1281 senatus
540 1248 598 1280 fuit
608 1269 617 1283 ,
636 1258 668 1280 ut
680 1246 809 1279 adessem
821 1267 829 1281 ‚
846 1248 1075 1288 plurimumque
1084 1245 1120 1275 in

157 1304 195 1324 eo
207 1295 320 1334 negotii
330 1293 420 1324 habui
431 1312 440 1326 ‚
452 1302 485 1322 ut
528 1314 531 1317 -
545 1289 668 1322 Fufium
679 1310 688 1324 ‚
704 1290 860 1321 tribunum
871 1288 967 1330 plebis
978 1308 986 1322 ‚
999 1287 1032 1318 &
1041 1296 1120 1317 cete-

155 1345 224 1369 ros,
243 1335 279 1365 ad
297 1331 374 1376 qiios
394 1344 425 1364 tu
443 1335 518 1374 scrip
533 1343 616 1367 eras,
635 1342 774 1374 cogerem
787 1329 888 1371 potius
905 1328 1120 1362 mihicredere,

157 1378 249 1419 quim
261 1379 319 1407 tuis
334 1377 451 1407 litteris.
473 1377 614 1405 Omnino
624 1385 669 1406 res
680 1383 743 1405 tota
752 1376 784 1403 in
797 1372 934 1403 mensem
942 1372 1121 1415 januarium

157 1418 266 1458 rejeem
282 1428 342 1448 erat
351 1439 360 1452 ‚
381 1417 431 1448 sed
451 1417 538 1448 facile
559 1416 760 1448 obtinebatur.
785 1416 849 1453 Ego
863 1423 912 1445 tua
923 1412 1120 1455 gratulatione

157 1469 332 1492 commotus
345 1481 354 1494 ,
373 1459 455 1500 quod
473 1459 509 1490 ad
528 1469 578 1489 me
593 1458 712 1499 pridem
725 1457 876 1497 scripseras
887 1474 896 1490 ‚
915 1456 995 1486 velle
1005 1463 1033 1485 te
1043 1453 1122 1485 bene

158 1503 280 1533 evenire
294 1522 302 1536 ,
325 1501 408 1543 quod
426 1502 463 1532 de
484 1499 585 1532 Craffo
603 1501 734 1530 domum
754 1497 892 1529 emifl'em
913 1508 919 1527 :
949 1501 960 1517 ¹
973 1507 1036 1527 emi
1052 1506 1120 1527 eam

158 1544 254 1586 ipsam
272 1543 523 1577 domumutxxv,
542 1541 696 1584 aliquanto
707 1539 773 1582 post
784 1549 865 1570 tuam
875 1539 1118 1581 gratulationem.

160 1587 262 1627 Itaque
274 1595 354 1616 nunc
366 1595 415 1615 me
427 1587 497 1616 scito
507 1593 624 1616 tantum
637 1584 743 1614 habere
753 1585 818 1612 aeris
827 1582 918 1612 alieni
930 1602 938 1614 ,
955 1589 987 1611 ut
997 1581 1118 1620 cupiam

161 1629 318 1666 c‘onjurare
330 1647 338 1660 ,
352 1630 367 1646 ²
377 1626 397 1657 si
407 1626 564 1668 quisquam
574 1626 705 1666 recipiat.
729 1624 776 1655 sed
787 1625 894 1664 partim
905 1623 978 1653 odio
990 1620 1119 1655 induisti,

163 1679 213 1700 me
224 1668 389 1699 excludunt
400 1688 409 1703 ‚
429 1669 461 1698 &
474 1667 572 1708 aperte
583 1667 738 1698 vindicem
747 1665 966 1705 conjurationis
976 1664 1104 1695 oderunt
1115 1674 1121 1693 :

159 1713 268 1752 p'artim
281 1720 344 1740 nori
355 1709 481 1740 credunt
493 1730 502 1744 ‚
523 1710 555 1739 &
565 1710 580 1740 a
591 1719 641 1739 me
652 1707 770 1739 insidias
780 1716 932 1737 metuunt.
955 1716 1009 1736 nec
1018 1714 1123 1746 putant

948 780 1017 809 Hoc
1033 778 1112 807 mini

141 1792 148 1797 .
160 1763 190 1783 ei
203 1761 349 1782 nummos
367 1750 461 1781 dceffe
472 1750 555 1792 poss'e
566 1771 574 1784 ‚
592 1752 694 1792 quiex
704 1749 859 1780 obsidione
871 1748 1058 1779 faeneratores
1068 1757 1123 1777 ex-

161 1797 279 1825 emerit.
305 1795 467 1824 ³Omnino
485 1791 651 1823 semiffibus
669 1802 773 1833 magna
786 1793 872 1831 copia
883 1790 934 1820 est.
956 1800 1012 1832 ego
1023 1798 1125 1820 autern
1144 1808 1145 1815 κ

164 1839 243 1867 meis
259 1836 348 1866 rebus
365 1834 454 1875 gestis
472 1835 530 1865 hoc
543 1834 609 1865 sum
625 1832 770 1864 affecutus
781 1853 789 1867 ‚
808 1837 866 1862 4ut
879 1832 997 1862 bonum
1008 1841 1126 1861 nomen

163 1877 329 1908 existimer.
354 1879 496 1907 Domum
515 1884 597 1906 tuam
609 1895 616 1909 ,
638 1884 725 1916 atque
743 1873 978 1905 aedificationem
997 1880 1125 1903 omnem

162 1919 299 1960 perspexi
311 1938 319 1952 ‚
335 1918 368 1949 &
382 1920 576 1948 vehementer
584 1917 720 1958 probavi.
744 1917 916 1946 Antonium
927 1935 936 1948 ,
957 1913 1008 1944 etsi
1018 1916 1043 1952 ej
1049 1924 1082 1944 us
1093 1916 1126 1944 in

164 2012 196 2034 a:
207 2001 430 2045 diligentiffime
443 2001 565 2032 defendi
578 2021 586 2035 ‚
608 2001 802 2041 senatumque
813 2000 1009 2029 vehementer
1019 1999 1130 2028 oratio-

165 2053 205 2076 ne
216 2054 280 2074 mea
292 2065 300 2078 ,
320 2054 408 2085 atque
421 2043 596 2074 auctoritate
606 2045 775 2073 commovi.
800 2044 849 2072 Tu
863 2040 899 2072 ad
912 2050 963 2071 me
980 2040 1076 2071 velim
1093 2040 1131 2069 li-

167 2095 240 2117 teras
250 2086 384 2116 crebrius
396 2087 514 2116 mittas.
557 2086 641 2115 Vale.

210 2137 252 2166 M.
267 2137 407 2166 T.M.F.
432 2137 603 2169 CICERO,
626 2136 708 2165 S.D.
732 2133 993 2174 CN.POMPEJO
1018 2133 1087 2163 CN.

394 2180 426 2208 F.
439 2179 594 2208 MAGNO
605 2196 613 2210 ‚
637 2177 913 2206 IMPERATORI.

249 2221 523 2259 T.E.Qy.n.i-:.E.v.
548 2219 710 2249 Exlitteris
724 2219 801 2251 tuis,
821 2226 892 2258 quas
911 2214 1031 2256 publice
1048 2212 1133 2245 mifi-

236 2260 284 2291 'sti
301 2281 308 2294 ‚
328 2263 392 2301 cepi
403 2261 462 2291 una
472 2270 542 2291 cum
554 2260 700 2290 omnibus
711 2258 921 2289 incredibilem
932 2258 1130 2297 voluptatem.

167 2311 281 2333 tantam
300 2312 384 2332 enim
403 2302 484 2342 spem
502 2303 558 2332 otii
578 2299 733 2332 ostendisti
750 2320 759 2334 ,
780 2309 924 2341 quantam
940 2309 997 2340 ego
1016 2299 1132 2338 semper

170 2343 318 2374 omnibus
331 2364 339 2378 ‚
360 2353 389 2373 te
406 2354 468 2373 uno
485 2343 579 2373 fretus
590 2363 598 2377 ‚
618 2341 790 2382 pollicebar.
813 2341 870 2372 Sed
881 2343 939 2371 hoc
948 2341 1022 2370 scito
1035 2360 1044 2373 ‚
1065 2349 1133 2369 tuos

171 2394 285 2416 veteres
305 2384 434 2418 hosteis,
454 2394 551 2414 novos
570 2387 705 2416 amicos,
725 2383 924 2413 vehementer
942 2382 1050 2411 litteris
1067 2389 1135 2420 per·
1152 2393 1154 2402 =

172 2427 271 2458 culros
282 2447 291 2460 ‚
309 2435 395 2468 atque
405 2436 442 2456 ex
453 2436 561 2468 magna
571 2426 619 2466 spe
631 2423 803 2455 deturbatos
813 2443 821 2457 ‚
834 2424 940 2463 jacere.
965 2421 1011 2451 Ad
1023 2431 1072 2451 me
1082 2431 1134 2451 au-

171 2478 234 2499 tem
249 2470 359 2499 litteras
371 2489 378 2502 ‚
401 2478 471 2509 quas
485 2466 588 2497 misisti
600 2487 608 2501 ‚
627 2475 810 2507 quamquam
829 2466 969 2505 exiguam
989 2461 1135 2504 fignifica-

171 2513 289 2542 tionem
301 2519 356 2541 tuae
366 2520 432 2550 erga
441 2519 492 2539 me
503 2509 666 2539 voluntatis
678 2507 824 2538 habebant
835 2527 843 2540 ‚
860 2515 960 2536 tamen
973 2506 1050 2535 mihi
1061 2504 1134 2535 scito
1151 2524 1153 2550 .'

170 2553 316 2592 jucundas
332 2551 431 2583 fuiss'e.
463 2552 548 2582 nulla
565 2553 650 2581 enim
670 2560 700 2581 re
721 2558 781 2580 tatn
801 2549 892 2579 laetari
909 2547 991 2579 soleo
1010 2567 1019 2581 ,
1042 2546 1135 2588 quam

1152 648 1245 678 deres.
1269 645 1317 677 sed
1328 646 1402 676 scito
1413 665 1422 679 ‚
1441 654 1494 678 ea,
1513 653 1581 685 quae
1596 653 1652 674 nos
1669 654 1722 683 pro
1738 644 1829 674 salute
1846 645 1946 683 patriae
1955 641 2106 683 geffimus,

1152 689 1233 720 orbis
1243 697 1326 719 terra:
1333 687 1449 728 judicio
1459 706 1468 720 ‚
1479 696 1510 716 ac
1520 685 1698 716 testimonio
1707 685 1907 724 comprobari.
1931 687 2021 725 Qae,
2035 683 2109 714 cum

1152 733 1271 763 veneris
1282 750 1290 764 ,
1310 738 1392 760 tanto
1402 727 1529 759 consilio
1540 748 1548 761 ,
1563 735 1700 768 tantaque
1710 729 1805 757 animi
1816 726 2024 767 magnitudine
2033 726 2049 755 a
2060 734 2111 755 me

1155 773 1231 816 gesta
1243 771 1300 803 ess'e
1310 771 1488 813 cognosces,
1507 779 1540 800 ut
1557 770 1613 800 tibi
1633 768 1733 799 multo
1750 769 1877 808 majori,
1897 768 1986 808 quam
2000 766 2114 797 Africa-

1156 825 1213 846 nus
1231 814 1330 848 7fuit‚
1351 822 1452 844 tamen
1473 822 1537 842 non
1557 811 1656 842 multo
1670 813 1843 844 minorem,
1865 819 1953 850 quam
1970 809 2112 842 Laelium,

1155 857 1244 887 facile
1263 856 1297 887 δε
1317 858 1351 886 in
1369 863 1429 896 rep.
1451 854 1484 885 &
1502 857 1537 884 in
1554 855 1704 886 amicitia,
1724 851 1902 893 adjunctum
1919 849 1977 881 effe
1994 853 2114 891 patiare.

1158 899 1241 930 Vale.

1260 950 1356 979 M.·1·.
1368 950 1401 978 C.
1426 948 1643 978 MLICINIO
1662 948 1737 977 RF.
1761 948 1911 977 CRASSO
1930 947 2010 977 S.D.

1250 1000 1387 1029 Uantum
1398 1007 1503 1027 meum
1515 996 1648 1027 studium
1659 996 1805 1027 exstiterit
1816 996 1970 1037 dignitatis
1980 1004 2037 1025 tuae
2047 1015 2055 1029 ‚
2065 995 2116 1025 vel

1252 1039 1370 1070 tuendae
1380 1059 1388 1072 ,
1402 1040 1450 1069 vel
1460 1040 1553 1069 etiarn
1564 1039 1705 1079 augendae
1716 1059 1724 1071 ‚
1740 1048 1803 1068 non
1815 1037 1921 1067 dubito
1933 1058 1941 1070 ‚
1957 1039 2031 1078 quin
2042 1036 2077 1067 ad
2089 1045 2117 1066 te

1159 1090 1269 1112 omnes
1278 1082 1322 1111 tui
1338 1081 1514 1120 scripserint.
1539 1083 1615 1110 Non
1625 1082 1709 1110 enim
1719 1080 1794 1114 fuit,
1817 1089 1865 1109 aut
1876 1079 2028 1109 mediocre
2042 1099 2050 1112 ,
2070 1087 2120 1108 aut

1160 1122 1322 1152 obscurum
1334 1141 1342 1155 ,
1363 1130 1412 1152 aut
1426 1120 1595 1160 ejusmodi,
1615 1122 1697 1161 quod
1717 1121 1835 1151 silentio
1856 1119 1949 1160 posset
1967 1121 2118 1160 praeteriri

1162 1166 1244 1193 Nam
1254 1163 1286 1193 &
1294 1172 1367 1194 cum
1376 1162 1552 1193 consulibus
1561 1181 1570 1196 ,
1586 1163 1619 1192 δε
1628 1173 1699 1192 cum
1712 1163 1815 1192 multis
1825 1163 2029 1193 consularibus
2040 1171 2120 1193 tanta

1160 1206 1355 1235 contentione
1366 1203 1531 1237 decertavi,
1546 1213 1656 1244 quanta
1665 1213 1832 1244 numquam
1844 1212 1928 1234 antea
1937 1204 1996 1234 ulla
2007 1206 2039 1234 in
2051 1214 2122 1234 cau-

1160 1247 1198 1280 sa‚
1215 1246 1386 1287 suscepique
1399 1247 1476 1276 mihi
1485 1255 1657 1286 perpetuam
1669 1247 1941 1286 propugnationem
1954 1255 2007 1285 pro
2017 1246 2123 1275 omni-

1161 1289 1217 1319 bus
1227 1290 1414 1319 ornamentis
1424 1290 1484 1318 tuis
1494 1299 1500 1317 2
1511 1288 1663 1328 veterique
1673 1286 1780 1317 nostra:
1790 1285 1996 1317 necessitudini
2006 1287 2123 1325 jamdiu

1161 1330 1300 1361 debitum
1311 1350 1320 1364 ,
1335 1329 1385 1361 sed
1397 1329 1493 1360 multa
1501 1331 1640 1360 varietate
1649 1338 1822 1369 temporum
1832 1330 2032 1369 interruptum
2046 1349 2054 1362 ‚
2074 1327 2124 1358 of-

1162 1370 1269 1403 ficium
1278 1371 1430 1402 cumulate
1441 1371 1567 1402 reddidi.
1587 1374 1697 1411 Neque
1708 1371 1877 1401 mehercule
1890 1380 2032 1411 umquam
2045 1370 2124 1400 mihi

1163 1417 1224 1448 tui,
1239 1423 1289 1445 aut
1297 1413 1419 1445 colendi
1430 1433 1439 1447 ,
1451 1422 1501 1444 aut
1511 1412 1640 1443 ornandi
1651 1413 1789 1443 voluntas
1799 1411 1907 1442 defuit:
1923 1413 1969 1442 sed
1985 1412 2124 1453 quaedam

1161 1455 1258 1497 pestes
1268 1457 1431 1486 hominum
1444 1475 1453 1490 ‚
1473 1454 1560 1486 laude
1569 1455 1666 1485 aliena
1674 1454 1846 1485 dolentium
1859 1474 1868 1487 ,
1881 1453 1912 1483 &
1925 1463 1952 1484 te
1964 1463 2126 1484 nonnum-

1163 1508 1253 1540 quam
1266 1497 1282 1528 ἒι
1296 1508 1346 1528 me
1363 1498 1530 1528 alienarunt
1541 1516 1551 1530 ,
1571 1496 1605 1527 &
1615 1506 1664 1526 me
1673 1495 1834 1537 aliquando
1844 1497 2045 1526 immutarunt
2055 1495 2122 1525 tibi.

1162 1540 1220 1571 Sed
1232 1539 1345 1570 exstitit
1355 1548 1475 1579 ternpus
1485 1547 1620 1579 optatum
1630 1539 1710 1568 mihi
1720 1539 1814 1579 magis
1826 1557 1834 1571 ,
1853 1539 1944 1578 quiim
1963 1537 2123 1577 speratum,

1164 1590 1214 1616 ut,
1235 1579 1452 1612 florentissimis
1466 1582 1526 1611 tuis
1538 1579 1627 1611 rebus
1638 1600 1646 1614 ,
1668 1589 1735 1610 mea
1743 1579 1868 1619 perspici
1878 1577 1973 1619 poss'et
1983 1599 1991 1613 ‚
2013 1578 2046 1608 &
2057 1588 2124 1609 me-

1163 1625 1260 1655 moria
1278 1622 1386 1654 nostrae
1405 1623 1570 1653 voluntatis
1583 1641 1592 1656 ‚
1617 1622 1650 1653 &
1668 1623 1809 1652 amicitiae
1827 1620 1910 1651 fides.
1943 1624 2016 1651 Sum
2037 1622 2124 1651 enim

1161 1668 1340 1698 consecutus
1352 1685 1360 1699 ,
1379 1674 1444 1695 non
1460 1664 1555 1694 modo
1574 1673 1606 1694 ut
1618 1663 1729 1694 domus
1746 1671 1796 1693 tua
1815 1671 1895 1696 tota,
1916 1663 1965 1693 sed
1976 1661 2127 1693 utcunelta

1163 1710 1268 1740 civitas
1294 1717 1344 1737 me
1362 1707 1417 1737 tibi
1434 1704 1647 1736 amicissimum
1667 1703 1725 1736 effe
1745 1704 1945 1746 cognosceret.
1977 1707 2080 1745 Itaque
2094 1704 2127 1734 &

1163 1747 1399 1791 praestantiffima
1409 1750 1552 1778 omnium
1563 1747 1755 1778 faeminarum
1767 1767 1775 1780 ‚
1796 1755 1931 1777 uxortua
1941 1766 1949 1779 ‚
1972 1746 2004 1776 &
2015 1747 2129 1776 eximia

1165 1794 1271 1833 pietate
1283 1811 1291 1824 ,
1312 1792 1422 1821 virtute
1434 1809 1442 1824 ‚
1461 1791 1570 1831 gratia,
1591 1790 1635 1820 tui
1647 1787 1753 1820 Craffi:
1773 1791 1851 1818 meis
1859 1786 2011 1821 consiliis,
2026 1788 2131 1817 moni-

1145 1858 1146 1862 ,
1167 1836 1204 1864 tis
1215 1854 1224 1868 ,
1237 1832 1354 1865 studiis,
1365 1830 1592 1872 actionibusque
1605 1834 1759 1861 nituntur:
1772 1831 1804 1860 ὃς
1815 1830 1930 1861 senatus
1940 1829 2130 1870 populusque

1169 1878 1263 1907 Rom.
1276 1874 1419 1914 intelligit
1430 1893 1439 1907 ,
1460 1872 1516 1903 tibi
1525 1873 1641 1903 absenti
1652 1872 1731 1903 nihil
1741 1870 1798 1901 effe
1811 1881 1872 1902 tam
1885 1880 2058 1912 promtum,
2080 1878 2132 1900 aut

1147 1948 1149 1957 ,
1169 1927 1230 1949 tam
1241 1925 1374 1958 paratum
1388 1935 1397 1949 ,
1416 1914 1508 1956 quam
1527 1915 1560 1945 in
1579 1914 1724 1945 omnibus
1741 1913 1829 1944 rebus
1840 1934 1849 1948 ‚
1868 1923 1934 1954 quae
1949 1913 1985 1943 ad
2000 1922 2027 1943 te
2040 1913 2133 1952 perti-

164 1971 216 1991 me
235 1960 336 1991 officia
354 1969 462 1990 omnes
478 1959 659 1990 desiderant:
679 1959 826 1988 tamenin
836 1958 935 1987 senatu
945 1955 1127 1998 gravissime,
1148 1959 1149 1964 ¹

1169 1968 1260 1991 neant
1270 1978 1279 1992 ‚
1293 1967 1416 1998 operam
1429 1978 1437 1991 ,
1447 1966 1548 1987 curam
1560 1976 1568 1990 ,
1579 1956 1769 1998 diligentiam
1781 1975 1789 1990 ‚
1800 1956 2007 1986 auctoritatem
2019 1963 2130 1984 meam.

1173 2004 1248 2043 Qae
1257 1999 1313 2030 [int
1322 1998 1385 2030 aeta
1398 2019 1407 2034 ‚
1421 2008 1546 2041 quaeque
1556 2007 1679 2040 agantur
1690 2018 1699 2032 ,
1709 1996 1947 2028 domesticorum
1959 1997 2013 2027 tibi
2025 1997 2134 2026 litteris

1172 2044 1312 2074 declarari
1322 2051 1406 2082 puto.
1431 2044 1478 2071 De
1490 2051 1538 2070 rne
1549 2039 1587 2070 sic
1599 2039 1754 2070 existimes
1763 2058 1772 2073 ‚
1793 2049 1825 2070 ac
1836 2039 1892 2070 tibi
1901 2037 2071 2079 persuadeas
2081 2047 2134 2068 vc-

1172 2086 1330 2116 hementer
1340 2084 1433 2114 velim
1446 2103 1454 2116 ‚
1474 2092 1539 2112 non
1550 2092 1600 2113 me
1615 2082 1772 2122 repentina
1781 2081 1879 2122 aliqua
1892 2081 2048 2111 voluntate
2058 2099 2067 2113 ‚
2084 2086 2135 2109 aut

1174 2125 1302 2158 fortuito
1313 2145 1322 2159 ,
1345 2125 1381 2156 ad
1396 2134 1478 2156 tuam
1495 2124 1729 2164 amplitudinem
1740 2124 1818 2152 meis
1828 2121 1939 2153 officiis
1947 2120 2135 2161 ampleeten·

1174 2169 1242 2199 dam
1254 2166 1409 2198 incidifl'e:
1424 2165 1472 2196 sed
1486 2186 1496 2199 ‚
1513 2163 1689 2206 utprimi'im
1700 2164 1802 2195 forum
1812 2165 1959 2204 attigerim
1971 2183 1979 2197 ‚
1995 2160 2136 2202 spectasse

1174 2211 1292 2251 semper
1307 2217 1371 2243 ‚.ut
1388 2208 1444 2238 tibi
1464 2205 1578 2248 poss'em
1596 2207 1687 2249 quam
1708 2206 1843 2237 maxime
1863 2204 1921 2236 efle
1940 2202 2135 2245 conjunfflis.

1175 2255 1246 2294 Qo
1264 2251 1389 2292 quidem
1409 2260 1448 2281 ex
1466 2259 1621 2290 tempore,
1643 2250 1792 2279 memoria
1810 2256 1898 2278 teneo
1916 2256 2012 2287 neque
2032 2255 2134 2276 meam

1175 2295 1230 2325 tibi
1246 2293 1465 2323 observantiam
1477 2312 1485 2325 ,
1503 2301 1601 2331 neque
1611 2292 1689 2321 mihi
1701 2299 1782 2320 tuarn
1792 2289 1943 2319 summam
1955 2287 2137 2318 benivolen-

1175 2338 1263 2369 tiam,
1275 2345 1308 2365 ac
1317 2334 1525 2364 liberalitatem
1536 2331 1670 2363 defuisse.
1696 2327 1748 2362 8ὃί
1758 2340 1823 2371 quae
1833 2329 2060 2363 interciderunt,
2071 2338 2137 2359 non

1177 2386 1238 2408 tarn
1246 2386 1277 2406 re
1288 2396 1297 2409 ,
1308 2376 1397 2415 quam
1409 2375 1576 2413 suspicione
1587 2373 1714 2403 violata:
1731 2382 1764 2402 ea
1773 2371 1845 2402 cum
1857 2371 1969 2401 fuerint
1979 2371 2011 2401 &
2020 2370 2090 2401 falsa
2102 2370 2137 2401 δι’.

1178 2418 1279 2449 inania
1291 2437 1300 2451 ‚
1322 2415 1378 2445 sint
1389 2415 1487 2445 evulsa
1501 2424 1539 2444 ex
1555 2416 1643 2445 omni
1658 2415 1806 2444 memoria
1817 2434 1824 2448 ‚
1845 2415 1964 2454 vitaque
1975 2412 2083 2442 nostia.
2108 2414 2138 2442 Is

1179 2462 1263 2490 enim
1275 2467 1305 2488 tu
1317 2459 1363 2487 vir
1373 2467 1403 2487 es
1413 2477 1422 2491 ,
1438 2457 1470 2487 &
1481 2466 1552 2486 eum
1565 2466 1614 2486 me
1625 2454 1681 2486 effe
1692 2457 1781 2495 cupio
1793 2475 1801 2489 ‚
1824 2465 1872 2488 ut,
1893 2456 2037 2496 quoniam
2048 2456 2080 2484 in
2091 2464 2140 2484 ea-

1179 2501 1249 2532 dem
1262 2500 1334 2538 reip.
1347 2508 1483 2540 tempora
1493 2499 1670 2531 incidimus,
1681 2497 1945 2537 conjunistionem,
1957 2497 2140 2526 amicitiam-

1177 2553 1236 2586 que
1254 2541 1388 2573 nostram
1407 2543 1523 2582 utrique
1543 2538 1681 2571 nostrum
1700 2539 1781 2570 laudi
1800 2540 1913 2580 sperem
1924 2537 2000 2569 fore.
2024 2540 2141 2579 Qram-

2034 2579 2141 2609 obrem

190 2626 2127 2650 ὠμῇ-ΗΜ

214 2673 238 2689 ι,
258 2661 454 2695 Emieamipsam
463 2661 552 2686 domum
563 2659 670 2694 xxxv]
694 2659 738 2684 Sic
755 2658 843 2684 voluit
860 2656 1075 2693 prudentissimus
1086 2656 1134 2682 Vi-

176 2699 245 2725 ftot.
256 2699 288 2725 fic
299 2708 346 2725 nos
359 2717 367 2729 ‚
378 2698 440 2733 quia
451 2697 483 2723 sic
494 2697 617 2731 scriptum
631 2695 776 2728 reperimus
787 2695 812 2721 in
824 2696 941 2729 quinque
952 2692 1020 2719 Pan.
1041 2692 1067 2718 in
1078 2692 1135 2728 pri-

178 2745 221 2762 mo
231 2745 260 2760 ac
271 2741 335 2761 tert.
348 2740 410 2760 ante
420 2741 559 2759 nnmerum
572 2731 694 2758 nonnihil
708 2729 784 2766 spacii
795 2737 852 2757 crat
870 2728 994 2756 relietum
1009 2748 1016 2760 ,
1036 2727 1136 2763 fignifi-

178 2771 259 2797 cando
269 2769 368 2805 aliquid
387 2768 482 2795 deesse.
502 2768 598 2794 Lamb.
617 2777 649 2793 ex
671 2766 908 2796 voluntateBudaei
921 2764 1006 2792 edidit
1025 2767 1070 2790 emi
1086 2774 1137 2790 eam

177 2808 250 2839 {olim
267 2807 354 2832 domum
366 2808 447 2831 tricies
457 2807 581 2839 quinquies
600 2804 679 2830 LLS.
690 2812 771 2839 porro
783 2822 792 2835 ,
811 2803 885 2837 {psam
896 2821 905 2834 ‚
924 2801 1090 2837 expungitur
1109 2800 1136 2827 in

180 2842 238 2869 Pal.
251 2849 313 2868 tert.
327 2843 411 2868 Grnt.
423 2840 558 2867 stewech.
1135 2846 1138 2850 ’

188 2880 195 2886 ·
214 2887 242 2903 ι.
261 2878 415 2911 siquifiqzmm
425 2877 550 2910 recipiat]
572 2875 634 2902 Hoc
644 2875 679 2902 est
699 2875 724 2901 in
745 2881 860 2911 quatuor
877 2872 1039 2900 Pauci-ut.
1051 2873 1137 2899 Stew.

178 2921 237 2942 nam
252 2912 307 2938 Pal.
318 2914 479 2948 quint.fiqui
489 2915 588 2945 recipiat
600 2932 608 2944 ,
620 2921 671 2938 non
682 2910 776 2938 absone
788 2921 794 2937 ε
815 2910 964 2944 Vatican.fi
972 2910 1096 2945 quistinam
1105 2918 1140 2934 me

178 2952 287 2982 rectsiar.
307 2958 398 2974 omncs
409 2949 503 2974 melius
515 2950 596 2984 qnam
609 2948 792 2984 vulgmfiquie
801 2956 834 2972 me
844 2949 915 2980 recip.

215 2994 242 3020 3.
261 2987 356 3010 Omnino
368 2985 495 3017 semtffibm
505 2993 589 3017 magna
606 2987 668 3017 copia
687 2984 746 3018 eff]
769 2983 812 3009 Sic
822 2981 959 3010 Victorius
971 3001 980 3014 ‚
1001 2980 1063 3017 quia
1081 2987 1138 3008 erat

175 3018 204 3049 in
217 3021 279 3052 suis,
290 3019 512 3056 quemadmodum
524 3020 595 3046 estin
607 3020 676 3046 Pan.
687 3026 802 3055 quatuor
814 3038 822 3050 ,
841 3019 924 3045 Grut.
934 3018 1137 3052 omnifimffibur.

177 3057 249 3120 quod
262 3056 382 3092 probavit
397 3055 555 3081 Hermolaus
568 3056 698 3082 Barbarus
710 3056 738 3081 &
749 3055 852 3082 secutus
862 3055 908 3082 est.
931 3056 994 3090 Jam
1007 3054 1069 3089 quia
1079 3062 1136 3079 eam

198 3102 212 3119 e
223 3093 320 3129 reperit
330 3091 466 3118 Manutius
487 3091 511 3116 in
523 3092 633 3118 Thonioe
645 3092 755 3118 Leonici
775 3091 844 3117 libro
861 3110 869 3122 ,
888 3089 1038 3125 visaturque
1049 3090 1075 3115 in
1087 3090 1140 3115 Va-

179 3130 279 3160 ticano,
290 3129 375 3154 omnis
385 3126 560 3153 dubitationis
570 3127 626 3154 alea
637 3127 755 3154 tollenda
765 3127 812 3155 est.
826 3127 924 3163 vulgo:
946 3126 1139 3160 Hominisemiffis

177 3169 264 3198 inagna
276 3167 341 3196 copia
352 3166 396 3189 eff.

211 3209 241 3236 4.
262 3202 383 3228 othonum
392 3207 474 3226 numen
492 3198 636 3234 existimem]
656 3198 713 3237 Qi
733 3199 846 3228 liocnon
856 3205 984 3237 ceperunt
995 3217 1005 3232 ,
1022 3196 1141 3227 inculca-

1184 2661 1247 2681 runt
1256 2662 1335 2678 nomen
1346 2653 1456 2686 adeptus,
1467 2659 1558 2678 contra
1570 2661 1595 2678 o.
1606 2650 1664 2677 mss‘.
1675 2660 1703 2676 ac
1714 2649 1806 2675 libros.

1223 2698 1249 2723 5.
1268 2693 1293 2715 S.
1312 2690 1338 2715 τ’.
1350 2692 1381 2714 Ε.
1401 2690 1473 2723 ‘Qu
1493 2690 1524 2713 Β.
1536 2691 1566 2713 Ε.
1587 2690 1618 2713 Ε.
1637 2687 1680 2720 V.]
1704 2685 1775 2712 istud
1796 2685 1876 2711 malni
1895 2693 1954 2711 cum
1973 2681 2096 2709 Vistorio
2112 2689 2143 2707 ac

1184 2725 1282 2752 Lainb.
1293 2734 1371 2761 quain
1381 2723 1506 2760 expreffis
1517 2722 1613 2749 verbis.
1635 2722 1685 2749 Sed
1696 2722 1765 2758 quod
1778 2722 1881 2747 mireris
1894 2740 1902 2751 ‚
1923 2719 2040 2754 1³:111.pr.
2052 2724 2139 2752 quart.

1185 2762 1274 2798 quint.
1287 2760 1484 2796 repraesentant,
1494 2762 1520 2784 Si
1529 2761 1573 2785 ribi
1583 2761 1627 2790 eft',
1639 2758 1745 2793 quomodo
1753 2758 1803 2788 via,
1813 2759 1868 2782 bene
1880 2758 1915 2781 ef?
1923 2767 1930 2780 :
1948 2763 1981 2780 ex
1993 2754 2143 2789 ignoratio-

1186 2807 1219 2824 ne
1229 2807 1258 2824 ac
1268 2797 1333 2824 fana
1351 2795 1571 2832 interpretatione
1590 2795 1741 2821 litterarum
1753 2791 1915 2829 capitalium
1926 2799 1936 2822 5
1957 2789 2052 2826 qnippe
2064 2789 2140 2817 vult:

1187 2837 1212 2861 Si
1221 2841 1246 2860 tn
1261 2834 1419 2867 exercitufilree
1427 2832 1525 2862 valerie,
1536 2833 1591 2856 hene
1599 2833 1634 2856 e.‘7
1640 2839 1675 2863 ego
1683 2832 1761 2856 valeo.

1223 2871 1251 2896 6.
1270 2869 1337 2903 Qod
1343 2870 1462 2898 vererere,
1472 2875 1500 2892 ne
1510 2868 1575 2900 cujus
1585 2869 1690 2892 animum
1702 2864 1756 2898 qffi]
1777 2865 1819 2890 Ita
1829 2862 1943 2890 vmorii
1954 2861 2038 2888 editio
2050 2881 2058 2894 ‚
2073 2861 2143 2889 Pau.

1186 2916 1226 2943 pr.
1246 2905 1297 2932 sec.
1317 2906 1399 2932 Grut.
1418 2903 1505 2931 Vatic.
1524 2911 1584 2929 nam
1607 2901 1675 2928 l’all.
1695 2907 1759 2927 tert.
1781 2899 1917 2927 stewech.
1946 2907 2040 2925 verere.
2060 2897 2143 2935 vulg&

1185 2944 1310 2969 verebare.

1222 2987 1250 3014 7.
1270 2980 1327 3004 Fuit
1337 2997 1346 3010 ,
1363 2983 1441 3002 tamen
1450 2984 1495 3001 non
1509 2975 1579 3000 multo
1588 2976 1698 3000 minorem
1709 2992 1717 3004 ‚
1735 2971 1807 3007 quiim
1817 2971 1991 3005 Leliumfacise
1999 2971 2028 3002 (ly
2036 2971 2062 2997 in
2071 2969 2144 3005 Rep.]

1187 3014 1281 3051 Scripfi
1293 3013 1326 3040 sic
1335 3012 1494 3039 auam-itate
1505 3009 1619 3036 Vie‘torii
1637 3019 1666 3035 ac
1676 3009 1762 3035 Vatic.
1775 3007 1873 3034 codicis
1886 3027 1894 3040 ,
1913 3007 2011 3034 namin
2022 3005 2146 3033 omnibus

1188 3050 1256 3077 Pall.
1267 3051 1294 3076 &
1305 3050 1388 3075 Grut.
1398 3057 1443 3079 me,
1454 3056 1505 3074 non
1516 3053 1594 3072 rumen
1604 3057 1612 3078 ,-
1624 3045 1666 3072 led
1677 3047 1772 3071 exlium
1783 3054 1834 3071 non
1845 3045 1932 3070 Laelim
1941 3042 2022 3070 iidem
2033 3051 2143 3070 omnes:

1187 3094 1305 3114 ceterum
1316 3087 1359 3110 ribi
1368 3093 1401 3110 ex
1413 3082 1557 3110 eorundem
1568 3083 1687 3108 omnium
1699 3079 1821 3108 consensu
1832 3080 1907 3113 ejeci.

1225 3121 1251 3148 8.
1270 3125 1294 3147 St
1303 3129 1352 3155 quae
1360 3119 1532 3145 interciderunt
1550 3128 1594 3144 non
1604 3126 1654 3144 ram
1665 3128 1689 3142 νε
1701 3137 1709 3149 ,
1727 3117 1799 3152 qmim
1813 3117 1946 3150 fitspitione
1963 3113 2085 3148 adulam]
2106 3113 2150 3140 Sic

1190 3158 1258 3185 Pall.
1267 3166 1308 3193 pr.
1320 3163 1408 3192 quai-t.
1420 3155 1507 3191 quint.
1517 3155 1606 3183 Vatic.
1617 3153 1733 3183 Visstorii
1742 3153 1837 3181 editio.
1854 3152 1950 3188 vulgo:
1972 3154 1996 3179 s)
2005 3159 2054 3187 qua
2064 3154 2150 3177 intere.

1193 3204 1220 3222 n.
1229 3201 1250 3221 r.
1261 3202 1284 3220 rc
1294 3203 1318 3228 q.
1326 3193 1394 3229 susp.
1404 3193 1519 3219 videnti«.
1536 3207 1539 3209 -
2112 3202 2116 3204 .

2005 3230 2029 3250 ι,
2048 3219 2154 3256 samf-
