2297 3389
705 146 1087 194 L1211L1N

151 225 405 270 improbiffimum
413 223 541 259 factum,
551 224 633 266 quod
643 224 792 255 imitarerc
802 228 813 255 ἓ
825 228 862 256 Et
873 224 924 256 hic
933 234 1034 256 utrum
1046 229 1106 257 rni-

152 273 186 303 hi
194 269 316 302 difficile
327 269 369 301 est
377 269 474 300 dicere
482 287 491 302 ‚
502 278 538 298 an
548 268 595 297 his
604 266 779 298 existimare
788 288 796 301 ‚
812 270 852 298 ita
862 268 932 298 sein
943 269 998 298 illo
1008 268 1104 306 infini-

149 324 179 346 to
194 315 305 356 imperio
319 315 364 342 M.
373 311 543 341 Antonium
553 308 682 352 geffiss'e,
702 318 735 339 ut
745 310 844 339 multo
854 309 902 339 isti
912 308 1105 349 perniciosius

149 356 186 387 sit
197 357 303 388 dicere,
315 355 342 384 se
354 355 387 383 in
397 362 426 382 re
436 350 653 392 improbiffima
661 349 787 382 voluiffe
797 353 970 381 Antonium
980 353 1103 385 imitari,

148 397 241 440 quam
252 395 272 426 fi
281 393 438 426 defendere
445 392 534 434 poffit
542 414 550 427 ‚
571 394 651 423 nihil
660 396 692 423 in
703 395 765 423 vita
774 393 802 423 se
813 395 858 423 M.
868 394 997 423 Antonii
1007 391 1104 422 simile

147 437 258 472 feciffe.
279 438 429 467 Homines
438 438 471 465 in
478 435 600 475 judiciis
609 436 644 466 ad
652 438 768 469 crimen
777 434 1015 468 defendendum,
1027 444 1102 468 non,

143 478 326 523 quidfecerit
334 478 480 519 quispiam
490 497 501 510 ‚
522 477 652 517 proferre
663 478 760 508 solent
770 498 778 510 ‚
800 481 809 496 ¹
822 477 870 507 sed
889 477 961 518 quid
964 475 1103 519 probarit.

147 523 318 554 Antonium
329 540 338 554 ‚
357 529 427 550 curn
438 520 533 550 multa
543 528 647 550 contra
658 520 808 550 sociorum
820 519 942 549 salutern
955 539 962 552 ‚
983 522 996 538 ²
1008 519 1104 549 multa

145 572 249 596 contra
256 562 416 593 utilitatem
426 563 648 601 provinciarum
661 562 693 591 δε
701 560 810 591 faceret
820 582 828 594 ,
851 561 883 591 δε
891 563 1050 602 cogitaret,
1072 562 1104 590 in

148 605 259 637 mediis
277 605 342 642 ejus
359 604 480 642 injuriis
495 603 528 633 &
537 604 749 643 cupiditatibus
768 613 850 633 mors
867 601 1017 642 oppreffit.
1050 605 1100 632 Tu

146 648 244 681 mihi,
255 644 334 687 quafi
344 646 408 685 ejus
418 647 523 675 omnia
531 644 608 676 faita
616 667 624 678 ‚
643 654 730 686 atque
741 643 862 675 consilia
873 648 902 675 S.
912 648 941 674 P.
955 647 1037 684 QR.
1051 645 1102 684 ju-

145 689 226 720 dices
243 687 485 728 comprobarint‚
506 690 545 718 ita
556 690 601 717 M.
614 689 741 718 Antonii
758 687 905 726 exemplo
916 685 1000 716 istius
1015 685 1103 716 auda-

83 738 133 775 92
146 733 222 763 ciam
242 730 390 760 defendis.
423 732 463 759 At
474 729 555 759 idem
565 728 794 760 fecitSacerdos.
827 731 997 758 Hominem
1010 730 1101 758 inno-

146 781 263 805 centem
273 793 281 806 ,
295 772 328 802 &
338 772 453 802 summa
461 771 618 811 prudentia
626 770 784 811 praeditum
795 772 936 800 nominas
949 781 953 798 ε
972 769 1021 800 sed
1033 779 1099 800 tum

143 815 226 846 idem
245 812 347 844 fecisse
365 816 422 844 erit
438 812 657 843 existimandus
677 833 686 846 ‚
710 811 730 841 fi
747 812 837 841 eodem
857 811 964 852 consilio
985 811 1099 841 fecerit.

143 859 226 888 Nam
235 866 328 898 genus
337 855 544 886 aestimationis
553 855 651 894 ipsum
664 875 672 888 ,
688 854 704 884 a
714 864 764 884 me
774 864 942 894 numquam
952 853 994 884 est
1004 863 1102 893 repre-

140 899 269 929 hensum
282 909 288 927 :
299 898 347 928 sed
358 907 420 937 ejus
430 899 551 937 aequitas
560 917 569 930 ‚
582 905 731 927 aratorum
743 896 913 926 commodo
923 916 932 929 ,
945 897 977 926 &
988 896 1100 925 volun-

139 949 198 972 tate
206 939 407 981 perpenditur.
418 941 492 968 Non
501 937 597 978 potest
606 938 783 979 reprehendi
794 939 855 968 ulla
863 937 1100 978 aestimatio‚quae

138 985 245 1014 aratori
254 991 318 1012 non
328 979 423 1010 modo
434 980 632 1011 incommoda
641 991 704 1011 non
714 979 757 1010 est
768 1001 776 1013 ,
797 979 844 1010 sed
855 982 943 1010 etiam
957 989 1034 1021 grata
1045 978 1096 1009 est.

136 1023 298 1057 Sacerdos,
320 1024 395 1053 utin
404 1024 594 1062 provinciam
603 1024 704 1056 venit,
720 1021 911 1052 frumentum
933 1023 965 1051 in
982 1021 1097 1051 caellam

140 1067 307 1106 imperavit.
331 1068 344 1092 ³
356 1063 435 1095 Cum
446 1063 532 1098 effet,
544 1074 611 1094 ante
621 1074 739 1094 novum
748 1085 757 1098 ,
771 1066 862 1094 tritici
874 1064 996 1093 modius
1007 1063 1098 1093 dena-

139 1109 191 1139 riis
221 1109 351 1148 uinque3
369 1108 539 1147 petiverunt
548 1106 584 1137 ab
594 1117 631 1136 eo
641 1109 775 1137 civitates
787 1126 795 1140 ,
817 1115 850 1136 ut
860 1105 1026 1136 aestimaret.
1051 1115 1096 1135 re-

140 1151 186 1181 mi
210 1159 256 1179 ior
263 1150 415 1190 aliquanto
425 1148 490 1186 ejus
498 1147 555 1178 fuit
565 1147 723 1179 aestimatio
732 1168 740 1182 ‚
761 1148 850 1189 quam
863 1157 1002 1178 annonae.
1027 1156 1097 1177 nam

139 1191 299 1223 aestimavit
318 1191 446 1221 denariis
461 1200 526 1220 111.
561 1191 654 1220 Vides
667 1211 675 1224 ,
696 1190 823 1221 eandem
841 1189 1073 1220 aestimritionem
1086 1209 1094 1222 ‚

161 1242 260 1274 ropter
268 1235 412 1273 temporis
422 1230 747 1265 diffimilitudinem,in
757 1232 813 1262 illo
823 1231 911 1261 [aradis
923 1232 1037 1271 caufizm
1047 1232 1098 1261 ha·

137 1243 208 1306 gere
219 1286 224 1304 :
236 1277 270 1304 in
281 1283 308 1305 te
318 1295 326 1308 ,
339 1274 460 1304 criminis
470 1277 481 1304 ,²
493 1279 525 1304 in
536 1275 590 1304 illo
599 1294 608 1307 2
620 1273 759 1305 beneficii
772 1285 777 1303 z
791 1276 823 1303 in
836 1283 874 1307 te,
887 1274 1022 1313 injuriat?
1037 1276 1098 1303 Eo-

139 1317 211 1348 dem
220 1325 355 1356 tempore
366 1317 517 1346 Antonius
535 1325 546 1345 x
556 1326 566 1345 r
576 1326 600 1345 1.
614 1315 745 1346 denariis
755 1315 915 1346 aestimavit
925 1335 932 1348 2
942 1314 1010 1355 post
1021 1315 1099 1344 mes-

139 1359 203 1389 sem
213 1379 221 1391 ,
235 1359 352 1389 summa
360 1360 393 1388 in
403 1358 527 1389 vilitate,
537 1358 609 1387 crim
621 1366 746 1387 aratores
756 1356 947 1386 frumentum
957 1357 1023 1386 dare
1033 1367 1097 1398 gra-

138 1402 176 1431 tis
188 1400 406 1430 malebant.-·-&
419 1399 514 1439 ajebat
524 1418 533 1432 ,
549 1400 577 1429 se
590 1399 735 1429 tantidem
747 1398 903 1429 aestimass'e
913 1419 920 1432 ‚
933 1401 1034 1439 quanti
1049 1401 1098 1428 Sa-

137 1441 291 1472 cerdotem
304 1451 309 1469 :
331 1450 427 1481 neque
440 1441 659 1471 mentiebatur:
678 1441 726 1472 sed
736 1441 841 1471 eadem
855 1440 908 1470 ista
923 1440 1096 1470 aestimatio-

141 1493 181 1514 ne
189 1503 198 1517 ,
209 1483 282 1514 alter
292 1482 454 1513 sublevarat
463 1492 600 1515 aratores,
616 1484 688 1513 alter
697 1492 847 1513 everterat.
871 1482 962 1523 Qod
973 1481 1028 1512 nisi
1036 1492 1097 1511 om-

138 1524 320 1564 nisfrumentz
333 1525 406 1553 ratio
420 1534 453 1554 ex
466 1523 633 1565 temporibus
643 1523 723 1559 effet,
734 1525 766 1555 &
774 1535 904 1558 annona,
916 1534 980 1554 non
991 1534 1029 1554 ex
1040 1534 1097 1553 nu-

139 1577 235 1601 mero,
247 1576 345 1607 neque
354 1576 392 1596 ex
400 1566 758 1599 summa,cons1deranda:
773 1577 940 1607 numquam
953 1575 1013 1596 tam
1023 1567 1098 1607 grati

137 1609 170 1639 hi
180 1608 595 1650 sesquimodihQJ-Iortensi,
609 1608 731 1640 fuissent
741 1620 746 1638 :
756 1619 831 1650 quos
843 1608 956 1639 tu‘cum
965 1608 999 1638 ad
1011 1618 1099 1637 men-

138 1651 211 1682 surae
219 1660 280 1681 tam
293 1652 342 1680 exi
365 1660 434 1680 uam
443 1653 590 1681 rationem
601 1652 715 1692 populo
725 1654 820 1682 Rom.
839 1652 871 1681 in
881 1653 975 1691 capita
988 1650 1098 1680 descri—

138 1692 236 1733 pfiffes
245 1713 254 1727 ‚
269 1695 354 1733 grati1
366 1702 466 1722 imum
477 1693 621 1723 omnibus
631 1692 740 1724 fecisti.
763 1695 864 1724 caritas
872 1695 958 1723 enim
968 1702 1097 1722 annonae

137 1734 279 1768 faciebat,
295 1743 326 1764 ut
337 1733 412 1765 istuc
420 1754 428 1768 ‚
444 1734 526 1775 quod
537 1746 566 1765 re
575 1745 699 1775 parvum
709 1735 865 1766 videbatur
875 1755 883 1769 ,
904 1742 1022 1775 tempore
1034 1744 1098 1763 ma-

135 1787 227 1818 gnum
239 1776 398 1815 vide-retur.
422 1777 508 1806 Idem
519 1776 594 1807 istuc
607 1776 627 1807 si
640 1780 673 1807 in
683 1779 796 1808 vilitate
811 1778 924 1818 populo
933 1779 1028 1807 Rom.
1043 1777 1097 1806 lar-

137 1821 194 1861 giri
211 1816 369 1849 voluisses:
386 1818 517 1849 derisum
527 1828 614 1850 tuum
625 1818 809 1850 beneficium
820 1818 890 1849 esset
898 1840 907 1853 ‚
925 1829 1011 1860 atque
1021 1828 1097 1848 cori-

71 1870 121 1904 93
139 1869 278 1892 temtum.
302 1860 377 1890 Noli
388 1862 477 1900 igitur
486 1860 583 1891 dicere
591 1880 600 1895 ,
613 1860 704 1891 istum
718 1861 801 1892 idem
811 1859 911 1891 feciss'e
923 1881 932 1893 ‚
955 1860 1036 1902 quod
1047 1863 1095 1891 Sa-

137 1902 306 1934 cerdotem:
326 1904 472 1943 quoniam
489 1912 554 1932 non
563 1913 600 1933 eo
609 1912 744 1944 tempore
753 1924 762 1936 ,
787 1913 885 1943 neque
898 1906 916 1930 4
926 1902 1017 1932 simili
1027 1901 1098 1932 fecit

138 1954 267 1976 annona.
290 1943 384 1974 dicito
392 1946 504 1983 potius,
515 1947 661 1985 quoniam
671 1945 760 1975 habes
769 1944 924 1974 auditorem
934 1944 1093 1977 idoneum,

139 1986 221 2028 quod
230 1987 380 2015 Antonius
391 1995 452 2014 uno
462 1985 591 2015 adventu
602 2006 611 2019 ,
632 1986 664 2016 &
672 1988 726 2016 vix
739 1986 900 2016 menstruis
919 1987 1038 2016 cibariis
1049 1985 1095 2015 fe·

138 2029 213 2059 cerit
223 2047 232 2061 ‚
251 2027 283 2057 id
299 2025 391 2057 istum
409 2036 461 2066 per
478 2028 644 2057 triennium
657 2026 758 2057 fecisse
769 2039 774 2056 z
795 2029 827 2058 δε
843 2026 927 2057 istius
946 2030 1095 2057 innocen-

137 2071 212 2100 tiam
223 2071 266 2098 M.
278 2070 405 2098 Antonii
414 2067 494 2098 festo
505 2089 514 2103 ‚
533 2077 620 2109 atque
629 2068 802 2099 au&oritate
813 2068 979 2099 defendite.
1014 2071 1094 2098 Nam

137 2111 176 2141 de
185 2114 251 2141 Sex.
262 2110 385 2151 quidem
398 2110 540 2140 Paeduceo
550 2131 558 2144 ‚
569 2109 741 2144 fortissimo,
753 2120 840 2151 atque
850 2109 1096 2141 innocentissimo

137 2154 205 2183 viro
216 2173 224 2186 ‚
235 2152 306 2193 quid
317 2151 421 2182 dicetis
432 2158 442 2183 Ρ
452 2151 489 2181 de
499 2162 560 2193 quo
569 2153 636 2193 quis
644 2162 790 2193 umquam
801 2162 896 2182 arator
905 2152 1024 2193 questus
1035 2151 1096 2182 est?

137 2203 188 2225 aut
198 2197 264 2235 quis
274 2203 339 2224 non
348 2193 383 2223 ad
397 2195 454 2223 hoc
465 2202 582 2233 tempus
593 2192 870 2223 innocentiffimam
880 2197 1035 2227 omniurn,
1050 2193 1097 2223 di-

139 2234 420 2278 ligentiffimamque
439 2245 596 2275 praeturam
619 2236 701 2265 illius
728 2236 864 2265 hominis
890 2235 1097 2265 existimavit?

139 2279 303 2309 Biennium
316 2280 504 2318 provinciam
515 2277 650 2307 obtinuit
661 2297 669 2311 ‚
688 2287 758 2307 curn
769 2278 841 2307 alter
849 2287 945 2307 annus
955 2280 987 2307 in
997 2277 1097 2307 vilita-

141 2328 181 2355 te,
191 2320 260 2350 alter
270 2321 302 2349 in
314 2320 430 2349 summa
440 2321 557 2349 caritate
566 2318 666 2349 fuerit.
690 2329 766 2349 num
777 2328 826 2349 aut
836 2321 869 2349 in
879 2319 993 2349 vilitate
1003 2328 1093 2348 num—

141 2372 228 2392 mum
241 2370 335 2391 arator
343 2361 497 2402 quisquam
508 2360 603 2391 dedit:
619 2369 670 2390 aut
681 2362 713 2390 in
724 2363 840 2391 caritate
850 2361 886 2391 de
896 2361 1096 2391 :estimatione

140 2402 284 2434 frumenti
293 2402 412 2444 questus
422 2402 484 2434 est?
508 2406 548 2432 At
561 2402 687 2431 uberiora
700 2401 808 2432 cibaria
813 2402 898 2443 faita
908 2404 977 2443 funt
990 2403 1097 2431 carita-

139 2452 178 2475 te.
202 2445 311 2475 Credo:
334 2455 431 2485 neque
441 2444 471 2474 id
482 2443 524 2474 cst
538 2455 653 2474 novum
664 2464 672 2478 ‚
689 2455 786 2486 neque
804 2444 1095 2484 reprehendendum.

141 2486 235 2517 modo
246 2489 281 2517 C.
290 2489 428 2517 Sentium
438 2486 573 2516 vidimus
582 2506 590 2520 ,
601 2488 764 2516 hominem
774 2496 873 2517 vetere
884 2487 946 2520 illa,
957 2497 989 2516 ac
999 2485 1097 2528 singu-

138 2529 192 2559 lari
202 2530 375 2559 innocentia
384 2528 542 2568 praeditum
553 2548 561 2562 ‚
572 2538 692 2568 propter
699 2531 848 2558 caritatem
859 2528 1020 2562 frumenti,
1032 2538 1097 2569 quae

133 2569 233 2601 'fuerat
241 2572 274 2600 in
285 2570 462 2600 Macedonia
473 2590 480 2604 ‚
497 2580 690 2610 permagnam
701 2580 739 2600 ex
747 2570 864 2600 cibariis
874 2572 1033 2610 pecuniam
1044 2570 1096 2600 de-

137 2621 261 2653 portare.
285 2612 491 2654 Qamobrem
505 2622 569 2642 non
579 2622 634 2653 ego
643 2612 768 2642 invideo
778 2614 836 2642 tuis
846 2611 1019 2642 commodis
1031 2631 1039 2645 ,
1059 2610 1095 2641 si-

138 2664 196 2695 qua
211 2654 245 2684 ad
264 2663 290 2684 te
311 2657 373 2694 lege
385 2663 530 2684 venerunt
545 2665 550 2683 z
573 2654 717 2694 injuriam
727 2664 836 2694 queror
846 2673 854 2688 ,
867 2653 1091 2694 improbitatem

137 2706 264 2736 coarguo
277 2706 282 2724 τ
300 2697 451 2726 avaritiam
462 2697 494 2725 in
503 2697 619 2725 crimen
629 2715 637 2728 ,
649 2695 681 2725 δε
692 2698 723 2725 in
730 2695 881 2735 judicium
891 2704 979 2725 voco.
1003 2696 1094 2736 Qod

140 2735 161 2766 si
173 2738 352 2777 suspiciones
363 2739 487 2775 injicere
500 2737 627 2771 voletis,
651 2737 686 2767 ad
699 2737 811 2777 plureis
825 2738 986 2770 homines,
1012 2737 1044 2766 &
1057 2737 1095 2766 acl

135 2778 234 2820 plureis
241 2781 409 2819 provincias
418 2781 535 2809 crimen
547 2781 605 2809 hoc
617 2781 765 2819 perti-nere
775 2789 780 2808 :
804 2789 868 2809 non
878 2789 934 2820 ego
945 2778 1031 2809 istam
1041 2779 1093 2809 de-

136 2819 303 2851 fensionem
312 2820 438 2851 vestram
447 2821 654 2860 pertimescam
664 2841 672 2854 ,
693 2820 741 2851 sed
752 2828 801 2851 me
812 2824 955 2851 omniurn
967 2822 1092 2861 provin-

136 2863 251 2893 ciarum
261 2862 448 2893 defensorem
459 2861 516 2893 effe
525 2861 698 2904 profitebor.
735 2866 858 2894 Etenim
873 2865 933 2894 hoc
945 2863 1015 2894 dico
1026 2883 1036 2897 .
1060 2863 1093 2894 &

175 3012 198 3029 ι.
217 3005 262 3030 Sed
268 3005 464 3040 quidprobarit]
485 3006 526 3032 Ita
536 3005 681 3032 Lambinus
694 3024 702 3037 ,
713 3015 764 3032 non
776 3003 944 3041 improbante
955 3005 1090 3032 Hotoma-

136 3046 182 3066 πο.
202 3041 466 3075 vulgata‚probarint‚·
476 3042 517 3067 eui
527 3042 555 3067 &
566 3041 625 3068 suus
635 3041 693 3068 sane
704 3041 789 3068 sensus
801 3060 809 3073 ‚
821 3041 865 3067 sua
875 3041 925 3067 vis.

174 3082 201 3100 2.
221 3078 304 3101 Multa
313 3083 394 3103 contra
403 3078 557 3112 militatem]
571 3077 613 3105 Est
626 3081 641 3104 a
651 3079 743 3104 Nann.
754 3078 819 3104 item
830 3077 900 3103 Pau.
911 3075 957 3103 nisi
968 3077 1039 3113 quod
1052 3077 1070 3103 ii
1082 3095 1090 3108 ,

137 3112 293 3143 melun-mrem,
303 3112 373 3147 quod
383 3114 410 3139 8<
421 3113 447 3139 in
458 3121 530 3140 retro
540 3114 616 3146 culis,
627 3113 668 3140 scd
679 3113 888 3141 destituebantur
898 3122 963 3140 voce
973 3115 1059 3139 multa.

176 3153 188 3180 3
197 3165 201 3170 .
210 3149 279 3187 ‘crum
288 3148 338 3181 effit
347 3155 401 3174 ame
408 3158 493 3174 novum
503 3169 512 3181 ,
530 3153 607 3175 tritici
622 3150 712 3176 modius
720 3150 825 3176 ἅρπαι-ᾖν
833 3150 963 3185 qut'nque]
984 3150 1025 3179 lta
1035 3149 1093 3177 fer&

124 3181 306 3211 -rabriciaiius
318 3202 328 3217 ‚
338 3193 398 3212 nam
409 3185 465 3213 auae
475 3185 536 3214 edd.
547 3185 581 3214 ob
590 3193 664 3214 notas
676 3185 751 3214 valde
761 3186 904 3214 intricate.

1135 147 1518 199 C.VERREM.
1996 173 2108 222 >291

1148 238 1337 270 magnavoce
1347 230 1433 261 dico:
1457 234 1674 274 Unicthta
1695 241 1763 266 noc
1781 244 1926 267 FAC-rtur
1947 246 2022 272 nsr,
2047 248 2107 269 m-

1147 280 1252 300 PROBE
1265 281 1407 303 FACTUM
1422 283 1489 304 EST.
1523 285 1737 318 QICUMQJ-F.
1750 288 1816 308 HOC
1829 289 1931 309 FECIT
1941 300 1950 312 ‚
1970 290 2105 311 SUPPLI-

1147 321 1204 341 cio
1218 322 1344 344 monus
1359 325 1423 345 Esr.
1448 318 1528 347 Nam
1541 338 1548 351 ,
1559 328 1611 358 per
1619 319 1691 349 deos
1701 322 1901 351 immortaleis
1911 342 1918 355 ‚
1930 322 2102 362 videte‚ju-
2119 330 2168 363 94

1145 352 1234 387 dices,
1246 355 1278 384 &
1287 356 1445 395 prospicite
1453 360 1575 393 animis,
1588 361 1661 401 quid
1669 361 1806 392 futurum
1817 361 1862 393 fit.
1880 364 1971 393 multi
1981 374 2103 406 magnas

1144 403 1284 442 pecunias
1303 397 1338 427 ab
1355 400 1458 429 invitis
1469 402 1653 436 civitatibus,
1681 413 1768 445 atque
1778 404 1813 435 ab
1824 407 1929 435 invitis
1939 407 2102 437 aratoribus

1144 434 1197 483 ista
1207 445 1320 485 ratione
1332 458 1340 471 ‚
1361 440 1450 471 caellae
1461 445 1606 477 nomine,
1625 446 1804 486 coe'gerunt:
1829 446 1972 486 (omnino
1984 459 2103 490 egone-

1143 487 1262 523 minem
1273 479 1374 514 video,
1386 491 1490 520 praeter
1498 483 1588 514 istum
1604 496 1609 514 2
1622 486 1670 516 sed
1681 488 1720 517 do
1730 489 1788 519 hoc
1798 489 1896 523 vobis,
1909 489 1941 519 δε
1953 490 2100 525 concedo,

1143 518 1363 568 ellemultosf)
1386 525 1418 552 in
1429 525 1485 554 hoc
1496 526 1622 557 homine
1639 534 1702 558 rem
1721 529 1880 560 addufitam
1899 532 1933 561 in
1945 532 2101 571 judicium

1142 560 1260 609 videtis.
1282 563 1355 603 quid
1364 562 1458 594 facere
1469 567 1590 605 potestis
1603 572 1613 598 ?
1637 569 1749 600 Utrum
1762 592 1770 604 ,
1789 570 1859 602 esim
1868 573 1984 613 judices
1994 572 2054 604 fitis
2065 574 2103 604 de

1142 612 1270 642 pecunia
1280 614 1361 644 capta
1372 625 1379 638 ‚
1400 608 1556 638 conciliata
1565 629 1572 642 ,
1586 619 1696 641 tantam
1706 616 1866 652 pecuniam
1878 623 1991 654 captam
2004 616 2102 657 negli—

1142 655 1227 692 gere:
1240 656 1276 676 an
1288 666 1297 679 ,
1308 645 1381 676 cum
1393 647 1583 688 lex-sociorum
1597 653 1679 691 canslz
1692 662 1790 694 rogata
1798 655 1847 696 fit,
1864 657 2015 687 sociorum
2026 668 2103 699 que-

1142 690 1289 734 rimonias
1307 698 1371 719 non
1389 690 1512 719 audire?
1535 695 1648 723 Verum
1661 696 1717 725 hoc
1729 707 1847 738 quoque
1861 698 1948 728 vobis
1964 702 2098 729 remitto-

1143 729 1284 771 negligite
1293 733 1437 778 praeterita
1447 752 1455 766 ‚
1471 730 1490 762 si
1505 733 1598 763 vultis
1611 745 1616 763 t
1641 736 1688 765 sed
1698 747 1735 766 ne
1746 739 1871 780 reliquas
1884 740 1947 779 spes
1959 741 2099 775 turbetis,

1141 779 1227 817 atque
1238 782 1358 802 omneis
1369 775 1537 813 provincias
1547 779 1684 806 evertatis
1695 798 1702 811 ,
1724 778 1753 808 id
1764 781 1919 819 providete
1931 803 1938 815 ,
1959 793 1996 812 ne
2007 785 2100 812 avari-

1142 822 1189 842 [ωε
1200 833 1208 846 ,
1226 823 1292 854 quae
1301 816 1422 845 antehac
1433 816 1543 846 occultu
1557 817 1702 847 itineribus
1717 830 1803 861 atque
1813 823 1943 863 angustis
1963 826 2005 853 uti
2024 825 2100 854 sole-

1142 854 1206 888 bat‚
1230 855 1405 886 annositate
1414 857 1510 888 vestra
1528 860 1610 889 viam
1626 860 1806 900 patefaciatis
1825 864 1972 894 illustrem
1984 886 1991 898 .
2015 874 2103 906 atque

1140 896 1238 944 latam.
1262 899 1344 928 Nam
1356 896 1376 928 fi
1386 900 1443 930 hoc
1456 900 1585 940 probatis
1597 922 1605 934 ,
1625 903 1657 932 &
1667 901 1687 932 fi
1699 904 1756 933 hoc
1767 905 1854 934 licere
1866 926 1874 938 ,
1893 909 2033 946 pecunias
2044 907 2101 937 isto

1140 948 1269 985 nomine
1280 942 1343 979 capi
1354 961 1361 974 ,
1370 941 1508 980 judicatis
1521 953 1525 971 :
1540 943 1618 972 cette
1630 945 1703 978 hoc,
1720 946 1800 986 quod
1814 947 1908 977 adhuc
1919 958 2012 978 nemo
2024 970 2032 981 ,
2046 947 2100 979 nisi

1138 980 1376 1024 improbissimus
1385 1003 1394 1016 ,
1403 982 1490 1017 fecit,
1506 983 1628 1024 posthac
1638 996 1740 1020 nemo,
1753 987 1807 1017 nifi
1817 988 2004 1020 stultiffimus
2015 1011 2022 1023 ,
2036 1000 2100 1020 non

1137 1024 1234 1067 faciet.
1259 1023 1382 1064 Improln'
1396 1025 1529 1066 sunt‚qui
1541 1030 1680 1066 pecunias
1690 1038 1793 1060 contra
1804 1031 1880 1071 leges
1891 1039 2002 1072 cogunt
2014 1031 2098 1067 :stul-

1138 1071 1161 1110 tt
1173 1084 1181 1098 ‚
1197 1068 1259 1105 qui,
1272 1066 1354 1106 quod
1366 1066 1628 1107 licerejudicatum
1640 1070 1691 1104 est,
1704 1074 1943 1111 praetermittunt.
1967 1074 2098 1107 Deinde,

1135 1106 1265 1145 judices,
1284 1107 1384 1138 videte
1393 1129 1400 1142 ‚
1423 1110 1514 1150 quam
1526 1109 1677 1142 infinitam
1688 1111 1748 1143 fitis
1758 1115 1936 1145 hominibus
1945 1115 2100 1145 licentiam

1136 1151 1331 1187 pecuniarum
1349 1151 1569 1190 eripiendarum
1589 1152 1693 1184 daturi.
1722 1157 1751 1185 Si
1770 1164 1870 1186 ternos
1891 1156 2029 1187 denarios
2047 1159 2099 1198 qui

1136 1191 1235 1232 coegit
1245 1212 1252 1225 ,
1265 1193 1322 1221 erit
1331 1191 1484 1223 absolutus
1496 1204 1501 1221 τ
1520 1203 1679 1235 quaternos
1688 1217 1695 1230 ‚
1708 1199 1819 1238 quinos
1829 1218 1837 1230 ,
1851 1198 1945 1228 denos
1957 1198 2099 1239 denique.

1136 1241 1186 1262 aut
1200 1235 1322 1263 vicenos
1335 1243 1421 1275 coget
1434 1235 1520 1265 alius.
1543 1246 1609 1277 quae
1622 1239 1678 1267 erit
1691 1237 1898 1278 reprehensio?
1918 1242 1951 1269 in
1965 1251 2027 1281 quo
2040 1242 2103 1280 prb

1138 1284 1223 1304 mum
1236 1276 1441 1317 injuriaegradu
1453 1275 1582 1307 resistere
1593 1280 1717 1349 incipiet
1732 1281 1866 1311 severitas
1881 1282 1987 1319 iudicis
1998 1284 2007 1308 ἒ
2017 1292 2093 1322 quo-

1136 1326 1184 1365 tus
1197 1326 1251 1347 erit
1264 1317 1317 1347 iste
1329 1318 1485 1352 denarius,
1504 1321 1556 1360 qui
1570 1330 1635 1350 non
1659 1330 1681 1351 it
1694 1320 1833 1352 ferendus
1843 1343 1850 1356 ‚
1873 1323 1948 1354 &in
1960 1334 2020 1364 quo
2035 1326 2096 1363 pri-

1136 1368 1225 1388 murn
1238 1358 1446 1390 aestimationis
1458 1362 1617 1402 iniquitas,
1640 1372 1726 1404 atque
1745 1365 1921 1405 improbitas
1937 1366 2096 1405 reprehen-

1135 1399 1239 1429 datur?
1260 1403 1418 1431 nonenim
1430 1401 1541 1433 avobis
1553 1404 1686 1438 summa,
1708 1405 1757 1436 sed
1774 1416 1868 1447 genus
1887 1406 2098 1437 aestimationis

1137 1444 1195 1489 erit¹
1205 1443 1449 1482 comprobatum.
1469 1454 1567 1485 neque
1578 1447 1637 1476 hoc
1645 1447 1770 1487 potestis
1775 1449 1787 1488 J'
1792 1449 1909 1479 udicare
1919 1469 1927 1482 ‚
1940 1451 2033 1479 ternis
2044 1449 2094 1479 de-

1135 1486 1225 1513 nariis
1235 1484 1380 1515 aestimare
1389 1484 1479 1515 licere
1489 1498 1497 1520 3
1507 1489 1592 1517 denis
1604 1498 1667 1519 non
1679 1489 1776 1520 licere.
1800 1490 1853 1520 ubi
1863 1492 1929 1520 en'r
1942 1498 1947 1500 ·
1958 1491 2051 1521 semel
2064 1491 2099 1522 ab

1134 1535 1263 1557 annonae
1276 1528 1438 1561 rarione&
1447 1527 1483 1557 ab
1493 1538 1643 1559 aratorum
1652 1531 1807 1562 voluntate
1817 1542 1861 1562 res
1872 1500 2051 1577 affiaetoris
2061 1534 2099 1562 li·-

1131 1566 1253 1597 bidinem
1263 1568 1396 1599 transsata
1406 1569 1525 1604 est3non
1533 1570 1575 1601 est
1581 1572 1644 1611 jam
1656 1574 1689 1602 in
1698 1573 1836 1615 lege‚atq·,
1847 1576 1879 1605 in
1889 1573 2055 1609 officio,sed
2067 1578 2099 1606 iri

1135 1611 1288 1641 voluntate
1300 1612 1566 1655 hominum‚atque
1578 1615 1696 1644 avaritia
1706 1613 1816 1654 positus
1827 1616 1938 1646 modus
1949 1617 2102 1648 aestiman-

1133 1652 1366 1693 di-Qapropter
1379 1656 1413 1683 S1
1430 1664 1485 1684 vos
1500 1664 1610 1685 sEMEL
1621 1657 1654 1685 in
1665 1656 1827 1695 judicando
1838 1657 1931 1688 finem
1942 1661 2096 1700 aequitatis,
2113 1672 2161 1705 95¹

1136 1695 1169 1724 &
1180 1695 1252 1736 legis
1265 1694 1451 1725 transieritis:
1463 1696 1576 1730 scitote,
1589 1707 1644 1727 vos
1654 1698 1775 1729 nullum
1786 1701 1890 1729 ceteris
1900 1701 1932 1730 in
1946 1701 2097 1732 aestiman-

1134 1736 1174 1766 do
1187 1735 1280 1767 finem
1292 1737 1494 1777 improbitatis
1506 1738 1538 1768 δε
1548 1741 1676 1770 avaritiae
1686 1739 1845 1781 reliquisse.
1872 1742 1979 1774 Videte
1989 1746 2096 1784 igitur,

1134 1779 1224 1820 quam
1235 1779 1330 1809 multa
1340 1777 1427 1809 simul
1438 1779 1452 1810 a
1463 1780 1551 1811 vobis
1559 1780 1758 1821 postulentur.
1783 1783 1940 1814 Absolvite
1951 1795 2033 1819 eum.
2045 1788 2099 1827 qui

1136 1823 1163 1852 se
1172 1821 1297 1851 fateatur
1308 1823 1456 1852 maximas
1466 1825 1607 1862 pecunias
1617 1833 1687 1854 curn
1698 1824 1817 1855 summa
1826 1825 1977 1857 sociorum
1988 1829 2100 1868 injuria

1133 1861 1249 1903 cepiffe.
1273 1873 1337 1893 non
1348 1863 1390 1894 est
1400 1865 1476 1894 satis.
1498 1867 1575 1894 Sunt
1584 1865 1633 1895 alii
1667 1876 1766 1907 uoque
1775 1867 1885 1907 plureS,
1895 1871 1948 1909 qui
1957 1869 2040 1900 idem
2051 1869 2099 1900 fe-

1134 1907 1238 1935 cerint.
1269 1905 1415 1936 absolvite
1427 1908 1518 1936 etiam
1538 1907 1608 1936 illos
1618 1927 1625 1940 ,
1645 1876 1721 1948 liqui
1743 1908 1810 1938 sunt
1822 1919 1827 1937 :
1848 1917 1881 1939 ut
1899 1919 1962 1940 uno
1979 1911 2095 1950 judicio

1134 1947 1225 1987 quam
1235 1946 1383 1986 plurimos
1393 1946 1551 1987 improbos
1567 1948 1707 1978 liberetis.
1731 1952 1780 1979 Ne
1789 1949 1819 1979 id
1830 1951 1953 1990 quidem
1964 1951 2030 1982 satis
2041 1951 2094 1983 est.

1134 1989 1221 2018 facite
1234 2008 1241 2021 ,
1256 1997 1289 2018 ut
1297 1990 1402 2018 ceteris
1413 1988 1535 2028 posthac
1545 1990 1617 2018 idem
1631 1990 1734 2019 liceat:
1755 1991 1868 2022 licebit.
1893 1995 1907 2019 ἴ
1917 1996 1956 2023 At
1972 1995 2030 2025 hoc
2043 2004 2093 2034 pa-

1134 2040 1201 2059 rum
1213 2028 1264 2060 est.
1288 2032 1453 2060 Permittite
1465 2051 1473 2064 ‚
1496 2040 1528 2060 ut
1537 2031 1639 2064 iiceat,
1660 2035 1762 2073 quanti
1773 2034 1897 2074 quisque
1910 2035 2000 2069 velit,
2021 2038 2096 2066 tanti

1135 2070 1270 2101 aestimet.
1293 2070 1460 2102 aestimabit.
1494 2072 1610 2102 Videtis
1626 2074 1687 2112 jam
1707 2074 1844 2114 psofon&
1859 2096 1867 2109 ‚
1885 2076 2000 2115 judices
2016 2098 2023 2111 ‚
2041 2079 2097 2108 hac·

1135 2112 1332 2143 aestimatione
1351 2114 1367 2144 ἐι
1385 2114 1473 2143 vobis
1483 2115 1675 2154 comprobata
1684 2135 1692 2149 ‚
1711 2126 1808 2157 neque
1829 2118 1957 2148 modum
1975 2118 2095 2158 posthac

1134 2156 1262 2185 avaritiae
1276 2155 1451 2198 cujusquam
1463 2175 1471 2188 ‚
1490 2165 1588 2197 neque
1598 2166 1719 2196 poenam
1737 2159 1937 2199 improbitatis
1948 2159 2094 2191 futuram.

1136 2199 1215 2238 Qas
1228 2196 1267 2226 ob
1279 2206 1322 2226 res
1335 2197 1407 2237 quid
1418 2200 1478 2238 agis
1489 2197 1629 2228 Hortensi
1641 2202 1652 2227 ἓ·
1670 2200 1774 2230 consul
1789 2211 1819 2230 es
1828 2201 1993 2242 designatus
2004 2213 2008 2231 :
2027 2213 2099 2243 pro-

1135 2240 1268 2267 vinciam
1287 2238 1405 2268 sortitus
1424 2248 1471 2268 es:
1488 2239 1525 2269 de
1535 2239 1733 2271 aestimatione
1748 2241 1819 2272 cum
1831 2243 1912 2273 dices
1928 2243 2075 2275 frumenti
2087 2266 2096 2277 f

1137 2278 1172 2309 sic
1184 2289 1210 2309 te
1220 2280 1377 2310 audiemus
1386 2300 1394 2314 ‚
1406 2279 1484 2321 quasi
1495 2281 1526 2311 id
1536 2302 1544 2314 ,
1555 2282 1636 2322 quod
1646 2283 1682 2313 ab
1691 2282 1748 2313 isto
1760 2283 1840 2314 reete
1850 2284 1964 2315 fabium
1975 2284 2032 2316 effe
2043 2286 2095 2316 de-

1134 2320 1239 2366 fendes
1249 2342 1257 2355 ‚
1280 2329 1306 2351 te
1315 2321 1467 2352 facturum
1475 2321 1632 2363 profiteare
1641 2344 1650 2356 ‚
1670 2325 1702 2355 δε
1710 2324 1787 2365 quasi
1798 2346 1807 2359 ,
1826 2327 1907 2367 quod
1917 2327 1964 2357 isti
1976 2328 2097 2358 licitum

1137 2361 1194 2393 esse
1205 2363 1301 2397 dices,
1316 2364 1511 2394 vehementer
1519 2368 1620 2405 cupias
1630 2366 1685 2396 tibi
1696 2367 1794 2397 licere.
1820 2371 1913 2409 Atqui
1926 2389 1933 2403 ,
1952 2367 1972 2398 fi
1983 2369 2012 2399 id
2025 2370 2098 2399 lice-

1137 2405 1181 2435 bit
1189 2425 1197 2439 ,
1212 2405 1290 2435 nihil
1299 2404 1342 2435 est
1351 2425 1359 2439 ,
1381 2406 1464 2446 quod
1473 2409 1584 2446 putetis
1595 2418 1776 2449 quemquam
1787 2409 1910 2449 posthac
1919 2409 2097 2441 commissu-

1137 2457 1204 2489 rum
1216 2467 1225 2481 ‚
1238 2456 1270 2477 ut
1280 2447 1316 2477 de
1326 2450 1462 2487 pecuniis
1472 2449 1642 2488 repetundis
1652 2450 1848 2481 condemnari
1864 2451 1962 2492 poffit.
1994 2455 2100 2493 Qan-

1138 2497 1196 2518 tam
1207 2491 1291 2519 enim
1301 2489 1424 2530 quisque
1434 2492 1619 2530 concupierit
1628 2494 1799 2530 pecuniam,
1811 2502 1922 2523 tantam
1935 2494 2037 2524 licebit
2045 2496 2098 2534 pei¹

1133 2530 1224 2560 caellae
1243 2540 1359 2560 nomen
1377 2530 1583 2561 aestimationis
1599 2533 1808 2572 magnitudine
1825 2536 2034 2576 consequatur.
2058 2538 2097 2566 At
2113 2542 2161 2581 96

1136 2574 1217 2602 enirn
1230 2572 1272 2602 est
1281 2572 1423 2613 quiddam
1436 2594 1444 2606 ‚
1467 2573 1567 2613 quod.
1588 2576 1677 2603 etiam
1695 2573 1714 2603 fi
1733 2575 1830 2614 palam
1850 2578 1884 2606 in
1905 2576 2098 2608 defendendo

1138 2624 1202 2643 non
1212 2614 1285 2644 dicit
1297 2613 1473 2644 Hortensius
1484 2634 1491 2647 ‚
1515 2624 1614 2645 tamen
1629 2617 1667 2645 ita
1676 2616 1766 2650 dicit,
1790 2627 1822 2648 ut
1832 2628 1886 2648 vos
1896 2619 1928 2649 id
1939 2619 2094 2659 suspicari,

1137 2655 1171 2685 &
1181 2658 1310 2697 cogitare
1322 2654 1450 2696 poffitis:
1474 2659 1620 2696 pertinere
1634 2658 1692 2687 hoc
1707 2658 1742 2687 ad
1761 2660 1963 2690 commodum
1980 2662 2099 2692 senato-

1135 2699 1214 2727 rium
1230 2708 1234 2726 z
1252 2700 1399 2737 pertinere
1409 2698 1444 2727 ad
1456 2698 1615 2727 utilitatem
1627 2708 1732 2729 eorum
1744 2721 1753 2733 ,
1772 2701 1966 2741 quijudicent
1975 2723 1983 2736 ‚
2002 2706 2054 2743 qui
2064 2706 2097 2733 in

1133 2741 1300 2778 provinciis
1317 2750 1385 2769 cum
1396 2738 1537 2779 potestate
1548 2760 1555 2772 ,
1576 2750 1624 2769 aut
1634 2751 1704 2770 cum
1716 2742 1862 2784 legatione
1874 2743 1901 2773 se
1911 2743 2028 2775 futui-os
2042 2746 2099 2775 ali-

1134 2781 1256 2821 quando
1268 2781 1454 2810 arbitrentur.
1477 2779 1492 2801 6
1502 2782 1658 2811 Praeclaros
1668 2782 1740 2812 vero
1751 2784 1905 2816 existimas
1912 2786 2028 2825 judices
2039 2785 2105 2817 nod

1135 2823 1260 2856 hahere,
1286 2833 1354 2863 quos
1373 2824 1466 2852 alienis
1484 2825 1599 2864 peccatu
1617 2823 1776 2862 conceffuros
1787 2834 1887 2868 pares,
1907 2838 1962 2869 quo
1978 2829 2099 2868 faciiius
2142 2824 2147 2831 “

1137 2864 1208 2906 ipsbs
1214 2872 1327 2906 peccare
1341 2865 1434 2894 liceat.
1467 2867 1545 2906 Ergo
1560 2865 1591 2895 id
1602 2866 1750 2897 volumus
1761 2869 1910 2909 populum
1921 2872 2053 2901 Roman.
2065 2870 2098 2901 id

2028 2922 2100 2952 pro-

1173 3011 1200 3036 4.
1219 3007 1368 3045 Similtyfecit
1383 3006 1505 3039 annonas]
1525 3005 1639 3041 Vulgata
1650 3025 1658 3038 ,
1677 3016 1749 3035 anm.
1768 3007 1812 3034 sed
1821 3008 1935 3035 alterum
1947 3009 1982 3036 est
1994 3010 2008 3035 :i
2019 3010 2096 3036 Nau-

1105 3059 1109 3062 ·
1138 3040 1216 3067 niano
1229 3062 1236 3073 ‚
1248 3049 1448 3076 conieceratque
1458 3048 1534 3068 autea
1545 3042 1726 3069 Hotomanus.

1153 3113 1157 3117 ²
1176 3086 1201 3110 5.
1221 3080 1409 3110 <sith-omarum
1419 3078 1479 3111 eff]
1493 3078 1550 3104 Pal.
1562 3077 1707 3105 sec.Adhoc
1731 3080 1857 3107 nimirum
1868 3080 1996 3107 sententia
2007 3080 2096 3116 requi-

1138 3120 1181 3138 rit:
1195 3115 1371 3146 Adhucparum
1380 3115 1423 3138 ι’ξῖ.
1436 3113 1525 3150 itaque
1535 3114 1601 3141 nihil
1612 3115 1709 3147 est‚ciir
1719 3125 1770 3142 non
1780 3116 1875 3143 deiude
1886 3118 1925 3143 ita
1936 3116 2095 3142 excudatur.

1173 3148 1201 3174 6.
1212 3151 1350 3190 ‘Praeclarus
1367 3149 1424 3176 ‘verb
1441 3151 1584 3186 existimat]
1604 3152 1646 3178 lta
1656 3151 1723 3180 liber
1736 3159 1810 3180 vetus
1823 3153 1953 3181 Lambino
1964 3152 2095 3179 laudatus.

1139 3192 1218 3212 ceteri
1230 3194 1306 3213 vtr‘os.

1551 3223 1643 3250 002
2012 3225 2101 3258 Lff’qr
