2337 3400
183 365 196 396 3
208 364 225 394 5
245 357 322 387 Cum
332 356 419 385 omni
431 364 530 388 mora,
549 351 752 384 ludificatione
763 372 771 386 ,
783 352 934 382 calumnia
946 369 954 382 ,
966 349 1083 380 senatus
1093 345 1196 377 autito-

191 1565 233 1607 35
253 1566 334 1594 cium
348 1584 355 1598 ,
377 1566 410 1595 &
421 1567 595 1605 praetorium
606 1562 664 1593 effe
681 1562 903 1593 arbitrarentur.
926 1560 1016 1590 Nihil
1034 1569 1130 1606 neque
1141 1566 1208 1589 ante

206 203 214 209 ,
239 165 335 212 5¹02
646 148 714 193 M.

237 232 388 262 liberatori
411 238 527 262 mercer,
550 228 640 270 longa
656 224 826 267 interposita
846 223 954 261 noete,
974 222 1118 262 duplicata
1140 219 1192 251 est.

242 275 397 304 Consecuti
409 273 471 302 dies
480 272 565 310 pauci
579 269 858 310 omninoJanuario
872 266 973 296 mense
985 284 993 298 ‚
1006 274 1057 305 per
1065 272 1139 304 quos
1151 263 1194 293 se-

242 325 345 345 natum
356 314 455 343 haberi
473 314 589 342 liceret:
613 311 662 342 sed
673 320 772 341 tamen
783 308 885 340 a&um
896 307 993 340 nihil,
1013 304 1067 336 nisi
1078 305 1113 335 de
1134 314 1194 334 me.

243 401 310 428 ritas
330 396 539 437 impediretur:
564 397 649 425 venit
665 394 788 425 tandem
813 397 822 412 ¹
835 392 960 422 concilii
977 389 1014 420 de
1031 399 1080 419 me
1089 388 1197 436 agendi

243 440 306 469 dies
318 449 399 468 vrit.
421 437 561 468 kalendas
581 437 667 467 Febr.
692 437 834 474 Princeps
852 434 1030 475 rogationis,
1053 433 1100 462 vir
1118 432 1197 461 mihi

242 478 449 513 amiciffimus,
464 479 662 520 QFabricius
674 498 683 511 ‚
694 477 843 517 templum
856 476 1008 516 aliquanto
1019 482 1088 504 ante
1097 473 1196 503 lucem

245 524 410 562 occupavit.
433 523 561 563 Qietus
572 530 609 551 eo
622 520 671 550 die
680 522 798 549 Sextius
810 539 818 552 ,
832 520 856 548 is
866 538 875 551 ,
896 519 948 558 qui
963 515 1006 547 est
1018 515 1055 546 de
1072 517 1101 545 vi
1120 524 1197 545 reus.

245 563 328 594 astor
338 565 398 596 hic,
410 563 606 603 defensorque
615 562 707 592 causae
717 571 808 591 meae:
832 561 910 590 nihil
919 558 1114 600 progreditur,
1124 566 1199 587 con·
1218 595 1219 607 ἵ

245 604 307 635 silia
323 604 471 645 exspekht
487 606 684 635 inimicorum
707 612 857 633 meorum.
880 600 962 643 Qiid
982 600 1050 633 illi,
1069 608 1199 640 quorum
1218 611 1220 639 ς

244 645 372 678 consilio
392 650 421 677 P.
432 648 550 677 Sextius
571 645 766 685 injudicium
776 649 918 675 vocatur?
940 652 1001 683 quo
1011 642 1039 672 se
1047 640 1135 681 paolo
1151 650 1201 681 ge-
1218 652 1220 656 ·

246 691 336 719 runt?
357 688 429 719 cum
439 688 540 718 forum
552 708 560 721 ‚
574 689 752 720 comitium,
766 687 878 717 cutiam
892 686 991 715 multa
1009 683 1147 729 deponite
1157 692 1201 712 ar-

246 733 334 760 matis
345 730 541 763 bominibus,
558 733 612 760 ²ac
621 730 712 760 servis
721 728 868 768 plerisque
885 724 1107 766 occupavissent
1117 744 1125 757 ,
1142 733 1201 753 im-

243 782 348 812 petum
359 771 473 802 faciunt
482 774 514 802 in
523 772 701 804 Fabricium,
712 780 818 800 manus
828 766 1112 801 afferunt‚0ccidunt
1122 775 1202 812 non-
1220 765 1223 802 l

244 814 365 847 nullos,
388 813 546 844 vulnerant
556 813 684 843 multos:
710 814 886 842 venientem
904 811 937 839 in
957 809 1058 839 forum
1071 827 1078 841 ‚
1101 816 1201 837 virum

244 858 409 895 optimum,
422 853 732 886 &constantissimum
746 873 753 887 ,
766 855 811 882 M.
822 852 958 891 Cispium
968 871 976 884 ,
990 850 1147 880 tribunum
1160 848 1202 888 pl.

244 907 276 926 vi
296 897 467 937 depellunt:
491 897 584 926 cedem
598 897 699 934 inforo
719 897 886 924 maximam
905 892 1035 922 faciunt:
1056 888 1202 920 universi-

244 949 314 980 que,
326 938 474 969 destrietis
482 939 588 980 gladiis
598 958 606 972 ‚
629 939 661 968 &
670 938 800 967 cruentis
810 956 819 970 ,
835 938 868 965 in
878 934 1023 965 omnibus
1035 932 1093 962 fori
1111 933 1202 978 parti-

245 980 314 1014 bus,
324 980 444 1011 fratrem
456 991 560 1011 meum
572 1000 580 1014 ‚
590 981 693 1010 virum
707 980 860 1018 optimum
872 997 880 1011 ,
895 973 1091 1006 fortissimum
1105 994 1113 1008 ,
1125 983 1203 1004 mei-

244 1031 304 1063 que
323 1021 557 1053 amrinuffimum
576 1042 584 1054 ,
613 1021 709 1051 oculis
728 1019 917 1061 quaerebant,
939 1027 1014 1048 voce
1035 1015 1203 1063 poscebant.

247 1073 377 1104 quorum
391 1065 442 1094 ille
452 1065 517 1094 telis
527 1064 664 1096 libenter,
678 1064 710 1092 in
720 1070 802 1092 tanto
811 1060 895 1091 iustu
905 1080 914 1094 ‚
926 1069 959 1090 ac
972 1057 1116 1089 desiderio
1128 1067 1201 1090 mei,

247 1115 313 1137 non
332 1105 514 1146 repugnandi
533 1125 542 1138 ,
571 1104 620 1135 sed
640 1102 794 1134 moriendi
816 1103 900 1133 causa
917 1111 1024 1141 colpus
1050 1097 1205 1145 obtulisset

248 1147 355 1180 suum,
379 1146 435 1177 nis1
451 1147 532 1177 suam
543 1148 636 1177 vitam
654 1145 689 1176 ad
711 1145 794 1185 spem
813 1147 874 1174 mei
893 1144 1004 1174 reditus
1025 1140 1201 1172 reservasset.

246 1189 339 1219 subiit
357 1198 457 1218 tamen
477 1190 543 1218 vim
562 1188 646 1218 illam
668 1187 810 1217 nefariam
830 1186 1097 1216 consceleratorum
1115 1183 1205 1212 latro-

249 1240 325 1260 num
339 1241 344 1259 :
370 1230 402 1260 &
415 1251 423 1263 ,
443 1229 514 1260 cum
533 1229 568 1260 ad
584 1229 681 1259 fratris
700 1228 850 1259 salutema
867 1227 981 1268 populo
994 1228 1088 1272 .R⁰¹¹.¹'
1101 1224 1207 1264 depre-

248 1271 374 1302 candam
382 1270 520 1306 venisset,
531 1272 633 1312 pulsus
643 1271 659 1301 e
670 1270 771 1301 rostris
782 1290 790 1303 ,
805 1272 838 1299 in
851 1270 1082 1307 comitioJacuit
1092 1286 1100 1299 ,
1115 1267 1204 1306 seque

249 1316 404 1344 servorum
418 1334 426 1347 ,
457 1314 490 1343 &
509 1313 685 1344 libertorum
703 1311 879 1352 corporibus
898 1311 1032 1342 obtexit,
1052 1310 1207 1348 vitamque

249 1364 315 1385 tum
326 1355 408 1385 suam
421 1355 520 1385 nostis
530 1356 562 1385 δε
571 1353 784 1396 fugaepraesidio,
795 1350 1207 1396 nonjuris,judiciorumque
1224 1360 1226 1385 ;

251 1397 396 1427 defendit.
420 1396 606 1428 Meministis
618 1405 694 1430 tum,
706 1395 829 1434 judices,
841 1393 1014 1434 corporibus
1023 1393 1139 1422 civium
1149 1394 1207 1422 Ti-

250 1438 349 1468 berim
359 1440 524 1479 compleri,
536 1439 648 1469 cloacas
658 1437 787 1468 referciri
799 1456 807 1470 ,
824 1436 840 1466 ὲ
850 1435 919 1466 foro
933 1439 945 1462 3
957 1435 1091 1474 spongiis
1100 1431 1203 1474 effingi

248 1481 436 1521 sanguinem,
448 1491 480 1511 ut
489 1490 598 1511 omnes
607 1489 720 1511 tantam
730 1480 815 1508 illam
825 1479 942 1518 copiam
954 1496 962 1510 ,
976 1476 1008 1506 δε
1020 1485 1078 1505 tam
1091 1477 1207 1522 magni-

253 1521 344 1552 ficum
352 1532 521 1563 apparatum
534 1543 542 1556 ,
556 1532 618 1552 non
629 1523 779 1562 privatum
793 1540 800 1554 ‚
812 1528 863 1550 aut
872 1518 1024 1560 plebejum
1036 1537 1044 1551 ,
1059 1516 1108 1547 sed
1117 1526 1208 1557 patri-

254 1606 312 1636 hoc
321 1615 440 1646 tempus
452 1626 460 1639 ,
480 1615 577 1646 neque
588 1607 645 1636 hoc
655 1605 719 1644 ipso
732 1600 988 1634 turbulentissimo
998 1601 1046 1631 die
1062 1602 1206 1630 crimina-

255 1649 334 1677 mini
344 1650 493 1678 Sextium.
516 1648 663 1687 Atquivis
676 1648 707 1676 in
724 1644 793 1675 foro
802 1645 912 1675 versata
921 1643 973 1673 est.
998 1643 1095 1673 Certe.
1113 1652 1209 1683 quan-

253 1689 294 1719 do
311 1691 394 1719 enirn
412 1690 509 1728 major
526 1692 536 1718 ?
559 1688 754 1729 lapidationes
772 1687 898 1727 persaepe
911 1685 1062 1716 vidimus:
1086 1693 1150 1714 non
1169 1685 1210 1713 ita

252 1731 330 1770 saepe
342 1751 350 1764 ‚
369 1731 418 1761 sed
428 1729 562 1760 nimium
574 1739 675 1760 tamen
694 1730 767 1769 saepe
784 1728 915 1770 gladios:
937 1726 1050 1757 caedem
1060 1724 1131 1756 vero
1145 1734 1209 1756 tan-

254 1780 315 1802 tam
329 1793 336 1805 ,
356 1782 454 1802 tantos
473 1782 592 1802 acervos
611 1780 770 1811 corporum
786 1769 952 1801 exstruEtos
963 1789 971 1803 ‚
991 1767 1046 1798 nisi
1062 1766 1140 1797 forte
1154 1767 1210 1797 illo
1225 1801 1227 1808 A

253 1816 405 1847 Cinnano,
416 1824 503 1855 atque
514 1814 678 1844 oetaviano
689 1813 748 1846 die,
759 1815 827 1854 quis
837 1821 983 1852 umquam
994 1813 1025 1840 in
1036 1809 1102 1840 foro
1112 1809 1210 1839 vidit?
1225 1844 1227 1851 y

256 1865 315 1896 qua
324 1865 362 1885 ex
372 1857 595 1886 concertatione
613 1857 785 1885 animorum
797 1857 807 1883 ?
828 1863 898 1884 nam
910 1863 948 1883 ex
961 1853 1122 1893 pertinacia
1132 1871 1141 1884 ,
1161 1858 1211 1880 aut
1225 1854 1227 1891 ξ

254 1896 421 1927 constantia
438 1895 637 1927 intercessoris
658 1898 753 1926 oritur
772 1896 844 1936 saepe
857 1895 977 1935 seditio,
996 1894 1080 1933 culpa
1095 1913 1104 1926 ,
1125 1893 1227 1933 atque*

256 1939 450 1978 improbitate
462 1939 560 1969 latoris
572 1959 580 1971 ‚
599 1937 768 1968 commodo
776 1939 878 1978 aliquo
888 1937 1046 1976 imperitis,
1062 1944 1110 1965 aut
1121 1935 1208 1976 largi-

252 1981 338 2010 tione
359 1979 522 2020 proposita:
554 1981 649 2010 oritur
668 1989 706 2010 ex
727 1980 947 2009 concertatione
965 1976 1208 2019 magistratuum:

253 2023 349 2052 oritur
359 2021 464 2052 sensim
479 2032 516 2052 ex
529 2022 661 2053 clamore
682 2021 835 2061 primurn:
858 2020 968 2050 deinde
985 2020 1082 2060 aliqua
1102 2018 1209 2048 disces-

253 2063 334 2093 sione
343 2066 502 2094 concionis
515 2074 520 2093 τ
538 2065 592 2094 vix
603 2084 611 2097 ,
628 2062 691 2093 sero
701 2083 709 2097 ‚
732 2063 764 2093 δε
774 2062 838 2093 raro
847 2062 883 2092 ad
899 2071 1007 2093 manus
1018 2062 1190 2101 pervenitur
1202 2070 1208 2088 :

256 2105 344 2135 nullo
355 2105 427 2135 vero
443 2105 537 2136 verbo
546 2105 626 2136 facito
637 2125 646 2138 ‚
664 2106 746 2135 nulla
755 2106 903 2135 concione
920 2103 1077 2136 advocata,
1097 2105 1113 2128 4
1124 2102 1207 2132 nulla
1223 2118 1224 2127 i

255 2147 320 2187 lege
337 2149 454 2177 recitata
473 2149 651 2178 concitatam
671 2146 852 2176 nodhrmam
872 2146 1049 2176 seditionem
1070 2146 1139 2185 quis
1155 2154 1208 2174 au-

255 2186 353 2218 divit?
375 2192 423 2218 An
437 2188 597 2219 verisimile
607 2188 649 2219 est
660 2209 668 2222 ,
684 2197 717 2218 ut
727 2190 799 2218 civis
810 2190 984 2219 Romanus,
1003 2195 1053 2216 aut
1062 2187 1158 2216 homo
1169 2186 1206 2215 li-

255 2229 308 2259 ber
316 2231 472 2271 quisquam
483 2241 552 2260 curn
562 2230 661 2271 gladio
673 2231 705 2259 in
714 2229 815 2259 forum
825 2229 1007 2260 descenderit
1016 2237 1084 2258 ante
1095 2229 1204 2261 lucem,

254 2280 292 2300 ne
302 2271 339 2301 de
355 2282 403 2301 me
414 2272 482 2302 ferri
491 2269 637 2311 pateretui·
646 2291 654 2305 ,
665 2280 769 2311 praeter
779 2281 829 2300 eos
841 2290 848 2303 ‚
867 2272 917 2311 qui
927 2270 962 2300 ab
980 2270 1035 2299 illo
1053 2268 1204 2309 pestifero,

252 2322 285 2343 ac
292 2313 409 2353 perdito
418 2315 483 2344 cive
491 2313 671 2354 jampridem
680 2312 851 2352 reipublic-ee
862 2313 1004 2353 sanguine
1015 2311 1184 2352 saginantur
1195 2313 1205 2339 ?

290 2433 314 2450 1.
332 2426 429 2450 concilii
445 2425 470 2449 de
480 2433 513 2449 mc
531 2424 613 2456 agendi
629 2424 704 2457 dies]
725 2421 818 2457 Scripsi
837 2422 926 2446 conciiii
934 2428 982 2455 pro
995 2419 1103 2453 vulgato
1113 2419 1206 2450 consilli.

251 2469 329 2496 agere
340 2460 480 2486 concilium
491 2460 554 2495 quid
575 2460 605 2486 sit
616 2469 693 2486 nemo
704 2459 818 2493 ignorat.
838 2455 983 2482 Lambinus
994 2462 1081 2480 tamen
1101 2453 1185 2479 edidit
1195 2472 1204 2484 ,

253 2495 429 2532 proculdubio
440 2499 454 2522 a
465 2495 487 2521 se
494 2515 500 2527 ‚
509 2498 577 2521 veni-'t
585 2495 690 2525 tandem,
700 2498 725 2520 in
736 2497 822 2519 comitio
831 2493 857 2517 de
866 2501 900 2517 me
910 2491 991 2524 agendi
1001 2491 1060 2515 dics.

291 2541 319 2557 2.
338 2533 588 2566 eAcftrvisplei-wue
604 2530 798 2564 occupavifflnn]
822 2527 918 2555 Forsan
927 2527 1042 2561 operisque
1051 2532 1205 2552 annotatum

255 2567 416 2594 Gulielmio.

294 2612 320 2638 3.
339 2605 438 2636 spongiis
448 2605 519 2636 effinai
528 2602 685 2637 sanguinem]
698 2603 739 2628 lta
749 2602 813 2628 citat
823 2600 930 2627 Servius
940 2598 971 2626 ad
982 2597 1029 2625 lib.
1043 2607 1100 2624 rix.
1111 2598 1206 2637 AEiiei-

253 2638 300 2665 dos
314 2650 319 2666 :
341 2639 511 2675 prodiditque
522 2634 709 2665 Hotomaiuius
720 2637 789 2664 libro
802 2646 837 2663 ir.
847 2635 987 2663 Observat.
998 2644 1052 2671 cap.
1068 2642 1107 2667 14.
1121 2635 1147 2660 δι
1161 2636 1207 2660 hr-

256 2676 339 2701 tnavit
350 2675 440 2701 [lidori
456 2676 644 2710 lztyniologico
656 2674 703 2700 lib.
715 2683 772 2700 xii.
783 2683 838 2710 cap.
848 2672 877 2699 6.
898 2671 1006 2699 Fulvius
1016 2669 1140 2697 Ursinus.
1159 2679 1207 2710 pu-

256 2709 369 2738 biit-atui·
389 2711 475 2747 pallini
494 2712 594 2743 cffimdt'.
614 2710 763 2737 consulatui·
781 2711 808 2736 ὃς
821 2708 945 2744 Cujacius
956 2707 1003 2734 lib.
1015 2716 1086 2733 xux.
1109 2705 1209 2732 Obier-

253 2754 308 2774 vat.
319 2757 375 2783 cap.
392 2756 432 2783 ¹3·

290 2790 318 2815 4.
337 2785 417 2818 Qtla‘a
434 2785 478 2815 lege
496 2782 622 2816 recinam]
650 2782 806 2809 Hausihanc
816 2789 907 2807 vocem
926 2784 940 2806 e
952 2779 1009 2806 Pal.
1029 2789 1099 2806 nono
1110 2779 1207 2805 &Tu-

256 2818 326 2854 riug.
338 2829 408 2856 prius
418 2820 487 2845 enim
499 2817 588 2845 deerat
600 2818 673 2845 nobis
685 2821 785 2844 recitata
797 2837 805 2850 ,
822 2817 928 2853 ejusque.
947 2817 1007 2842 loco
1019 2815 1164 2842 Lambinus
1174 2814 1208 2841 de

255 2856 408 2885 conjectura
420 2854 737 2887 subjecerat,promussara.

295 2899 320 2924 5.
341 2892 406 2916 Cari?
415 2886 472 2915 wie
482 2891 607 2925 nanjiu'tjl
620 2891 735 2917 Verbum
747 2890 784 2917 ita
794 2889 957 2926 geminatum
969 2888 1099 2924 reperitur
1111 2888 1136 2913 iii
1149 2887 1206 2913 Pal.

255 2935 338 2958 nono,
349 2927 374 2952 iri
387 2926 493 2952 (jembl.
505 2927 530 2952 in
541 2926 652 2953 Erfurd.
663 2927 716 2952 imo
728 2928 755 2953 S.
766 2927 882 2953 Victoris
892 2926 1058 2962 geminatum
1070 2924 1149 2950 etiam
1160 2923 1205 2949 ha-

256 2961 302 2988 bet
312 2962 457 2999 praecedens
467 2964 512 2987 illa.

293 2999 320 3025 6.
340 3002 365 3024 Is
373 3006 455 3031 praeior
464 2998 665 3031 ¹1¹¹iftfiW4ffl·]
686 2999 812 3034 Vulgata,
821 2998 840 3024 is
850 2996 1040 3031 tribunusplebis
1048 2995 1206 3030 quiservaffe.

255 3033 297 3060 sed
310 3034 422 3061 alterum
435 3033 470 3059 est
482 3043 496 3058 a
508 3033 564 3059 Pal.
576 3043 645 3059 nouo
655 3035 681 3059 Sc
694 3035 720 3060 S.
733 3034 803 3061 Visr.

292 3078 319 3103 7.
338 3074 400 3096 Ante
418 3071 489 3094 lucem
507 3070 644 3103 immutari]
669 3070 740 3097 Edit'i
750 3071 796 3097 alii
813 3071 921 3104 infinum
930 3072 1055 3096 immittiu.
1074 3066 1117 3094 sed
1129 3076 1204 3093 voces

255 3115 292 3133 eae
302 3115 353 3133 non
365 3105 459 3133 suntin
472 3104 528 3130 mss.
539 3104 592 3130 illis
604 3105 708 3132 nostris.

291 3141 318 3168 8.
338 3140 535 3174 strumpurges]
562 3140 640 3166 Nihil
661 3142 830 3168 vai-iaiitiuss‘.
849 3141 1008 3178 ssipi-adisti:
1030 3139 1205 3176 &potestin-

253 3178 340 3214 tellig'i
358 3177 391 3204 de
410 3177 458 3205 illo
476 3176 607 3212 superiore
619 3196 627 3209 ,
645 3185 700 3213 cap.
713 3186 757 3211 35.
769 3178 875 3212 Refero
888 3179 989 3214 spongias
1006 3176 1095 3209 effunde·
1105 3176 1206 3211 sangui-

2172 11 2337 58 sod

784 139 1759 198 TULL11„C10ERON13

1237 218 1296 250 Hic
1304 221 1367 261 J'am
1377 219 1413 250 de
1427 220 1492 260 ipso
1503 222 1666 254 accusatore
1674 232 1776 264 quaero
1788 242 1796 257 ,
1807 223 1860 265 qui
1869 225 1899 254 Ρ.
1909 223 2047 255 Sextium
2055 225 2190 266 queritur

1234 272 1305 292 cum
1328 262 1524 293 multitudine
1543 265 1577 294 in
1596 264 1746 296 tribunatu
1758 285 1766 300 ‚
1788 266 1820 296 δε
1836 276 1906 296 cum
1927 265 2061 307 praesidio
2079 277 2191 309 magno

1234 302 1324 334 fuisse
1336 315 1342 333 2
1359 312 1434 334 num
1445 304 1490 334 illo
1500 304 1544 334 die
1552 304 1651 336 fuerit.
1673 310 1688 334 5
1697 307 1776 338 certe
1785 308 1864 338 certe
1873 318 1938 338 non
1946 307 2015 339 fuit.
2034 307 2123 340 vieta
2131 311 2191 351 igi-

1235 354 1282 376 tur
1292 345 1333 376 est
1343 347 1426 377 causa
1435 345 1617 386 reipublicae,
1629 347 1662 378 &
1670 347 1749 379 vieta
1763 368 1771 382 ,
1785 359 1849 380 non
1858 350 1995 391 auspiciis
2004 371 2013 386 ,
2025 361 2090 381 non
2098 353 2194 382 inter-

1235 385 1363 418 ceffione
1374 408 1382 421 ,
1403 397 1468 418 non
1479 386 1641 450 suffiaGgiis:
1665 389 1714 420 sed
1725 392 1774 425 vi,
1786 401 1877 422 manu
1889 412 1898 426 ‚
1910 391 1999 423 ferro.
2023 402 2093 423 nam
2104 390 2125 422 si
2136 391 2192 423 ob-

1237 428 1543 460 nuntiassetFabricio
1580 433 1605 461 is
1615 441 1734 472 praetor,
1743 435 1796 473 qui
1807 433 1834 464 se
1844 432 1964 465 servasse
1973 435 2010 465 de
2019 435 2094 465 caelo
2105 434 2194 464 dixe-

1237 480 1294 502 rat:
1316 470 1470 511 accepisset
1478 471 1640 512 respublica
1648 473 1774 515 plagam,
1787 475 1835 505 sed
1846 485 1912 506 eam
1924 496 1932 510 ,
1944 486 2034 517 quam
2041 485 2192 516 acceptam

1237 523 1355 554 gernere
1372 512 1474 553 poffet.
1505 517 1537 544 Si
1552 513 1754 546 interceffiss'et
1769 516 1883 558 collega
1901 518 2054 552 Fabricio,
2078 516 2194 549 laesiss'et

1237 555 1458 595 rempublicam
1470 576 1479 589 ,
1498 555 1547 586 sed
1565 557 1784 597 rempublicam
1801 558 1863 593 iure
1881 557 2005 590 laesiffet.
2038 559 2195 590 Gladiato-

1239 607 1283 627 res
1295 606 1327 627 tu
1338 599 1471 628 novitios
1483 618 1491 632 ,
1503 607 1557 638 pro
1567 597 1733 638 exspeClmta
1749 599 1888 630 aedilitate
1897 599 2061 640 suppositos
2075 611 2146 631 cum
2157 599 2195 631 fi-

1239 640 1324 669 cariis
1336 639 1352 669 ὲ
1361 649 1472 670 carcere
1482 637 1594 670 emiffis
1606 644 1623 668 7
1631 648 1698 670 ante
1709 641 1809 671 lucem
1819 642 1966 672 immittas
1980 645 1990 671 ?
2010 641 2196 683 magistratus

1241 681 1357 721 templo
1374 681 1513 721 dejicias?
1534 681 1646 712 caedem
1665 684 1831 713 maximam
1848 683 1956 714 facias?
1978 679 2107 714 8forurn
2123 693 2196 725 pur-

1239 726 1310 763 ges?
1329 723 1361 753 &
1375 723 1447 754 cum
1456 726 1561 754 omnia
1572 726 1617 757 vi,
1633 724 1665 754 Sc
1674 726 1764 754 armis
1775 726 1868 766 egeris
1878 745 1886 759 ‚
1905 726 2021 756 accuses
2029 735 2099 757 eum
2112 745 2121 760 ‚
2140 726 2195 766 qui

1240 764 1268 793 se
1277 763 1410 804 praefidio
1429 768 1591 799 munierit,
1613 776 1677 796 non
1687 775 1719 796 ut
1729 776 1756 796 te
1769 776 1971 808 oppugnaret,
1991 767 2040 798 sed
2056 769 2193 798 utvitam

1241 805 1324 836 suam
1341 805 1436 846 poss'et
1451 807 1610 847 defendere?
1633 811 1724 848 Atqui
1741 818 1779 838 ne
1792 819 1831 839 ex
1844 808 1953 839 eodem
1970 809 2096 850 quidem
2117 818 2196 840 tem-

1241 857 1312 886 pore
1323 849 1353 877 id
1367 850 1572 889 egitSextius,
1591 849 1718 880 ut‘asuis
1738 853 1874 881 munitus
1891 854 1905 877 9
1917 850 1982 881 tuto
2001 853 2034 881 in
2050 849 2118 881 foro
2129 859 2195 882 tum

1243 888 1443 933 magistratum
1457 900 1570 932 gereret
1579 911 1587 924 ‚
1608 892 1824 931 rempublicam
1843 891 2072 923 administraret.
2095 895 2196 934 Itaque

1241 934 1335 961 rretus
1347 931 1498 962 santstitate
1510 933 1676 963 tribunatus
1685 953 1693 967 ‚
1703 933 1774 964 curn
1785 934 1812 964 se
1828 944 1891 964 non
1902 933 1997 964 modo
2008 942 2111 965 contra
2119 936 2197 968 vim,

1245 971 1401 1003 &ferrum
1413 994 1421 1006 ,
1437 974 1485 1004 sed
1496 977 1588 1005 etiam
1598 977 1630 993 ¹0
1643 984 1744 1006 contra
1753 975 1840 1006 verba
1852 997 1860 1009 ,
1874 984 1960 1017 atque
1973 975 2201 1007 interfationem

1243 1014 1356 1055 legibus
1375 1016 1489 1046 sacratis
1508 1015 1565 1046 esse
1583 1026 1731 1048 armatum
1749 1026 1880 1057 putaret:
1902 1020 1987 1048 venit
2005 1020 2037 1048 in
2047 1018 2200 1058 templum

1243 1055 1369 1087 Castoris
1381 1067 1386 1086 2
1409 1057 1605 1089 obnuntiavit
1628 1060 1746 1089 consuli
1767 1071 1772 1089 2
1803 1059 1876 1090 curn
1896 1060 1995 1090 subito
2023 1069 2129 1090 manus
2148 1060 2202 1091 illa

1244 1098 1388 1128 Clodiana
1399 1118 1408 1132 ‚
1421 1101 1452 1129 in
1462 1100 1540 1130 caede
1547 1102 1663 1130 civium
1674 1101 1748 1140 saepe
1754 1102 1818 1141 jam
1827 1100 1939 1132 vistrix
1948 1121 1957 1134 ‚
1971 1102 2118 1132 exclamat
2127 1121 2136 1136 ,
2148 1103 2200 1131 in-

1243 1141 1360 1173 citatur,
1375 1140 1506 1171 invadit:
1522 1143 1684 1176 inermem,
1695 1152 1782 1183 atque
1792 1145 1971 1183 imparatum
1983 1144 2138 1174 tribunum
2149 1144 2201 1173 alii

1244 1180 1351 1221 gladiis
1362 1181 1539 1212 adoriuntur
1547 1203 1555 1216 ‚
1568 1183 1619 1213 alii
1627 1182 1801 1224 fragmentis
1811 1185 1970 1224 saeptorum
1981 1205 1989 1218 ,
2010 1184 2180 1215 &fustibus
2191 1194 2198 1214 ε

1245 1226 1261 1252 a
1270 1222 1380 1262 quibus
1388 1224 1437 1253 hic
1446 1243 1454 1257 ,
1467 1225 1574 1254 multis
1585 1224 1761 1255 vulneribus
1770 1227 1896 1265 acceptis
1905 1245 1913 1259 ,
1924 1236 1956 1256 ac
1966 1226 2120 1256 debilitato
2132 1235 2200 1256 cor-

1244 1274 1316 1304 pore
1331 1283 1339 1298 ,
1361 1264 1394 1294 &
1405 1265 1611 1296 contrucidato
1622 1286 1630 1300 ‚
1648 1266 1676 1296 se
1690 1266 1797 1305 abjecit
1806 1269 2010 1297 exanimatus:
2033 1277 2130 1308 neque
2141 1267 2203 1298 ulla

1245 1306 1339 1336 aliare
1350 1306 1386 1336 ab
1396 1307 1424 1336 se
1436 1316 1578 1341 mortem,
1591 1306 1645 1337 nifi
1655 1308 1778 1348 opinione
1788 1310 1880 1338 mortis
1890 1309 2015 1349 depulit.
2026 1319 2116 1350 quern
2127 1308 2199 1340 cum

1241 1348 1391 1388 jacentem
1403 1368 1411 1382 ,
1435 1349 1633 1379 &concisum
1642 1352 1782 1389 plurimis
1796 1351 1972 1381 vulneribus
1988 1360 2125 1381 extremo
2144 1351 2202 1391 spi-

1245 1391 1305 1420 ritu
1324 1390 1504 1430 exsanguem
1515 1410 1524 1425 ,
1552 1391 1585 1421 &
1600 1390 1777 1421 confeEtum
1796 1392 1933 1423 viderent
1953 1403 1959 1421 :
1990 1391 2201 1433 defatigatione

1247 1433 1339 1472 magis
1349 1451 1357 1465 ‚
1369 1432 1402 1461 &
1410 1442 1508 1462 errore
1518 1452 1525 1466 ,
1536 1433 1628 1473 quarn
1638 1433 1841 1464 misericordia
1850 1454 1858 1467 ,
1871 1434 1905 1464 δε
1915 1434 2010 1464 modo
2020 1454 2029 1468 ,
2040 1433 2201 1475 aliquando

1247 1475 1358 1503 caedere
1369 1473 1551 1504 destiterunt.
1566 1477 1604 1505 Et
1613 1475 1729 1505 causam
1739 1475 1812 1506 dicit
1821 1478 1940 1506 Sextius
1950 1476 1986 1506 de
1995 1478 2027 1506 vi
2036 1478 2047 1506 ?
2056 1475 2131 1517 quid
2141 1478 2203 1508 ita?

1249 1517 1319 1555 quia
1328 1516 1415 1546 vivit.
1438 1519 1477 1546 At
1487 1516 1517 1546 id
1531 1526 1595 1546 non
1607 1517 1657 1547 sua
1673 1517 1768 1557 culpa.
1787 1518 1870 1558 plaga
1879 1528 1939 1548 una
1947 1518 1998 1548 illa
2007 1516 2141 1548 eXtretn'a
2150 1517 2203 1548 de-

1245 1556 1320 1586 fuit:
1342 1567 1410 1597 quae
1422 1556 1442 1586 fi
1452 1556 1606 1588 acceffiffet
1615 1577 1623 1591 ‚
1635 1559 1689 1588 reli
1712 1569 1786 1588 uum
1796 1559 1934 1599 spiritum
1947 1557 2131 1590 exhausisset.
2153 1569 2202 1590 ac-

1245 1597 1313 1629 cusa
1323 1598 1501 1629 Lentidium
1514 1609 1596 1630 :non
1607 1609 1695 1639 percu
1733 1600 1855 1631 tlocum
1867 1612 1873 1630 :
1897 1605 1923 1621 ¹¹
1935 1601 2108 1632 maledicito
2118 1601 2203 1632 Sabi-

1241 1642 1313 1673 rnio,
1327 1642 1595 1675 hominiReatino,
1614 1645 1642 1660 ¹2
1651 1650 1773 1672 curtam
1786 1644 1917 1682 tempori
1926 1643 2100 1673 exclamarit
2121 1644 2203 1673 occi-

1226 1687 1227 1693 *
1248 1682 1324 1712 sum.
1337 1683 1436 1723 ipsum
1446 1682 1518 1713 verb
1528 1682 1602 1724 quid
1611 1683 1742 1714 accusas?
1754 1693 1829 1713 num
1841 1683 2069 1725 defuitgladiis?
2085 1686 2112 1711 ²3
2123 1693 2200 1715 num

1247 1725 1442 1765 repugnavit?
1464 1735 1552 1758 num,
1564 1724 1963 1766 utgladiatoribusimperari
1971 1726 2046 1756 solet
2054 1745 2065 1760 ,
2081 1724 2197 1756 ferrum

1247 1776 1312 1795 non
1322 1768 1431 1806 recepit
1442 1769 1454 1795 ἓ
1475 1769 1525 1796 An
1535 1768 1597 1796 haeC
1607 1766 1667 1806 ipsa
1676 1767 1717 1795 vis
1727 1765 1779 1800 est,
1791 1776 1854 1796 non
1861 1765 1943 1806 pofi'e
1951 1768 2069 1797 emori?
2087 1776 2126 1797 an
2135 1767 2199 1801 illa,

1247 1806 1330 1848 quod
1339 1808 1477 1837 tribunus
1485 1807 1582 1847 plebis
1596 1808 1746 1847 templum
1756 1810 1944 1839 cruentavit?
1965 1818 2014 1842 an,
2023 1806 2116 1849 quod,
2127 1807 2202 1839 cum

1247 1848 1318 1879 esset
1330 1849 1443 1879 ablatus
1451 1868 1459 1883 ,
1471 1851 1667 1890 primumque
1678 1852 1708 1876 ¹4
1716 1847 1855 1889 reslpisset
1865 1870 1874 1884 ,
1888 1859 1951 1880 non
1961 1850 1989 1881 se
2000 1848 2202 1890 referrijuffit?

1247 1891 1299 1921 ubi
1309 1890 1352 1921 est
1360 1893 1477 1921 crimen
1486 1910 1495 1925 ‚
1515 1891 1597 1932 quod
1605 1891 1843 1931 reprehenditis?
1866 1889 1926 1922 Hic
1935 1901 2037 1933 quaero
2046 1911 2055 1926 ,
2072 1893 2083 1931 j
2088 1891 2201 1926 udices,

1247 1931 1268 1962 fi
1277 1933 1333 1962 illo
1341 1932 1390 1963 die
1399 1943 1472 1974 gens
1481 1932 1535 1963 ista
1543 1933 1649 1963 Clodia
1660 1953 1669 1966 ,
1681 1933 1762 1974 quod
1772 1932 1868 1964 facere
1878 1934 1988 1968 voluit,
2001 1932 2156 1964 effeciffet:
2177 1932 2201 1965 fi

1245 1977 1400 2005 P.Se:<tius
1409 1995 1418 2009 ,
1429 1977 1481 2016 qui
1490 1985 1544 2015 pro
1556 1975 1656 2005 occiso
1665 1973 1786 2005 renerus
1796 1974 1847 2010 est,
1864 1976 1977 2006 occisus
1986 1973 2074 2005 effet:
2088 1974 2202 2006 fuistis-

1248 2026 1286 2047 ne
1298 2016 1333 2046 ad
1346 2027 1427 2047 arma
1440 2020 1531 2048 ituri?
1550 2016 1688 2047 fuistisne
1696 2027 1752 2047 vos
1764 2016 1800 2047 ad
1809 2019 1938 2057 patrium
1948 2017 2038 2048 illum
2048 2019 2202 2051 animum,

1248 2059 1460 2100 majorumque
1468 2061 1612 2089 virtutem
1620 2060 1776 2089 excitaturi
1784 2063 1793 2089 ?
1801 2058 1938 2090 fuistisne
1946 2058 2110 2100 aliquando
2119 2069 2202 2089 retn-

1245 2101 1397 2140 publicam
1409 2104 1424 2131 a
1433 2100 1554 2131 funesto
1564 2101 1680 2131 latrone
1690 2102 1843 2141 repetituri
1853 2102 1863 2127 ?
1875 2111 1914 2131 an
1924 2102 2014 2132 etiam
2025 2109 2096 2131 tunc
2104 2100 2201 2141 quies-

1245 2145 1349 2173 ceretis
1360 2163 1369 2177 ,
1387 2142 1607 2173 cun&aremini
1617 2163 1625 2176 ,
1641 2144 1787 2173 timeretis
1797 2162 1805 2177 ‚
1820 2141 1893 2172 cum
1902 2143 2120 2183 rempublicam
2131 2142 2146 2171 ὲ
2155 2140 2202 2171 fa-

1245 2183 1471 2215 cinorosiffimis
1486 2184 1592 2215 ficariis
1603 2204 1612 2218 ,
1633 2185 1665 2214 ὃς
1678 2184 1694 2216 a
1704 2185 1794 2215 servis
1807 2183 1865 2214 effe
1876 2187 1903 2212 ¹5
1911 2182 2076 2224 oppressam
2085 2203 2094 2217 ,
2114 2192 2202 2224 atque

1246 2235 1420 2267 occupatam
1432 2226 1595 2256 videretis?
1619 2227 1711 2266 Cujus
1721 2228 1809 2268 igitur
1821 2235 1954 2256 mortem
1967 2225 2200 2257 ulcisceremim',

1246 2267 1401 2308 siquidem
1419 2269 1507 2298 liberi
1522 2266 1580 2298 effe
1594 2287 1603 2301 ,
1625 2268 1658 2297 &
1671 2268 1778 2298 habere
1792 2268 2010 2307 rempublicam
2023 2268 2201 2307 cogitaretis:

1247 2309 1283 2339 de
1293 2311 1358 2349 ejus
1366 2312 1475 2340 virtute
1485 2311 1543 2340 viri
1552 2309 1626 2349 quid
1636 2318 1691 2340 vos
1699 2309 1784 2349 loqui
1795 2328 1804 2343 ‚
1822 2308 1895 2349 quid
1909 2309 2015 2339 sentire
2026 2328 2034 2342 ,
2055 2308 2128 2349 quid
2146 2318 2201 2338 co-

2102 2358 2204 2391 gitarej

1245 2426 1307 2442 nem.
1327 2415 1450 2442 videatur
1459 2417 1539 2443 etiam
1559 2416 1699 2442 Turnebus
1710 2417 1758 2443 lib.
1770 2426 1818 2443 xx.
1837 2426 1894 2453 cap.
1906 2425 1932 2452 3.
1953 2418 1985 2443 P.
1996 2416 2131 2443 Manutius
2146 2424 2204 2443 ma·

1248 2452 1299 2478 luit
1312 2454 1422 2485 spurces.

1283 2497 1312 2523 9.
1331 2489 1386 2513 Tuto
1395 2489 1476 2521 infhro
1485 2494 1524 2513 mo
1532 2488 1717 2522 magistratum]
1739 2487 1809 2514 Illud
1820 2495 1858 2513 tuo
1868 2487 1982 2514 sumtum
2000 2497 2034 2515 ex
2054 2487 2082 2514 S.
2091 2486 2165 2514 ViCt.
2174 2487 2204 2514 &

1250 2525 1306 2549 Pal.
1318 2533 1399 2550 notio.
1421 2524 1501 2559 vulgo
1512 2524 1646 2559 tum,quod
1658 2524 1743 2550 nescio
1753 2533 1799 2551 cur
1809 2524 1971 2551 Gulielmius
1982 2531 2068 2551 mutet
2078 2524 2103 2556 in
2115 2531 2204 2551 tamen·

1247 2561 1398 2593 tuumfhrum
1409 2579 1417 2591 ,
1428 2560 1454 2586 in
1465 2569 1518 2596 quo
1529 2559 1673 2586 dominaris
1686 2580 1695 2593 ,
1707 2568 1815 2587 vocatur
1824 2560 1966 2587 admodum
1977 2560 2139 2596 eiiei‘getice.

1287 2605 1328 2622 ιο.
1347 2599 1435 2622 Contra
1444 2597 1521 2621 *verba
1529 2607 1558 2627 :J
1566 2597 1763 2631 interfationem]
1784 2597 1896 2624 Retinui
1908 2596 1974 2623 istud
1985 2595 2103 2623 Turneb'i
2116 2615 2124 2627 ,
2134 2595 2203 2622 allu-

1248 2631 1370 2659 dentibus
1382 2632 1439 2658 Pal.
1449 2642 1520 2658 nono
1529 2633 1555 2658 ὃ(
1567 2632 1676 2659 Gembl.
1693 2633 1720 2659 iu
1731 2642 1783 2668 quo
1794 2635 1984 2666 intetffeffionem.
2003 2631 2114 2659 habebat
2122 2631 2150 2659 id
2161 2639 2203 2659 ta·

1248 2678 1307 2695 rnen
1318 2672 1408 2705 aperte
1420 2668 1486 2694 liber
1496 2670 1523 2694 S.
1534 2668 1661 2695 ViStoris.
1686 2668 1767 2705 vulgo
1779 2676 1847 2701 erat,
1857 2670 2040 2703 interceſji‘anem.
2198 2673 2202 2676 ·

1288 2714 1297 2731 ι
1308 2714 1329 2731 1.
1350 2705 1486 2732 maledicito
1497 2706 1618 2741 sabinia]
1641 2707 1681 2732 lta
1691 2713 1748 2732 erat
1758 2706 1783 2731 in
1795 2707 1821 2732 S.
1833 2705 1950 2732 Viftoris
1969 2703 2114 2740 exemplari
2126 2712 2135 2735 ;
2156 2711 2204 2730 nee

1250 2741 1348 2767 recedit
1361 2741 1508 2773 Palatinus,
1519 2743 1601 2777 quam
1613 2740 1684 2778 quod
1693 2742 1715 2768 is
1725 2743 1824 2768 salinis.
1840 2741 1956 2773 dierum,
1967 2748 1996 2767 ut
2006 2742 2081 2773 Gallitj
2087 2758 2096 2772 ,
2109 2742 2203 2772 Graecii,

1247 2780 1353 2810 Latina,
1363 2779 1496 2810 (stipulari.

1289 2822 1330 2840 12.
1349 2817 1398 2840 Cur
1410 2821 1461 2839 ram
1478 2815 1573 2846 tempori
1590 2813 1757 2848 exclamarit]
1778 2813 1912 2840 AuStores
1924 2812 1998 2847 hujus
2009 2809 2202 2838 emendationis

1252 2849 1362 2876 Erfurd.
1381 2849 1490 2876 Gembl.
1509 2859 1594 2885 neque
1604 2849 1701 2876 abeunt
1713 2849 1779 2876 Pali.
1798 2849 1853 2876 sex.
1872 2852 1952 2885 quam
1971 2847 2042 2884 quod
2060 2848 2080 2873 ii
2096 2854 2205 2880 tempore,

1247 2885 1318 2921 quod
1329 2887 1356 2912 δε
1368 2886 1394 2912 in
1405 2885 1466 2912 edd.
1477 2885 1576 2921 priscis.
1597 2895 1656 2912 nam
1668 2895 1751 2922 nuper
1760 2893 1838 2917 natae,
1848 2886 1938 2910 temera).

1289 2930 1329 2957 ¹3·
1340 2926 1403 2948 Num
1413 2921 1579 2956 repugna-rin]
1593 2921 1669 2948 Haud
1681 2921 1750 2949 secus
1760 2921 1841 2948 iidem
1851 2921 1914 2947 libri
1923 2928 2024 2947 omues.
2034 2919 2204 2956 posteriores,

1248 2959 1395 2990 repudiavit.

1288 3001 1329 3026 14.
1339 2997 1491 3029 Primumque
1501 2993 1634 3028 refiptjffkt]
1651 2995 1685 3020 Et
1695 2994 1744 3020 hoc
1753 3002 1857 3028 quoque
1866 2993 1902 3019 est
1913 2992 1945 3018 ab
1955 2991 2051 3018 eisdem
2063 2991 2136 3018 libris
2140 2999 2202 3024 ,ex.-

1247 3029 1388 3065 preffitque
1400 3030 1464 3056 item
1475 3030 1506 3056 P.
1518 3030 1662 3056 Victorius.
1673 3030 1831 3056 recentiores
1842 3029 1973 3062 rtfrpmffet.

1288 3074 1329 3099 ¹5-
1348 3067 1479 3099 Oppreffam
1495 3073 1567 3100 atque
1582 3066 1743 3100 occupatam]
1765 3065 1872 3091 Habent
1883 3064 1990 3100 quidem
2002 3063 2070 3091 istud
2081 3062 2200 3100 plerique

1250 3100 1317 3127 Pall.
1329 3101 1371 3128 sed
1383 3111 1465 3128 nouus
1476 3101 1584 3138 praefert
1593 3104 1707 3127 occultam
1719 3121 1727 3133 ,
1738 3111 1822 3137 neque
1832 3101 1902 3126 secus
1914 3100 2021 3128 Gembl.
2031 3107 2077 3126 aut
2087 3101 2114 3125 S.
2125 3097 2203 3125 Via.-

1249 3138 1410 3164 Gulielmius
1429 3138 1539 3174 conjicit
1556 3140 1716 3165 conculcatam
1731 3137 1785 3165 live
1801 3139 1954 3165 occultatam.
1984 3135 2055 3173 quod
2074 3135 2199 3162 ultimum

1251 3183 1303 3203 uon
1321 3173 1452 3212 displicet.
2085 3215 2096 3235 ι
2118 3205 2209 3232 Mulio-

2221 1768 2262 1810 38
