2297 3389
0 104 19 135 r

13 234 27 249 ,.
62 171 132 243 ΜΖ

622 102 931 152 01121110

989 121 1119 162 PRO
1177 113 1228 158 L.

1280 112 1654 162 MURAENA.

2020 133 2116 183 4¹7

152 191 294 234 desperat.
319 188 476 232 Ejusmodi
484 185 714 219 candidatorum
731 187 821 217 amici
831 188 1106 219 intimidebilitan-
1132 197 1141 234 1*
1157 191 1306 222 adduxisti
1317 212 1325 226 ,
1341 201 1371 223 ut
1381 193 1621 233 pertimesceret,
1637 205 1675 227 nc
1684 196 1789 227 consul
1801 195 1926 228 Catilina
1936 196 2031 232 fieret,
2045 199 2118 229 dum

154 228 201 266 tflr
212 256 220 268 ,
241 234 336 265 studia
353 233 528 272 deponunt,
552 232 561 248 ¹
575 237 625 257 aut
643 226 775 257 testatam
789 239 854 258 rem
864 229 1012 269 abjiciunt
1023 251 1030 263 ‚
1056 238 1105 258 aut

153 278 237 308 suam
248 286 366 316 operam
378 294 386 307 ‚
399 273 431 302 δε
439 272 563 313 gratiam
571 269 699 309 judicio,
714 269 746 299 8:
755 271 935 301 accusationi
944 273 1102 301 reservant.

152 319 277 350 Accedit
285 317 393 347 eodem
403 334 410 348 ‚
422 323 456 343 ut
463 314 554 342 etiam
565 311 626 350 ipse
636 311 809 341 candidatus
819 333 826 345 ,
842 320 942 342 totum
952 314 1103 343 animum,

151 369 239 402 atque
257 367 382 388 omnem
402 364 503 385 curam
515 373 523 387 ‚
544 363 664 393 operam
677 373 685 386 ‚
706 352 956 394 diligentiamque
972 354 1055 383 suam
1074 354 1108 382 in

152 403 297 442 petitione
315 408 379 428 non
398 395 484 437 poffit
495 405 615 435 ponere.
638 392 810 435 adjungitur
826 397 911 425 enim
929 394 1111 435 accushtioms

151 443 285 484 cogitatio
300 461 309 474 ,
328 449 392 470 non
401 448 488 478 parva
497 447 541 467 res
554 457 562 471 ‚
582 436 630 466 sed
644 438 793 466 nlmii·um
806 439 948 467 omnium
962 438 1106 467 maxima.

151 492 297 525 magnum
314 481 357 512 est
373 490 455 511 enim
468 500 477 512 ‚
500 488 527 509 te
536 487 707 518 comparare
717 488 750 508 ea
760 498 769 512 ‚
786 478 894 519 quibus
907 477 996 519 poffis
1006 480 1110 509 1101111-

149 536 223 557 nem
238 525 253 555 ὲ
264 526 398 556 civitate,
414 522 578 562 praesertim
587 530 649 549 non
660 522 784 560 inopem
796 540 805 553 ,
821 531 917 561 neque
931 520 1102 552 infirmum,

151 566 316 597 exturbare:
327 567 380 606 qui
392 565 423 594 &
433 574 484 604 per
494 564 535 597 se,
547 563 579 593 &
591 571 644 602 pei·
653 562 731 595 suos,
749 562 781 593 &
793 561 863 592 vero
876 564 965 593 etiam
976 572 1029 603 per
1039 564 1109 593 alie-

151 619 207 640 nos
215 606 401 638 defendatur.
424 615 533 636 omnes
548 613 631 634 enirn
642 602 677 633 ad
686 604 815 643 pericula
825 605 1021 644 propulsanda
1030 614 1107 634 con—

150 651 310 681 currimus.
333 649 366 679 &
380 651 448 689 Qi
464 657 530 677 NON
543 645 640 686 aperte
654 647 775 675 inimici
792 646 911 679 sumus,
930 647 1020 690 etiam
1033 646 1106 675 alie-

150 690 281 722 nissimis
292 712 300 725 ,
321 693 355 721 in
368 691 471 730 capitis
484 688 624 729 periculis
635 707 643 720 ‚
663 685 913 717 amicissimorum
932 685 1031 716 officia
1041 707 1050 721 ‚
1071 688 1105 718 δε

147 732 242 764 studia
254 732 434 774 praestamus.
458 734 556 773 Qare
569 739 623 770 ego
637 737 775 768 expertus
789 728 821 757 &
835 728 976 767 petendi,
1000 729 1033 758 &
1051 728 1104 758 de—

144 774 292 807 fendendi
301 797 310 810 ,
326 775 359 805 &
368 773 521 805 accusandi
531 769 700 801 molestiam
710 789 719 802 ‚
730 767 772 813 *fic
781 769 919 799 intellexi
931 782 939 804 3
955 772 988 799 in
997 779 1102 809 peten-

146 817 187 848 do
199 838 207 851 ,
223 818 355 848 studium
366 814 423 846 esse
434 816 610 845 acerrimum
624 813 673 841 :in
682 811 887 856 defendendo,
898 810 1053 842 officium:
1067 815 1101 843 111

144 859 309 891 accusando
320 880 329 893 ,
346 858 491 889 laborem.
513 858 616 894 Itaque
633 851 670 883 sic
683 852 795 886 statuo,
818 854 882 883 heri
898 853 986 883 nullo
1004 853 1099 884 modo

144 900 226 941 posse
237 923 245 936 ‚
259 911 291 932 ut
300 900 381 931 idein
392 898 622 933 accusationem,
635 895 668 924 &
676 897 858 935 petitionem
869 896 1041 926 consulatus
1051 896 1098 926 di-

141 943 403 974 Jjocnteradornet
413 959 420 973 ‚
433 948 517 980 atque
527 936 662 967 instruat.
678 946 776 966 unum
787 936 926 967 sustinere
935 940 1019 977 pauci
1028 939 1099 978 pos-

142 967 213 1016 subnt
221 1006 230 1019 ‚
246 993 405 1024 utrumque
415 990 520 1012 nemo.
543 983 557 998 2
567 982 617 1009 Tu
628 999 636 1012 ,
654 977 726 1009 cum
737 988 763 1008 te
772 978 809 1008 de
817 980 966 1009 curriculo
976 982 1098 1019 petitio-

141 1029 191 1058 nis
209 1024 374 1057 deflexisses
386 1044 394 1057 ‚
414 1025 612 1062 animumque
625 1020 660 1051 ad
677 1021 876 1050 accusandum
889 1020 1094 1055 transtuliss'es,

139 1067 318 1100 existimasti
329 1087 337 1101 ,
349 1076 377 1098 te
387 1068 504 1105 utrique
514 1065 638 1105 negotio
648 1061 807 1093 satisfacere
815 1061 920 1103 pofi'e?
931 1064 1096 1094 vehemen-

137 1119 182 1141 ter
191 1109 299 1141 errasti.
321 1110 389 1150 quis
400 1109 483 1137 enim
495 1105 557 1136 dics
567 1105 625 1135 'r'uit
635 1125 643 1138 ‚
658 1103 850 1145 posteaquam
863 1107 896 1135 in
906 1104 995 1135 istam
1005 1116 1095 1135 accu-

137 1152 221 1183 sandi
231 1151 495 1182 denuntiationem
505 1146 649 1189 ingl-effus
659 1157 690 1176 cs
701 1167 710 1180 ‚
730 1157 820 1187 quem
833 1155 864 1176 tu
874 1157 939 1177 non
950 1156 1049 1177 totum
1060 1150 1093 1178 in

76 1209 98 1235 2
138 1193 192 1225 ista
209 1196 324 1224 ratione
341 1190 561 1223 consumseris?
582 1191 696 1228 Legem
713 1187 838 1217 ambitus
854 1188 1008 1230 flagitasti,
1028 1200 1092 1231 qua:

137 1236 194 1268 tibi
204 1246 269 1266 non
278 1235 384 1265 deerat.
393 1242 459 1264 ‘erat
468 1233 551 1262 enim
561 1229 741 1261 sevenffirne
751 1231 853 1270 scripta
862 1232 1027 1272 Calpurnia.
1042 1242 1093 1273 ge—

136 1277 197 1309 stus
207 1278 251 1309 est
264 1287 330 1307 mos
341 1277 373 1306 δε
384 1276 548 1306 voluntati,
567 1273 600 1303 &
611 1273 747 1314 dignitati
759 1272 900 1309 cuthred
911 1283 971 1303 tota
980 1274 1032 1303 illa
1042 1276 1093 1304 lex
1112 1284 1114 1299 l

135 1321 353 1351 accusationem
364 1327 445 1348 tuam
456 1337 464 1350 ‚
480 1315 500 1346 fi
509 1316 629 1346 haberes
640 1323 802 1344 nocentem
812 1325 908 1348 reum,
918 1314 1039 1345 fortass'e
1048 1326 1092 1346 ar-

136 1361 257 1393 mafl'et:
275 1361 415 1401 petitioni
427 1357 500 1388 vero
513 1357 651 1398 refragata
664 1355 713 1386 est.
740 1358 830 1386 Poena
842 1358 965 1398 gravior
978 1359 1011 1387 in
1027 1358 1091 1397 ple-

135 1404 207 1435 bem
221 1414 269 1434 tua
281 1412 355 1433 voce
369 1400 524 1440 efflagitata
535 1398 589 1428 est.
612 1399 764 1428 commoti
776 1400 872 1428 animi
886 1399 952 1429 sunt
970 1401 1090 1430 tenuio-

130 1455 211 1476 rum.
235 1443 382 1476 Exsilium
392 1445 424 1472 in
434 1440 570 1471 nostrum
581 1440 734 1470 ordinem.
753 1438 899 1470 Conceffit
908 1441 1024 1471 senatus
1033 1452 1089 1481 po-

130 1487 289 1519 stulationi
297 1495 364 1515 tuaez
374 1484 423 1515 sed
433 1493 497 1514 non
507 1483 634 1512 libenter
643 1481 796 1512 duriorem
806 1481 1088 1514 fortunaecommu-
1108 1503 1109 1512 1

131 1531 166 1560 ni
175 1529 385 1559 conditionem
399 1546 407 1560 ,
423 1535 451 1556 te
461 1523 598 1558 31161016,
616 1523 783 1558 constituit,
805 1523 903 1554 Morbi
914 1526 1089 1564 excusttrioni

127 1580 221 1613 poena
238 1569 336 1602 addita
353 1567 395 1600 est
407 1579 412 1597 ;
436 1568 574 1597 voluntas
585 1564 697 1596 Offensa
706 1566 875 1596 multorum
887 1587 896 1600 ,
917 1568 1027 1608 quibus
1037 1577 1087 1598 aut

129 1621 232 1644 contra
240 1610 416 1644 valitudinis
425 1608 626 1641 commodum
637 1608 832 1640 laborandum
843 1608 895 1642 est,
905 1618 954 1640 aut
963 1612 1084 1641 incom-

127 1655 225 1686 modo
235 1653 334 1686 morbi
345 1655 433 1684 etiam
442 1653 533 1682 ceteri
541 1653 609 1681 vitae
618 1650 733 1680 fruetus
742 1651 1028 1692 relinquendiQuid
1040 1663 1085 1682 er-

128 1707 169 1738 go
183 1700 194 1726 ?
210 1698 274 1727 haec
282 1689 348 1737 quis
360 1696 429 1726 tulit
442 1699 453 1723 ?
473 1696 498 1724 is
508 1714 517 1727 ‚
537 1695 588 1734 qui
599 1691 766 1723 aueloritati
776 1693 893 1723 senatus
905 1714 913 1726 ‚
933 1695 1083 1725 voluntati

129 1748 189 1773 tuae
197 1740 294 1779 paruit
305 1751 309 1766 ;
322 1738 452 1778 denique
463 1738 488 1766 is
498 1736 568 1766 tulit
576 1756 584 1769 ‚
604 1739 616 1763 3
626 1737 674 1765 cui
684 1735 816 1765 minime
825 1734 993 1775 proderant.
1017 1738 1083 1771 Illa,

126 1790 195 1822 quae
212 1790 279 1810 mea
296 1780 414 1810 summa
427 1779 582 1809 voluntate
596 1778 711 1808 senatus
719 1776 860 1818 frequens
872 1798 880 1812 ‚
901 1778 1079 1818 repudiavit,

126 1822 321 1853 mediocriter
334 1821 482 1852 adversata
494 1820 548 1850 tibi
564 1818 622 1849 efl'e
637 1817 790 1849 existimas
802 1822 812 1848 ?
829 1819 1010 1861 confufionem
1017 1821 1083 1861 fflf·

120 1863 282 1905 ftagiorum
292 1862 426 1905 flagitasti
435 1882 443 1896 ,
457 1866 475 1888 4
480 1863 727 1903 prorogationem
737 1861 810 1902 legis
820 1863 953 1894 Maniliae
966 1883 974 1896 ,
986 1873 1083 1904 aequa-

124 1908 244 1937 tionem
262 1907 359 1947 gratiae
373 1925 382 1938 ,
397 1905 546 1946 dignitatis
556 1923 564 1936 ,
582 1901 803 1943 suffragiorum.
828 1905 964 1936 Graviter
978 1906 1082 1936 horni-

125 1958 179 1979 nes
190 1946 307 1978 honesti
318 1967 326 1981 ‚
339 1956 424 1988 atque
443 1949 456 1973 5
466 1948 499 1975 in
509 1945 569 1974 suis
577 1945 748 1975 civitatibus
758 1965 768 1978 ,
787 1945 820 1976 δε
830 1947 1007 1986 municipiis
1017 1958 1081 1988 gra-

125 1989 192 2020 tiofi
212 1990 343 2020 tulerunt
353 2008 362 2022 ‚
380 1992 396 2019 a
406 1988 455 2018 tali
466 1988 532 2016 viro
546 1984 603 2016 ess'e
617 1994 785 2026 pugnatum
796 2006 804 2020 ,
825 1997 858 2017 ut
868 1997 977 2017 omnes
991 1988 1024 2018 &
1035 1989 1080 2017 di-

119 2032 242 2072 gnitatis
251 2051 259 2065 ,
269 2031 310 2064 (y
316 2028 530 2071 grnriaegradm
541 2028 706 2057 roderentur,
727 2027 814 2058 Idem
823 2029 958 2058 editicios
965 2029 1081 2068 judices

122 2072 180 2104 efl'c
191 2072 332 2105 voluisti,
349 2081 381 2102 ut
389 2071 460 2101 odia
471 2070 587 2100 occulta
597 2071 712 2099 civium
724 2090 732 2103 ,
743 2080 809 2110 quae
819 2072 914 2100 tacitis
924 2081 1006 2101 nunc
1017 2071 1069 2101 dis
1068 2088 1082 2093 -

125 2115 237 2146 cordiis
255 2116 452 2144 continentur
462 2133 470 2146 ‚
492 2114 524 2142 in
546 2111 680 2141 fortunas
698 2114 808 2151 optimi
825 2113 966 2153 cujusque
979 2123 1081 2143 erum-

143 2165 237 2186 erent,
262 2159 333 2186 Haec
344 2157 468 2188 omnia,
482 2155 536 2184 tibi
545 2153 699 2183 accusandi
709 2156 789 2183 viam
801 2155 997 2188 muniebant,
1018 2155 1082 2185 adi-

119 2198 255 2240 piscendi
264 2197 474 2237 obsaepiebant.
499 2199 596 2236 Atque
607 2205 645 2224 ex
658 2196 804 2225 omnibus
814 2196 865 2226 illa
875 2196 962 2237 plaga
975 2196 1019 2225 es?
1032 2198 1080 2226 in-

116 2239 197 2281 jeEla
206 2241 347 2280 petitioni
359 2248 433 2272 tuae,
454 2247 518 2268 non
530 2246 643 2267 tacente
655 2247 704 2266 me
716 2257 724 2270 ‚
744 2239 895 2268 maxima:
915 2239 952 2268 de
968 2249 1026 2279 qua
1043 2238 1080 2269 ab

118 2283 248 2318 homine
257 2278 495 2323 ingeniosiffimo
506 2299 514 2313 ,
527 2279 560 2309 &
570 2276 782 2318 copiosissimo,
797 2278 969 2314 Hortensio,
984 2281 1080 2312 multa

119 2322 287 2367 graviffime
307 2322 387 2354 dieta
399 2323 480 2353 sunt:
503 2331 564 2362 quo
574 2329 664 2350 etiam
678 2322 755 2350 mihi
768 2321 871 2351 durior
881 2322 966 2352 locus
976 2321 1018 2353 est
1029 2323 1078 2353 di-

118 2365 209 2398 cendi
217 2365 302 2396 datus
313 2376 319 2394 :
331 2374 363 2395 ut
373 2385 382 2399 ,
391 2363 463 2395 cum
474 2373 541 2394 ante
551 2373 600 2392 me
611 2361 704 2393 &ille
712 2362 833 2393 dixisset
841 2383 849 2397 ,
862 2364 895 2394 δε
905 2366 952 2394 vir
959 2364 1077 2395 summa

117 2408 262 2450 dignitate
276 2427 285 2441 ,
302 2407 336 2437 &
347 2406 503 2448 diligentia
513 2426 521 2440 ‚
543 2403 720 2436 &facultate
729 2405 849 2437 dicendi
861 2426 869 2439 ,
890 2407 935 2435 M.
948 2405 1075 2440 Crass'us,

116 2460 174 2491 ego
184 2452 217 2479 in
228 2458 366 2480 extremo
374 2458 439 2479 non
449 2456 564 2488 partem
576 2447 707 2488 aliquam
718 2457 836 2488 agerem
846 2448 938 2478 causae
949 2468 958 2482 ‚
979 2449 1028 2479 sed
1039 2449 1076 2479 de

117 2500 180 2522 tota
189 2502 220 2521 1-6
230 2491 360 2522 dicerem
372 2511 380 2524 ‚
392 2490 472 2532 quod
485 2490 561 2520 mihi
574 2489 734 2519 videretur.
758 2491 856 2530 itaque
867 2492 901 2520 in
910 2489 1018 2521 iisdem
1028 2501 1074 2521 re-

117 2533 173 2566 bus
183 2533 245 2564 fere
256 2534 357 2563 versor
365 2553 373 2567 ‚
386 2533 419 2564 &
428 2532 510 2574 quod
520 2530 651 2572 possum,
659 2531 671 2571 j
675 2531 775 2561 udices
786 2553 795 2565 ‚
810 2531 824 2552 ⁶
835 2542 958 2562 occurro
972 2531 1074 2564 vestrae

57 2593 73 2608 ι,
115 2576 277 2615 sapientiae.
298 2574 356 2605 Sed
372 2583 473 2605 tamen
483 2595 491 2608 ,
513 2576 595 2604 Servi
609 2592 617 2607 ,
632 2583 723 2614 quam
735 2574 890 2614 tesbcurim
899 2583 983 2614 putas
993 2576 1072 2615 inje-

57 2610 78 2658 ζ’
114 2616 183 2649 ciffe
193 2619 334 2658 petitioni
344 2626 400 2647 tuae
409 2638 419 2652 ,
433 2615 506 2660 cuin
517 2626 548 2647 tu
557 2618 708 2657 populum
717 2618 814 2646 Rom.
824 2619 859 2646 in
869 2625 941 2646 eum
951 2625 1070 2648 metum

124 2731 127 2733 ·
155 2729 179 2747 1.
196 2724 261 2748 <Aut
270 2721 377 2752 testatam
387 2721 460 2754 rem.]
476 2720 581 2747 Vetuste
592 2720 731 2756 publicati,
743 2728 785 2746 aut
797 2729 885 2747 certam
896 2732 952 2748 rem.
965 2723 991 2747 S.
1003 2721 1077 2748 Υὶξῒ.

116 2756 144 2784 8<
156 2755 274 2783 Pahsec.
285 2763 350 2782 tert.
360 2758 441 2789 testam
451 2765 508 2782 rem.
529 2756 584 2783 oet.
605 2763 648 2782 aut
666 2759 743 2789 testem
761 2758 801 2790 iffi·
820 2768 877 2784 rem.
898 2758 976 2785 restat
987 2765 1076 2785 tamen

116 2792 224 2827 ¹vulgata
232 2793 259 2819 in
271 2792 328 2818 Pal.
339 2802 380 2828 pr.
392 2792 462 2819 forte
475 2791 527 2819 suit
539 2812 546 2825 ‚
559 2796 611 2818 ‘aut
619 2795 739 2826 testantem
750 2795 864 2828 abjiciunt
876 2813 883 2826 ,
893 2802 1005 2822 annotat
1016 2795 1076 2821 Gu-

117 2827 244 2855 lielmius.
265 2828 345 2860 unde,
357 2832 414 2855 Deos
423 2829 452 2860 εἰ)
462 2830 561 2854 homines
571 2831 663 2861 astari.

154 2873 184 2891 2.
200 2866 233 2893 Tu
243 2874 293 2893 cum
301 2872 323 2890 te
332 2866 359 2892 de
369 2866 484 2891 currit-ulo
489 2865 607 2897 petitionis
620 2885 628 2897 ‚
646 2865 713 2899 ῥα]
736 2867 778 2892 Ita
798 2865 856 2892 mss.
875 2866 955 2894 nostri
971 2876 1075 2899 omneS‚

117 2908 204 2936 neque
213 2900 283 2927 secus
295 2900 356 2927 edd.
367 2909 435 2932 vett.
446 2902 607 2928 recentiores
618 2901 761 2929 omiserant
773 2910 803 2928 te.

136 2963 138 2965 ,
157 2943 184 2972 3.
197 2939 247 2966 §ui
255 2938 347 2963 minim&
353 2938 507 2972 prodi-ram]
529 2937 690 2964 Gulielmius
701 2939 849 2972 conjecerat
854 2941 998 2972 probarunt.

155 2979 184 3004 4.
200 2975 386 3006 Prorogationem
402 2973 455 3007 legis
472 2974 606 3008 Manilia]
640 2974 720 3000 Haud
738 2974 816 3001 aliter
835 2975 943 3010 quidem
964 2975 1020 3002 Pal.
1036 2984 1076 3012 pr.

122 3005 165 3034 scd
185 3006 232 3034 see.
253 3014 316 3034 tert.
335 3008 390 3036 oet.
410 3011 437 3036 8<
449 3010 812 3044 s.Vi&torispraerogationum.
831 3011 1079 3046 Gulielmiusjubet

124 3041 257 3070 videamus
268 3053 299 3070 ne
308 3044 391 3071 fuerit
401 3048 580 3079 abrogationem.

161 3087 186 3111 5.
206 3079 287 3111 Infids
296 3082 461 3116 civitatibus]
483 3083 510 3108 S.
521 3082 637 3114 Victoris
652 3101 660 3115 ‚
669 3085 850 3116 vit-sumtibus,
862 3083 934 3119 quod
946 3094 999 3111 11011
1011 3094 1076 3111 cou-

125 3113 272 3143 temserim.

159 3150 187 3179 6.
204 3153 304 3177 oecurro
311 3152 392 3185 vestrae
402 3152 548 3189 sapientie]
567 3155 610 3183 Ita
621 3155 689 3184 Pall-
699 3165 801 3186 omncs.
822 3157 994 3187 Hotomanus
1005 3156 1076 3185 divi-

1158 242 1189 262 111
1201 235 1421 266 accusationem
1430 246 1614 276 comparares
1625 258 1633 271 ,
1655 238 1786 278 deposita
1795 259 1804 273 ,
1824 248 1911 280 atque
1921 239 2033 277 abjeci-2
2043 243 2101 280 peti
2111 257 2120 262 ·

1157 276 1240 305 tione
1252 280 1263 305 ?
1281 279 1402 307 Etenim
1414 286 1441 307 te
1452 279 1602 319 inquirere
1611 280 1767 314 videbant,
1782 280 1897 311 tristem
1908 282 2007 321 ipsum
2019 294 2023 311 ;
2037 293 2117 312 11166--

1158 315 1341 347 stoszimicos
1351 339 1358 352 ,
1370 319 1592 350 observationes
1601 341 1609 354 ‚
1622 320 1843 353 testificationes
1852 342 1861 356 ,
1874 323 2064 354 sedustiones
2076 334 2119 354 te·-

1158 355 1248 386 stium
1259 378 1268 392 ‚
1290 359 1482 390 seceflionem
1495 362 1726 403 subscripmtum
1737 365 2030 396 animadvertebant:
2048 369 2117 408 qui-

1157 397 1213 427 bus
1231 399 1319 429 rebus
1336 402 1415 431 certe
1432 400 1483 441 ipsi
1495 404 1722 436 candidatorum
1735 407 1853 440 vultus,
1875 407 2060 438 obscuriores
2071 410 2115 438 vi-

1155 438 1218 469 deri
1232 441 1338 470 solent.
1363 443 1523 473 Catili'nam
1533 447 1645 477 interea
1655 448 1781 478 alacrem
1793 469 1802 483 ,
1821 449 2021 490 atquelaetum
2035 471 2042 483 .
2064 450 2112 480 sti·-

1154 489 1256 520 patum
1267 482 1536 528 chorojuxjentutis
1549 507 1555 518 ,
1581 492 1595 515 7
1607 489 1750 519 vallatum
1762 491 1915 522 indicibus
1926 511 1933 524 ‚
1950 501 2035 532 atque
2047 490 2114 522 fica-

1154 523 1207 553 riis
1219 543 1226 556 ‚
1239 522 1380 553 inflatum
1390 535 1461 554 cum
1473 527 1520 564 spe
1532 529 1666 560 militum
1680 552 1688 563 ,
1703 540 1766 561 tum
1778 533 1899 574 collegae
1914 536 1972 563 mei
1984 555 1992 567 ,
2007 544 2113 574 qux-ni-

1153 564 1322 595 admodum
1333 565 1450 596 dicebat
1459 568 1519 606 ipse
1531 588 1538 601 ,
1560 571 1706 607 promiffis
1719 592 1728 606 .
1744 574 1972 605 circumfluente
1984 576 2114 606 colono-

1154 616 1222 636 i'um
1242 609 1454 637 Arretinorum
1468 627 1476 641 ‚
1497 607 1529 638 &
1544 610 1757 644 fesulanorutn
1777 619 1917 647 exercitu.
1941 627 2031 658 quam
2052 626 2108 647 tur-

1150 647 1220 677 bam
1232 647 1436 679 diffimillimo
1449 659 1602 689 exgenere
1613 672 1622 686 ,
1634 653 1855 696 distinguebant
1866 659 2007 689 homines
2016 654 2030 678 ⁸
2045 669 2111 688 ocr-

1149 687 1343 720 cusfiSullani
1357 693 1502 731 temporis
1515 693 1689 724 calamitate.
1713 698 1813 728 vultus
1828 708 1885 729 crat
1899 699 1986 739 ipsius
2000 690 2107 741 plenus

1147 730 1279 761 furoris:
1300 733 1402 766 oculi,
1422 733 1556 764 sceleris:
1574 733 1690 769 sermo,
1709 742 1894 779 arrogantiae:
1915 741 1952 772 sic
1963 752 1994 773 ut
2007 744 2103 779 etjam

1148 773 1319 813 exploratus
1334 795 1342 807 ,
1365 774 1397 804 &
1413 773 1499 804 domi
1511 776 1653 807 conditus
1667 775 1838 810 consulatus
1852 784 2011 813 videretur.
2035 787 2107 814 Mum

1146 824 1257 845 raenain
1267 816 1497 846 contemnebat:
1509 819 1677 858 Sulpicium
1687 822 1883 852 accusatorem
1896 825 1982 855 suum
1994 836 2106 856 nume-

1145 856 1242 890 rabat,
1262 866 1327 887 non
1339 860 1590 897 competitorem:
1613 863 1641 890 ei
1654 864 1720 892 vim
1733 863 1926 895 denuntiabat
1945 877 1949 894 t
1977 868 2103 908 reipubl-

1146 899 1326 929 minabatur.
1351 901 1469 940 Qibus
1480 901 1568 931 rebus
1579 922 1587 935 ,
1606 905 1657 943 qui
1669 906 1761 934 timor
1772 905 1860 935 bonis
1871 908 2014 939 omnibus
2026 911 2103 942 inie-

1146 940 1211 970 &tus
1230 939 1282 975 sit,
1302 951 1471 983 quantaque
1486 942 1648 983 desperatio
1667 947 1794 986 reipubl.
1815 946 1834 976 si
1849 948 1899 978 ille
1914 948 2006 980 faetus
2021 950 2101 985 offis,

1143 982 1240 1012 nolite
1251 982 1266 1012 a
1277 993 1326 1012 me
1335 988 1528 1015 commoneri
1539 986 1616 1016 velle
1629 998 1634 1016 :
1652 988 1823 1029 vosmetipsi
1835 990 1992 1020 vobiscum
2005 1002 2081 1021 ret-oi
2090 1010 2099 1013 —

1144 1024 1270 1054 damini.
1293 1025 1478 1056 meministis
1497 1029 1579 1057 enim
1596 1049 1603 1061 ‚
1623 1029 1694 1059 cum
1710 1031 1794 1060 illius
1808 1032 1915 1061 nefarii
1929 1033 2101 1073 gladiatoris

1142 1076 1232 1096 voces
1240 1066 1486 1107 percrebruiffent
1496 1091 1503 1102 ,
1514 1080 1585 1110 quas
1595 1070 1727 1102 habuisse
1738 1074 1769 1103 in
1779 1076 1928 1103 concione
1938 1075 2103 1105 domestica

1141 1107 1312 1143 dicebatur,
1334 1108 1406 1139 cum
1423 1111 1705 1151 mafirornmfltletem
1719 1114 1880 1154 defensbrem
1892 1116 2011 1156 negaffi’t
2023 1127 2102 1146 mie>

1138 1149 1272 1192 niripoffi
1283 1170 1291 1184 ‚
1312 1150 1366 1181 nisi
1376 1162 1447 1182 cum
1459 1174 1468 1186 ,
1510 1155 1540 1183 ui
1550 1155 1612 1194 ipse
1624 1156 1714 1186 miser
1723 1155 1794 1187 effe(
1808 1168 1813 1186 ;
1836 1159 2021 1199 integrorum
2037 1178 2044 1191 ‚
2067 1159 2100 1188 S:

1139 1191 1363 1223 fortunatorum
1380 1164 1529 1234 promiffis
1547 1197 1660 1227 saucios
1673 1217 1683 1231 2
1705 1197 1737 1228 86
1756 1199 1881 1229 miseros
1896 1200 2013 1230 credere
2032 1210 2098 1230 non

1140 1243 1277 1274 oportere
1292 1245 1297 1264 :
1319 1245 1409 1277 quare
1426 1238 1479 1277 qui
1497 1237 1656 1269 consumta
1670 1240 1781 1279 replere
1793 1262 1802 1273 ,
1822 1250 1919 1282 erepta
1931 1252 2102 1282 recuperare

1140 1276 1255 1306 vellent
1265 1297 1273 1310 ‚
1285 1277 1448 1317 spe&arent
1457 1279 1529 1319 quid
1540 1281 1601 1320 ipse
1612 1280 1750 1315 deberet,
1765 1283 1838 1324 quid
1848 1282 2014 1323 possideret,
2027 1284 2100 1325 quid

1138 1317 1267 1363 auderet:
1276 1321 1389 1350 minim
1396 1319 1412 1349 ὲ
1421 1321 1577 1355 timidum,
1589 1323 1621 1352 δε
1630 1323 1716 1353 valde
1724 1325 1932 1355 calamitosum
1941 1324 1999 1355 efl'e
2007 1336 2102 1366 opor·

1139 1368 1200 1389 tere
1209 1371 1292 1394 eum,
1303 1363 1356 1402 qui
1364 1360 1436 1391 effer
1443 1361 1562 1393 futurus
1572 1364 1636 1394 dux
1646 1385 1653 1399 ‚
1667 1365 1699 1395 &
1711 1364 1830 1407 signifer
1840 1367 2095 1398 calamitosorum.

1137 1404 1221 1432 Tum
1233 1404 1335 1444 igitur,
1346 1405 1392 1433 his
1403 1404 1489 1434 rebus
1500 1405 1606 1436 auditis
1616 1427 1625 1440 ‚
1636 1407 1821 1438 meministis
1834 1407 1896 1439 fieri
1907 1409 2101 1440 senatuscon—

1136 1444 1247 1474 sultum
1262 1466 1270 1478 ,
1290 1445 1438 1476 referente
1447 1456 1497 1476 me
1508 1467 1516 1481 ‚
1538 1458 1575 1477 ne
1585 1448 1703 1488 postero
1714 1449 1762 1479 die
1774 1452 1899 1481 comitia
1907 1451 2097 1484 haberentur,

1133 1495 1166 1516 ut
1177 1485 1213 1515 de
1223 1487 1269 1516 his
1279 1487 1367 1517 rebus
1378 1488 1411 1517 in
1421 1488 1521 1519 senatu
1530 1499 1614 1530 agere
1633 1490 1794 1531 pofl'emus.
1817 1495 1920 1533 Itaque
1939 1492 2096 1533 postridie,

1132 1526 1284 1569 frequenti
1294 1529 1393 1559 senatu
1404 1549 1412 1563 ‚
1429 1531 1589 1561 Catilinam
1600 1535 1746 1568 excitavi,
1761 1543 1849 1574 atque
1863 1544 1934 1564 eum
1946 1534 1983 1565 de
1993 1536 2039 1564 his
2049 1545 2098 1565 re-

1134 1570 1189 1600 bus
1200 1569 1267 1610 juffi
1278 1591 1286 1604 ‚
1308 1569 1328 1601 fi
1341 1571 1414 1612 quid
1427 1572 1516 1603 vellet
1529 1593 1537 1607 ,
1557 1584 1622 1614 quae
1636 1575 1670 1605 ad
1686 1585 1736 1605 me
1751 1577 1844 1606 allatae
1856 1574 1969 1610 essent,
1988 1577 2098 1607 dicere.

1135 1615 1232 1653 Atque
1249 1613 1302 1643 ille
1313 1633 1321 1646 ‚
1342 1622 1376 1643 ut
1391 1614 1507 1654 semper
1523 1614 1582 1645 fuit
1596 1615 1811 1657 aperriffimus,
1835 1628 1900 1648 non
1911 1619 1939 1648 se
1950 1621 2097 1661 purgavit,

1132 1657 1148 1681 9
1159 1654 1208 1684 sed
1221 1655 1384 1689 indicavit,
1400 1666 1485 1697 atque
1497 1657 1606 1688 induit.
1623 1668 1688 1689 tum
1700 1661 1786 1690 enim
1798 1659 1897 1693 dixit,
1922 1671 1988 1690 Duo
2013 1671 2096 1691 cott-

1132 1705 1220 1726 PORA
1233 1695 1291 1727 effe
1304 1698 1431 1738 reipubl.
1445 1709 1540 1729 unum
1555 1699 1656 1731 debile
1667 1721 1676 1734 ‚
1698 1700 1823 1732 infirmo
1837 1704 1931 1742 capite
1944 1713 1949 1732 τ
1968 1703 2097 1733 alterum

1132 1736 1257 1769 firmum
1268 1759 1277 1772 ‚
1296 1738 1358 1770 fine
1370 1742 1465 1781 capite
1483 1752 1488 1770 :
1509 1742 1579 1772 huic
1589 1763 1597 1776 ,
1617 1742 1690 1773 cum
1705 1745 1746 1774 ita
1759 1743 1796 1774 de
1811 1744 1838 1774 se
1853 1746 1997 1775 meritum
2012 1743 2096 1778 esset,

1131 1790 1238 1821 caput,
1257 1781 1286 1812 se
1304 1783 1378 1813 vivo
1390 1803 1399 1816 ,
1420 1793 1484 1814 non
1497 1783 1682 1816 defuturum.
1707 1788 1892 1827 congemuit
1906 1786 2023 1817 senatus
2037 1786 2098 1817 fre-

1104 1824 1105 1828 ’
1131 1833 1246 1863 quens,
1266 1834 1364 1865 neque
1374 1834 1475 1856 tamen
1486 1825 1553 1856 satis
1564 1827 1664 1858 severe
1677 1849 1685 1861 ‚
1707 1837 1761 1868 pro
1772 1830 1814 1858 rei
1824 1828 2022 1870 indignitate,
2043 1828 2098 1859 de-

1130 1866 1233 1895 crevit.
1258 1876 1329 1896 nam
1343 1868 1452 1907 partim
1466 1867 1536 1898 ideo
1550 1867 1644 1899 fortes
1661 1871 1694 1899 in
1708 1870 1898 1900 decernendo
1917 1880 1982 1901 non
1999 1880 2092 1905 erant,

1130 1909 1199 1947 quia
1208 1908 1287 1938 nihil
1298 1909 1463 1940 timebant:
1481 1912 1589 1949 partim
1602 1931 1611 1945 ‚
1631 1914 1699 1952 quia
1714 1912 1869 1942 timebant.
1893 1915 1978 1942 Turn
1997 1914 2096 1953 erupit

1130 1949 1146 1979 e
1159 1949 1260 1980 senatu
1269 1970 1278 1984 ‚
1290 1952 1479 1991 triumphans
1489 1952 1598 1993 gaudio
1609 1973 1617 1987 ‚
1639 1963 1731 1994 quern
1743 1955 1875 1984 omnino
1885 1955 1991 1984 vivum
2004 1955 2092 1985 illinc

1130 1993 1213 2020 exire
1225 2001 1291 2021 non
1301 2002 1473 2031 oportuerat
1486 2003 1491 2021 :
1510 1994 1672 2033 praesertim
1688 1993 1760 2025 cum
1773 1994 1856 2025 idern
1870 1995 1922 2025 ille
1935 1997 1968 2026 in
1980 1995 2092 2026 eodem

1130 2031 1237 2062 ordine
1247 2035 1347 2072 paucis
1357 2033 1463 2064 diebus
1475 2034 1543 2064 ante
1556 2055 1564 2067 ,
1583 2037 1710 2070 Catoni,
1730 2035 1891 2067 fortissimo
1902 2039 1969 2067 viro
1980 2057 1988 2071 ,
2006 2038 2018 2077 j
2023 2037 2095 2067 udi-

1127 2075 1211 2103 cium
1222 2076 1375 2105 minitanti
1386 2095 1395 2109 ,
1411 2085 1443 2105 ac
1453 2075 1660 2111 denuntianti,
1678 2077 1892 2118 respondifl'et,
1917 2089 1930 2109 s
1942 2089 1953 2108 1
1978 2089 2089 2120 an

1131 2125 1151 2144 E
1162 2125 1174 2144 s
1185 2126 1198 2145 s
1209 2126 1229 2145 ε
1245 2127 1264 2145 τ
1287 2118 1319 2146 111
1331 2117 1395 2147 suas
1408 2117 1542 2147 fortunas
1555 2119 1711 2148 incendium
1730 2122 1893 2151 excitatum
1905 2141 1914 2154 ,
1936 2121 1966 2150 id
1985 2121 2013 2151 se
2024 2131 2089 2151 non

1127 2167 1206 2198 aqua
1220 2178 1229 2191 ‚
1249 2158 1297 2188 sed
1311 2159 1394 2188 ruina
1404 2158 1626 2190 1‘estin&urum.
1652 2164 1709 2191 His
1720 2170 1785 2192 turn
1797 2162 1885 2192 rebus
1900 2171 2085 2197 commotus,

1129 2199 1162 2229 &
1175 2199 1257 2240 quod
1271 2201 1414 2231 homines
1423 2201 1486 2240 jam
1505 2211 1567 2231 turn
1583 2204 1754 2243 conjuratos
1765 2214 1833 2234 cum
1845 2204 1952 2246 gladiis
1961 2206 1993 2234 in
2003 2215 2088 2235 carn-

1126 2250 1201 2280 pum
1212 2242 1319 2272 deduci
1330 2243 1345 2272 a
1356 2243 1484 2272 Catilina
1494 2243 1622 2274 sciebam
1629 2264 1642 2286 ¹‚
1664 2245 1804 2276 descendi
1821 2247 1853 2276 in
1862 2256 2005 2286 campum
2015 2257 2087 2277 cum

1128 2281 1300 2314 firmiffimo
1319 2284 1455 2324 praesidio
1473 2283 1708 2317 fortifl'imorum
1727 2290 1882 2319 virorum,
1907 2288 1939 2318 &
1952 2299 2023 2318 cum
2037 2289 2090 2319 illa

1126 2324 1200 2358 lata,
1220 2324 1389 2368 insignique
1403 2327 1512 2362 lorica,
1536 2337 1598 2358 non
1611 2339 1677 2370 quae
1693 2339 1742 2359 me
1757 2338 1866 2371 tegeret
1875 2330 2002 2370 (etenim
2016 2331 2090 2361 scie-

1126 2366 1196 2397 bam
1207 2369 1368 2398 Catilinam
1379 2379 1442 2399 non
1454 2369 1528 2399 latus
1539 2390 1546 2404 ‚
1562 2379 1611 2400 aut
1622 2380 1757 2401 ventrem
1769 2392 1778 2404 ,
1796 2372 1844 2402 sed
1855 2381 1942 2412 caput
1952 2393 1961 2406 ,
1976 2373 2009 2402 &
2021 2373 2089 2402 col-

1124 2408 1189 2438 lum
1202 2410 1296 2440 solere
1310 2412 1422 2452 petere)
1433 2409 1540 2442 verum
1553 2422 1584 2442 ut
1596 2423 1704 2443 omnes
1717 2413 1791 2443 boni
1803 2414 2087 2448 animadverterent,

1125 2450 1158 2480 ἅτ
1169 2450 1240 2482 cum
1254 2454 1286 2482 in
1301 2462 1406 2488 metu,
1428 2454 1460 2484 &
1473 2455 1607 2494 periculo
1617 2455 1772 2486 consulem
1785 2455 1940 2489 viderent,
1959 2456 1987 2486 id
2002 2455 2088 2497 quod

1123 2492 1165 2523 est
1175 2493 1289 2525 fastum
1301 2515 1310 2529 ‚
1330 2495 1366 2526 ad
1376 2505 1467 2536 opem
1479 2516 1487 2530 ,
1505 2495 1734 2538 praesidiumque
1745 2507 1850 2527 meum
1861 2506 2085 2528 concurrerent.

1122 2537 1225 2576 Itaque
1238 2535 1310 2567 crim
1326 2547 1354 2568 te
1367 2558 1375 2572 ,
1394 2539 1497 2571 Servi,
1515 2537 1716 2568 remissiorem
1737 2541 1768 2569 in
1785 2539 1915 2579 petendo
1935 2548 2085 2579 putarent,

1122 2579 1284 2610 Catilinam
1303 2580 1336 2610 &
1355 2581 1403 2619 spe
1423 2599 1431 2613 ‚
1457 2579 1489 2609 &
1508 2580 1670 2619 cupiditate
1690 2579 1916 2610 inflammatum
1935 2581 2084 2613 viderent:

1121 2629 1229 2651 ornnes
1239 2641 1249 2656 ,
1270 2624 1322 2663 qui
1336 2622 1421 2652 illam
1434 2621 1469 2651 ab
1483 2622 1634 2662 republica
1642 2620 1742 2663 pestem
1752 2622 2084 2696 depellerecupiceibhalnt,

1964 2676 1981 2696 a
2049 2676 2086 2696 u-

1125 2733 1170 2751 nat
1182 2724 1229 2750 lib.
1245 2733 1342 2760 ii.cap
1368 2723 1678 2759 13.observ;it.siztle1a1i.
1698 2724 1727 2750 sc
1747 2733 1810 2752 vei-o
1827 2725 1855 2752 iu
1866 2727 1951 2752 Mem.
1964 2727 2028 2752 &S.
2040 2726 2089 2753 Vi·

1126 2760 1209 2786 &oris
1222 2760 1299 2786 restat
1311 2780 1319 2792 ‚
1332 2761 1460 2794 sapietati.

1160 2805 1188 2830 7.
1209 2798 1325 2822 Vallatum
1343 2797 1461 2822 indicibus>
1479 2803 1551 2830 atque
1564 2797 1686 2832 ficariis]
1710 2797 1856 2825 Lambinus
1876 2799 2010 2825 audacibus
2019 2805 2092 2834 atque

1117 2834 1194 2866 ficar.
1214 2832 1303 2859 stulte.
1323 2833 1427 2859 indicum
1445 2833 1538 2858 liorurii
1562 2833 1648 2860 multa
1659 2833 1753 2870 Apaffini
1765 2835 1834 2871 apud
1846 2835 2089 2870 iiostrummentio,

1123 2869 1322 2895 &nominatim
1334 2879 1380 2905 pre
1393 2868 1466 2895 Sulla
1475 2878 1529 2903 cap.
1543 2877 1590 2902 24.

1161 2906 1188 2931 3.
1207 2908 1310 2938 Peri-115⁷?
1317 2901 1408 2932 sullani
1419 2906 1523 2937 temporis
1534 2905 1698 2940 calamitate]
1714 2905 1860 2933 Lambinus
1869 2907 2023 2943 penufissed
2035 2918 2088 2936 nou

1125 2935 1341 2978 respondentibus
1364 2940 1421 2967 mff.
1442 2941 1468 2967 8<
1480 2940 1598 2977 alioquin
1610 2942 1645 2969 est
1655 2941 1723 2979 apud
1736 2943 1852 2970 nostrum
1864 2942 1954 2979 saepius
1967 2964 1976 2977 ‚
1997 2952 2027 2971 ut
2035 2953 2088 2982 pro

1122 2978 1218 3004 Flacco
1230 2987 1284 3014 cap.
1299 2987 1340 3013 ¹9-
1353 2977 1374 3002 f.

1166 3022 1194 3049 9.
1223 3015 1267 3040 Sed
1283 3015 1401 3040 indita-rit
1420 3020 1489 3047 atque
1506 3014 1619 3049 indum]
1653 3015 1694 3042 Ita
1722 3015 1839 3051 primum
1858 3015 2006 3049 conjecerat
2025 3016 2089 3048 Hc,-

1122 3057 1243 3077 toniauus
1264 3069 1272 3081 ‚
1301 3049 1515 3086 adprobaturque
1543 3051 1558 3076 :i
1588 3050 1645 3085 Pal.
1673 3050 1723 3078 sec.
1747 3059 1812 3078 tert.
1841 3052 1869 3077 Sc
1897 3053 1924 3078 S.
1946 3052 2087 3085 Vitfftoris,

1121 3096 1182 3113 nain
1203 3086 1283 3121 vulgo
1305 3088 1385 3111 innuit
1397 3105 1404 3117 ,
1422 3085 1492 3121 quod
1511 3086 1588 3114 nihili
1610 3087 1656 3113 est.
1677 3088 1792 3114 alterum
1811 3088 1846 3114 est
1858 3090 1873 3114 a
1885 3087 1947 3114 feris
1956 3088 2088 3120 sumtum,

1120 3123 1164 3157 qui
1186 3131 1245 3149 cum
1265 3121 1366 3151 ferrum
1396 3121 1530 3151 declinare
1548 3122 1650 3159 possent
1671 3144 1680 3158 ,
1707 3124 1734 3152 iii
1754 3124 1782 3154 id
1801 3124 1872 3161 quali
1897 3125 1969 3154 ultro
1998 3126 2088 3152 iucur-

1120 3165 1194 3186 runt.

1556 3196 1580 3224 G
1592 3205 1610 3233 g
1620 3205 1638 3232 g
2000 3204 2024 3224 1.
2046 3198 2092 3224 Cn.

2152 923 2172 952 Ἃή
