2337 3400
122 135 222 184 744
532 105 1667 157 M.Tur,1.11CicnRoN13

122 201 269 241 oppidum
287 198 373 228 omni
397 192 530 235 periculo
550 194 582 221 in
594 200 771 231 perpetuum
787 190 942 220 liberavit:
962 188 1081 219 utmihi

125 242 253 272 dubi-im
267 250 327 269 non
340 237 372 267 sit
384 257 392 270 ,
412 237 487 276 quin
500 236 524 263 is
537 255 545 267 ,
569 244 621 273 qui
633 243 725 263 novas
737 230 966 262 necessitudines
977 230 1083 269 adjun—

125 294 182 323 gar,
196 292 302 313 veretri,
317 281 364 309 sua
379 275 524 308 beneficia
538 275 704 306 conservari
716 274 797 304 velit.
822 273 1031 314 Qamobrem
1042 269 1085 301 est

126 334 182 354 tux
195 323 359 363 frudsntiae
371 340 378 354 ‚
390 328 440 350 aut
454 318 534 358 sequi
545 319 608 357 ejus
618 316 828 347 auetoritatem
843 335 851 348 ‚
866 317 952 354 cujus
963 313 1083 346 fastam,

123 375 209 405 atquc
228 364 392 404 imperium
414 361 532 400 summa
542 369 613 389 curn
625 368 673 389 tua
683 358 826 398 dignitate
837 357 953 387 secutus
965 365 994 385 es
1011 366 1016 385 :
1036 363 1086 385 aut

123 407 203 437 certe
227 406 274 435 illi
296 407 442 445 integram
461 410 588 431 omnem
607 400 723 430 causam
746 399 898 429 reservare.
924 397 1003 428 Illud
1014 398 1086 427 vero

123 448 260 478 dubitare
280 456 343 476 non
358 445 448 475 debes
463 464 472 476 ‚
492 445 641 483 quintam
653 452 740 482 grave
753 461 762 474 ‚
782 450 840 471 tam
858 439 983 471 firmum
995 459 1003 473 ‚
1024 448 1086 469 tam

123 488 288 520 honestum
307 487 511 526 municipium
532 485 587 514 tibi
615 494 667 514 tuo
678 484 800 514 summo
813 481 965 513 beneficio
977 483 1010 511 in
1020 490 1088 520 per-

124 541 251 572 petuum
273 530 405 571 obligare
431 527 518 557 velis.
542 525 599 557 Sed
620 527 682 556 haec
693 546 702 559 ,
721 535 787 566 quae
799 524 994 564 suprascripta
1007 523 1086 555 sunt,

127 572 164 603 eb
177 571 309 613 spectant
321 592 329 604 ,
340 580 374 601 ut
384 580 411 600 te
422 570 524 599 horter
536 589 543 602 ,
558 568 591 598 ὅτ.
602 568 750 599 suadeam..
773 568 904 607 Reliqua
919 566 986 596 sunt
1002 586 1009 598 ,
1023 573 1090 605 quae

127 617 279 656 pertinent
297 613 332 643 ad
357 611 524 654 rogandum
542 621 546 639 :
568 618 673 641 utnon
683 609 783 640 solum
795 618 843 640 tua
855 609 938 638 causa
952 607 1090 637 [ibicon-

129 655 231 687 filium
244 666 292 686 me
302 655 370 685 dare
380 663 464 694 putes
474 673 482 687 ‚
504 652 554 683 sed
566 661 656 682 etiam
668 650 751 693 quod
762 652 840 680 mihi
853 660 927 689 opus
940 648 972 678 sit
986 668 994 682 ‚
1017 658 1067 677 me
1076 647 1091 677 a

130 707 159 729 te
179 707 296 739 petere,
319 697 352 727 &
371 705 481 737 rogare.
507 692 718 724 Gratissimum
731 695 823 734 igitur
834 694 911 722 mihi
925 690 1048 723 feceris,
1072 687 1092 719 si

130 742 343 771 Volaterranos
353 737 498 768 omnibus
510 736 600 766 rebus
612 738 747 776 integros
758 755 766 768 ,
787 734 889 764 incolu
895 733 1026 772 meisque
1037 730 1094 762 esse

130 783 274 812 volueris.
299 783 413 811 Eorum
427 788 481 820 ego
491 778 651 808 domicilia
662 798 670 811 ‚
684 777 776 809 sedes,
788 785 862 808 rem,
875 773 1019 807 fortunas,
1030 783 1096 814 quae

132 824 149 855 ὲ
166 824 225 854 diis
234 822 460 854 immortalibus
472 840 482 854 ,
502 820 534 849 ὃς
545 820 559 848 {i
570 816 817 860 praestantiffimis
828 820 860 846 in
872 815 969 846 nostra
980 825 1039 855 rep
1052 816 1096 844 ci-

131 867 222 896 vibus
237 887 246 899 ,
270 865 392 895 summo
403 866 433 893 S.
447 865 476 893 P.
489 864 578 902 QR.
591 860 690 891 studio
706 881 714 893 ,
738 858 918 889 conservata:
928 859 1013 891 sunt,
1037 865 1097 886 tuae

134 907 206 939 fidei
217 928 226 942 ‚
236 906 369 947 justitiae,
382 906 568 943 bonitatique
580 901 779 933 commendo.
805 903 832 931 Si
844 910 898 940 pro
911 902 987 930 meis
998 897 1097 939 pristi-

134 952 182 981 nis
202 950 311 990 opibus
329 948 504 978 facultatem
524 946 601 974 mihi
623 953 669 974 res
680 945 885 983 hoctempoi·e
897 942 995 975 daret,
1015 942 1097 971 utita

135 991 297 1023 defendere
308 988 424 1031 possem
434 988 647 1017 Volaterranos
657 1006 665 1019 ‚
680 984 941 1025 quemadmodum
952 984 1095 1015 consuevi

135 1036 211 1065 tueri
228 1043 314 1062 moos
327 1044 331 1061 1
344 1031 463 1061 nullum
476 1027 614 1058 officium
630 1048 638 1060 ‚
659 1028 782 1058 nullum
793 1027 924 1067 denique
934 1035 1095 1058 certamen,

136 1078 168 1106 in
180 1085 241 1116 quo
252 1075 312 1104 illis
323 1070 458 1114 prodesse
469 1069 584 1110 poffem
598 1090 608 1103 ,
618 1071 888 1109 praetermitterem.
911 1068 968 1098 Sed
980 1087 988 1101 ,
999 1077 1094 1107 quum

134 1117 211 1158 apud
222 1126 247 1147 te
257 1112 461 1146 nihilominus
471 1114 529 1142 hoc
539 1121 674 1152 tempore
682 1112 778 1141 valere
790 1121 838 1140 me
847 1109 970 1140 confido
981 1129 989 1142 ,
1000 1110 1093 1149 quam

133 1156 282 1190 valuerim
295 1157 409 1196 semper
421 1155 498 1194 apud
509 1157 630 1184 omneis
643 1164 648 1182 z
668 1163 721 1193 pro
733 1152 831 1183 nostra
841 1153 959 1182 summa
970 1148 1095 1180 necessi—

135 1201 242 1232 tudine
255 1220 263 1233 ,
285 1200 404 1238 parique
423 1199 502 1227 inter
519 1207 575 1226 nos
591 1216 599 1229 ,
624 1196 657 1225 &
676 1204 780 1225 mutua
791 1194 996 1224 benivolentia
1005 1192 1056 1221 abs
1069 1200 1096 1221 te

142 1253 211 1284 peto
222 1262 231 1276 ,
253 1243 333 1271 utita
342 1241 378 1271 de
388 1239 591 1269 Volaterranis
606 1247 752 1271 mereare,
769 1246 801 1266 ut
811 1237 1005 1267 existiment,
1024 1243 1095 1263 eum

135 1283 217 1326 quasi
235 1284 343 1314 divino
363 1280 490 1312 consilio
510 1280 558 1310 isti
577 1281 699 1319 negotio
719 1277 908 1319 praepositum
919 1275 995 1308 effe,
1021 1274 1098 1315 apud

135 1336 228 1368 quem
249 1335 344 1356 unum
366 1334 424 1354 nos
445 1332 551 1354 eorum
568 1323 702 1363 perpetui
716 1320 910 1354 defensores,
927 1318 1097 1361 plurimum

138 1369 235 1399 valere
245 1365 413 1408 possumus.

99 1439 119 1470 5
209 1426 307 1454 M.T.
322 1425 357 1454 C.
381 1426 418 1462 Q.
434 1424 637 1455 VALERIO,
657 1423 738 1462 QF.
765 1423 909 1455 ORCAE‚
931 1419 1024 1451 LEG.

407 1466 678 1496 PROPRAET.
701 1467 825 1494 S.P.D.

242 1519 292 1547 ΟΝ
313 1514 441 1545 moleste
457 1513 523 1544 fero
532 1534 540 1548 ,
562 1524 628 1544 eam
650 1512 901 1544 necessitudinem
913 1533 921 1547 ‚
943 1522 1009 1553 quae
1022 1509 1099 1540 mihi

244 1568 344 1588 tecum
363 1556 416 1589 est,
429 1565 532 1586 notam
543 1555 602 1586 effe
611 1556 702 1596 quam
713 1556 871 1595 plurimis:
892 1565 990 1595 neque
1001 1561 1101 1583 tamen

143 1602 184 1631 ob
216 1611 282 1630 eam
309 1599 427 1629 causam
447 1597 548 1638 (quod
568 1607 599 1627 tu
619 1597 737 1637 optime
755 1597 927 1628 existimare
946 1595 1050 1636 potes)
1073 1602 1101 1623 te

142 1643 281 1682 impedio
292 1662 300 1675 ‚
312 1651 373 1682 quo
384 1639 490 1670 minus
501 1639 668 1678 susceptum
682 1641 851 1679 negotium,
863 1648 917 1679 pro
927 1647 977 1668 tua
987 1635 1056 1669 fide,
1069 1635 1102 1665 δε

142 1685 318 1724 diligentia,
337 1693 375 1712 ex
391 1683 546 1712 voluntate
567 1681 686 1712 Caesaris
699 1701 708 1714 ‚
728 1683 780 1721 qui
800 1681 857 1711 tibi
874 1690 937 1710 rem
949 1688 1100 1721 magnam,

143 1725 362 1765 difficilemque
384 1722 556 1756 commisit,
577 1733 674 1763 gerere
684 1722 783 1763 pollis.
808 1725 889 1752 Nam
901 1731 971 1751 cum
983 1720 1072 1750 multi
1086 1719 1101 1749 ’ἶι

145 1778 196 1798 me
206 1776 306 1807 petant
317 1767 412 1796 multa
423 1785 431 1798 ‚
443 1764 525 1804 qued
537 1765 572 1794 de
585 1774 632 1794 tua
643 1774 708 1804 erga
718 1775 767 1794 nie
775 1765 930 1794 voluntate
940 1773 1003 1793 non
1014 1761 1103 1791 dubi-

144 1819 211 1840 tent
223 1830 230 1842 ,
251 1818 315 1838 non
332 1806 496 1837 com‘mi'tto
508 1826 516 1840 ,
537 1815 569 1836 ut
589 1806 756 1836 ambitione
767 1816 833 1835 mea
842 1805 1021 1835 conturbem
1033 1801 1103 1832 offi-

145 1854 228 1882 cium
251 1860 347 1880 tuum.
387 1851 420 1879 C.
445 1849 549 1878 Curtio
568 1847 604 1878 ab
622 1849 746 1877 ineunte
767 1856 851 1877 aetate
873 1843 1101 1877 familiai-istim&

146 1894 214 1924 sum
234 1893 314 1922 usus.
338 1891 411 1931 Ejus
431 1890 464 1920 ὃ(
480 1890 595 1920 Sullani
615 1889 803 1928 temporibus
823 1887 1018 1928 injustiss'ima
1029 1887 1104 1916 cala-

149 1937 251 1965 mitate
261 1933 364 1964 dolui:
377 1933 409 1963 8(
418 1931 489 1963 cum
504 1933 553 1965 iis,
566 1932 618 1972 qui
628 1929 758 1961 similem
770 1931 912 1968 injuriam
921 1936 1103 1970 acceperant,

147 1975 261 2008 amissis
270 1975 417 2006 omnibus
426 1974 569 2007 fortunis,
583 1973 695 2004 reditus
707 1975 849 2003 tamenin
858 1974 984 2014 patriam
994 1971 1106 2002 volun-

149 2028 208 2053 tate
217 2020 361 2048 omnium
376 2015 502 2047 concedi
513 2015 674 2052 videretur,
686 2015 801 2056 adjutor
811 2015 1033 2045 incolumitatis
1046 2012 1103 2042 fui.

146 2063 178 2092 1s
188 2061 276 2091 habet
285 2062 318 2090 in
327 2059 524 2090 Volaterrano
534 2055 746 2098 poffeffionem
758 2078 766 2091 ‚
791 2056 862 2088 curn
878 2059 910 2087 in
922 2066 987 2087 eam
997 2076 1008 2090 ‚
1032 2059 1108 2085 tam-

149 2113 240 2144 quam
260 2102 277 2133 ὲ
297 2101 450 2143 naufragio
461 2121 469 2134 ‚
489 2101 628 2141 reliquias
637 2098 817 2130 contulisset.
843 2102 911 2130 Hoc
920 2107 1018 2129 autern
1030 2105 1110 2127 tem-

150 2155 222 2185 pore
232 2154 301 2174 eum
313 2144 448 2173 Caesarin
460 2143 592 2173 senatum
604 2142 688 2183 legit:
711 2152 802 2182 quem
813 2142 955 2172 ordinem
966 2140 1018 2170 ille
1028 2159 1036 2173 ,
1058 2137 1111 2169 ista

151 2184 333 2227 poss'ess'ione
352 2183 455 2215 amissa
466 2204 474 2217 ,
500 2185 576 2214 tueri
587 2186 639 2214 vix
650 2184 755 2224 potest.
781 2182 1000 2214 Gravissimum
1010 2190 1110 2211 autem

152 2227 206 2262 est,
219 2227 290 2258 cum
304 2228 381 2267 supci
389 2229 434 2256 ior
443 2225 537 2256 suffitus
548 2224 581 2255 sit
591 2225 708 2259 ordine,
719 2225 896 2256 inferiorem
906 2223 962 2255 effe
973 2223 1093 2254 fortuna
1106 2233 1111 2252 :

154 2272 345 2309 minimeque
363 2270 509 2298 convenit
519 2289 528 2301 ,
549 2277 586 2297 ex
598 2277 633 2297 eo
645 2278 714 2308 agro
726 2288 734 2302 ,
756 2270 807 2308 qui
820 2265 1025 2307 Caesarisjuffu
1035 2265 1114 2295 divi-

155 2312 262 2345 datur,
280 2320 352 2341 eum
364 2311 500 2343 moveri,
525 2311 578 2349 qui
588 2309 705 2339 Caesaris
714 2308 865 2339 beneficio
877 2310 992 2339 senator
1002 2306 1046 2337 si:-
1059 2306 1114 2337 Sed

155 2355 234 2384 mihi
255 2355 358 2382 minus
377 2351 452 2382 libet
468 2351 562 2381 multa
575 2350 611 2380 de
619 2353 754 2391 aequitate
764 2352 806 2380 rei
816 2351 941 2381 scribere
955 2369 964 2384 ,
986 2359 1024 2379 ne
1034 2348 1118 2378 causa

152 2395 256 2437 potius
273 2394 350 2434 apud
373 2403 402 2424 te
414 2391 537 2424 valuisse
547 2392 665 2426 videar,
685 2402 775 2433 quam
785 2394 884 2434 gratia.
909 2390 1117 2432 Qamobrern
1175 2412 1244 2443 ff&
1337 2410 1368 2441 ff
1401 2409 1466 2441 dffi
1507 2411 1516 2439 l
1563 2411 1591 2440 .b
1664 2412 1694 2440 H
1779 2409 1796 2439 s
2020 2409 2046 2439 ,d

154 2447 185 2468 tc
196 2439 226 2467 in
243 2438 388 2476 majorem
402 2435 532 2465 modum
542 2444 625 2475 rogo,
637 2437 713 2465 utC.
726 2436 821 2464 Curtii
835 2440 1022 2466 rem‚meam
1034 2440 1119 2471 putes
1157 2424 1172 2444 ³
1198 2425 1212 2442 '³
1247 2422 1299 2442 um
1318 2422 1334 2441 e
1362 2422 1377 2440 ⁶
1423 2422 1431 2440 ¹
1468 2421 1504 2441 cu
1520 2420 1570 2441 tati
1593 2420 1639 2440 υς·
1697 2420 1732 2440 ⁰⁶
1748 2420 1775 2440 Εἰ
1789 2421 1799 2439 ¹
1815 2420 1982 2440 commune
1995 2420 2026 2440 Ἣ
2050 2417 2115 2439 emt

156 2478 233 2510 ess‘e:
256 2478 403 2519 quidquid
417 2486 484 2506 mea
491 2477 572 2507 causa
583 2476 693 2506 faceres
703 2496 712 2510 ,
723 2485 757 2506 ut
769 2475 799 2506 id
810 2478 842 2506 C.
855 2475 948 2506 Curtii
958 2471 1118 2505 causacum
1160 2454 1218 2485 este
1228 2464 1299 2484 cum
1311 2453 1415 2483 mums
1428 2463 1432 2481 ²
1443 2461 1545 2483 tamen
1557 2473 1566 2486 ’
1577 2453 1655 2482 m¹h¹
1664 2451 1751 2482 crede
1761 2472 1769 2487 ²
1781 2451 1953 2493 fingfflarffls
1962 2453 2033 2482 hmc
2043 2460 2121 2481 mu*

155 2520 262 2552 feceris
276 2541 284 2554 ,
296 2520 462 2552 existimes,
476 2518 559 2559 quod
572 2519 623 2548 ille
632 2528 683 2558 per
693 2528 742 2548 me
754 2518 899 2551 habuerit,
910 2516 942 2546 id
952 2526 1001 2546 me
1013 2515 1119 2545 habere
1162 2506 1277 2552 ¹¹¹⁰¹P¹⁰
1298 2493 1648 2567 ςαῙΞΠῊῖῗῙξπ-ὐπωὼῌε·
1672 2504 1744 2534 quas
1767 2495 1879 2551 {dffffo
1898 2503 1963 2524 non
1975 2501 2116 2524 comme‘

156 2563 208 2593 abs
220 2572 258 2594 te·
284 2564 352 2592 HOC
362 2571 388 2591 te
399 2562 594 2593 vehementer
604 2569 693 2591 enam
703 2569 788 2601 atque
800 2563 891 2590 etiam
903 2568 988 2600 rogo·
1164 2548 1253 2568 moio
1263 2558 1272 2571 ,
1292 2547 1330 2567 ne
1362 2547 1376 2566 e
1386 2547 1430 2566 mi
1447 2547 1517 2566 eiiis
1526 2546 1666 2567 meorum
1676 2535 1905 2566 necessarioium
1916 2544 2119 2577 conquerens,

1163 2582 1305 2610 homines
1322 2599 1330 2612 ,
1353 2588 1429 2619 quos
1440 2578 1533 2612 nolo,
1552 2579 1654 2608 videar
1662 2576 1824 2609 offendere.
1847 2581 1949 2619 Itaque
1960 2598 1968 2611 ‚
1989 2576 2043 2607 nisi
2053 2585 2120 2607 ma-

120 2628 142 2660 6
254 2619 298 2647 M·
312 2618 350 2647 T·
362 2618 395 2646 C·
419 2618 531 2688 (ὶμὲἒ
543 2618 569 2687 Ῑὸ
579 2618 666 2688 {g}
677 2618 723 2688 08³
744 2618 831 2688 ἓξὲξ·
855 2617 917 2646 OR
931 2617 955 2645 C
970 2615 1008 2644 AE
1018 2633 1028 2648 υ
1163 2632 1252 2663 gnam
1263 2622 1344 2661 spem
1355 2621 1493 2650 haberem
1505 2641 1513 2655 ‚
1527 2623 1560 2651 C.
1569 2620 1673 2651 Caesari
1682 2630 1738 2650 nos
1748 2621 1864 2662 causam
1875 2616 2036 2658 mum‘cipii
2045 2627 2120 2658 pro-

1166 2666 1299 2694 baturos:
1322 2673 1386 2692 non
1396 2672 1514 2693 eratcau
1520 2664 1545 2693 sa
1555 2683 1564 2696 ,
1583 2672 1635 2692 cur
1644 2662 1659 2692 a
1669 2672 1696 2692 te
1708 2661 1909 2702 hodtempore
1918 2659 2031 2701 aliquid
2039 2669 2117 2689 con-

225 2711 237 2738 1
248 2708 339 2742 vales,
350 2709 426 2738 bene
437 2707 480 2738 est
493 2719 497 2737 :
509 2709 605 2739 valeo.
629 2707 726 2738 Credo
738 2717 765 2738 te
777 2709 924 2737 memoria
933 2715 1033 2737 tenere
1044 2725 1053 2739 ,
1072 2714 1122 2735 me
1165 2706 1329 2736 tenderem.
1351 2705 1399 2735 sed
1420 2707 1489 2746 quia
1504 2703 1628 2736 confido
1640 2724 1648 2738 ,
1668 2706 1806 2746 mihique
1823 2701 1945 2744 persuasi
1957 2722 1965 2736 ,
1985 2702 2073 2731 illum
2083 2700 2119 2731 &

229 2751 259 2779 ἃ
269 2751 371 2780 curaui
383 2754 415 2781 Ρ.
429 2751 539 2790 Cuspio
548 2759 648 2780 tecum
658 2750 795 2780 locutum
807 2748 864 2780 effe
875 2770 884 2783 ,
903 2749 973 2779 cum
986 2758 1013 2778 te
1024 2747 1121 2788 prose-
1165 2748 1318 2788 dignitatis
1330 2748 1510 2786 municipii,
1521 2746 1552 2776 &
1563 2749 1712 2787 -aequitatis
1723 2748 1829 2780 ,etiam
1843 2745 2006 2774 voluntatis
2014 2753 2079 2783 erga
2089 2742 2118 2773 se

163 2800 269 2830 queror
295 2793 468 2831 paludatum
490 2803 495 2821 :
516 2793 549 2821 ὃς
567 2794 640 2822 item
659 2791 760 2831 postea
768 2791 904 2831 pluribus
915 2791 1012 2820 verbis
1024 2799 1121 2819 tecum
1167 2791 1339 2820 habiturum
1349 2787 1407 2818 effe
1417 2791 1563 2818 rationem
1576 2799 1580 2817 z
1593 2786 1663 2818 ideo
1673 2788 1688 2818 a
1697 2797 1725 2817 te
1736 2797 1797 2817 non
1807 2786 1941 2816 dubitavi
1951 2785 2120 2814 contende-

165 2831 253 2872 egisse
265 2853 272 2865 ,
294 2843 342 2867 itt,
363 2835 572 2874 quoscumque
592 2834 646 2876 tibi
661 2834 726 2873 ejus
736 2832 912 2864 necessarios
924 2825 1122 2862 commenda-

1167 2843 1196 2862 re
1208 2852 1216 2866 ,
1241 2841 1272 2861 ut
1290 2832 1365 2861 hanc
1382 2830 1500 2861 causam
1522 2830 1568 2859 illi
1587 2832 1731 2871 integram
1749 2829 1945 2858 conservares.
1968 2827 2060 2868 Qod
2068 2826 2120 2857 etfi

165 2883 230 2903 rem
242 2894 250 2906 ‚
272 2875 389 2904 haberes
410 2886 461 2905 eos
483 2878 512 2905 in
530 2885 659 2905 numero
670 2885 809 2905 meorum
822 2873 1064 2905 neceffariorum.
1088 2873 1122 2902 Id
1169 2872 1374 2904 nihilominus
1386 2872 1401 2901 a
1411 2880 1438 2901 te
1449 2869 1615 2911 peterem,si
1626 2870 1703 2900 nihil
1715 2867 1893 2899 audivissem
1905 2879 1934 2899 te
1945 2869 2000 2898 talc
2009 2866 2121 2899 fecisse:

166 2923 197 2944 tu
218 2925 272 2954 pio
292 2924 338 2944 tua
349 2917 463 2948 sumina
474 2928 538 2958 erga
549 2927 597 2946 me
610 2918 835 2949 benivolentia,
856 2925 1054 2956 perpetuaque
1066 2914 1123 2943 ob·
1166 2925 1269 2946 tamen
1298 2916 1445 2952 majorem
1473 2913 1552 2952 spem
1575 2911 1753 2951 impetrandi
1773 2910 1880 2941 nastus
1898 2911 1964 2941 sum
1984 2931 1992 2945 ,
2021 2909 2123 2950 postea

165 2956 311 2987 sei-varitia
321 2960 395 2986 mihi
409 2957 613 2989 liberalissime
628 2979 636 2992 ,
649 2968 735 2999 atque
747 2957 963 2987 humanissime}
972 2956 1120 2997 recepisti.

1168 2958 1258 2998 quim
1269 2958 1346 2986 mihi
1358 2954 1475 2985 dierum
1486 2953 1538 2987 est,
1558 2955 1614 2983 hoc
1626 2953 1707 2982 idem
1719 2954 1733 2982 a
1744 2961 1770 2982 tc
1779 2953 1956 2994 Regienseis
1966 2955 2121 2992 impretra-

167 2999 294 3038 Cuspius
310 3017 318 3031 ,
345 3000 438 3028 homo
452 3002 483 3029 iri
495 3003 614 3031 omneis
632 3002 700 3031 suos
719 2999 972 3033 officiosissimus,
994 2997 1122 3029 mirifice
1170 2997 1251 3031 visse.
1274 2996 1385 3040 quietsi
1399 3005 1426 3026 te
1435 2997 1533 3036 aliqua
1542 2993 2121 3036 neceffitudineattingunt:tamentuus

2036 3043 2123 3067 amor

1125 189 1270 230 quosdam
1283 190 1426 236 homines
1436 202 1474 222 ex
1485 191 1538 223 ista
1547 194 1701 233 provincia
1711 200 1809 224 tuetur
1818 213 1826 227 ‚
1839 190 1872 223 δε
1882 190 2000 234 diligit,
2011 201 2084 232 pro·

1127 232 1224 272 pterea
1234 231 1317 272 quod
1328 235 1386 263 luit
1400 235 1432 263 in
1442 233 1541 264 Africa
1551 235 1596 264 bis
1609 255 1617 268 ‚
1636 235 1707 265 cum
1719 236 1863 266 maximis
1877 234 2023 264 societatis
2035 244 2090 265 ne-

1127 276 1217 314 gotiis
1237 273 1376 314 praeess'ct.
1401 277 1443 305 Ita
1466 285 1503 305 ue
1523 276 1579 305 hoc
1599 277 1664 314 ejus
1681 276 1820 307 officium
1835 296 1843 310 ‚
1864 275 1947 317 quod
1967 275 2090 307 adhibet

1130 326 1195 357 erga
1205 316 1274 361 illos
1286 336 1294 349 ,
1307 327 1362 358 ego
1372 327 1438 347 mea
1460 317 1585 347 acultate
1596 337 1604 350 ‚
1617 318 1649 348 ὃς
1658 320 1748 360 gratia
1758 320 1850 352 soleo,
1862 327 2009 359 quantum
2019 316 2091 357 pos-

1132 358 1196 388 sum
1210 378 1218 390 ,
1229 357 1375 396 adjuvare.
1402 361 1498 400 Qare
1509 358 1727 398 Cuspianorum
1738 363 1883 390 omnium
1892 358 2092 390 commenda-

1131 401 1225 430 tionis
1244 401 1360 430 causam
1382 401 1435 430 hac
1454 400 1509 430 tibi
1522 399 1644 440 epistola
1655 402 1867 441 exponendam
1881 403 1995 442 putavi.
2021 401 2094 431 reli-

1132 444 1201 483 quis
1212 440 1348 480 epistolis
1358 441 1474 472 tantum
1486 441 1607 475 faciam,
1617 451 1656 472 .ut
1666 451 1768 473 notam
1778 454 1924 484 apponam
1937 453 2014 477 eam,
2025 451 2092 484 quae

1134 484 1211 513 mihi
1224 492 1322 514 tecum
1335 493 1480 514 convenit
1490 504 1499 517 ‚
1511 484 1544 514 δε
1554 481 1642 513 fimul
1654 483 1817 524 significem
1830 505 1838 519 ,
1849 485 1885 515 de
1894 495 2023 516 numero
2035 482 2094 514 esse

1135 526 1236 565 Cuspii
1249 528 1428 555 amicorum.
1453 526 1508 556 Sed
1521 527 1596 556 hanc
1605 527 1908 556 commendationem
1922 547 1930 560 ,
1943 537 2033 567 quam
2046 528 2093 556 his

1135 568 1240 597 litteris
1260 567 1433 609 consignare
1452 568 1557 601 volui,
1581 566 1718 598 scitoess'e
1729 570 1871 598 omniurn
1881 567 2092 609 gravissimam.

1136 612 1216 640 Nam
1240 612 1270 640 P.
1299 611 1426 650 Cuspius
1444 607 1582 651 singulari
1601 609 1702 640 studio
1711 609 1976 643 contenditame,
1997 620 2028 640 ut
2037 611 2094 641 tibi
2314 594 2337 633 Ι)

1136 652 1225 692 quam
1246 649 1472 692 diligentissime
1492 654 1528 681 L.
1541 652 1660 693 Julium
1671 651 1930 682 commendarem.
1954 653 2026 691 Ejus
2039 663 2095 694 ego

1137 693 1235 723 studio
1256 694 1309 723 vix
1329 693 1433 723 videor
1443 694 1519 723 mihi
1533 691 1697 724 satisfacere
1711 692 1792 733 poffe
1804 713 1812 728 ,
1834 691 1854 722 fi
1864 702 1927 723 utar
1935 694 2033 724 verbis
2042 697 2094 729 iis,

1136 736 1247 776 quibus
1270 756 1278 769 .
1298 746 1369 766 cum
1392 733 1621 776 diligentissime
1639 735 1712 776 quid
1733 737 1850 776 agimus
1860 755 1868 768 ‚
1888 737 1933 765 uti
1948 735 2094 766 solemus.

1139 780 1227 807 Nova
1239 778 1374 818 quaedam
1385 776 1528 817 postulat:
1541 777 1574 807 &
1582 786 1665 817 putat
1677 787 1726 806 me
1737 780 1801 816 ejus
1809 779 1926 818 generis
1934 775 2097 809 artificium

1138 818 1294 860 quoddam
1316 829 1424 849 tenere.
1449 821 1486 849 Ei
1507 829 1562 861 ego
1582 819 1736 859 pollicitus
1756 819 1821 848 sum
1833 839 1842 853 ‚
1863 829 1912 849 me
1932 829 1971 850 ex
1988 820 2099 851 intima

1140 859 1240 892 nostra
1261 870 1323 892 arte
1333 861 1562 901 depromturum
1575 860 1739 891 mirificum
1750 871 1844 901 genus
1853 862 2099 891 commendatio-

1142 905 1202 933 nis.
1225 903 1259 933 Id
1270 913 1364 944 quum
1376 901 1487 944 ass'equi
1500 913 1563 933 non
1574 901 1691 943 possum
1704 923 1712 936 ,
1733 912 1765 932 tu
1775 913 1804 933 re
1813 904 1908 934 velim
1922 901 2034 933 efficias
2044 898 2100 937 ,ut

1140 946 1193 975 ille
1211 956 1317 988 genere
1338 955 1473 975 mearum
1493 945 1658 975 litterarum
1679 945 1849 975 incredibili
1863 945 2014 985 quiddam
2031 955 2099 985 per-

1138 987 1253 1018 fe&um
1273 988 1439 1017 arbitretur.
1471 986 1504 1017 Id
1521 986 1631 1020 facies,
1652 985 1774 1017 fiomne
1790 997 1884 1028 genus
1904 987 2102 1022 liberalitatis.

1140 1030 1223 1070 quod
1245 1029 1278 1059 &
1291 1029 1325 1059 ab
1336 1030 1522 1059 humanitate
1534 1049 1542 1062 ,
1563 1028 1744 1069 &potestate
1757 1038 1805 1058 tua
1817 1027 1966 1068 proficisci
1977 1031 2097 1069 poterit,

1140 1082 1204 1101 non
1214 1070 1309 1101 modo
1319 1081 1350 1100 re
1363 1091 1371 1104 ,
1382 1070 1439 1100 sed
1451 1072 1539 1100 etiam
1552 1071 1652 1100 verbis
1662 1090 1670 1102 .
1695 1075 1704 1090 ¹
1718 1071 1803 1100 vultu
1814 1071 1944 1111 denique
1953 1081 2100 1111 exprom-

1141 1113 1209 1143 seris
1226 1122 1308 1152 :quae
1318 1112 1465 1152 quantum
1477 1113 1508 1140 in
1519 1114 1675 1151 provincia
1683 1112 1798 1142 valeant
1807 1132 1816 1146 ‚
1835 1113 1946 1142 vellem
1958 1122 2098 1152 expertus

1140 1154 1222 1185 effes.
1245 1154 1300 1184 Sed
1321 1163 1422 1183 tamen
1442 1153 1571 1192 suspicor
1584 1172 1592 1185 =
1621 1153 1719 1192 ipsum
1738 1155 1897 1184 hominem
1910 1174 1919 1186 ‚
1939 1164 2032 1194 quem
2041 1156 2100 1185 tibi

1139 1195 1326 1226 commendo
1340 1216 1348 1228 ‚
1361 1195 1539 1235 perdignum
1550 1193 1608 1225 effe
1618 1203 1668 1225 tua
1676 1196 1808 1224 amicitia
1819 1205 1824 1224 2
1836 1205 1900 1225 non
1911 1196 2102 1236 solum,quia

1140 1240 1218 1268 mihi
1238 1238 1365 1277 Cuspius
1385 1237 1477 1270 dicit,
1495 1235 1585 1266 credo
1597 1257 1606 1270 ‚
1626 1235 1763 1276 (tametsi
1787 1236 1819 1267 id
1837 1237 1902 1267 satis
1911 1235 1970 1267 effe
1981 1237 2099 1278 debeat)

1141 1280 1190 1310 sed
1207 1282 1277 1320 quia
1301 1281 1373 1310 novi
1384 1289 1449 1318 ejus
1459 1279 1606 1316 judicium
1620 1281 1653 1308 in
1662 1278 1860 1313 hominibus,
1886 1279 1919 1309 δε
1929 1281 2036 1309 amicis
2045 1279 2104 1310 de-·

1141 1323 1279 1364 ligendis.
1305 1324 1421 1352 Harum
1438 1321 1603 1350 litterarum
1623 1323 1668 1351 vis
1676 1319 1784 1361 quanta
1792 1320 1902 1355 fuerit,
1920 1321 2098 1361 propediem

1138 1364 1281 1405 judicabo
1295 1375 1300 1392 :
1322 1364 1437 1404 tibique
1447 1383 1456 1397 ‚
1469 1373 1501 1393 ut
1510 1361 1634 1393 confido
1646 1382 1654 1396 ,
1666 1364 1770 1404 gratias
1781 1373 1874 1403 agam.
1898 1366 1961 1404 Ego
1974 1384 1982 1397 ‚
1993 1374 2058 1404 quae
2069 1372 2099 1393 te

1142 1407 1221 1437 velle
1230 1426 1238 1439 ,
1258 1415 1385 1446 quaeque
1395 1405 1429 1435 ad
1441 1414 1469 1435 te
1477 1407 1627 1445 pertinere
1635 1405 1798 1435 arbitrabor
1808 1425 1816 1439 ‚
1838 1407 1941 1435 omnia
1952 1404 2099 1440 studiose,

1141 1449 1359 1490 diligenterque
1379 1447 1500 1477 curabo.
1525 1450 1600 1477 Cura
1621 1456 1653 1477 ut
1673 1447 1782 1477 valeas.
1804 1450 1837 1477 Ρ.
1849 1448 2008 1477 Cornelius
2018 1468 2026 1482 ‚
2047 1448 2102 1488 qui

1143 1491 1198 1521 tibi
1211 1491 1321 1519 litteras
1332 1489 1434 1523 dedit,
1447 1488 1490 1522 est
1502 1490 1606 1519 miliia
1619 1492 1649 1519 P.
1663 1489 1774 1529 Cuspio
1783 1489 2015 1519 commendatus
2029 1499 2102 1519 :cu-

1139 1534 1188 1573 jus
1198 1532 1281 1563 causa
1289 1541 1401 1572 quanto
1415 1541 1503 1571 opere
1512 1540 1651 1571 cuperem
1663 1551 1671 1564 ,
1686 1531 1898 1572 deberemque,
1908 1530 2047 1571 Ρτοέεᾶὶὸ
2058 1541 2098 1562 ex

1144 1584 1193 1604 me
1211 1574 1297 1604 facilc
1308 1572 1453 1614 cognosti.
1477 1574 1681 1602 Vehementer
1695 1581 1722 1602 te
1732 1582 1806 1614 rogo
1816 1592 1825 1607 ,
1845 1582 1877 1603 ut
1885 1582 1971 1602 cures
1984 1592 1993 1607 ‚
2019 1580 2052 1602 ut
2061 1582 2100 1603 ex

1144 1617 1198 1646 hac
1212 1615 1481 1646 commendatione
1492 1615 1569 1644 mihi
1579 1615 1705 1654 Cuspius
1714 1615 1805 1655 quam
1816 1616 1965 1645 maximas
1977 1634 1987 1649 ‚
2007 1614 2112 1656 quam·

1144 1657 1385 1699 primum,qu‘am
1399 1652 1553 1696 saepiffime
1563 1658 1667 1696 gratias
1676 1665 1748 1697 agat.
1772 1657 1855 1686 Vale.
1993 1657 2000 1661 ”

1364 1701 1503 1729 M.T.C.
1529 1700 1881 1731 CLUVlO‚S.P.D.
2123 1703 2145 1740 7

1153 1739 1296 1817 CUM
1314 1742 1346 1770 in
1359 1741 1489 1770 Galliam
1500 1738 1704 1780 proficiscens,
1715 1749 1768 1779 pro
1779 1739 1878 1770 nostra
1890 1738 2102 1770 necessitudine

1238 1783 1324 1823 (quae
1336 1791 1385 1812 tua
1399 1782 1517 1811 summa
1527 1784 1559 1811 in
1571 1791 1619 1810 me
1634 1781 1840 1821 observantia)
1863 1782 1898 1812 ad
1912 1791 1960 1811 me
1971 1781 2102 1812 domum

1148 1824 1297 1858 veniss'es,
1317 1825 1434 1854 locutus
1455 1824 1518 1853 sum
1538 1832 1636 1853 tecum
1660 1822 1695 1852 de
1706 1833 1775 1863 agro
1784 1822 1924 1864 ve&igali
1940 1824 2104 1863 municipii

1151 1868 1301 1900 Atellani,
1320 1867 1372 1907 qui
1386 1864 1458 1895 ess'et
1468 1866 1499 1895 in
1511 1865 1625 1895 Gallia:
1646 1874 1818 1905 quantoque
1827 1866 1987 1905 opereejus
2000 1866 2106 1894 mimi-

1147 1908 1313 1950 ciprieausa
1325 1907 1490 1938 laborarem
1508 1927 1516 1941 ,
1537 1905 1729 1937 tibiostendi.
1752 1906 1821 1937 Post
1832 1917 1912 1937 tuam
1923 1916 2023 1937 autem
2032 1916 2102 1945 pro-

1147 1951 1315 1982 feffionem
1327 1970 1336 1984 ‚
1356 1948 1428 1980 curn
1451 1949 1483 1979 δε
1504 1951 1639 1979 maxima
1655 1958 1698 1979 res
1716 1950 1878 1989 municipii
1891 1947 2103 1983 honestissimi,

1149 1996 1286 2034 mihique
1297 1990 1535 2031 conjunffiffimi
1546 2011 1554 2025 ,
1567 1991 1599 2022 δε
1609 1992 1764 2021 summum
1775 2001 1878 2021 meum
1890 1989 2027 2021 officium
2037 2000 2107 2032 age-

1148 2045 1227 2067 retur
1243 2056 1252 2070 ,
1272 2045 1327 2076 pro
1345 2043 1398 2064 tuo
1413 2036 1520 2064 animo
1538 2035 1570 2063 in
1590 2043 1641 2063 me
1660 2031 1798 2074 singulari
1815 2053 1824 2068 ,
1847 2031 2035 2067 existimavi,
2055 2042 2106 2063 me

1150 2087 1286 2119 oportere
1296 2077 1332 2107 ad
1342 2085 1370 2107 te
1380 2074 1543 2106 accuratius
1556 2075 1680 2105 scribere
1694 2074 1757 2105 :etsi
1769 2086 1832 2106 non
1845 2075 1912 2105 sum
1925 2075 2040 2105 nescius
2051 2082 2060 2109 '2
2071 2075 2113 2106 δε·

1150 2131 1216 2162 quae
1233 2128 1408 2159 temporum
1425 2119 1499 2148 ratio
1511 2138 1519 2151 ‚
1540 2117 1573 2147 &
1590 2127 1656 2159 quae
1667 2126 1714 2148 tua
1723 2117 1850 2158 potestas
1863 2116 1912 2147 fit:
1927 2117 2043 2158 tibique
2052 2126 2109 2146 ne-

1150 2164 1271 2204 gotium
1290 2162 1394 2192 datum
1413 2158 1470 2190 effe
1489 2160 1546 2191 aC.
1558 2160 1687 2194 Caesai·e,
1707 2160 1929 2200 nonjudicium
1941 2179 1949 2192 ,
1970 2156 2110 2199 praeclare

1153 2205 1300 2246 intelligo.
1324 2206 1422 2244 Qare
1440 2201 1456 2232 a
1477 2211 1504 2232 te
1523 2211 1639 2232 tantum
1657 2210 1727 2242 peto
1740 2222 1749 2235 ‚
1767 2210 1913 2242 quantuni
1933 2201 2003 2230 &te
2014 2199 2110 2230 facere

1153 2245 1237 2287 posse
1249 2267 1258 2279 ‚
1279 2246 1312 2276 &
1329 2245 1458 2275 libenter
1478 2243 1646 2278 meacausa
1663 2242 1813 2273 helmum
1831 2242 1888 2273 effe
1907 2242 2045 2272 arbitror.
2070 2243 2110 2271 Et

1156 2287 1289 2329 primum
1302 2287 1396 2318 velim
1407 2285 1573 2319 existimes,
1584 2285 1666 2326 quod
1676 2295 1723 2315 res
1736 2284 1789 2319 est,
1804 2285 1966 2324 municipii
1975 2282 2111 2313 fortunas

1157 2331 1279 2361 omneis
1298 2331 1331 2359 in
1345 2327 1402 2358 isto
1413 2328 1551 2369 veffigali
1564 2325 1720 2357 consistere
1737 2337 1742 2356 :
1754 2327 1801 2356 his
1810 2335 1911 2357 autem
1922 2325 2113 2366 temporibus

1159 2374 1215 2402 hoc
1237 2372 1440 2409 municipium
1470 2371 1614 2399 maximis
1635 2368 1777 2398 oneribus
1795 2366 1925 2408 prefl‘um
1943 2387 1952 2402 ‚
1982 2368 2117 2398 summis>

177 3138 181 3142 Β
204 3111 226 3128 ι.
248 3104 317 3128 Vnsiu
328 3101 424 3135 deni-7³¹8
434 3104 605 3142 t·.2·s›·pml?1*i2⁴.]
627 3106 656 3131 Iii
670 3104 798 3131 Medicam
809 3111 866 3131 crat
879 3123 886 3135 ,
907 3111 937 3129 ut
948 3111 1023 3130 nutat
1037 3105 1126 3139 Egna-
1151 3116 1152 3121 =
1172 3104 1230 3130 tino
1240 3103 1325 3133 sexto,
1339 3103 1456 3128 Vaticani
1468 3103 1613 3137 excerptis,
1625 3091 1685 3129 crat*
1702 3092 1776 3130 [fehe
1786 3092 2008 3130 iisstewechiano
2018 3103 2045 3128 δε
2058 3101 2125 3127 Hit-

163 3144 216 3178 tius
227 3138 258 3164 ad
269 3148 341 3164 oriiiii
355 3138 545 3180 prinizeseditiir
561 3149 579 3163 is
594 3158 601 3169 ,
622 3150 651 3164 cx
667 3142 800 3173 presteris,-
821 3140 889 3167 unde
900 3140 979 3166 credo
993 3139 1126 3166 »lierni-ius
1146 3134 1149 3168 l
1171 3140 1302 3173 torpiaiio.
1324 3139 1578 3173 viilgc)‚·exp›·e(]bris.
1599 3139 1656 3168 Alii
1667 3114 1768 3169 addunt
1779 3159 1788 3173 ‚
1801 3141 1878 3176 fronte
1886 3141 1959 3166 vultu
1968 3140 2064 3175 denique
2072 3144 2126 3169 exp·

161 3174 229 3203 iecit
239 3177 399 3221 exprompseris
410 3179 483 3202 recte
495 3185 501 3203 2
523 3175 604 3211 idque
614 3186 692 3203 ouiiie
704 3178 767 3204 totis
778 3177 896 3214 apicibus
913 3178 1000 3213 reperi
1011 3177 1038 3205 iii
1050 3177 1125 3206 Paia-
1141 3172 1147 3213 Ι
1169 3176 1255 3203 nescio
1266 3174 1361 3212 quibus
1372 3174 1589 3204 auetoritatibus.

2036 3220 2061 3240 ι.
2071 3215 2132 3247 ‘Rom
