2337 3400
116 177 163 211 47

114 1893 165 1938 '49

589 85 661 132 M,
741 81 1104 129 Tonzir

417 167 605 200 CICERO
627 164 849 195 ATTICO,
872 163 901 192 S-

254 218 466 250 OsTr-:AQJAM
479 208 527 238 abs
538 215 565 238 te
578 211 587 227 ¹
601 209 864 238 ,Affamenmomon
877 209 909 232 ut
921 201 1043 232 vettii-em
1054 199 1137 240 (nam

185 216 243 292 P
255 256 283 285 id
294 263 415 295 quoque
430 249 562 281 fecissem
575 269 584 282 ,
597 228 656 278 nisi
664 250 835 288 Torquatus
847 243 935 281 ess‘ct)
958 243 1008 275 sed
1023 252 1054 273 ut
1069 243 1138 274 scri-

178 298 279 329 berem
293 316 301 330 ,
322 299 336 315 ²
360 294 457 334 tetigit
479 301 558 322 aures
569 291 685 320 numius
695 309 703 322 ‚
721 287 878 328 exremplo
888 285 1023 317 instituta
1037 284 1137 318 omisi,

178 349 221 371 ea,
232 348 297 379 quie
308 339 339 367 in
351 335 492 367 manibus
504 333 660 366 habebam,
671 331 776 371 abjeci,
787 329 868 371 quod
879 326 997 364 iusseras
1006 327 1136 358 edolavi.

179 383 229 410 Tu
241 380 334 410 velim
348 380 363 409 ἐ
372 378 486 409 Pollice
497 375 658 417 cognoscas
667 382 797 404 rationes
807 370 921 401 nostras
929 370 1138 410 sumptuarias.

179 431 264 462 turpe
278 420 320 451 est
337 430 421 451 enim
433 418 522 449 nobis
533 418 620 448 iilum
634 435 643 449 ,
662 415 887 456 qualiscumque
896 411 937 443 est
949 431 957 445 ‚
971 414 1029 442 hoc
1037 413 1138 451 primo

177 473 260 494 anno
277 472 374 503 egere.
396 460 461 502 post
479 459 708 490 moderabimur
727 457 913 497 diligentius.
936 454 1022 485 Idem
1033 454 1139 484 Pollex

178 505 378 537 remittendus
396 502 458 536 est,
479 511 512 532 ut
530 502 581 531 ille
601 508 710 530 cernat.
731 498 823 530 Plane
843 497 985 528 Puteolos
1004 494 1139 526 nonfuit

179 547 327 578 eundum,
337 556 408 577 cum
420 546 461 575 ob
472 554 504 575 ea
516 553 581 584 qua:
591 542 627 572 ad
637 551 665 571 te
676 539 771 581 scripsi
784 561 792 576 ,
808 549 874 570 tum
885 538 966 581 quod
980 538 1076 568 Caesar
1090 537 1138 567 id—

179 588 233 620 est.
260 588 418 618 Dolabella
429 586 529 617 scribit
543 585 569 614 se
580 584 614 615 ad
627 593 675 614 me
687 582 829 624 postridie
840 582 921 612 Idus.
933 579 952 611 ὃ
963 579 1138 621 magistrum

180 630 363 661 molestum!
386 628 518 668 Lepidus
537 626 572 657 ad
593 636 641 656 me
660 627 723 656 heri
735 626 848 664 vesperi
862 625 972 654 litteras
983 621 1063 652 misit
1075 624 1139 651 An-

179 674 241 704 tio:
264 682 334 702 nam
345 672 387 702 ibi
400 680 476 701 erat:
502 669 590 699 habet
602 671 687 698 enim
700 667 772 697 dom
779 677 829 697 um
841 685 850 700 ,
863 675 953 708 quam
965 674 1020 695 nos
1032 663 1138 694 vendi-

179 715 298 745 dimus:
321 722 403 752 rogat
427 720 607 753 magnopere
630 719 663 740 ut
684 708 738 739 fim
750 712 835 739 ΚΑι..
849 709 882 738 in
891 710 1018 740 Senatu,
1044 715 1092 735 me
1106 705 1139 735 &

181 755 236 787 fibi
254 775 263 789 ,
289 756 321 785 &
344 756 450 786 Caesari
467 754 661 784 vehementer
677 761 793 793 gratum
813 749 871 780 effe
888 748 1048 780 faCturum.
1067 757 1141 788 puto

181 797 324 839 equidem
349 794 505 827 nihilcsse.
530 793 744 825 dixiss‘eteiiim
757 790 940 823 tibifortass'e
955 790 1066 831 aliquid
1080 792 1141 829 Op-

181 843 249 886 pius
260 851 268 873 3
285 841 433 880 quoniam
446 838 553 868 Balbus
565 836 607 866 est
617 846 702 876 aeger.
728 836 776 865 sed
788 844 889 865 tamen
903 842 1028 864 MALIM
1038 842 1142 861 venire

180 881 296 914 frustra,
309 883 402 921 quam
418 877 609 911 desiderari,fi
619 887 694 918 opus
705 875 775 907 efl'et
787 887 792 905 :
805 874 931 907 moleste
941 875 1049 905 ferrem
1060 872 1142 914 post-

183 934 226 954 ea.
250 926 349 964 itaque
367 923 459 953 hodie
477 923 579 951 Antii:
606 929 670 950 cras
688 928 755 949 ante
773 918 933 948 meridiem
946 937 954 951 ,
973 915 1070 946 domi.
1093 918 1142 946 Tu

180 967 289 998 velim,
300 963 354 995 nisi
365 975 392 995 te
411 960 607 1003 impedivisti‚
619 960 697 1001 apud
706 970 761 990 nos
769 960 875 1000 pridie.
898 960 963 989 Kal.
976 968 1046 988 cum
1058 959 1141 987 Pilia.

181 1011 230 1040 Te
249 1008 334 1047 spero
356 1017 426 1037 curn
442 1005 573 1036 Publilio
583 1001 754 1034 confeciss'e.
789 1005 930 1043 equidem
941 1001 1005 1030 Kal.
1019 1002 1051 1029 in
1064 999 1143 1029 Tus-

178 1050 322 1082 culanum
347 1057 506 1079 recurram.
553 1056 603 1075 me
621 1055 706 1075 enim
727 1045 847 1075 absente
867 1046 974 1073 omnia
990 1051 1060 1072 cum
1082 1042 1143 1070 illis

180 1090 296 1132 transigi
310 1091 400 1121 malo.
425 1092 461 1127 Q.
474 1088 570 1119 fratris
582 1086 740 1128 epistolam
751 1087 785 1117 ad
797 1096 823 1116 te
835 1084 913 1119 misi,
931 1094 994 1115 non
1010 1084 1076 1113 satis
1089 1085 1143 1112 'riu-

180 1134 272 1165 mane
291 1133 341 1162 illa
357 1132 481 1174 quidem
501 1129 734 1171 respondentem
746 1129 939 1159 meislitteris
950 1147 959 1159 ,
982 1125 1030 1156 sed
1043 1134 1144 1155 tamen

179 1176 262 1218 quod
271 1174 328 1205 tibi
336 1175 403 1206 satis
414 1172 459 1208 fit,
471 1182 503 1203 ut
514 1171 655 1213 equidem
666 1170 822 1201 existimo.
852 1179 883 1200 tu
900 1168 1027 1198 videbis.

420 1216 612 1246 CICERO
632 1214 846 1245 ATTICO,
868 1214 896 1241 S.

181 1258 277 1337 H
291 1261 316 1291 E
326 1269 347 1290 R
361 1268 376 1289 ii
399 1256 579 1298 nescioquid
590 1258 622 1285 in
633 1254 756 1295 strepitu
768 1254 872 1284 videor
883 1249 1033 1283 exaudisse
1046 1270 1054 1285 ‚
1073 1260 1144 1281 cum

280 1302 393 1332 diceres
412 1309 439 1331 te
457 1302 489 1330 in
500 1298 708 1329 Tusculanum
721 1304 883 1327 venturum
897 1305 903 1324 ε
922 1293 1004 1335 quod
1016 1297 1144 1326 utinam3

177 1345 288 1374 iterum
301 1346 418 1374 utinam
431 1354 439 1376 ς
451 1351 504 1372 tuo
516 1349 615 1371 tamen
627 1338 807 1370 commodo.
830 1339 925 1377 Lepta
934 1346 985 1366 me
996 1343 1089 1377 rogat,
1101 1345 1144 1369 ut,

177 1383 201 1415 fi
220 1386 295 1427 quid
317 1384 371 1416 fibi
391 1394 467 1425 opus
478 1382 510 1413 sit
522 1403 530 1417 ,
549 1390 709 1412 accurram.
734 1389 873 1411 mortuus
882 1381 969 1409 enim
980 1378 1145 1407 Babullius.

180 1428 275 1458 Caesar
289 1448 297 1462 ‚
320 1428 452 1468 opinor,
472 1435 509 1456 ex
529 1426 633 1456 uncia:
653 1421 704 1454 etsi
721 1423 801 1453 nihil
815 1421 926 1452 adhuc:
947 1420 1098 1460 sedLepta
1107 1428 1147 1449 ex

179 1471 299 1501 triente.
334 1477 453 1501 veretur
471 1477 573 1498 autern
589 1476 627 1496 ne
647 1475 713 1496 non
731 1466 819 1495 liceat
834 1471 922 1493 tenere
939 1462 1146 1496 hereditatem,

179 1513 308 1555 ὦλᾶγυς
326 1520 459 1549 omnino
470 1530 479 1553 ς
503 1518 552 1548 sed
571 1525 687 1547 veretur
712 1525 824 1546 tamen.
844 1517 868 1545 is
891 1511 1147 1556 igitursiaccierin

177 1569 350 1595 accurrat-113
364 1558 408 1591 fin
427 1558 533 1590 minus
545 1579 552 1593 ‚
573 1562 586 1586 3
598 1567 758 1599 antequam
775 1554 890 1586 necesse
904 1558 970 1585 erit.
993 1558 1044 1586 Tu
1055 1555 1149 1585 Polli·

178 1611 247 1632 cem
260 1621 269 1636 ‚
292 1597 365 1632 curn
385 1603 506 1642 poteris.
528 1604 546 1627 4
556 1600 774 1632 Laudationem
786 1597 962 1643 Porciaetjbi
972 1595 1038 1626 misi
1049 1605 1153 1632 corre-

180 1641 280 1673 etam:
302 1653 334 1674 ac
353 1642 391 1673 eo
408 1644 576 1684 properavi,
598 1651 630 1672 ut
650 1640 758 1671 siforte
778 1649 830 1671 aut
840 1641 986 1670 Domitio
998 1636 1064 1668 filio
1078 1657 1086 1672 ,
1099 1642 1149 1668 aut

179 1685 274 1716 Bruto
298 1686 487 1719 mitteretur,
508 1685 571 1714 haec
595 1684 777 1714 mitteretur.
798 1680 924 1712 idfitibi
935 1683 992 1710 erit
1002 1689 1148 1710 commo-

180 1725 256 1757 dum
268 1747 275 1760 ,
298 1736 480 1768 magnopere
492 1735 577 1756 cures
591 1726 686 1755 velim
699 1735 704 1753 2
727 1725 759 1755 &
771 1724 865 1753 velim
876 1725 920 1753 M.
936 1724 1079 1752 Varronis
1090 1742 1099 1754 ‚
1113 1721 1147 1751 δε

180 1769 299 1798 5Lollii
312 1777 413 1798 mittas
423 1768 643 1800 laudationem,
661 1766 881 1806 Lollii-utique.
901 1773 972 1794 nam
984 1764 1068 1793 illam
1080 1764 1149 1805 legi·

179 1811 255 1841 volo
274 1819 378 1841 tamen
396 1808 542 1851 regustm·e.
563 1807 702 1850 quaedam
721 1808 806 1838 enim
821 1815 874 1837 vix
887 1804 1067 1836 mihicredo
1081 1802 1152 1835 ⁶·le-

182 1851 256 1893 giffe
266 1862 326 1883 me.

181 91 279 162 906

415 1894 611 1924 CICERO
642 1892 868 1924 ATTICO,
888 1893 919 1922 S.

179 1934 195 1967 7
240 1935 269 1994 Δ
300 1938 431 1967 'ruere
447 1934 583 1976 primum
594 1934 718 1965 salutem
729 1953 737 1967 ,
762 1943 853 1974 quam
867 1931 1009 1974 equidem
1022 1932 1083 1961 ruri
1093 1929 1150 1961 effe

302 1977 437 2008 arbitror.
459 1978 587 2008 multam
611 1977 702 2016 igitur
720 1975 845 2006 salutem
866 1974 900 2005 &
917 1974 1012 2005 Piliae.
1036 1976 1084 2003 De
1095 1974 1153 2003 Ti-

177 2020 272 2064 gellio
284 2039 294 2053 ‚
313 2018 408 2060 siquid
428 2021 521 2050 novi:
540 2020 593 2060 qui
609 2017 735 2059 quidem
748 2037 758 2052 ,
777 2026 811 2052 ut
829 2019 908 2047 mihi
920 2016 1027 2046 Gallus
1043 2015 1151 2046 Fabius

179 2067 317 2109 scripsit,
341 2060 481 2105 μ’ἱμψίν
503 2061 646 2102 οὲναΦέρᾶ
665 2067 742 2097 mihi
760 2067 911 2108 quandam
922 2067 966 2096 ini
990 2064 1153 2098 uisi'iinam,

184 2120 236 2141 me
249 2112 387 2142 Phameae
396 2107 522 2140 defuisse
535 2129 544 2144 ,
565 2107 637 2140 cum
650 2110 716 2149 ejus
724 2109 843 2140 causam
857 2109 967 2148 recepis
983 2118 1033 2137 em
1045 2118 1050 2137 ς
1062 2117 1152 2148 quam

179 2152 308 2224 quidem
330 2161 498 2192 receperam
508 2159 611 2181 contra
621 2160 732 2190 pueros
741 2150 882 2181 O&avios
893 2153 949 2181 Cn.
962 2148 1043 2180 filios
1051 2160 1104 2179 non
1114 2149 1153 2178 li-
1171 2145 1173 2173 ἶ

203 2202 299 2224 enter:
319 2194 367 2224 sed
389 2196 421 2224 &
440 2195 579 2224 Phameae
593 2193 678 2223 causa
689 2193 840 2223 volebam.
864 2192 1017 2223 eratenim
1034 2212 1042 2226 ,
1055 2190 1075 2221 si
1088 2201 1155 2221 me-

182 2235 304 2267 ministi
313 2255 322 2270 ‚
349 2238 382 2265 in
393 2235 574 2266 Consulatus
585 2236 732 2275 petitione
742 2243 831 2275 perte
848 2236 927 2265 mihi
938 2235 1091 2274 pollicitus
1103 2253 1118 2267 ,.
1133 2231 1153 2262 fi

182 2278 257 2320 quid
267 2287 344 2318 opus
356 2276 442 2308 efl'et:
464 2277 547 2318 quod
557 2286 612 2318 ego
623 2277 747 2316 perinde
760 2277 863 2307 tuebar
885 2297 895 2311 ,
916 2276 981 2317 acfi
989 2276 1053 2316 usus
1065 2274 1151 2312 effi’m.

182 2321 210 2357 is
228 2320 264 2351 ad
276 2329 326 2350 me
337 2321 424 2350 venit
434 2338 443 2353 ,
467 2320 607 2360 dixitque
615 2319 752 2357 judicem
763 2328 884 2359 operam
897 2318 963 2349 dare
975 2316 1029 2347 sibi
1038 2317 1153 2348 consti-

183 2360 272 2393 tuiffe
288 2372 326 2392 eo
349 2361 398 2392 die
417 2360 502 2401 ipso,
523 2370 585 2402 quo
605 2359 643 2389 de
663 2358 758 2390 Sestio
774 2359 880 2391 nostro
892 2361 955 2402 lege
965 2360 1153 2400 Pompejain

183 2402 350 2437 confilium
370 2405 408 2434 iri
426 2400 542 2434 necesse
551 2409 622 2433 erat.
644 2401 700 2432 scis
713 2404 799 2433 enim
811 2402 874 2433 dies
885 2403 1009 2432 illorum
1018 2401 1154 2442 judicio-

228 2527 252 2545 ι.
273 2522 442 2553 υίςανηεηιηο,
460 2526 505 2543 non
523 2523 550 2543 ut
568 2516 701 2552 venirem]
722 2517 764 2544 Ita
783 2517 898 2544 restituit
916 2516 1063 2544 Viestorius.
1083 2517 1156 2554 prius

188 2553 281 2581 decrat
292 2554 422 2591 particula
433 2563 488 2579 non.

1186 83 1728 138 Cretaei-trs

1178 173 1244 195 rum
1256 163 1434 213 praestitutos
1444 164 1686 209 fuisse-respondi
1695 179 1760 201 non
1770 170 1905 213 ignorare
1917 179 1986 203 eum
2040 171 2141 215 idssego

1180 206 1321 253 deberem
1331 205 1426 251 Sestio
1441 217 1551 255 :quem
1560 212 1651 241 vellet
1662 231 1672 245 ,
1682 212 1776 243 alium
1787 214 1868 244 diem
1882 212 1900 244 si
1912 180 2065 250 sumsi‘iilen
2084 223 2138 246 me

1179 259 1206 279 ei
1217 248 1478 294 nonderuturum.
1501 258 1542 280 ita
1552 259 1616 281 tum
1628 253 1680 283 ille
1689 252 1922 286 disceffitiratus.
1936 265 2009 296 puto
2020 266 2069 286 me
2081 256 2140 287 tibi

1180 289 1316 321 narrafle.
1329 300 1392 320 non
1404 291 1534 321 laboravi
1545 292 1724 327 scilicet,nec
1736 297 1874 328 hominis
1882 298 1972 328 alieni
1983 296 2145 335 injustiffi·

1180 342 1263 363 mam
1278 331 1461 362 iracundiam
1477 334 1553 364 mihi
1564 335 1724 366 curandam
1736 341 1845 377 putavi.
1859 339 1947 370 Gallo
1958 349 2056 370 autem
2071 348 2142 370 nar-

1180 376 1252 408 ravi,
1263 373 1336 404 cuin
1345 374 1488 414 proxime
1497 377 1608 406 Romae
1617 375 1749 417 fui,quid
1759 379 1916 416 audissem3
1926 392 2021 423 neque
2035 382 2140 412 nomi-

1179 418 1246 447 navi
1257 416 1384 446 Balbum
1396 418 1564 447 minorem.
1585 417 1700 448 Habuit
1710 420 1795 451 suum
1807 426 1962 462 negotium
1974 424 2090 458 Gallus,
2106 431 2141 454 ut

1178 458 1287 489 scribit.
1299 453 1314 477 3
1325 459 1365 488 ait
1375 458 1528 493 illum‚me
1539 460 1632 488 animi
1643 460 1902 504 c071fi1e71tia,quod
1914 467 2073 496 Phameam
2085 465 2141 495 de-

1177 499 1336 532 stituiss'em
1351 520 1360 534 ,
1374 500 1410 530 de
1421 500 1449 531 se
1461 501 1608 541 suspicari.
1631 511 1719 542 quare
1733 503 1787 533 tibi
1798 504 1939 536 hastenus
1956 508 2067 537 mando
2077 527 2086 541 ,
2101 506 2140 538 de

1177 544 1232 573 illo
1244 541 1358 576 nostro,
1372 540 1392 572 si
1402 543 1475 583 quid
1489 546 1601 583 poteris
1612 546 1768 584 exquiras:
1782 544 1819 575 de
1832 556 1880 576 me
1890 549 2000 588 nequid
2013 549 2138 579 labores.

1179 585 1255 615 EST
1264 585 1441 615 BELLUM
1458 586 1592 626 aliquem
1611 585 1743 617 libenter
1755 585 1868 622 odiss'e3
1890 592 1905 616 9
1915 589 1974 624 est,
1992 593 2022 609 ¹0
2031 600 2142 632 quem-

1178 626 1345 657 admodum
1361 636 1425 656 non
1443 627 1590 657 omnibus
1601 627 1716 658 servire.
1735 627 1785 659 etsi
1799 630 1969 660 mehercule
1980 650 1989 664 ,
2005 641 2037 662 ut
2049 642 2078 662 tu
2090 634 2142 663 in-

1182 668 1292 710 telligis
1303 687 1312 703 ,
1324 670 1418 710 magis
1427 670 1505 699 mihi
1516 668 1718 704 istiservi'unt,
1729 668 1749 700 fi
1757 671 1910 702 observare
1921 673 2028 704 servire
2037 673 2090 704 est.

1421 731 1616 761 CICERO
1637 733 1851 767 ATTICO,
1874 735 1902 763 S.

1273 788 1461 817 Diuomrus
1479 786 1657 827 quibusdam
1684 789 1744 817 tuis
1757 788 1883 822 litteris,
1906 796 1939 818 ut
1948 788 1983 819 ad
1996 789 2141 821 Caesarem

1274 829 1426 858 uberiores
1445 829 1553 858 litteras
1567 831 1591 847 ¹¹
1608 831 1728 859 mittere
1746 829 1933 860 instituerem
1945 850 1954 864 ,
1979 830 2050 861 cum
2065 833 2144 862 mihi

1182 870 1291 900 Balbus
1304 880 1399 910 nuper
1411 872 1443 900 in
1453 872 1616 900 Lanuvino
1628 870 1748 902 dixiffet
1756 873 1806 905 ,se‚
1819 873 1850 902 δε
1860 874 1993 912 Oppium
2006 872 2145 913 scripsisse

1182 912 1218 942 ad
1227 913 1438 945 Caesarem‚me
1449 911 1549 953 legisse
1559 913 1653 943 libros
1661 923 1764 944 contra
1774 915 1970 947 Catonem&
1982 917 2148 945 vehemen-

1183 963 1225 984 ter
1235 952 1387 995 probass‘e5
1411 953 1570 994 conscripsi
1581 954 1616 984 de
1627 956 1672 984 his
1683 954 1751 996 ipsis
1762 956 1846 985 libris
1854 956 2010 996 epistolam
2024 957 2142 990 Caesari,

1183 1006 1248 1036 quae
1263 996 1427 1026 deferretur
1437 996 1472 1025 ad
1483 996 1675 1026 Dolabellam
1689 1008 1694 1026 :
1708 998 1755 1028 sed
1765 999 1829 1036 ejus
1840 1001 2015 1038 exemplum
2031 997 2097 1028 misi
2107 997 2145 1028 ad

1185 1041 1317 1077 Oppium
1329 1057 1337 1071 ,
1357 1039 1389 1068 &
1401 1038 1527 1067 Balbum
1538 1049 1547 1071 5
1572 1037 1728 1078 scripsique
1738 1039 1773 1069 ad
1784 1049 1836 1069 eos
1848 1060 1856 1073 ‚
1868 1049 1900 1070 ut
1913 1049 1979 1070 tum
1990 1040 2096 1070 deferri
2109 1039 2146 1070 ad

1185 1078 1528 1118 Dolabellamjuberent
1543 1088 1623 1109 meas
1638 1081 1746 1110 litteras
1758 1101 1771 1114 ,
1788 1079 1808 1110 si
1819 1080 1870 1121 ipsi
1886 1083 2060 1122 exemplum
2072 1092 2146 1121 pro-

1186 1119 1311 1151 bassent.
1337 1122 1377 1150 ita
1396 1121 1474 1149 mihi
1493 1120 1723 1160 rescripserunt,
1746 1123 1825 1151 nihil
1845 1132 1989 1164 umquam
2010 1124 2036 1154 se
2047 1122 2150 1164 legisse

1188 1162 1299 1192 melitis
1323 1181 1332 1196 ,
1358 1161 1576 1202 epistolamque
1606 1172 1707 1192 meam
1726 1162 1872 1201 jusserunt
1892 1166 1952 1194 dari
1968 1166 2148 1195 Dolabellae,

1191 1204 1347 1235 Vestorius
1366 1203 1402 1234 ad
1427 1213 1478 1233 me
1490 1202 1617 1243 scripsit,
1638 1214 1669 1234 ut
1681 1204 1815 1239 iuberem
1828 1209 1980 1246 manCipio
1990 1207 2052 1237 dari
2063 1207 2150 1237 servo

1185 1247 1250 1280 suo,
1262 1256 1315 1287 pro
1325 1256 1391 1276 mea
1398 1255 1487 1285 parte,
1500 1248 1643 1286 Heterejo
1653 1246 1771 1277 cuidam
1785 1246 1918 1277 fundum
1928 1250 2124 1278 Brinnianum
2137 1259 2148 1283 ς.

1187 1299 1219 1319 ut
1234 1289 1296 1329 ipse
1316 1291 1345 1318 ei
1363 1288 1497 1319 Puteolis
1518 1287 1597 1320 reete
1624 1290 1778 1329 mancipio
1799 1290 1865 1319 dare
1883 1288 1987 1329 posset.
2010 1300 2080 1320 eum
2093 1291 2151 1321 ser-

1186 1341 1259 1362 vum
1275 1350 1284 1364 ,
1308 1328 1329 1360 fi
1349 1330 1403 1360 tibi
1413 1329 1564 1360 videbitur
1580 1350 1588 1364 ‚
1612 1331 1647 1360 ad
1662 1333 1836 1363 meinittes„
1859 1334 1970 1371 opinor
1981 1334 2064 1362 enirn
2075 1331 2110 1362 ad
2122 1341 2152 1362 te

1186 1376 1278 1404 etiam
1290 1369 1428 1412 scripsisse
1439 1371 1623 1402 Vestorium.
1635 1375 1682 1402 De
1693 1372 1822 1402 adventu
1835 1374 1952 1404 Caesaris
1963 1373 2057 1408 idem,
2068 1373 2154 1415 quod

1187 1416 1203 1446 a
1214 1424 1253 1449 te,
1273 1416 1351 1444 mihi
1365 1414 1507 1454 scriptum
1518 1412 1559 1444 est
1568 1414 1603 1444 ab
1614 1416 1711 1455 Oppio
1724 1435 1732 1448 ‚
1744 1415 1776 1444 &
1788 1415 1889 1446 Balbo.
1913 1417 2010 1445 Miror
2020 1425 2048 1446 te
2057 1415 2156 1445 nihil-

1187 1458 1261 1488 dum
1272 1466 1343 1486 cum
1353 1457 1486 1497 Tigellio
1498 1476 1506 1490 ‚
1531 1457 1578 1486 vel
1593 1466 1624 1487 ut
1634 1459 1691 1487 hoc
1703 1458 1798 1496 ipsum
1811 1477 1819 1491 ‚
1839 1466 1985 1498 quantum
1995 1459 2150 1498 acceperit:

1187 1500 1306 1540 prorsus
1319 1500 1415 1528 haveo
1426 1498 1496 1528 scire
1508 1518 1516 1531 ,
1535 1508 1590 1527 nec
1601 1508 1700 1528 tamen
1711 1497 1797 1528 flocci
1808 1498 1896 1529 facio.
1912 1503 1939 1518 ¹2
1983 1501 2066 1529 uaeris
2077 1498 2151 1540 quid

1187 1544 1317 1582 cogitem
1338 1539 1374 1569 de
1384 1539 1506 1569 obviam
1518 1542 1613 1569 itione
1626 1552 1635 1573 ·‚
1654 1541 1726 1580 quid
1736 1541 1836 1570 censes
1850 1561 1858 1574 ‚
1883 1539 1939 1570 nisi
1951 1502 2094 1571 {Tim-n?
2117 1541 2153 1571 δε

1187 1584 1317 1624 quidem
1333 1581 1367 1611 ad
1387 1584 1558 1613 Mur-amam
1575 1581 1611 1611 de
1630 1582 1763 1622 hospitio
1775 1582 1963 1622 scripseram:
1983 1583 2031 1613 sed
2043 1585 2154 1623 opinor

1187 1636 1259 1657 cum
1284 1625 1380 1659 Matio
1389 1623 1569 1663 profec'tum.
1593 1622 1736 1654 Salustius
1748 1625 1839 1663 igitur
1848 1624 2011 1665 urgebitur.
2034 1626 2153 1664 Scripto

1183 1670 1247 1708 jam
1267 1666 1417 1706 superiore
1437 1664 1603 1698 versiculo,
1623 1668 1697 1696 Eros
1714 1667 1791 1695 mihi
1802 1665 1900 1699 dixit,
1921 1663 2162 1696 sibiMuraenam.

1187 1706 1389 1740 liberaliffime
1412 1705 1604 1747 respondisse.
1629 1710 1674 1737 Eo
1688 1709 1778 1748 igitur
1788 1717 1917 1737 utamur.
1935 1711 1962 1735 ¹3
1976 1717 2046 1738 nam
2062 1708 2160 1739 Silius

1188 1752 1324 1782 culcitras
1339 1759 1403 1779 non
1416 1749 1512 1779 habe't-
1537 1749 1618 1779 Dida
1628 1758 1729 1780 autem
1739 1768 1749 1783 ,
1769 1752 1898 1790 opinor,
1923 1749 2093 1789 hospitibus
2107 1758 2157 1780 to-

1190 1802 1251 1824 tam
1263 1791 1367 1822 villam
1379 1789 1531 1821 concess‘it.

1435 1868 1622 1897 CICERO
1644 1868 1864 1903 ATTICO,
1884 1869 1912 1899 S.

1193 1924 1348 2000 ¹4AD
1368 1927 1513 1957 Caesarem
1524 1937 1615 1967 quam
1630 1925 1696 1956 misi
1707 1926 1864 1968 epistolam
1877 1948 1885 1963 ,
1907 1927 1972 1967 ejus
1981 1926 2160 1968 exemplum

1317 1967 1393 2009 fugit
1404 1979 1454 1998 me
1464 1978 1529 1998 tum
1542 1969 1597 1999 tibi
1606 1971 1724 1999 mittere
1736 1981 1744 2003 3
1758 1972 1850 2000 ¹5³nec
1861 1971 1892 2000 id
1905 1969 1964 2000 fuit
1972 1969 2055 2011 quod
2065 1969 2161 2010 suspi-

1172 2023 1173 2026 ¹
1191 2011 1266 2040 caris
1277 2029 1286 2043 ,
1309 2020 1341 2040 ut
1352 2020 1404 2040 me
1416 2011 1540 2050 puderet
1552 2014 1596 2041 tui
1611 2031 1620 2045 ,
1641 2021 1679 2042 ne
1689 2010 1807 2041 ridicule
1819 2012 1995 2043 hemicillus
2008 2022 2014 2040 :
2025 2022 2081 2042 nec
2091 2021 2162 2041 me-

1193 2060 1314 2090 hercule
1332 2059 1429 2102 scripsi
1440 2061 1524 2091 aliter
1536 2080 1545 2095 ,
1566 2071 1598 2091 ac
1609 2059 1629 2091 si
1645 2051 1725 2094 &89⁸⁵
1742 2067 1803 2087 ιπν
1817 2047 1979 2102 {saeco-que
1988 2060 2157 2092 scriberem.

1195 2103 1272 2132 bene
1292 2105 1377 2133 enim
1404 2102 1549 2133 existimo
1568 2103 1605 2134 de
1625 2103 1687 2133 illis
1696 2102 1801 2138 libris,
1819 2112 1852 2134 ut
1865 2103 1919 2133 tibi
1929 2113 2039 2134 coram.
2061 2110 2162 2143 itaque

1192 2149 1299 2191 scripsi,
1309 2152 1342 2182 &
1354 2146 1610 2186 ιίιωλαικόῦπιις,
1624 2153 1657 2183 &
1667 2162 1769 2183 tamen
1780 2151 1828 2187 sic,
1840 2162 1873 2184 ut
1884 2154 1962 2184 nihil
1973 2163 2042 2183 cum
2054 2151 2162 2183 existi-

1172 2225 1173 2230 *
1194 2203 1278 2223 mem
1299 2193 1450 2224 leeturum
1475 2193 1630 2224 libentius.
1655 2197 1702 2225 De
1723 2197 1821 2226 Attica
1837 2199 1920 2226 nunc
1940 2195 2066 2225 demum
2078 2194 2161 2224 mihi

1191 2234 1234 2265 est
1255 2236 1456 2276 exploratum.
1481 2238 1580 2277 itaque
1595 2238 1622 2266 ei
1634 2236 1671 2267 de
1682 2239 1800 2286 integro
1809 2238 1965 2279 gratulare.
1989 2237 2161 2278 Tigellium

1172 2314 1173 2322 ἵ
1193 2285 1292 2308 totum
1304 2279 1394 2312 mihi,
1406 2278 1438 2308 &
1448 2278 1573 2319 quidem
1585 2281 1826 2320 quamprimum.
1843 2289 1912 2309 nam
1923 2279 2042 2319 pendeo
2051 2279 2161 2308 animi.

1193 2318 1227 2339 ¹⁶·
1236 2322 1334 2350 Narro
1345 2320 1412 2354 tibi,
1428 2322 1561 2362 Qintus
1573 2330 1644 2351 cras.
1663 2321 1712 2351 sed
1723 2321 1758 2351 ad
1770 2330 1830 2354 me,
1842 2330 1880 2351 an
1889 2320 1923 2351 ad
1935 2330 1961 2351 te
1973 2321 2086 2351 nescio.
2110 2317 2164 2349 mi.

1193 2360 1301 2401 scripsit
1326 2364 1467 2392 Romam.
1483 2372 1573 2392 vi11.
1598 2363 1664 2393 Kal.
1688 2362 1738 2393 sed
1752 2361 1839 2397 misi,
1861 2366 1913 2404 qui
1925 2364 2086 2393 invitaret:
2107 2358 2166 2392 etsi

1176 2418 1178 2432 l
1192 2404 1291 2434 hercle
1300 2403 1364 2443 jam
1373 2406 1509 2434 Romam
1520 2405 1706 2436 veniendum
1719 2403 1762 2435 est
1771 2424 1781 2439 ,
1804 2414 1844 2436 ne
1854 2405 1905 2435 ille
1913 2405 1983 2436 ante
1997 2404 2144 2476 ³23⁰&ss

2060 2449 2072 2476 1
2148 2470 2165 2476 .-

1200 2517 1280 2553 legit,
1291 2520 1326 2543 ait
1336 2518 1411 2549 illum,
1423 2520 1497 2543 animi
1506 2517 1656 2550 conscientiis,
1666 2517 1716 2548 &aa

1236 2562 1266 2588 9.
1287 2557 1348 2586 Eff,
1359 2553 1575 2588 quemadmodum]
1597 2555 1639 2579 lta
1649 2553 1738 2580 Bofius
1749 2562 1783 2580 ex
1794 2554 1906 2582 Decurt.
1918 2553 2000 2590 vulgo
2010 2552 2040 2585 ὰ
2048 2551 2162 2589 quemad-

224 2599 252 2617 2.
271 2594 353 2624 Tetigit
362 2600 433 2617 aures
443 2592 546 2616 nuntius-
556 2609 564 2622 ,
574 2591 684 2624 eac-templo
691 2591 803 2623 instituta
812 2591 874 2624 omisi
883 2609 891 2621 ,
911 2598 939 2616 ea
956 2598 1004 2624 quae
1012 2591 1038 2615 in
1047 2590 1158 2616 manibnr
1200 2590 1299 2616 mudum.
1322 2589 1458 2616 Manutius
1469 2589 1542 2616 delet
1553 2589 1720 2624 particulam,
1735 2591 1774 2621 ἐγ.

184 2627 312 2659 habebam,
325 2628 426 2661 abjeci]
448 2627 598 2658 Germanis,
609 2626 754 2653 Lambinus
767 2645 775 2658 ,
795 2627 822 2653 &
835 2626 924 2653 Boiius
935 2626 972 2653 ita
982 2625 1155 2653 restituerunt

184 2672 219 2690 ex
231 2662 289 2691 inss.
302 2663 366 2695 suis,
376 2662 512 2689 Viscorius
523 2662 561 2690 ait
571 2669 661 2690 tamen
672 2661 697 2688 se
707 2661 787 2689 verba
798 2661 840 2688 hic
850 2663 971 2690 restituta
982 2682 990 2694 ,
1010 2671 1082 2688 aures
1091 2672 1155 2687 nun-

188 2703 247 2731 tim,
261 2700 371 2733 extemplo
379 2700 489 2733 instituta
501 2718 508 2731 ,
520 2699 546 2725 iri
559 2698 634 2725 nullo
646 2697 694 2725 ms.
705 2697 826 2761 reperisse
836 2708 866 2726 ac
874 2698 986 2735 proinde
999 2698 1024 2725 se
1035 2698 1154 2732 rejicere.
1175 2691 1178 2733 l

186 2736 303 2763 Faernus
322 2736 404 2762 etiam
423 2744 506 2770 quum
517 2735 571 2761 haec
586 2745 638 2762 non
658 2744 728 2770 agno
742 2742 816 2762 ceret
828 2754 837 2767 ,
859 2735 1024 2762 existimavit
1044 2734 1153 2762 verbum

186 2771 262 2804 abjeci
272 2791 279 2803 ,
294 2771 511 2808 supervacaneum
523 2771 585 2798 effe.
603 2771 694 2798 Bosius
707 2790 714 2803 ,
729 2774 830 2798 nuntim
841 2791 848 2803 ,
864 2772 889 2798 in
898 2770 911 2804 ‘‚
921 2772 1012 2798 nuntii}
1024 2771 1153 2798 mutavit.

190 2806 324 2846 Gulielm.
334 2809 360 2834 in
372 2807 460 2835 Plauti
471 2807 649 2834 Cistellariam
662 2814 748 2843 cap.4.
761 2807 870 2844 putabat
882 2808 925 2835 hic
936 2807 1038 2835 versum
1048 2807 1099 2834 esse
1111 2816 1155 2834 vc-

188 2846 254 2869 xci-is
266 2847 362 2879 po'c'tae,
374 2844 415 2870 sed
429 2843 514 2870 verbis
528 2844 668 2870 Ciceronis
680 2843 833 2870 involutum
846 2853 854 2875 5

302 2882 455 2914 Posteaquam
464 2881 508 2907 abs
519 2880 567 2911 ted,
580 2882 731 2914 Agamemno,
743 2883 819 2913 tetigit
829 2889 901 2907 aures
910 2882 1020 2906 nuntius.

220 2921 236 2948 3
245 2933 250 2939 .
276 2919 425 2949 <Antequam
433 2917 517 2950 net-ff
527 2917 599 2950 erit.]
622 2916 703 2951 Vulg.
714 2917 780 2941 hand
786 2923 917 2951 antequam
925 2917 1018 2950 necesse.

189 2951 472 3013 ωῒῑίοζῖιζᾶίεαηοηεηι.]
495 2953 556 2980 Hoc
565 2952 601 2980 est
611 2951 680 2980 alius
692 2952 808 2988 epistolae
821 2953 982 2990 principium
1001 2953 1029 2981 in
1040 2952 1154 2990 vulgatis

232 3029 258 3055 5.
278 3023 370 3056 Lollii]
392 3023 473 3059 Vulg.
486 3025 549 3052 ollii.

223 3056 255 3083 6.
273 3059 360 3100 Legfffe
369 3059 428 3101 me]
454 3060 533 3100 Vulg.
548 3071 707 3098 pronomen,
719 3072 764 3096 me,
775 3062 854 3091 abest·

224 3100 254 3127 7.
273 3095 357 3137 Am‘ff‘
364 3102 494 3130 pramunnj
518 3098 583 3123 Haec
598 3100 705 3134 epistola
714 3100 838 3136 jungitur
848 3098 1026 3136 superioribus
1037 3099 1132 3135 vulgo.

225 3127 255 3157 8.
274 3131 403 3161 offcium
413 3150 423 3168 ,
441 3140 476 3173 ης
486 3135 562 3163 anima·
572 3135 736 3173 confidentia]
750 3138 770 3174 J
775 3136 852 3167 unius
863 3146 897 3168 ex
907 3136 1010 3167 duobus
1020 3135 1079 3166 mff-
1095 3134 1156 3165 Pal·

1176 2618 1179 2660 l
1240 2635 1249 2652 1
1255 2627 1479 2660 QQemaAmoAum
1487 2636 1532 2652 non
1540 2626 1769 2661 omnibmservire]
1781 2625 1877 2653 Lamb.
1888 2624 1965 2662 legit,
1975 2624 2004 2656 ὰ
2013 2623 2162 2659 quemadmo-

1200 2663 1254 2689 dum
1263 2672 1308 2688 non
1317 2664 1422 2688 omnibus
1431 2663 1542 2694 dormire,
1551 2664 1590 2688 ita
1597 2672 1642 2688 non
1651 2664 1863 2697 vmnibmfirvire.

1240 2707 1249 2724 i
1259 2708 1266 2725 i
1276 2718 1281 2725 .
1292 2701 1391 2726 Mittere
1400 2698 1568 2732 instituerem]
1590 2698 1679 2725 Bosius
1691 2708 1724 2725 ex
1736 2698 1792 2725 mss.
1806 2698 1866 2724 suis.
1880 2696 1994 2724 Codices
2004 2695 2099 2722 formis
2109 2695 2162 2722 im-

1175 2734 1177 2753 l
1199 2734 1274 2798 pic-effi
1288 2755 1296 2767 ,
1311 2738 1425 2761 mitterem
1436 2754 1444 2768 ‚
1462 2738 1620 2768 institueram.
1639 2744 1717 2771 quam
1730 2734 1875 2762 lectionem
1886 2732 2004 2769 sequitur
2021 2733 2101 2759 etiam
2113 2732 2162 2759 Vi-

1199 2780 1214 2798 c
1228 2780 1313 2798 orius.

1238 2816 1281 2834 12.
1304 2807 1393 2841 Qaeris
1404 2808 1463 2842 quid
1471 2807 1588 2841 cogitem]
1610 2806 1673 2833 Alia
1683 2816 1697 2833 e
1716 2805 1792 2834 istola
1802 2804 1883 2840 vulgo
1896 2803 1943 2830 cst.

1239 2853 1281 2879 ¹3·
1291 2847 1355 2870 Nam
1362 2845 1462 2876 stliusf]
1474 2845 1598 2876 Sallustius
1607 2816 1748 2877 legendfiim
1761 2840 1867 2868 videtui·
1877 2841 1982 2867 Mai-int.
1994 2841 2056 2867 cum
2067 2838 2163 2876 proxiq

1199 2883 1242 2908 me
1251 2880 1365 2912 dixerit,
1377 2880 1498 2912 sallustius
1507 2882 1580 2912 igitur
1588 2880 1720 2912 urgebitur,
1730 2879 1781 2909 vel,
1794 2883 1820 2902 ut
1825 2878 1929 2910 robiquc,
1940 2879 2024 2903 Silius.

1237 2923 1279 2951 ¹4·
1298 2915 1482 2950 AdCaesarem.]
1507 2914 1571 2940 Haec
1584 2914 1663 2949 vulgo
1675 2913 1854 2949 appinguntur
1865 2912 2053 2948 luperioribiis.

1237 2961 1246 2978 1
1254 2961 1280 2986 5.
1299 2955 1347 2978 Nee
1353 2952 1401 2983 fult
1410 2951 1437 2977 id
1444 2950 1635 2984 quodfiespicaris
1646 2968 1655 2981 ‚
1666 2956 1694 2974 ut
1702 2959 1735 2975 me
1740 2950 1839 2983 puderet
1851 2952 1898 2980 tm‘,
1909 2958 1937 2974 ne
1950 2949 2048 2974 ridicule
2056 2949 2162 2976 henrici!-

1198 2989 1262 3023 lm.]
1284 2990 1326 3014 Ex
1339 2986 1488 3023 praesctipto
1499 2987 1609 3012 Decurt.
1621 2985 1674 3011 haec
1684 2983 1755 3018 finit,
1770 2984 1850 3020 vulgo
1861 2994 1921 3020 pro,
1932 2986 2059 3011 hemicillus
2069 3004 2076 3017 ,
2089 2984 2160 3020 legi-

1198 3033 1254 3057 tur,
1265 3025 1382 3052 Miciltus.
1401 3021 1508 3058 quidam
1521 3021 1581 3047 libi-i
1594 3020 1690 3048 hubent
1701 3041 1709 3053 ,
1728 3030 1762 3048 nae
1773 3021 1870 3046 ridicule»
1882 3041 1890 3052 ,
1900 3021 1952 3052 &m
1974 3020 2069 3046 Lamb.
2081 3020 2159 3057 legit,

1197 3059 1390 3096 quodsiaspicaris
1399 3058 1461 3093 quod
1467 3058 1660 3091 itascripfi‘rim5
1682 3057 1722 3083 vel
1737 3077 1744 3089 ‚
1763 3057 1824 3091 quod
1833 3056 1966 3091 suspicaris
1977 3057 2039 3092 quod
2045 3065 2081 3083 me
2086 3055 2163 3090 pude-

1198 3104 1245 3130 rer,
1254 3097 1305 3127 &aa
1317 3095 1418 3130 Junius
1431 3094 1510 3129 legit,
1519 3103 1548 3119 ne
1558 3094 1672 3119 νὶάὶσιαίὲι
1692 3095 1749 3120 mihi
1759 3095 1834 3125 culm,
1845 3094 1896 3124 (γε.

1236 3131 1280 3162 16.
1299 3134 1380 3160 Narro
1388 3131 1458 3168 tm]
1479 3129 1563 3160 Prisci
1573 3129 1643 3159 Bosii
1655 3130 1694 3161 ita
1703 3129 1812 3160 liabent.
1824 3128 1898 3167 vulg.
1908 3129 2022 3159 Narrabo
2031 3130 2088 3163 tibi.
2129 3128 2134 3132 ”

2090 3163 2173 3201 bne>

2159 744 2211 775 50

2176 1884 2226 1921 51.
