2339 3379
116 156 129 168 ‘
520 149 773 194 OnAmo
810 159 875 191 IN
912 144 964 193 L.
1000 144 1448 193 CALPU-RNIUM
1483 140 1781 192 PisouizM.

2044 156 2137 206 545

171 231 204 268 'ta
213 230 438 267 frontevidisset
447 251 456 266 ‚
467 241 530 262 non
538 230 616 272 fugit
625 229 688 269 ejus
698 230 861 260 amicitiam
873 248 881 262 ‚
893 226 963 259 cum
977 226 1132 269 effctprae-
1177 227 1260 259 Gtus:
1279 239 1334 260 nec
1347 238 1427 259 arma
1437 248 1446 263 ,
1468 228 1608 262 scutum,
1629 226 1662 258 δε
1674 227 1808 269 gladium
1823 225 1913 258 unius
1927 225 2133 266 imperatoris:

176 277 277 309 sertim
287 277 430 316 appetitus
442 284 448 303 :
466 271 548 304 dedit
558 274 586 302 se
595 274 628 302 in
638 271 888 301 consuetudinem
901 291 910 304 ‚
922 278 954 300 ut
965 269 1002 300 fic
1012 272 1131 309 prorsus

179 318 240 350 una
250 320 372 350 viveret,
384 325 440 346 nec
447 314 510 345 fere
519 314 555 345 ab
566 313 621 344 isto
633 323 778 354 umquam
788 312 955 343 discederet.
968 314 1042 341 Non
1052 312 1129 351 apud

164 359 318 392 ,indoctos
328 378 337 392 ,
353 357 400 387 sed
410 376 418 390 ,
434 365 467 387 ut
477 366 531 397 ego
541 355 666 386 arbitror
677 375 685 389 2
698 365 729 385 in
741 356 904 385 hominum
915 351 1129 383 eruditiffimo-

175 412 244 433 rum
258 420 267 435 ‚
279 400 311 430 &
321 396 603 429 humaniffimomrn
614 406 694 427 coeru
704 398 823 437 loquor.
846 393 979 425 Audistis
989 393 1127 434 profesto

173 443 252 476 dici,
271 440 466 481 philosophos
477 441 638 479 Epicureos
649 459 658 472 ,
677 439 822 468 omnetsres
834 457 842 470 ,
861 447 920 478 qua
933 436 1003 475 fiant
1020 436 1127 464 homini

171 481 322 526 expetenda
333 502 342 515 ,
361 481 507 524 voluptate
516 482 623 510 metiri.
645 479 724 510 recte
734 500 742 514 ,
761 490 797 510 an
808 479 888 509 secus
900 498 907 511 ,
927 477 1005 507 nihil
1014 476 1049 507 ad
1059 486 1125 507 nos:

173 534 242 558 aut,
262 523 326 554 fiad
337 533 392 553 nos
404 544 413 557 ,
432 523 510 553 nihil
524 523 561 553 ad
578 524 637 552 hoc
651 531 777 562 ternpus.
801 520 849 551 sed
861 529 961 551 tamen
973 519 1123 549 lubricum

172 575 268 608 genus
285 566 430 595 orationis
444 564 608 604 adolescenti
625 574 690 594 non
708 564 814 594 acriter
830 561 1032 601 intelligenti,
1052 560 1125 600 ssepe

171 617 309 648 praecepS.
328 609 429 647 Itaque
437 605 622 637 admissarius
633 605 698 638 iste,
709 604 886 644 simulatque
893 602 1020 635 audivit,
1031 603 1046 632 a
1057 603 1126 642 phi-

169 649 300 689 losopho
308 649 493 688 voluptatem
505 648 658 687 tantopere
669 647 797 679 laudari,
808 644 886 675 nihil
896 643 1064 683 expiscatus
1073 642 1124 673 est:
1145 678 1147 686 A

170 687 210 721 fic
230 692 298 721 suos
318 690 417 720 sensus
434 691 616 730 voluptarios
633 690 754 719 omneis
771 685 926 718 incitavit,
946 683 984 713 fic
995 683 1031 713 ad
1040 684 1122 713 illius

168 733 245 763 hanc
256 734 424 762 orationem
435 731 586 762 adhinniit
595 751 603 764 ‚
620 737 726 760 utnon
735 726 908 768 magistrum
918 727 1036 754 virtutis
1046 745 1055 759 ‚
1072 725 1122 756 sed

168 773 323 806 melotem
333 773 470 803 libidinis
480 774 494 803 a
510 774 538 803 se
551 772 640 802 illum
651 773 810 800 inventum
821 767 1016 797 arbitraretur.
1040 768 1125 797 Grae-

167 826 221 848 cus
231 814 332 856 primo
340 814 504 855 distinguere
514 834 522 847 ‚
536 822 625 853 atque
633 810 767 841 dividere
777 809 828 838 illa
838 828 847 842 ,
862 807 1122 848 quemadmodum

170 858 357 888 dicerentur:
377 856 431 887 iste
443 855 564 886 claudus
574 850 742 894 (quomodo
751 851 847 889 ajunt)
857 849 950 889 pilam
963 869 972 883 ,
995 851 1123 880 retinere

169 900 253 940 quod
262 907 427 938 acceperam
445 895 592 927 testificari
603 906 612 929 3
630 893 743 924 tabulas
753 890 904 932 obsignare
913 891 992 921 velle
1001 911 1010 924 ,
1028 895 1038 910 ¹
1049 893 1123 932 Epi-

169 950 277 972 curum
295 940 437 970 disertum
453 938 630 970 decernere;
649 935 682 965 δε
693 943 792 965 tamen
802 933 921 963 dictum
933 935 1043 972 opinor
1055 954 1064 966 ,
1085 943 1124 962 sn

170 991 317 1012 nonnum
331 989 449 1010 BONUM
465 986 700 1008 rNTEme-:RE
713 985 807 1006 rossa
824 995 833 1008 ‚
860 984 985 1004 DEMTIS
1002 983 1123 1005 coapo-

171 1034 227 1054 Ris
243 1031 507 1054 vonum-Annos.
531 1019 613 1061 Qid
624 1020 738 1048 multa?
754 1019 875 1047 Graecus
883 1015 979 1047 facilis
991 1036 999 1050 ,
1016 1017 1049 1047 ὃς
1060 1017 1122 1047 val-

167 1065 205 1095 de
216 1063 374 1096 venustus,
395 1064 487 1093 nimis
503 1071 624 1102 pugnax
641 1068 747 1090 contra
761 1059 929 1089 senatorem
940 1058 1046 1098 populi
1056 1060 1123 1089 Ro—

105 1111 150 1145 29
169 1107 251 1136 mani
261 1103 317 1136 effe
327 1104 437 1135 noluit.
476 1102 527 1134 Est
535 1112 636 1133 autern
645 1103 695 1132 hic
704 1122 712 1136 ,
725 1101 761 1132 de
771 1110 831 1141 quo
841 1101 951 1141 loquor
960 1119 968 1134 ‚
980 1109 1043 1130 non
1053 1101 1122 1140 phi-

166 1148 304 1188 losophia
315 1145 411 1177 solum
423 1165 432 1180 ‚
455 1145 502 1176 sed
514 1146 604 1175 etiam
614 1145 721 1174 litteris
732 1163 740 1177 ‚
760 1142 842 1184 quod
852 1141 914 1172 fere
925 1151 1037 1172 ceteros
1048 1143 1121 1182 Epi-

165 1200 269 1221 cureos
280 1189 428 1230 negligere
437 1187 541 1218 dicunt
550 1207 558 1220 ,
577 1186 752 1226 perpolitus.
770 1185 885 1215 ‘Poema
897 1182 987 1223 porro
999 1183 1070 1214 facit
1081 1186 1121 1214 ita

167 1231 309 1262 festivum
320 1251 328 1264 ,
349 1232 389 1260 ita
397 1231 583 1260 concinnum
594 1248 603 1262 ‚
623 1230 663 1257 ita
672 1227 789 1267 elegans
800 1246 808 1260 ,
829 1226 907 1255 nihil
919 1234 951 1255 ut
962 1224 1024 1255 fieri
1035 1223 1121 1265 poffit

164 1275 307 1314 argutius.
330 1274 363 1302 in
373 1281 434 1312 quo
446 1269 626 1311 repehendat
635 1278 706 1299 eum
715 1270 784 1298 licet
796 1289 804 1301 ‚
820 1266 840 1297 fi
849 1269 901 1308 qui
910 1268 992 1297 volet
1002 1287 1010 1300 ‚
1023 1268 1119 1297 modo

164 1315 272 1345 leviter
282 1335 290 1348 ‚
311 1324 375 1344 non
387 1322 418 1342 ut
428 1315 581 1352 impurum
592 1331 600 1345 ,
619 1321 682 1341 non
694 1319 725 1340 ut
734 1310 910 1349 improbum
921 1328 929 1342 ,
949 1318 1013 1338 non
1026 1318 1058 1338 ut
1068 1319 1120 1339 au-

165 1356 271 1386 dacem
282 1376 291 1390 ,
303 1355 352 1386 sed
360 1364 395 1385 ut
404 1354 576 1384 Graeculum
590 1373 598 1387 ,
608 1351 857 1389 ntaffentatorem,
871 1351 1042 1390 utpo'e'tam.
1066 1350 1119 1380 de-

164 1399 250 1428 venit
263 1418 272 1432 ,
291 1406 341 1427 aut
353 1394 454 1436 potius
463 1395 569 1425 incidit
578 1397 610 1424 in
621 1393 712 1424 istum
722 1393 829 1423 eodem
841 1392 979 1432 deceptus
989 1392 1118 1432 superci-

141 1459 143 1461 >
163 1439 209 1470 lio
220 1441 340 1469 Graecus
351 1458 359 1471 ,
375 1446 461 1478 atque
471 1437 583 1467 advena
592 1434 676 1476 ‚squo
686 1444 746 1465 tam
759 1435 873 1474 sapiens
884 1455 892 1468 ,
906 1435 939 1465 &
952 1442 1030 1464 tanta
1040 1436 1115 1464 civi-

161 1488 216 1511 tas.
238 1490 375 1511 revocare
393 1480 420 1509 se
437 1488 499 1508 non
513 1487 644 1518 poterat,
665 1476 1063 1516 familiai-itateimplicatus:
1083 1476 1117 1507 &

162 1520 252 1552 fimul
264 1520 471 1552 inconstantiae
483 1519 596 1550 famam
611 1519 783 1549 verebatur:
806 1527 939 1559 rogatus,
959 1519 1115 1552 invitatus,

162 1563 285 1595 coactus
295 1584 304 1597 ,
323 1565 362 1593 ita
371 1563 468 1592 multa
476 1562 511 1592 ad
523 1561 614 1592 istum
626 1561 662 1591 de
674 1560 731 1591 isto
744 1559 852 1600 scripsit
862 1580 870 1594 ,
889 1569 921 1590 ut
930 1562 1050 1590 omneis
1060 1561 1115 1590 ho-

162 1607 256 1636 minis
268 1605 408 1635 libidines
421 1625 428 1638 ,
440 1606 546 1634 omnia
555 1613 695 1634 cenarum
706 1612 812 1644 genera
822 1623 829 1636 ‚
841 1604 1115 1643 conviviorumque

161 1647 303 1678 adulteria
312 1647 337 1687 ej
343 1657 388 1680 us,
399 1645 612 1677 delicatiffimis
621 1644 750 1676 versibus
760 1643 940 1684 expresserit.
950 1646 983 1674 in
993 1644 1114 1685 quibus,

160 1688 184 1719 si
193 1691 260 1730 quis
269 1689 361 1722 velit«,
384 1687 470 1729 po‘ffit
484 1688 568 1718 istius
575 1697 718 1728 tanquam
735 1688 764 1716 in
772 1686 880 1726 speculo
889 1688 982 1717 vitam
993 1687 1114 1716 intueri:

161 1741 201 1762 ex
215 1731 323 1772 quibus
337 1732 430 1762 multa
446 1730 462 1761 a
479 1731 582 1760 multis
598 1730 691 1764 leffra,
713 1729 854 1760 &audita
862 1731 1014 1759 recitarem
1025 1748 1034 1763 ,
1056 1727 1112 1758 nisi

160 1782 280 1803 vererer
289 1792 297 1806 ,
317 1773 422 1802 ne'hoc
431 1773 529 1812 ipsum
539 1781 630 1814 genus
641 1773 784 1802 orationis
795 1791 803 1804 ‚
818 1781 878 1811 quo
889 1780 969 1800 nunc
978 1779 1046 1800 utor
1055 1791 1065 1803 ,
1077 1770 1113 1801 ab

161 1814 252 1852 hujus
264 1814 325 1844 loci
334 1824 419 1844 more
429 1815 612 1844 abhorreret:
634 1813 666 1843 &
676 1812 763 1843 fimul
773 1813 809 1842 de
819 1812 883 1852 ipso
893 1831 902 1846 ‚
921 1814 974 1852 qui
988 1810 1109 1851 scripsit,

162 1855 276 1886 detrahi
287 1856 372 1885 nolo.
393 1856 445 1896 qui
460 1854 480 1885 sl
497 1855 598 1886 fuiss‘et
614 1857 648 1884 in
664 1854 811 1894 discipulo
827 1853 1028 1893 comparando
1046 1864 1112 1883 me-

160 1897 237 1927 liore
255 1896 375 1928 fortuna
393 1916 402 1931 ,
421 1895 539 1927 fortasse
556 1896 715 1930 austerior,
745 1896 777 1926 &c
790 1897 908 1935 gravior
922 1893 979 1924 efl'e
995 1895 1112 1934 potuis-

161 1939 222 1969 set:
243 1938 291 1968 sed
308 1948 378 1968 eum
395 1939 476 1968 casus
493 1941 525 1968 in
543 1939 617 1968 hanc
633 1937 884 1968 consuetudinem
898 1936 1047 1966 scribendi
1060 1938 1110 1966 in-

159 1979 442 2020 dtixit,pliilosopho
454 1979 540 2010 valde
553 1979 708 2019 indignam
721 1989 726 2008 :
739 1977 884 2019 fiquidem
905 1988 921 2007 P
931 1988 953 2007 H
967 1988 978 2008 1
991 1988 1012 2007 L
1021 1987 1040 2008 ο
1052 1988 1064 2008 s
1075 1988 1109 2008 o—

160 2031 211 2051 1111
225 2032 235 2051 i
249 2031 267 2051 A
281 2042 289 2056 ,
311 2021 464 2055 utfertur‚
483 2023 603 2051 virtutis
621 2023 778 2054 continet,
799 2020 832 2050 ὃς
850 2017 944 2050 officii
957 2040 966 2053 ,
990 2019 1109 2049 &bene

156 2064 281 2094 vivendi
299 2063 489 2103 disciplinam
512 2074 518 2091 :
537 2072 627 2103 quam
645 2064 697 2103 qui
714 2060 888 2103 profitetur,
908 2059 1106 2102 gravissimam

157 2106 236 2135 mihi
250 2104 396 2135 sustinere
412 2105 569 2145 personam
585 2104 711 2135 videtur.
735 2104 785 2134 sed
799 2104 880 2133 idem
893 2103 973 2134 casus
992 2103 1105 2133 ²illum

152 2147 289 2187 ignarum
300 2146 371 2187 quid
380 2145 569 2187 profiteretur
578 2166 586 2179 ‚
607 2145 678 2177 curn
690 2146 717 2176 se
725 2146 942 2186 philosophum
955 2143 1012 2175 effe
1026 2144 1107 2175 dice-

152 2197 217 2221 ret,
238 2187 322 2218 istius
334 2187 538 2228 impuriffimae
551 2208 559 2222 ,
574 2185 975 2228 atqueintemperantiffimae
985 2186 1107 2227 pecudis

156 2239 262 2263 coeno,
283 2230 462 2260 &sordibus
474 2230 663 2270 inquinavit:
683 2231 734 2270 qui
749 2228 845 2259 modo
861 2228 933 2259 cum
950 2239 995 2258 res
1012 2227 1104 2269 gestas

153 2271 323 2302 consulatus
334 2273 395 2301 mei
404 2270 594 2301 collaudass'et
604 2271 681 2311 (quae
690 2271 814 2312 quidem
825 2270 956 2301 laudatio
966 2270 1104 2300 hominis

155 2311 322 2353 turpissimi,
333 2312 472 2353 mihiipsi
482 2313 733 2354 eratpaeneturpu.)
757 2315 831 2342 Non
841 2313 900 2342 ulla
910 2312 978 2345 tibi,
990 2313 1102 2352 inquit,

153 2354 269 2385 invidia
278 2357 393 2388 nocuit,
405 2353 454 2384 sed
466 2355 565 2384 versus
575 2355 629 2384 tui.
647 2356 753 2385 Nimis
763 2364 869 2396 magna
877 2363 977 2394 poena,
988 2363 1016 2383 te
1025 2363 1102 2383 con-

151 2395 214 2426 sule
225 2395 401 2437 ,constituta
411 2395 519 2426 estaefive
530 2397 611 2426 malo
619 2397 715 2437 po‘e'tae
726 2416 734 2430 ‚
748 2395 813 2426 sive
830 2395 935 2425 libero.
958 2393 1101 2435 Scripsisti

86 2439 89 2443 “
117 2460 119 2462 f
149 2438 353 2468 enimeversus.
375 2441 513 2469 CEDANT
527 2448 629 2468 ARMA
642 2447 750 2468 τοῡε.
761 2454 807 2462 -—-
829 2437 918 2479 ‘Qid
928 2437 1014 2468 tum?
1028 2439 1102 2468 Haec

148 2489 195 2508 res
206 2480 259 2509 tibi
274 2479 381 2510 fluctus
391 2480 461 2510 illos
471 2482 669 2511 excitavit.At
682 2481 738 2510 hoc
752 2480 897 2521 nusquam
909 2481 1019 2519 opinor
1029 2479 1100 2509 scri-

146 2529 234 2561 ptum
244 2519 437 2552 fuiss'einillo
448 2522 547 2563 elogio
560 2542 568 2555 ‚
585 2521 685 2563 quod,
710 2531 737 2552 te
753 2521 895 2555 consule,
913 2522 948 2551 in
964 2521 1099 2561 sepulcro

146 2562 273 2602 reipubl.
294 2564 421 2593 incisum
440 2562 500 2598 est,
532 2567 676 2593 Vani-ris
694 2582 702 2597 ,
723 2571 884 2601 JUBEATIS
895 2582 904 2596 ,
925 2573 972 2593 -στ
983 2582 991 2596 ,
1015 2561 1097 2603 quod

91 2608 132 2642 30
150 2605 300 2634 MCicero
311 2605 429 2635 versum
438 2604 557 2636 fecerit:
578 2605 627 2635 sed
640 2604 723 2646 quod
737 2605 905 2635 vindicarit.
928 2603 1043 2634 Verum
1055 2613 1097 2634 ta-

147 2654 219 2675 men
231 2666 240 2679 ,
258 2648 400 2687 quoniam
419 2655 447 2676 te.
461 2657 525 2677 non
535 2646 738 2677 Aristarchum
748 2666 758 2680 ,
779 2646 827 2676 sed
838 2645 983 2676 Phalarim
998 2655 1097 2686 gram-

145 2689 289 2718 maticum
302 2688 457 2722 habemus,
468 2690 519 2729 qui
530 2699 594 2719 non
603 2697 708 2718 notam
717 2698 846 2728 apponas
856 2687 890 2717 ad
902 2687 1018 2717 malum
1028 2697 1096 2718 ver-

146 2728 211 2759 sum
221 2749 232 2762 ,
246 2729 293 2759 sed
305 2731 425 2770 poetam
436 2732 527 2760 armis
535 2731 706 2771 persequare
719 2741 724 2758 :
744 2731 816 2760 scire
824 2731 915 2769 cupio
925 2749 933 2763 ‚
946 2728 1018 2770 quid
1029 2738 1094 2759 tan-

144 2769 214 2800 dem
234 2770 290 2801 isto
310 2774 343 2802 in
360 2772 444 2802 versu
462 2773 658 2812 reprehendas
674 2791 682 2806 ,
707 2774 844 2803 CEDANT
865 2780 965 2800 ARMA
984 2780 1093 2800 roc-12.

144 2812 220 2842 'I'uae
231 2812 323 2847 dicis,
343 2815 461 2854 inquit,
479 2822 555 2855 togae
566 2814 723 2844 summum
735 2816 947 2853 imperatorem
958 2809 1016 2842 effe
1030 2812 1094 2842 ces-

145 2852 259 2883 surum.
282 2855 363 2894 Qiid
378 2865 459 2885 nunc
472 2864 499 2885 te
511 2875 520 2890 ,
539 2854 635 2889 afine,
655 2856 764 2886 litteras
778 2856 922 2885 doceam?
943 2863 1005 2884 non
1019 2863 1095 2893 opus

140 2892 184 2924 cst
195 2895 302 2929 verbis,
311 2895 496 2936 sedsustibus.
519 2907 582 2928 non
592 2897 657 2928 dixi
667 2899 743 2928 hanc
753 2906 865 2939 togam,
876 2906 932 2937 qua
942 2896 1008 2926 sum
1019 2896 1094 2926 ami-

172 3002 189 3032 --1
198 3013 204 3020 .
223 2998 351 3034 §picurum
360 2997 469 3030 disertum
478 2999 595 3024 decernere
607 3018 614 3031 ‚
634 3000 663 3029 ὼ·
672 3006 750 3024 tamen
760 2999 846 3024 dimum
856 2999 959 3032 opinor]
980 2997 1087 3024 Guliel-

141 3037 211 3069 mius
228 3039 255 3070 ,¹¹¹
267 3031 486 3066 Amphitruonem
505 3044 560 3071 cap.
573 3043 598 3070 3.
618 3035 655 3061 uit
672 3034 806 3069 proditum
828 3045 841 3060 a
855 3036 956 3061 [⁴'a'c'riio
969 3053 976 3064 ‚
996 3034 1047 3069 legi
1060 3034 1085 3060 in

141 3071 247 3104 optimis
259 3065 315 3092 mss.
327 3070 452 3100 Epicurum
460 3070 484 3095 di
495 3075 562 3095 criim
572 3071 656 3097 dicere.
667 3073 712 3096 ΕΗ
719 3078 797 3097 umen
807 3071 875 3102 dicit,
886 3077 912 3095 ut
922 3074 1008 3103 opinor.
1020 3069 1088 3096 l’all.

140 3099 206 3126 nihil
218 3101 330 3133 variant,
341 3103 385 3129 nisi
397 3104 636 3139 quodlec.d1‘s]'erte.

171 3144 207 3175 α.-
224 3138 290 3161 Illum
296 3146 395 3177 gnarum
405 3140 615 3175 quodprofitetum]
629 3141 787 3169 Emendatio
793 3142 833 3169 est
845 3143 859 3169 a
869 3141 997 3174 Ψίξέιοτίἰ,
1009 3151 1086 3178 quam

142 3172 279 3199 confirmat
290 3172 336 3200 lib.
349 3182 375 3200 v.
387 3175 447 3203 Var.
457 3175 521 3204 lect.
532 3186 587 3213 cap.
598 3186 624 3211 5.
644 3178 725 3214 vulgo
737 3185 793 3207 crat
806 3182 925 3212 ignarum,
938 3179 1014 3215 plane
1023 3187 1089 3207 oon—

1132 3187 1194 3207 rum
1202 3178 1271 3207 illud
1282 3180 1360 3209 restat
1369 3179 1397 3208 iii
1407 3179 1476 3208 Pan.
1486 3180 1514 3208 iii
1525 3181 1565 3205 Tu
1571 3180 1640 3216 ring.
1649 3181 1677 3208 in
1689 3190 1701 3208 e

1177 270 1223 301 sed
1233 290 1242 304 ‚
1260 270 1342 311 quod
1352 272 1431 311 pacis
1441 270 1483 301 est
1493 269 1606 311 infigne
1616 290 1624 304 ,
1642 270 1674 300 &
1684 271 1757 303 otii,
1773 278 1837 311 toga
1850 279 1855 298 :
1869 268 1971 298 contra
1980 276 2078 297 autem
2090 275 2136 296 ar-

1178 321 1226 342 ma
1238 332 1246 346 ‚
1265 313 1413 342 tumultus
1424 331 1433 346 ,
1451 321 1537 353 atque
1549 312 1620 355 belli
1633 322 1638 340 :
1657 321 1742 342 more
1751 312 1906 351 po'e'tarum
1917 309 2034 340 locutus
2046 328 2054 341 ‚
2073 309 2133 339 hoe

1176 354 1306 393 intelligi
1316 354 1401 384 volui
1413 374 1422 387 ,
1435 353 1535 383 bellum
1545 374 1552 386 ‚
1564 364 1597 383 ac
1607 353 1765 383 tumultum
1769 354 1835 394 paci
1845 373 1853 386 ,
1865 351 2015 393 atque-otio
2026 349 2133 389 conces*-

1171 394 1279 432 ficrum.
1304 398 1409 436 Qaere
1421 405 1459 425 ex
1467 394 1607 426 familiari
1620 404 1672 425 tuo
1684 415 1692 429 ,
1705 397 1810 425 Graeco
1820 394 1874 424 illo
1882 394 1969 433 po'e'ta
1981 391 2133 433 :probabit

1174 445 1268 475 genus
1278 437 1374 475 ipsum
1386 458 1394 469 ‚
1407 437 1439 467 &
1448 435 1588 479 :ignoscet
1598 457 1606 470 ,
1622 446 1718 477 neque
1729 446 1756 466 te
1767 436 1846 466 nihil
1856 436 1951 475 sapere
1962 434 2130 464 mirabitur,

1174 479 1214 505 At
1231 477 1265 506 in
1281 478 1336 507 illo
1354 478 1446 508 altero
1462 498 1471 512 .
1491 480 1608 518 inquit,
1630 479 1740 511 haeres,
1767 482 1779 505 3
1791 481 1970 508 Conexum
1989 483 2131 506 LAunzA

1175 526 1329 548 LINGUAE..
1352 518 1456 548 Immo
1467 520 1636 549 mehercule
1645 539 1653 553 ‚
1664 520 1758 550 habeo
1769 520 1824 550 tibi
1833 521 1970 560 gratiam.
1985 519 2132 548 haererem

1173 561 1257 588 enim
1268 578 1276 593 ‚
1291 558 1347 588 nifi
1358 568 1389 589 tu
1400 570 1450 589 me
1459 560 1633 599 expedisses.
1657 571 1727 591 nam
1736 561 1807 591 cum
1819 570 1851 591 tu
1862 560 1987 591 timidus
1998 580 2006 592 ‚
2027 569 2059 590 ac
2069 568 2131 589 tre-—

1175 609 1280 633 mens,
1301 603 1360 630 tuis
1374 602 1434 640 ipse
1448 600 1634 631 furacissimis
1646 602 1785 632 manibus
1795 601 1954 633 detiastam
1968 601 1984 631 ὲ
1998 601 2129 631 cruentis

1171 640 1298 671 fascibus
1308 642 1438 672 lauream
1449 642 1482 672 ad
1494 652 1610 682 portam
1622 644 1807 683 Esquilinam
1818 644 1967 682 abjecisti:
1981 642 2127 673 indicasti,

1172 692 1236 712 non
1247 683 1342 713 modo
1352 682 1538 723 ampliffimae
1551 704 1558 716 .
1578 684 1626 713 sed
1640 694 1729 714 etiam
1745 687 1882 715 minimae
1900 684 1980 715 laudi
1998 685 2128 714 lauream

1172 723 1352 755 conceffiss'e.
1374 728 1473 765 Atque
1485 724 1536 755 ista
1546 727 1683 755 oratione
1693 727 1749 755 'noc
1760 737 1859 756 tamen
1869 727 1999 766 intelligi
2011 746 2019 758 ‚
2034 725 2128 756 scele-

1172 774 1252 799 rate,
1274 767 1320 796 vis
1332 786 1340 800 ,
1360 766 1539 806 Pompejum
1557 768 1716 796 inimicum
1731 769 1808 797 mihi
1825 768 1882 798 isto
1900 768 1985 798 versu
2003 765 2063 797 effe
2080 765 2128 796 fa-

1172 806 1274 837 &umz
1296 816 1346 842 ut,
1362 807 1493 838 siversus
1504 810 1583 838 mihi
1594 809 1730 837 nocuerit
1742 829 1750 841 ,
1765 809 1801 838 ab
1812 819 1847 838 eo
1861 830 1869 842 ‚
1888 819 1979 850 quem
1991 810 2014 838 is
2024 809 2127 838 versus

1170 847 1351 882 offenderit,
1372 849 1508 880 videatur
1525 851 1603 879 milii
1616 851 1762 888 pernicies
1775 849 1832 880 effe
1844 849 1970 890 quaesita.
1994 852 2124 883 Omitto,

1169 890 1249 920 nihil
1258 890 1350 921 istum
1361 892 1479 922 versum
1491 889 1664 931 pertinuisse
1674 891 1708 921 ad
1718 892 1810 921 illum
1821 902 1826 920 z
1838 901 1900 922 non
1911 890 1994 922 fuiss'e
2006 902 2124 924 meum,

1169 942 1260 973 quem
1269 952 1278 966 ,
1289 941 1434 974 quantum
1444 932 1605 973 potuissem
1615 953 1623 966 ‚
1636 933 1741 962 multis
1752 934 1826 973 saepe
1836 934 2022 963 orationibus
2033 953 2041 966 ‚
2054 934 2126 963 scri-

1167 974 1285 1016 ptisque
1295 974 1474 1005 decorass'em
1486 996 1494 1009 ‚
1514 976 1595 1006 hunc
1606 984 1668 1004 uno
1678 975 1789 1005 violare
1800 975 1893 1005 versu.
1917 975 1971 1004 Sed
1982 973 2014 1004 fit
2025 973 2127 1004 offen-

1168 1016 1227 1046 sus.
1250 1016 1352 1056 primo
1362 1026 1466 1046 nonne
1476 1017 1683 1057 compensabit
1693 1027 1762 1047 cum
1773 1026 1835 1047 uno
1847 1014 1991 1046 versiculo
2002 1024 2046 1046 tot
2056 1026 2125 1045 mea

1166 1057 1325 1089 volumina
1335 1058 1459 1089 laudum
1471 1059 1588 1089 suarum
1599 1064 1608 1090 ?
1620 1056 1711 1100 Qod
1722 1057 1741 1088 si
1752 1057 1794 1088 est
1803 1067 1977 1090 conmotus,
1989 1057 2022 1087 ad
2031 1058 2126 1098 perni-

1167 1099 1269 1128 ciemne
1279 1109 1342 1130 non
1353 1100 1451 1130 dicam
1462 1099 1650 1133 amicissimi,
1670 1110 1734 1130 non
1749 1102 1789 1130 ita
1800 1100 1837 1130 de
1851 1101 1900 1130 sua
1913 1100 1998 1130 laude
2010 1102 2123 1131 meriti,¹

1167 1151 1233 1172 non
1243 1143 1282 1172 ita
1291 1142 1328 1172 de
1339 1142 1487 1182 republica
1499 1163 1508 1175 ,
1527 1152 1590 1172 non
1599 1142 1763 1173 consularis
1774 1162 1782 1175 ,
1803 1152 1867 1172 non
1877 1142 2017 1172 senatoris
2029 1161 2037 1173 ‚
2057 1150 2123 1170 non

1164 1185 1249 1216 civis,
1261 1194 1325 1213 non
1334 1184 1423 1214 liberi
1434 1195 1439 1214 :
1449 1186 1482 1214 in
1491 1185 1626 1214 hominis
1636 1193 1723 1224 caput
1731 1184 1783 1214 ille
1792 1193 1852 1214 tam
1862 1182 1991 1214 crudelis
2000 1191 2120 1223 propte:

1163 1226 1283 1255 versum
1292 1224 1412 1256 fuisset?
1454 1229 1505 1256 Tu
1515 1226 1588 1266 quid
1599 1246 1608 1260 ‚
1627 1234 1659 1256 tu
1668 1225 1746 1266 apud
1755 1235 1830 1266 quos
1841 1246 1851 1259 ,
1870 1234 1900 1256 tu
1911 1225 1947 1255 de
1956 1235 2018 1266 quo
2027 1224 2117 1258 dicas,

1164 1267 1328 1309 intelligis?
1346 1267 1556 1308 comple&ei-is
1565 1266 1761 1308 amplis-limos
1773 1270 1853 1298 viros
1867 1267 1901 1297 ad
1915 1276 2002 1296 tuum
2015 1267 2047 1296 Sc
2057 1268 2120 1296 Ga-

1165 1308 1241 1338 binii
1251 1309 1345 1339 scelus
1359 1320 1363 1338 :
1375 1319 1471 1350 neque
1480 1309 1512 1340 id
1522 1310 1650 1340 occulte.
1668 1319 1738 1340 nam
1748 1308 1848 1350 paullo
1858 1308 1926 1340 ante
1937 1307 2053 1342 dixisti,
2063 1318 2116 1338 me

1161 1361 1232 1381 cum
1243 1352 1279 1380 iis
1289 1350 1452 1393 confligere
1463 1362 1468 1381 :
1482 1362 1556 1392 quos
1565 1352 1746 1391 despicerem
1758 1362 1763 1380 ε
1775 1361 1838 1381 non
1848 1353 1990 1391 attingere
1999 1351 2120 1390 eos,qui

1161 1393 1228 1432 plus
1237 1391 1356 1433 poss'ent
1366 1413 1374 1427 ‚
1393 1393 1502 1434 quibus
1513 1397 1601 1424 iratus
1610 1392 1668 1424 ess’e
1677 1393 1829 1424 deberem.
1851 1402 1982 1433 quorum
1990 1391 2119 1432 quidem

1160 1437 1240 1475 (quis
1250 1437 1334 1465 enim
1344 1445 1408 1465 non
1418 1436 1562 1477 intelligit
1572 1456 1580 1469 ‚
1592 1445 1668 1476 quos
1678 1435 1757 1466 dicas
1766 1437 1776 1463 ?
1786 1436 1795 1475 )
1806 1443 1989 1476 quamquam
2001 1443 2064 1463 non
2074 1432 2118 1463 est

1161 1486 1218 1506 una
1227 1477 1309 1507 causa
1319 1479 1461 1507 omnium
1473 1497 1481 1511 ,
1503 1486 1604 1508 tamen
1614 1477 1657 1508 est
1666 1479 1808 1507 omnium
1821 1477 1899 1506 mihi
1910 1474 2039 1516 probata.
2062 1476 2118 1504 Me

1161 1520 1381 1559 Cn-Pompejus
1391 1538 1400 1552 ,
1412 1520 1517 1549 multis
1526 1517 1735 1549 obsistentibus
1744 1520 1807 1558 ejus
1818 1528 1883 1559 erga
1893 1527 1942 1547 me
1953 1516 2064 1550 studio,
2073 1525 2116 1546 at<

1159 1570 1217 1601 que
1227 1562 1323 1590 amori
1334 1581 1343 1594 ‚
1365 1561 1479 1601 semper
1488 1560 1596 1591 dilexit
1607 1581 1615 1595 ,
1635 1561 1751 1600 semper
1766 1560 1814 1590 sua
1831 1557 2050 1598 conjuniffione
2068 1557 2115 1587 di—

1157 1600 1331 1643 gniffimum
1342 1602 1489 1642 judicavit
1499 1623 1508 1637 ,
1527 1603 1643 1643 semper
1656 1612 1719 1632 non
1734 1600 1828 1631 modo
1841 1601 2032 1632 incolumem
2043 1619 2051 1634 ‚
2064 1599 2114 1631 sed

1158 1646 1249 1674 etiarn
1260 1643 1477 1684 amplissimum
1489 1665 1497 1678 ,
1518 1653 1604 1686 atque
1619 1642 1841 1674 ornatissimum
1855 1642 1956 1673 voluit
1971 1640 2039 1671 else.
2062 1651 2116 1671 ve-

1158 1685 1220 1716 strae
1228 1686 1344 1716 fraudes
1356 1707 1365 1720 ,
1379 1696 1414 1717 ve
1420 1685 1510 1718 strum
1520 1687 1615 1717 scelus
1622 1705 1631 1720 ‚
1648 1685 1749 1716 vestrae
1758 1686 1984 1716 criminationes
1993 1681 2117 1715 infidia—-

1155 1738 1225 1758 rum
1244 1738 1379 1759 mearum
1390 1749 1400 1762 ,
1421 1729 1503 1758 illius
1523 1728 1726 1769 periculorum
1738 1748 1746 1762 ‚
1767 1726 1879 1758 nefarie
1898 1726 1975 1757 fierae
1990 1746 1998 1759 ‚
2022 1724 2111 1755 fimul

1155 1780 1262 1800 eorum
1271 1790 1284 1804 ‚
1303 1772 1355 1811 qui
1363 1770 1572 1801 familiaritatis
1583 1771 1703 1800 licentia
1712 1790 1721 1803 ‚
1741 1770 1862 1800 suorum
1874 1765 2114 1808 improbiffimo-

1155 1822 1224 1842 rum
1233 1812 1596 1842 sermonumdomicilium
1604 1814 1636 1842 in
1646 1812 1764 1842 auribus
1773 1812 1847 1852 ejus,
1857 1809 1989 1850 impulsu
1998 1808 2111 1843 vestro,

1153 1854 1376 1884 collocaverunt
1388 1874 1396 1888 ‚
1406 1854 1508 1884 vestrae
1520 1854 1695 1894 cupiditates
1703 1854 1929 1893 provinciarum
1938 1850 2113 1885 effecerunt,

1155 1903 1185 1925 ut
1195 1905 1250 1937 ego
1258 1896 1433 1926 excluderer
1443 1915 1452 1930 ,
1467 1896 1634 1936 omnesque
1645 1915 1653 1928 ‚
1668 1896 1721 1936 qui
1731 1904 1781 1924 me
1790 1913 1798 1928 ,
1813 1896 1864 1935 qui
1875 1894 1958 1923 illius
1967 1893 2109 1934 gloriam,

1152 1939 1204 1977 qui
1214 1937 1349 1977 rempub.
1360 1937 1472 1967 salvam
1483 1936 1540 1967 effe
1551 1936 1728 1977 cupiebant,
1748 1936 1903 1969 sermone,
1921 1943 2008 1975 atque
2025 1934 2109 1964 aditu

1151 1978 1390 2018 prohiberentur.
1413 1979 1531 2020 Qibus
1546 1979 1633 2009 rebus
1649 1978 1691 2008 est
1708 1976 1893 2018 perfeEfflm,
1912 1976 2002 2007 utilli
2017 1975 2107 2015 plane

1153 2020 1206 2049 suo
1220 2018 1292 2050 stare
1305 2019 1423 2059 judicio
1438 2030 1501 2050 non
1516 2021 1619 2050 liceret
1629 2041 1638 2054 ,
1655 2020 1726 2050 cum
1736 2021 1807 2050 certi
1818 2020 1959 2049 homines
1969 2028 2033 2048 non
2043 2016 2108 2047 ssu-

1150 2061 1236 2091 dium
1257 2063 1320 2101 ejus
1338 2061 1354 2091 a
1374 2071 1424 2091 me
1442 2060 1615 2092 alienass'ent
1631 2082 1639 2096 ‚
1667 2061 1717 2093 scd
1735 2062 1886 2092 auxrlium
1907 2058 2106 2091 retardass'ent.

1150 2105 1266 2133 Nonne
1283 2103 1319 2133 ad
1333 2112 1361 2133 te
1372 2104 1584 2137 L-Lentulus,
1603 2106 1731 2144 quitum
1742 2113 1820 2136 erat,
1842 2112 1948 2143 praetor
1960 2122 1969 2134 ‚
1989 2111 2054 2131 non
2064 2103 2104 2140 Q.

1148 2147 1241 2185 Sanga
1250 2164 1258 2178 ‚
1269 2155 1334 2175 non
1343 2146 1553 2186 L-Torquatus
1563 2155 1652 2185 pater,
1664 2156 1728 2176 non
1738 2145 1930 2176 MLucullus
1937 2145 2023 2174 venit
2031 2146 2042 2172 ?
2050 2143 2105 2183 qui

1148 2196 1256 2217 omnes
1269 2187 1305 2217 ad
1317 2196 1388 2217 eum
1400 2207 1409 2220 ,
1429 2188 1578 2228 multique
1597 2188 1738 2218 mortales
1755 2196 1872 2218 oratum
1889 2188 1922 2216 in
1935 2185 2100 2218 Albanum,

1147 2228 1393 2269 obsecratumque
1402 2238 1563 2263 venerant,
1578 2239 1616 2259 ne
1629 2240 1708 2260 meas
1717 2229 1852 2260 fortunas
1861 2228 2008 2259 desei-eret
2018 2247 2025 2260 ‚
2037 2237 2103 2255 cum

1148 2269 1299 2311 reipublicae
1301 2271 1397 2310 ficlute
1406 2269 1574 2310 conjunstas.
1596 2281 1672 2312 quos
1681 2272 1733 2302 ilie
1741 2271 1777 2302 ad
1787 2281 1816 2301 te
1826 2291 1835 2304 ‚
1854 2271 1887 2301 δε
1897 2269 1932 2300 ad
1941 2278 2027 2299 tuum
2037 2268 2103 2299 col-

1147 2311 1245 2353 legam
1260 2311 1390 2346 remisit,
1411 2313 1567 2343 utcausam
1578 2314 1728 2354 publicam
1739 2313 1922 2352 susciperetis
1933 2331 1941 2345 ,
1961 2320 1993 2341 ut
2005 2310 2040 2340 ad
2056 2311 2102 2340 se-

1143 2360 1247 2384 natum
1260 2353 1421 2384 referretis:
1444 2354 1472 2384 st
1490 2363 1593 2385 contra
1609 2365 1756 2386 armatum
1774 2356 1930 2385 tribunum
1949 2352 2027 2392 pleb.
2039 2351 2102 2382 sine

1143 2394 1270 2426 consilio
1278 2396 1403 2437 publico
1411 2395 1558 2427 decertare
1568 2397 1667 2427 nolle:
1685 2397 1860 2428 consulibus
1874 2405 1912 2425 ex
1922 2398 1949 2425 S.
1959 2397 1991 2424 C.
2002 2403 2098 2434 remp.

1143 2436 1375 2468 defendentibus
1384 2458 1393 2471 2
1402 2443 1420 2465 4
1428 2438 1457 2468 se
1464 2448 1545 2469 arma
1554 2439 1734 2470 sumturum
1758 2438 1872 2479 Ecquid
1883 2435 1990 2467 infelix
1999 2445 2102 2466 recor-

1142 2479 1218 2510 daris
1227 2500 1236 2513 ,
1254 2480 1328 2521 quid
1338 2480 1544 2520 responderis?
1562 2482 1595 2510 in
1613 2491 1674 2522 quo
1692 2482 1738 2510 illi
1756 2489 1863 2511 omnes
1878 2478 2001 2519 quidem
2015 2497 2023 2510 ,
2045 2475 2096 2507 sed

1142 2523 1332 2562 Torquatus,
1351 2531 1456 2562 praeter
1471 2530 1584 2552 ceteros
1597 2543 1605 2555 ‚
1625 2522 1741 2553 furebat
1757 2522 1945 2552 contumacia
1964 2517 2096 2559 responsi

1142 2565 1203 2596 tui,
1224 2572 1251 2594 te
1262 2574 1325 2593 non
1338 2562 1395 2593 effe
1406 2573 1465 2593 tam
1475 2562 1584 2593 fortem
1596 2583 1605 2597 ,
1626 2574 1715 2605 quam
1727 2566 1755 2602 ip
1761 2564 1787 2593 se
1798 2566 1967 2603 Torquatus
1977 2562 2009 2590 in
2018 2570 2096 2591 con·-

1140 2605 1234 2637 sulatu
1243 2603 1343 2635 fuiffet
1354 2625 1362 2638 ,
1373 2613 1421 2634 aut
1431 2615 1501 2645 ego:
1518 2606 1595 2635 nihil
1607 2615 1682 2645 opus
1692 2603 1749 2634 effe
1760 2606 1850 2634 armis
1858 2624 1867 2638 ‚
1879 2603 1956 2634 nihil
1964 2611 2095 2633 conten-

1139 2648 1239 2676 tione:
1258 2657 1309 2676 me
1324 2645 1406 2686 poss'e
1422 2648 1529 2676 iterum
1540 2647 1756 2686 rempublicam
1773 2646 1903 2679 servare,
1917 2645 1945 2686 fi
1956 2642 2093 2683 cefflffi’m:

1138 2687 1289 2719 infinitam
1301 2688 1413 2718 caedem
1424 2687 1488 2717 fore
1498 2708 1506 2721 ,
1518 2686 1539 2717 si
1548 2686 1716 2718 restitiss'em
1728 2687 1852 2718 :deinde
1862 2687 1897 2718 ad
1907 2695 2091 2719 exrreinum,

1137 2739 1235 2769 neque
1245 2730 1273 2759 se
1284 2749 1292 2762 ‚
1305 2739 1401 2769 neque
1412 2739 1555 2770 generum
1567 2750 1575 2763 ,
1589 2740 1685 2771 neque
1695 2730 1841 2770 collegam
1851 2729 1938 2759 suum
1947 2750 1956 2762 ,
1967 2728 2092 2758 tribuno

1137 2772 1217 2811 pleb.
1230 2770 1416 2801 defuturum.
1440 2770 1499 2801 Hic
1509 2781 1539 2801 tu
1549 2771 1660 2806 hostis,
1680 2782 1710 2802 ac
1719 2772 1873 2812 proditor,
1890 2770 2089 2801 aliismeini-

1139 2814 1297 2842 iniciorem
1310 2833 1318 2846 ,
1336 2812 1426 2853 quam
1442 2813 1495 2842 tibi
1507 2813 1612 2842 debere
1623 2811 1680 2844 css‘e
1690 2814 1784 2848 dicis?
1828 2816 1891 2854 Ego
1901 2815 1935 2843 C.
1945 2811 2088 2843 Caesarem
2110 2818 2152 2859 32

1138 2864 1202 2884 non
1219 2854 1323 2884 eidem
1338 2856 1374 2884 de
1387 2854 1488 2894 repub.
1500 2853 1632 2889 sensiss'e,
1654 2866 1719 2897 quae
1731 2865 1798 2888 me,
1818 2855 1896 2885 scio:
1915 2854 1964 2885 sed
1974 2863 2087 2887 tamen,

1137 2895 1288 2936 quodjam
1298 2896 1335 2926 de
1346 2906 1382 2926 co
1391 2916 1399 2930 ,
1410 2898 1457 2926 his
1466 2896 1656 2928 audientibus
1666 2917 1675 2932 ,
1688 2898 1759 2938 saepe
1770 2897 1855 2930 dixi,
1867 2896 1976 2927 meillc
1984 2896 2029 2926 sui
2041 2903 2090 2942 to-

2029 2946 2089 2967 tius

1133 3006 1174 3025 tra
1194 2999 1334 3025 rationem.

1170 3042 1195 3069 3.
1215 3036 1424 3061 Conci-datlaurea
1439 3034 1546 3069 lingum]
1567 3034 1696 3061 Defendit
1713 3034 1779 3062 lianc
1795 3034 1939 3061 lectionem
1949 3032 2086 3060 Vistorius

1134 3070 1202 3096 libro
1214 3080 1242 3097 v.
1261 3078 1373 3107 cap.24.
1393 3078 1486 3097 contra
1503 3071 1666 3109 Qintiliani
1685 3072 1771 3104 laudi,
1789 3070 1861 3107 quod
1882 3078 1969 3098 tamen
1989 3069 2084 3096 inmss'.

1133 3106 1236 3133 nostris.

1169 3150 1197 3175 4.
1216 3147 1242 3168 se
1252 3143 1501 3178 armasumprurum]
1517 3143 1663 3170 Recentius
1675 3144 1718 3170 vul
1742 3143 1952 3206 atiffliflccpmrnm.
1964 3140 2006 3168 sed
2018 3140 2086 3167 altc-

1744 3200 1750 3208 .
1760 3189 1776 3207 ο
1794 3179 1821 3206 so
1835 3180 1896 3206 etis.

1528 3216 1607 3244 Zzz
2002 3212 2090 3239 1JR307-
